{"host":"iajupulv8i19r34s","time":1610243925,"event":{"mods":["BaseMod","Bestiary","Better Altar","Better Match","Better Note","Better Sensory Stone","Better Skull","Better Third Choice","Block Reminder","Curses Come First","Evolution","Hermit","Highlight Path","Minty Spire (QoL Compilation)","Permanent Neow","Random Character Button","Rare Cards Sparkle","Relic Sorter","Relic Stats","StSLib","Synergy Search","The Hierophant","everything is the same but u backflip on backflip","thorton"],"gold_per_floor":[115,38,38,38,38,38,38,38,64,82,82,120,120,139,139,263,263,281,281,300,321,321,127,167,167,167,167,182,198,198,198,198,318,318,332,29,29,29,47,47,60,104,104,163,20,40,0,20,20,20],"floor_reached":51,"playtime":2536,"items_purged":["Regret"],"score":791,"play_id":"9ced03ee-c805-4513-9615-4687c67c1589","local_time":"20210109205845","is_ascension_mode":false,"campfire_choices":[{"data":"Footwork","floor":6,"key":"SMITH"},{"data":"Terror","floor":8,"key":"SMITH"},{"data":"Deadly Poison","floor":13,"key":"SMITH"},{"floor":15,"key":"REST"},{"floor":27,"key":"REST"},{"floor":32,"key":"REST"},{"data":"After Image","floor":40,"key":"SMITH"},{"floor":49,"key":"REST"}],"circlet_count":0,"master_deck":["Flying Knee+1","Flying Knee","Flying Knee","Flying Knee+1","Defend_G","Defend_G","Defend_G+1","Defend_G","Defend_G+1","Survivor","Neutralize","Terror+1","Footwork+1","Discovery","Deadly Poison+1","Backstab","After Image+1","Blade Dance","RitualDagger","Infinite Blades","Tools of the Trade","Sucker Punch+1","Madness","Madness","Poisoned Stab","Backstab","Envenom","Adrenaline","Noxious Fumes+1"],"relics":["Ring of the Snake","EVO:Axolotl","Incense Burner","Golden Idol","Bronze Scales","Whetstone","Smiling Mask","SlaversCollar","Blood Vial","Regal Pillow","Juzu Bracelet","Bottled Lightning","SacredBark","Medical Kit","PreservedInsect","HornCleat","The Specimen","Pocketwatch","Red Mask"],"acts_visited":["Exordium","TheCity","TheBeyond"],"potions_floor_usage":[33,33,41,44,44,50],"damage_taken":[{"damage":0,"enemies":"2 Louse","floor":1,"turns":2},{"damage":0,"enemies":"Small Slimes","floor":10,"turns":3},{"damage":6,"enemies":"3 Sentries","floor":12,"turns":8},{"damage":0,"enemies":"Jaw Worm","floor":14,"turns":3},{"damage":1,"enemies":"Hexaghost","floor":16,"turns":8},{"damage":3,"enemies":"Spheric Guardian","floor":18,"turns":4},{"damage":1,"enemies":"Chosen","floor":20,"turns":4},{"damage":25,"enemies":"Snake Plant","floor":21,"turns":4},{"damage":9,"enemies":"Gremlin Leader","floor":24,"turns":6},{"damage":7,"enemies":"Cultist and Chosen","floor":28,"turns":6},{"damage":0,"enemies":"Snecko","floor":29,"turns":3},{"damage":60,"enemies":"Champ","floor":33,"turns":15},{"damage":16,"enemies":"3 Darklings","floor":35,"turns":7},{"damage":7,"enemies":"3 Shapes","floor":39,"turns":5},{"damage":14,"enemies":"Jaw Worm Horde","floor":41,"turns":5},{"damage":6,"enemies":"Nemesis","floor":42,"turns":8},{"damage":19,"enemies":"2 Orb Walkers","floor":44,"turns":7},{"damage":3,"enemies":"3 Darklings","floor":46,"turns":6},{"damage":11,"enemies":"4 Shapes","floor":48,"turns":7},{"damage":46,"enemies":"Awakened One","floor":50,"turns":14}],"seed_played":"-3443762754897851717","potions_obtained":[{"floor":1,"key":"AttackPotion"},{"floor":14,"key":"FearPotion"},{"floor":18,"key":"GhostInAJar"},{"floor":21,"key":"ColorlessPotion"},{"floor":29,"key":"DistilledChaos"},{"floor":33,"key":"Regen Potion"},{"floor":37,"key":"GhostInAJar"},{"floor":41,"key":"Block Potion"},{"floor":48,"key":"Fire Potion"}],"is_trial":false,"path_per_floor":["M","$","?","?","?","R","?","R","T","M","?","E","R","M","R","B",null,"M","?","M","M","?","$","E","?","T","R","M","M","?","?","R","B",null,"M","$","?","?","M","R","M","E","T","?","$","M","?","M","R","B",null],"character_chosen":"THE_SILENT","items_purchased":["Footwork","Regal Pillow","Medical Kit","PreservedInsect","Envenom"],"campfire_rested":4,"item_purchase_floors":[2,23,36,36,45],"current_hp_per_floor":[63,63,48,41,41,41,41,41,41,41,28,22,22,22,40,39,63,60,60,59,34,18,18,11,5,5,38,33,35,35,35,63,3,63,47,47,47,39,34,34,22,18,18,46,46,45,45,36,63,17],"gold":20,"neow_bonus":"ONE_RARE_RELIC","is_daily":false,"chose_seed":false,"campfire_upgraded":4,"win_rate":0.0,"timestamp":1610243925,"path_taken":["M","$","?","?","?","R","?","R","T","?","?","E","R","M","R","BOSS","M","?","M","M","?","$","E","?","T","R","M","M","?","?","R","BOSS","M","$","?","?","M","R","M","E","T","?","$","M","?","M","R","BOSS"],"items_purchased_type":["Card","Relic","Relic","Relic","Card"],"build_version":"2020-12-22","purchased_purges":1,"victory":true,"max_hp_per_floor":[63,63,63,63,63,63,63,63,63,63,63,63,63,63,63,63,63,63,63,63,63,63,63,63,63,63,63,63,63,63,63,63,63,63,63,63,63,63,63,63,63,63,63,63,63,63,63,63,63,63],"relic_stats":{"Regal Pillow":34,"counters":[20,125],"Golden Idol":155,"PreservedInsect":47,"Juzu Bracelet":1,"Whetstone":["Flying Knee","Flying Knee"],"Smiling Mask":25,"Medical Kit":[21],"Blood Vial":18,"Bronze Scales":[392],"obtain_stats":[{"Regal Pillow":23,"The Specimen":43,"Golden Idol":3,"SacredBark":34,"PreservedInsect":36,"Incense Burner":0,"Juzu Bracelet":24,"EVO:Axolotl":0,"Whetstone":9,"Smiling Mask":12,"Medical Kit":36,"Blood Vial":22,"SlaversCollar":17,"HornCleat":42,"Bronze Scales":7,"Red Mask":47,"Bottled Lightning":26,"Ring of the Snake":0,"Pocketwatch":44},{"Regal Pillow":8,"The Specimen":16,"Golden Idol":1,"SacredBark":12,"PreservedInsect":13,"Incense Burner":0,"Juzu Bracelet":9,"EVO:Axolotl":0,"Whetstone":1,"Smiling Mask":3,"Medical Kit":13,"Blood Vial":8,"SlaversCollar":5,"HornCleat":16,"Bronze Scales":1,"Red Mask":18,"Bottled Lightning":9,"Ring of the Snake":0,"Pocketwatch":17},{"Regal Pillow":36,"The Specimen":91,"Golden Idol":2,"SacredBark":66,"PreservedInsect":73,"Incense Burner":0,"Juzu Bracelet":42,"EVO:Axolotl":0,"Whetstone":2,"Smiling Mask":13,"Medical Kit":73,"Blood Vial":36,"SlaversCollar":24,"HornCleat":91,"Bronze Scales":2,"Red Mask":104,"Bottled Lightning":42,"Ring of the Snake":0,"Pocketwatch":98}],"Ring of the Snake":[40],"Pocketwatch":[9]},"card_choices":[{"not_picked":["Crippling Poison","Acrobatics"],"picked":"Terror","floor":1},{"not_picked":["Purity","Dark Shackles"],"picked":"Discovery","floor":5},{"not_picked":["Dagger Throw","Choke","Terror"],"picked":"SKIP","floor":10},{"not_picked":["Doppelganger","Riddle With Holes"],"picked":"Deadly Poison","floor":12},{"not_picked":["Dash","Deflect"],"picked":"Backstab","floor":14},{"not_picked":["Wraith Form v2","Unload"],"picked":"After Image","floor":16},{"not_picked":["Heel Hook+1","Outmaneuver","Slice"],"picked":"SKIP","floor":18},{"not_picked":["Outmaneuver","Underhanded Strike","Slice+1"],"picked":"SKIP","floor":20},{"not_picked":["Escape Plan","Quick Slash"],"picked":"Blade Dance","floor":21},{"not_picked":["Flechettes+1","Dodge and Roll","Outmaneuver"],"picked":"SKIP","floor":24},{"not_picked":["Bane","Acrobatics","Masterful Stab"],"picked":"SKIP","floor":28},{"not_picked":["Doppelganger","PiercingWail","Dagger Spray"],"picked":"SKIP","floor":29},{"not_picked":["Glass Knife","A Thousand Cuts"],"picked":"Tools of the Trade","floor":33},{"not_picked":["Quick Slash","Deflect+1"],"picked":"Sucker Punch+1","floor":35},{"not_picked":["Backflip+1","Deflect+1"],"picked":"Poisoned Stab","floor":39},{"not_picked":["Reflex+1","Prepared+1"],"picked":"Backstab","floor":41},{"not_picked":["Bane","Leg Sweep","Flying Knee"],"picked":"SKIP","floor":42},{"not_picked":["Sucker Punch","Underhanded Strike"],"picked":"Adrenaline","floor":46},{"not_picked":["Choke+1","Footwork"],"picked":"Noxious Fumes+1","floor":48}],"player_experience":83427,"relics_obtained":[{"floor":9,"key":"Whetstone"},{"floor":12,"key":"Smiling Mask"},{"floor":24,"key":"Juzu Bracelet"},{"floor":26,"key":"Bottled Lightning"},{"floor":42,"key":"HornCleat"},{"floor":43,"key":"The Specimen"},{"floor":44,"key":"Pocketwatch"}],"event_choices":[{"damage_healed":0,"gold_gain":0,"player_choice":"Take Damage","damage_taken":15,"relics_obtained":["Golden Idol"],"max_hp_gain":0,"max_hp_loss":0,"event_name":"Golden Idol","floor":3,"gold_loss":0},{"cards_removed":["Strike_G"],"damage_healed":0,"gold_gain":0,"player_choice":"Card Removal","damage_taken":7,"max_hp_gain":0,"max_hp_loss":0,"event_name":"Golden Wing","floor":4,"gold_loss":0},{"damage_healed":0,"gold_gain":1,"player_choice":"1","damage_taken":0,"max_hp_gain":0,"max_hp_loss":0,"event_name":"betterStone:BetterStone","floor":5,"gold_loss":0},{"damage_healed":0,"gold_gain":0,"player_choice":"Box","damage_taken":0,"relics_obtained":["Bronze Scales"],"max_hp_gain":0,"max_hp_loss":0,"event_name":"Big Fish","floor":7,"gold_loss":0,"cards_obtained":["Regret"]},{"damage_healed":41,"gold_gain":0,"player_choice":"Upgrade","damage_taken":13,"max_hp_gain":0,"max_hp_loss":63,"event_name":"betterThird:BetterShining","floor":11,"gold_loss":0,"cards_upgraded":["Defend_G","Defend_G"]},{"damage_healed":0,"gold_gain":0,"player_choice":"Ignored","damage_taken":0,"max_hp_gain":0,"max_hp_loss":0,"event_name":"betterNote:BetterNote","floor":19,"gold_loss":0,"cards_obtained":["hierophant:RepressedViolence"]},{"damage_healed":0,"gold_gain":0,"player_choice":" Vial ","damage_taken":16,"relics_obtained":["Blood Vial"],"max_hp_gain":34,"max_hp_loss":18,"event_name":"betterAltar:BetterAltar","floor":22,"potions_obtained":[],"relics_lost":[],"gold_loss":0},{"damage_healed":0,"gold_gain":0,"player_choice":"Dagger","damage_taken":6,"max_hp_gain":0,"max_hp_loss":0,"event_name":"betterThird:BetterNest","floor":25,"gold_loss":0,"cards_obtained":["RitualDagger"]},{"damage_healed":0,"gold_gain":0,"player_choice":"Ignored","damage_taken":0,"max_hp_gain":0,"max_hp_loss":0,"event_name":"Beggar","floor":30,"gold_loss":0},{"damage_healed":0,"gold_gain":0,"player_choice":"Read","damage_taken":0,"max_hp_gain":0,"max_hp_loss":0,"event_name":"The Library","floor":31,"gold_loss":0,"cards_obtained":["Infinite Blades"]},{"damage_healed":0,"gold_gain":0,"player_choice":"Got Potions","damage_taken":0,"max_hp_gain":0,"max_hp_loss":0,"event_name":"Lab","floor":37,"gold_loss":0},{"damage_healed":0,"gold_gain":0,"player_choice":"Embrace Madness","damage_taken":8,"max_hp_gain":0,"max_hp_loss":0,"event_name":"Winding Halls","floor":38,"gold_loss":0,"cards_obtained":["Madness","Madness"]},{"damage_healed":0,"gold_gain":0,"player_choice":"Fight","damage_taken":0,"max_hp_gain":0,"max_hp_loss":0,"event_name":"Mysterious Sphere","floor":44,"gold_loss":0},{"damage_healed":0,"gold_gain":0,"player_choice":"Paid","damage_taken":0,"relics_obtained":["Red Mask"],"max_hp_gain":0,"max_hp_loss":0,"event_name":"Tomb of Lord Red Mask","floor":47,"gold_loss":40}],"is_beta":false,"boss_relics":[{"not_picked":["Runic Pyramid","Snecko Eye"],"picked":"SlaversCollar"},{"not_picked":["Astrolabe","HoveringKite"],"picked":"SacredBark"}],"items_purged_floors":[23],"is_endless":false,"potions_floor_spawned":[1,14,18,21,29,33,41,42,48],"ascension_level":0}}