{"host":"058erotkld4bsq33","time":1610289178,"event":{"mods":["BaseMod","Better Third Choice","Colored Powertips","Curses Come First","Dark Map","Minty Spire (QoL Compilation)","Quick Restart","Rare Cards Sparkle","Relic Stats","StSLib","UnlockEverythingMod"],"gold_per_floor":[115,126,144,164,164,183,38,38,120,120,134,148,167,187,187,284,284,296,10,10,10,28,28,28,40,40,74,87,87,100,100,100,204,204,222,222,237,52,52,52,62,62,62,132,132,13,13,28,28,28],"floor_reached":51,"playtime":2678,"items_purged":["Night Terror"],"score":693,"play_id":"70629cae-07b5-4851-9ab4-d84d93dc356e","local_time":"20210110063258","is_ascension_mode":false,"campfire_choices":[{"data":"Noxious Fumes","floor":8.0,"key":"SMITH"},{"data":"Deadly Poison","floor":10.0,"key":"SMITH"},{"floor":15.0,"key":"REST"},{"data":"Choke","floor":23.0,"key":"SMITH"},{"data":"Endless Agony","floor":29.0,"key":"SMITH"},{"data":"Neutralize","floor":32.0,"key":"SMITH"},{"data":"Wraith Form v2","floor":40.0,"key":"SMITH"},{"floor":42.0,"key":"REST"},{"data":"Sadistic Nature","floor":45.0,"key":"SMITH"},{"floor":49.0,"key":"REST"}],"circlet_count":0,"master_deck":["Defend_G","Defend_G+1","Defend_G","Defend_G","Defend_G+1","Survivor","Neutralize+1","Deadly Poison","Escape Plan","Endless Agony+1","Deadly Poison+1","Noxious Fumes+1","Burst","Deflect","Backflip","Deadly Poison","Noxious Fumes+1","Choke+1","Finesse","Bite","Bite","Bite","Bite","Bite","Poisoned Stab","Terror+1","All Out Attack","Blade Dance+1","Blur","Wraith Form v2+1","Madness","Madness","Endless Agony","Sadistic Nature+1","Slice","PiercingWail","Mind Blast+1","Slice+1"],"relics":["Ring of the Snake","War Paint","Ninja Scroll","WristBlade","Potion Belt","Mummified Hand","Red Mask","Membership Card","Orichalcum","Molten Egg 2"],"acts_visited":["Exordium","TheCity","TheBeyond"],"potions_floor_usage":[50,50,50,50,50,50],"damage_taken":[{"damage":5.0,"enemies":"Small Slimes","floor":1.0,"turns":6.0},{"damage":0.0,"enemies":"Cultist","floor":2.0,"turns":4.0},{"damage":0.0,"enemies":"2 Louse","floor":3.0,"turns":3.0},{"damage":3.0,"enemies":"2 Fungi Beasts","floor":4.0,"turns":4.0},{"damage":5.0,"enemies":"Blue Slaver","floor":6.0,"turns":4.0},{"damage":13.0,"enemies":"3 Louse","floor":11.0,"turns":4.0},{"damage":0.0,"enemies":"Red Slaver","floor":12.0,"turns":3.0},{"damage":4.0,"enemies":"Blue Slaver","floor":13.0,"turns":3.0},{"damage":5.0,"enemies":"Looter","floor":14.0,"turns":3.0},{"damage":8.0,"enemies":"Hexaghost","floor":16.0,"turns":8.0},{"damage":4.0,"enemies":"3 Byrds","floor":18.0,"turns":4.0},{"damage":6.0,"enemies":"Spheric Guardian","floor":22.0,"turns":4.0},{"damage":17.0,"enemies":"Shelled Parasite and Fungi","floor":25.0,"turns":4.0},{"damage":0.0,"enemies":"Masked Bandits","floor":27.0,"turns":2.0},{"damage":1.0,"enemies":"Chosen and Byrds","floor":28.0,"turns":4.0},{"damage":0.0,"enemies":"3 Cultists","floor":30.0,"turns":4.0},{"damage":86.0,"enemies":"Champ","floor":33.0,"turns":12.0},{"damage":10.0,"enemies":"3 Darklings","floor":35.0,"turns":5.0},{"damage":1.0,"enemies":"Orb Walker","floor":37.0,"turns":3.0},{"damage":24.0,"enemies":"Sphere and 2 Shapes","floor":41.0,"turns":6.0},{"damage":0.0,"enemies":"Writhing Mass","floor":47.0,"turns":1.0},{"damage":13.0,"enemies":"Transient","floor":48.0,"turns":5.0},{"damage":52,"enemies":"Donu and Deca","floor":50,"turns":8}],"seed_played":"2153031687370999105","potions_obtained":[{"floor":1.0,"key":"Regen Potion"},{"floor":3.0,"key":"FairyPotion"},{"floor":12.0,"key":"LiquidMemories"},{"floor":14.0,"key":"Block Potion"},{"floor":22.0,"key":"SmokeBomb"},{"floor":25.0,"key":"DuplicationPotion"},{"floor":28.0,"key":"AttackPotion"},{"floor":48.0,"key":"Swift Potion"}],"is_trial":false,"path_per_floor":["M","M","M","M","?","M","$","R","T","R","M","M","M","M","R","B",null,"M","$","?","?","M","R","$","M","T","?","M","R","M","$","R","B",null,"M","?","M","$","?","R","M","R","T","T","R","$","M","M","R","B",null],"character_chosen":"THE_SILENT","items_purchased":["War Paint","Potion Belt","Choke","Finesse","Membership Card","PiercingWail","Mind Blast+1","EntropicBrew"],"campfire_rested":3,"item_purchase_floors":[7,19,19,19,38,46,46,46],"current_hp_per_floor":[58,58,58,55,55,50,50,50,50,50,51,51,47,42,67,59,84,80,80,80,58,54,54,54,39,39,43,44,44,52,52,52,17,58,49,42,45,45,45,45,29,46,46,46,46,46,46,41,58,12],"gold":28,"neow_bonus":"TWENTY_PERCENT_HP_BONUS","is_daily":false,"chose_seed":false,"campfire_upgraded":7,"win_rate":0.0,"timestamp":1610289178,"path_taken":["M","M","M","M","?","M","$","R","T","R","M","?","?","M","R","BOSS","M","?","?","?","M","R","?","M","T","?","M","R","M","$","R","BOSS","M","?","M","$","?","R","M","R","T","?","R","$","?","M","R","BOSS"],"items_purchased_type":["Relic","Relic","Card","Card","Relic","Card","Card","Potion"],"build_version":"2020-12-22","purchased_purges":1,"victory":true,"max_hp_per_floor":[84,84,84,84,84,84,84,84,84,84,84,84,84,84,84,84,84,84,84,84,58,58,58,58,58,58,58,58,58,58,58,58,58,58,58,58,58,58,58,58,58,58,58,58,58,58,58,58,58,58],"relic_stats":{"counters":[23,104],"Mummified Hand":[24],"War Paint":["Defend_G","Defend_G"],"Orichalcum":[18],"obtain_stats":[{"Potion Belt":19,"WristBlade":17,"Ninja Scroll":9,"Mummified Hand":26,"Molten Egg 2":44,"Red Mask":27,"Membership Card":38,"War Paint":7,"Orichalcum":43,"Ring of the Snake":0},{"Potion Belt":11,"WristBlade":10,"Ninja Scroll":5,"Mummified Hand":13,"Molten Egg 2":20,"Red Mask":14,"Membership Card":19,"War Paint":5,"Orichalcum":20,"Ring of the Snake":0},{"Potion Belt":46,"WristBlade":42,"Ninja Scroll":21,"Mummified Hand":54,"Molten Egg 2":90,"Red Mask":56,"Membership Card":84,"War Paint":21,"Orichalcum":90,"Ring of the Snake":0}],"Ring of the Snake":[43]},"card_choices":[{"not_picked":["Leg Sweep","Backstab"],"picked":"Deadly Poison","floor":1.0},{"not_picked":["Reflex","Blade Dance"],"picked":"Escape Plan","floor":2.0},{"not_picked":["Infinite Blades","Cloak And Dagger"],"picked":"Endless Agony","floor":3.0},{"not_picked":["Dagger Spray","Skewer"],"picked":"Deadly Poison","floor":4.0},{"not_picked":["Dash","Footwork"],"picked":"Noxious Fumes","floor":6.0},{"not_picked":["Infinite Blades","Noxious Fumes"],"picked":"Burst","floor":11.0},{"not_picked":["Blade Dance","Eviscerate"],"picked":"Deflect","floor":12.0},{"not_picked":["Deflect","Quick Slash"],"picked":"Backflip","floor":13.0},{"not_picked":["Calculated Gamble","Prepared"],"picked":"Deadly Poison","floor":14.0},{"not_picked":["Grand Finale","Envenom"],"picked":"Night Terror","floor":16.0},{"not_picked":["Dagger Spray","Blur"],"picked":"Noxious Fumes+1","floor":18.0},{"not_picked":["Underhanded Strike","Tactician"],"picked":"Poisoned Stab","floor":22.0},{"not_picked":["Bane","Underhanded Strike"],"picked":"Terror+1","floor":25.0},{"not_picked":["Calculated Gamble","Dash"],"picked":"All Out Attack","floor":27.0},{"not_picked":["Accuracy","Caltrops"],"picked":"Blade Dance+1","floor":28.0},{"not_picked":["Setup+1","Flechettes"],"picked":"Blur","floor":30.0},{"not_picked":["Malaise","Grand Finale"],"picked":"Wraith Form v2","floor":33.0},{"not_picked":["Quick Slash+1","Infinite Blades","Sucker Punch+1"],"picked":"SKIP","floor":35.0},{"not_picked":["PiercingWail","Flying Knee"],"picked":"Endless Agony","floor":37.0},{"not_picked":["Enlightenment","Blind"],"picked":"Sadistic Nature","floor":39.0},{"not_picked":["Caltrops","Dodge and Roll"],"picked":"Slice","floor":41.0},{"not_picked":["Noxious Fumes+1","Sucker Punch+1"],"picked":"Slice+1","floor":48.0}],"player_experience":116987,"relics_obtained":[{"floor":9.0,"key":"Ninja Scroll"},{"floor":26.0,"key":"Mummified Hand"},{"floor":27.0,"key":"Red Mask"},{"floor":43.0,"key":"Orichalcum"},{"floor":44.0,"key":"Molten Egg 2"}],"event_choices":[{"damage_healed":0.0,"max_hp_gain":0.0,"max_hp_loss":0.0,"gold_gain":0.0,"event_name":"Golden Shrine","player_choice":"Ignored","floor":5.0,"gold_loss":0.0,"damage_taken":0.0},{"damage_healed":0.0,"max_hp_gain":0.0,"max_hp_loss":0.0,"gold_gain":0.0,"event_name":"The Mausoleum","player_choice":"Ignored","floor":20.0,"gold_loss":0.0,"damage_taken":0.0},{"damage_healed":0.0,"max_hp_gain":0.0,"max_hp_loss":26.0,"gold_gain":0.0,"event_name":"Vampires","player_choice":"Became a vampire","floor":21.0,"gold_loss":0.0,"damage_taken":0.0,"cards_obtained":["Bite","Bite","Bite","Bite","Bite"]},{"damage_healed":0.0,"max_hp_gain":0.0,"max_hp_loss":0.0,"gold_gain":0.0,"event_name":"Masked Bandits","player_choice":"Fought Bandits","floor":27.0,"gold_loss":0.0,"damage_taken":0.0},{"damage_healed":0.0,"max_hp_gain":0.0,"max_hp_loss":0.0,"gold_gain":0.0,"event_name":"Winding Halls","player_choice":"Embrace Madness","floor":36.0,"gold_loss":0.0,"damage_taken":7.0,"cards_obtained":["Madness","Madness"]},{"damage_healed":0.0,"max_hp_gain":0.0,"max_hp_loss":0.0,"gold_gain":0.0,"event_name":"SensoryStone","player_choice":"Memory 1","floor":39.0,"gold_loss":0.0,"damage_taken":0.0}],"is_beta":false,"boss_relics":[{"not_picked":["Cursed Key","HoveringKite"],"picked":"WristBlade"},{"not_picked":["Pandora\u0027s Box","Fusion Hammer","Busted Crown"]}],"items_purged_floors":[38],"is_endless":false,"potions_floor_spawned":[1,3,12,14,22,25,28,47,48],"ascension_level":0}}