{"host":"nxmai6bb3m0amvdf","time":1610243140,"event":{"mods":["Aspiration","BaseMod","Conspire","Energized Spire","Friendly Minions","GifTheSpireLib","Halation","Hubris","Infinite Spire","Ironclad Rager","Jedi Mod","Marked Mod","Mimic Mod","Minty Spire (QoL Compilation)","Replay The Spire","RumiaBox-????????","Spikes Relics","StSLib","Stuff the Spire","Trackpad","vexMod"],"gold_per_floor":[109,122,122,122,133,133,162,162,216,232,232,251,266,286,286,363,363,378,396,409,409,409,409,409],"floor_reached":23,"playtime":1800,"items_purged":[],"score":371,"play_id":"55634b75-60ac-44f1-9204-82e6d6dc1fb7","local_time":"20210110024540","is_ascension_mode":true,"campfire_choices":[{"floor":6.0,"key":"RECALL"},{"floor":11.0,"key":"REST"},{"data":"jedi:LeechingStrike","floor":15.0,"key":"SMITH"}],"circlet_count":0,"master_deck":["AscendersBane","infinitespire:Menacing+1","Strike_R","Strike_R","Strike_R","Strike_R","Strike_R","Defend_R","Bash","ReplayTheSpireMod:Splinters","jedi:LeechingStrike","Twin Strike","Flex","Injury","StuffTheSpire:Slingshot+1","Twin Strike+1","Hemokinesis+1","Clothesline+1","infinitespire:OneForAll+1","Iron Wave+1","Sword Boomerang+1","conspire:HitWhereItHurts+1","Clash+1","Sword Boomerang+1","Bloodletting","Replay:Poison Smokescreen","ReplayTheSpireMod:Shiv Toss","ReplayTheSpireMod:Exploit Weakness"],"relics":["Burning Blood","Blue Candle","Molten Egg 2","trackpad:AdjectivePendant","conspire:RunicOctahedron","GodSword6"],"acts_visited":["Exordium","TheCity"],"potions_floor_usage":[23],"damage_taken":[{"damage":4.0,"enemies":"Jaw Worm","floor":1.0,"turns":5.0},{"damage":16.0,"enemies":"conspire:RoseBush","floor":2.0,"turns":2.0},{"damage":4.0,"enemies":"Cultist","floor":5.0,"turns":4.0},{"damage":55.0,"enemies":"Replay:BlueRogue","floor":7.0,"turns":5.0},{"damage":5.0,"enemies":"Large Slime","floor":10.0,"turns":3.0},{"damage":2.0,"enemies":"2 Fungi Beasts","floor":12.0,"turns":2.0},{"damage":14.0,"enemies":"3 Louse","floor":13.0,"turns":2.0},{"damage":2.0,"enemies":"Blue Slaver","floor":14.0,"turns":2.0},{"damage":27.0,"enemies":"The Guardian","floor":16.0,"turns":7.0},{"damage":15.0,"enemies":"Shell Parasite","floor":18.0,"turns":4.0},{"damage":24,"enemies":"Spheric Guardian","floor":19,"turns":4},{"damage":40,"enemies":"3 Cultists","floor":20,"turns":5},{"damage":21,"enemies":"Slavers","floor":23,"turns":2}],"seed_played":"-1515330843901353412","potions_obtained":[{"floor":5.0,"key":"Swift Potion"},{"floor":10.0,"key":"ColorlessPotion"}],"is_trial":false,"path_per_floor":["M","M","?","?","M","R","E","?","T","M","R","M","M","M","R","B",null,"M","M","M","T","?","E"],"character_chosen":"IRONCLAD","items_purchased":[],"campfire_rested":1,"item_purchase_floors":[],"current_hp_per_floor":[75,74,63,63,74,74,37,37,37,49,71,75,67,71,71,61,72,63,45,11,11,11,0,0],"gold":409,"neow_bonus":"RANDOM_COLORLESS_2","is_daily":false,"chose_seed":false,"campfire_upgraded":1,"win_rate":0.0,"timestamp":1610243140,"path_taken":["M","M","?","?","M","R","E","?","T","?","R","M","M","M","R","BOSS","M","M","M","?","?","E"],"items_purchased_type":[],"build_version":"2020-12-22","purchased_purges":0,"victory":false,"max_hp_per_floor":[75,75,75,75,75,75,75,75,75,75,75,75,75,75,75,75,75,75,75,75,75,75,75,75],"card_choices":[{"not_picked":["Crow Ritual","ReplayTheSpireMod:Brewmster"],"picked":"jedi:LeechingStrike","floor":0.0},{"not_picked":["Evolve","Shrug It Off"],"picked":"Twin Strike","floor":1.0},{"not_picked":["Run Through","jedi:collectorstrike"],"picked":"Flex","floor":2.0},{"not_picked":["ReplayTheSpireMod:LeadingStrike+1","Sever Soul+1"],"picked":"StuffTheSpire:Slingshot+1","floor":5.0},{"not_picked":["Dual Wield","Combust"],"picked":"Twin Strike+1","floor":7.0},{"not_picked":["ReplayTheSpireMod:Strike From Hell+1","Anger+1"],"picked":"Clothesline+1","floor":10.0},{"not_picked":["Exhume","Headbutt+1"],"picked":"infinitespire:OneForAll+1","floor":12.0},{"not_picked":["Armaments","ReplayTheSpireMod:Stacked"],"picked":"Iron Wave+1","floor":13.0},{"not_picked":["Thunderclap+1","Seeing Red"],"picked":"Sword Boomerang+1","floor":14.0},{"not_picked":["Impervious","Demonic Infusion"],"picked":"conspire:HitWhereItHurts+1","floor":16.0},{"not_picked":["Warcry","Headbutt+1"],"picked":"Clash+1","floor":18.0},{"not_picked":["Thunderclap+1","True Grit"],"picked":"Sword Boomerang+1","floor":19},{"not_picked":["StuffTheSpire:Incineration+1","Dark Embrace"],"picked":"Bloodletting","floor":20}],"player_experience":1066918,"relics_obtained":[{"floor":7.0,"key":"trackpad:AdjectivePendant"},{"floor":21,"key":"GodSword6"}],"event_choices":[{"damage_healed":0.0,"max_hp_gain":0.0,"max_hp_loss":0.0,"gold_gain":0.0,"event_name":"Scrap Ooze","player_choice":"Success","floor":3.0,"gold_loss":0.0,"damage_taken":11.0,"relics_obtained":["Blue Candle"]}],"is_beta":false,"boss_relics":[{"not_picked":["aspiration:FutureDiary","SoulBox"],"picked":"conspire:RunicOctahedron"}],"items_purged_floors":[],"is_endless":false,"potions_floor_spawned":[5,10,12],"killed_by":"Slavers","ascension_level":18}}