{"host":"qxeepl7ydvsgmfdb","time":1610252719,"event":{"mods":["AchievementEnabler","BaseMod","Colored Powertips","Minty Spire (QoL Compilation)","Quick Restart","slay the spire mod where everything is the same but ironclad has a cowboy hat"],"gold_per_floor":[119,119,2,2,2,36,36,63,90,102,117,132,150,160,160,255,255,274,288,304,229,245,275,275,307,307,325,325,325,325,345,345,449,449,466,517,527,275,275,308,308,325,380,20,20,20,46,46,46,46],"floor_reached":51,"playtime":1456,"items_purged":["Regret","Defend_G","Defend_G"],"score":918,"play_id":"ce78a54d-9ddc-462d-8f80-85864efb2c5c","local_time":"20210109232519","is_ascension_mode":true,"campfire_choices":[{"data":"Corpse Explosion","floor":7,"key":"SMITH"},{"data":"Backstab","floor":15,"key":"SMITH"},{"floor":24,"key":"REST"},{"floor":29,"key":"REST"},{"data":"After Image","floor":32,"key":"SMITH"},{"floor":41,"key":"REST"},{"data":"1","floor":49,"key":"LIFT"}],"circlet_count":0,"master_deck":["Strike_G+1","Strike_G+1","Defend_G+1","Defend_G+1","Defend_G+1","Survivor+1","Neutralize+1","Dagger Throw+1","Corpse Explosion+1","Blade Dance+1","Slice+1","Slice+1","Backstab+1","Deadly Poison+1","Cloak And Dagger+1","Backstab+1","After Image+1","Deflect+1","Blade Dance+1","Slice+1","Accuracy+1","Poisoned Stab+1","Poisoned Stab+1","Noxious Fumes+1","Dramatic Entrance+1"],"relics":["Ring of the Snake","NeowsBlessing","Tiny Chest","Whetstone","War Paint","Dream Catcher","WristBlade","Bag of Preparation","Boot","HornCleat","Shuriken","Empty Cage","Ice Cream","Anchor","Kunai","Juzu Bracelet","Lee\u0027s Waffle","Incense Burner","Paper Crane","Girya","Mark of the Bloom"],"acts_visited":["Exordium","TheCity","TheBeyond"],"potions_floor_usage":[16,33,33,33,36,40,40],"damage_taken":[{"damage":0,"enemies":"Small Slimes","floor":1,"turns":1},{"damage":0,"enemies":"3 Sentries","floor":6,"turns":1},{"damage":0,"enemies":"Gremlin Nob","floor":8,"turns":1},{"damage":3,"enemies":"2 Louse","floor":10,"turns":2},{"damage":2,"enemies":"Jaw Worm","floor":11,"turns":2},{"damage":6,"enemies":"Lots of Slimes","floor":12,"turns":2},{"damage":1,"enemies":"Gremlin Gang","floor":13,"turns":3},{"damage":0,"enemies":"2 Fungi Beasts","floor":14,"turns":2},{"damage":43,"enemies":"The Guardian","floor":16,"turns":11},{"damage":3,"enemies":"3 Byrds","floor":18,"turns":3},{"damage":0,"enemies":"2 Thieves","floor":19,"turns":1},{"damage":22,"enemies":"Cultist and Chosen","floor":20,"turns":5},{"damage":20,"enemies":"Shelled Parasite and Fungi","floor":22,"turns":5},{"damage":16,"enemies":"Slavers","floor":23,"turns":4},{"damage":15,"enemies":"Book of Stabbing","floor":25,"turns":4},{"damage":11,"enemies":"Snecko","floor":27,"turns":4},{"damage":0,"enemies":"Sentry and Sphere","floor":31,"turns":3},{"damage":34,"enemies":"Champ","floor":33,"turns":7},{"damage":0,"enemies":"3 Darklings","floor":35,"turns":3},{"damage":6,"enemies":"2 Orb Walkers","floor":36,"turns":4},{"damage":0,"enemies":"Orb Walker","floor":37,"turns":2},{"damage":28,"enemies":"Giant Head","floor":40,"turns":7},{"damage":0,"enemies":"Jaw Worm Horde","floor":42,"turns":3},{"damage":22,"enemies":"Nemesis","floor":47,"turns":5},{"damage":41,"enemies":"Time Eater","floor":50,"turns":10}],"seed_played":"-4717025685736959921","potions_obtained":[{"floor":10,"key":"EntropicBrew"},{"floor":11,"key":"PowerPotion"},{"floor":12,"key":"Poison Potion"},{"floor":16,"key":"SpeedPotion"},{"floor":27,"key":"Weak Potion"},{"floor":35,"key":"Block Potion"},{"floor":36,"key":"DistilledChaos"},{"floor":42,"key":"SteroidPotion"},{"floor":47,"key":"Block Potion"}],"is_trial":false,"path_per_floor":["M","?","$","?","$","E","R","E","T","M","M","M","M","M","R","B",null,"M","M","M","$","M","E","R","E","T","M","T","R","?","M","R","B",null,"M","?","M","$","?","E","R","M","T","$","T","?","E","?","R","B",null],"character_chosen":"THE_SILENT","items_purchased":["Corpse Explosion","Blade Dance","Anchor","Lee\u0027s Waffle","Dramatic Entrance"],"campfire_rested":3,"item_purchase_floors":[3,3,38,44,44],"current_hp_per_floor":[70,63,63,63,63,63,63,63,63,60,58,52,51,51,51,8,70,67,67,45,45,25,9,30,15,15,4,4,25,70,70,70,36,70,70,64,64,64,64,36,57,57,57,77,77,77,55,55,55,14],"gold":46,"neow_bonus":"THREE_ENEMY_KILL","is_daily":false,"chose_seed":false,"campfire_upgraded":3,"win_rate":0.0,"timestamp":1610252719,"path_taken":["M","?","$","?","?","E","R","E","T","?","M","M","M","M","R","BOSS","M","M","?","$","M","E","R","E","T","M","?","R","?","M","R","BOSS","M","?","M","$","?","E","R","M","T","$","?","?","E","?","R","BOSS"],"items_purchased_type":["Card","Card","Relic","Relic","Card"],"build_version":"2020-12-22","purchased_purges":3,"victory":true,"max_hp_per_floor":[70,70,70,70,70,70,70,70,70,70,70,70,70,70,70,70,70,70,70,70,70,70,70,70,70,70,70,70,70,70,70,70,70,70,70,70,70,70,70,70,70,70,70,77,77,77,77,77,77,77],"card_choices":[{"not_picked":["Flying Knee","Choke"],"picked":"Dagger Throw","floor":1},{"not_picked":["Dodge and Roll","Glass Knife"],"picked":"Slice","floor":6},{"not_picked":["Quick Slash","Eviscerate"],"picked":"Slice","floor":8},{"not_picked":["Dodge and Roll","Dagger Throw","Endless Agony"],"picked":"SKIP","floor":10},{"not_picked":["Sucker Punch","Quick Slash"],"picked":"Backstab","floor":11},{"not_picked":["Dodge and Roll","Deflect"],"picked":"Deadly Poison","floor":12},{"not_picked":["PiercingWail","Storm of Steel"],"picked":"Cloak And Dagger","floor":13},{"not_picked":["Dagger Throw","Predator"],"picked":"Backstab","floor":14},{"not_picked":["Night Terror","Malaise"],"picked":"After Image","floor":16},{"not_picked":["Prepared","Acrobatics","Heel Hook+1"],"picked":"SKIP","floor":18},{"not_picked":["Bane","Prepared"],"picked":"Deflect","floor":19},{"not_picked":["Underhanded Strike","Quick Slash+1","Heel Hook"],"picked":"SKIP","floor":20},{"not_picked":["Cloak And Dagger","Accuracy+1"],"picked":"Blade Dance+1","floor":22},{"not_picked":["Phantasmal Killer","Flying Knee+1"],"picked":"Slice","floor":23},{"not_picked":["Tactician","Poisoned Stab"],"picked":"Accuracy+1","floor":24},{"not_picked":["Deflect","Crippling Poison+1","Unload"],"picked":"SKIP","floor":25},{"not_picked":["PiercingWail+1","Quick Slash"],"picked":"Poisoned Stab","floor":27},{"not_picked":["Phantasmal Killer","Reflex"],"picked":"Poisoned Stab+1","floor":31},{"not_picked":["Acrobatics","Blade Dance"],"picked":"Noxious Fumes","floor":35},{"not_picked":["Sucker Punch+1","Dagger Throw","Flying Knee+1"],"picked":"SKIP","floor":37},{"not_picked":["Dagger Spray","Crippling Poison","Accuracy"],"picked":"SKIP","floor":40},{"not_picked":["Catalyst+1","Endless Agony","Riddle With Holes+1"],"picked":"SKIP","floor":42},{"not_picked":["Skewer","Bouncing Flask","Dagger Spray"],"picked":"SKIP","floor":47}],"player_experience":159202,"relics_obtained":[{"floor":6,"key":"Whetstone"},{"floor":8,"key":"War Paint"},{"floor":9,"key":"Dream Catcher"},{"floor":23,"key":"Bag of Preparation"},{"floor":25,"key":"Boot"},{"floor":26,"key":"HornCleat"},{"floor":28,"key":"Shuriken"},{"floor":36,"key":"Ice Cream"},{"floor":40,"key":"Kunai"},{"floor":43,"key":"Juzu Bracelet"},{"floor":45,"key":"Incense Burner"},{"floor":47,"key":"Girya"}],"event_choices":[{"cards_removed":["Strike_G"],"damage_healed":0,"gold_gain":0,"player_choice":"Card Removal","damage_taken":7,"max_hp_gain":0,"max_hp_loss":0,"event_name":"Golden Wing","floor":2,"gold_loss":0},{"damage_healed":0,"gold_gain":0,"player_choice":"Box","damage_taken":0,"relics_obtained":["Tiny Chest"],"max_hp_gain":0,"max_hp_loss":0,"event_name":"Big Fish","floor":4,"gold_loss":0,"cards_obtained":["Regret"]},{"damage_healed":45,"gold_gain":0,"player_choice":"Full Heal","damage_taken":0,"max_hp_gain":0,"max_hp_loss":0,"event_name":"Wheel of Change","floor":30,"gold_loss":0},{"damage_healed":0,"gold_gain":0,"player_choice":"Fight","damage_taken":0,"max_hp_gain":0,"max_hp_loss":0,"event_name":"Mysterious Sphere","floor":36,"gold_loss":0},{"damage_healed":0,"gold_gain":0,"player_choice":"Ignored","damage_taken":0,"max_hp_gain":0,"max_hp_loss":0,"event_name":"Tomb of Lord Red Mask","floor":39,"gold_loss":0},{"damage_healed":0,"gold_gain":0,"player_choice":"Gave Potion","damage_taken":0,"relics_obtained":["Paper Crane"],"max_hp_gain":0,"max_hp_loss":0,"event_name":"WeMeetAgain","floor":46,"gold_loss":0},{"damage_healed":0,"gold_gain":0,"player_choice":"Upgrade","damage_taken":0,"relics_obtained":["Mark of the Bloom"],"max_hp_gain":0,"max_hp_loss":0,"event_name":"MindBloom","floor":48,"gold_loss":0,"cards_upgraded":["Defend_G","Defend_G","Neutralize","Dagger Throw","Blade Dance","Slice","Slice","Backstab","Deadly Poison","Cloak And Dagger","Deflect","Slice","Poisoned Stab","Noxious Fumes","Dramatic Entrance"]}],"is_beta":false,"boss_relics":[{"not_picked":["Cursed Key","Coffee Dripper"],"picked":"WristBlade"},{"not_picked":["Calling Bell","Runic Dome"],"picked":"Empty Cage"}],"items_purged_floors":[21,38,44],"is_endless":false,"potions_floor_spawned":[10,11,12,13,16,20,27,31,35,36,42,47],"ascension_level":3}}