{"host":"1x0iiauhsd6tfigj","time":1610307509,"event":{"mods":["AchievementEnabler","BaseMod","Block Reminder","Colored Map","Colored Powertips","DeckTracker","Googly Eyes","Highlight Path","Minty Spire (QoL Compilation)","Permanent Neow","Quick Restart","Relic Sorter","Relic Stats","Slay-I","StSLib"],"gold_per_floor":[114,62,74,29,39,71,89,89,134,154,154,170,170,143,143,248,248,262,5,5,24,24,58,58,89,158,173,88,88,88,12,12,12,12],"floor_reached":33,"playtime":1426,"items_purged":[],"score":328,"play_id":"e4c33cd3-1916-4642-b5d9-b67fb7861465","local_time":"20210110123829","is_ascension_mode":true,"campfire_choices":[{"floor":8.0,"key":"REST"},{"floor":13.0,"key":"REST"},{"data":"Eruption","floor":15.0,"key":"SMITH"},{"floor":24.0,"key":"REST"},{"floor":32.0,"key":"REST"}],"circlet_count":0,"master_deck":["Strike_P","Strike_P","Strike_P","Strike_P","Defend_P","Defend_P","Defend_P","Defend_P","Eruption+1","Vigilance","FlurryOfBlows","EmptyFist","ThirdEye","Consecrate","Consecrate","DeceiveReality","TalkToTheHand","BowlingBash","BattleHymn","BowlingBash","FollowUp","Clash+1","Shrug It Off","Finisher+1","Stack"],"relics":["Philosopher\u0027s Stone","Mercury Hourglass","Anchor","Cursed Key","PrismaticShard","Regal Pillow","Boot","Darkstone Periapt","TeardropLocket"],"acts_visited":["Exordium","TheCity"],"potions_floor_usage":[33],"damage_taken":[{"damage":0.0,"enemies":"Small Slimes","floor":1.0,"turns":3.0},{"damage":2.0,"enemies":"Jaw Worm","floor":3.0,"turns":2.0},{"damage":0.0,"enemies":"2 Louse","floor":5.0,"turns":1.0},{"damage":40.0,"enemies":"Lagavulin","floor":6.0,"turns":5.0},{"damage":1.0,"enemies":"2 Fungi Beasts","floor":7.0,"turns":3.0},{"damage":1.0,"enemies":"Gremlin Gang","floor":10.0,"turns":3.0},{"damage":0.0,"enemies":"Blue Slaver","floor":12.0,"turns":2.0},{"damage":10.0,"enemies":"The Guardian","floor":16.0,"turns":10.0},{"damage":7.0,"enemies":"Spheric Guardian","floor":18.0,"turns":3.0},{"damage":0.0,"enemies":"3 Byrds","floor":21.0,"turns":4.0},{"damage":36.0,"enemies":"Gremlin Leader","floor":23.0,"turns":7.0},{"damage":37.0,"enemies":"Book of Stabbing","floor":25.0,"turns":5.0},{"damage":11.0,"enemies":"Centurion and Healer","floor":27.0,"turns":5.0},{"damage":6.0,"enemies":"Shelled Parasite and Fungi","floor":30.0,"turns":2.0},{"damage":63,"enemies":"Collector","floor":33,"turns":7}],"seed_played":"4453465526488127676","potions_obtained":[{"floor":1.0,"key":"BlessingOfTheForge"},{"floor":3.0,"key":"LiquidBronze"},{"floor":6.0,"key":"BottledMiracle"},{"floor":10.0,"key":"GamblersBrew"},{"floor":18.0,"key":"DuplicationPotion"},{"floor":23.0,"key":"ColorlessPotion"},{"floor":25.0,"key":"Dexterity Potion"}],"is_trial":false,"path_per_floor":["M","$","M","$","M","E","M","R","T","M","?","M","R","?","R","B",null,"M","$","?","M","?","E","R","E","T","M","?","?","M","$","R","B"],"character_chosen":"WATCHER","items_purchased":["EmptyFist","Consecrate","PrismaticShard","SmokeBomb","Ancient Potion"],"campfire_rested":4,"item_purchase_floors":[2,4,19,19,31],"current_hp_per_floor":[72,72,70,70,70,30,29,50,50,49,54,54,77,77,77,67,77,70,70,70,70,70,34,72,35,41,30,30,30,24,24,63,0,0],"gold":12,"neow_bonus":"BOSS_RELIC","is_daily":false,"chose_seed":false,"campfire_upgraded":1,"win_rate":0.0,"timestamp":1610307509,"path_taken":["M","$","M","$","M","E","M","R","T","M","?","M","R","?","R","BOSS","M","$","?","M","?","E","R","E","T","M","?","?","M","$","R","BOSS"],"items_purchased_type":["Card","Card","Relic","Potion","Potion"],"build_version":"2020-12-22","purchased_purges":0,"victory":false,"max_hp_per_floor":[72,72,72,72,72,72,72,72,72,72,77,77,77,77,77,77,77,77,77,77,77,77,77,77,77,83,83,83,83,83,83,83,83,83],"relic_stats":{"Darkstone Periapt":6,"Regal Pillow":30,"counters":[15,61],"Cursed Key":1,"Boot":[2],"obtain_stats":[{"Darkstone Periapt":26,"Anchor":9,"Regal Pillow":23,"Philosopher\u0027s Stone":0,"TeardropLocket":28,"PureWater":0,"Cursed Key":17,"PrismaticShard":19,"Boot":25,"Mercury Hourglass":6},{"Darkstone Periapt":12,"Anchor":5,"Regal Pillow":11,"Philosopher\u0027s Stone":0,"TeardropLocket":13,"PureWater":0,"Cursed Key":8,"PrismaticShard":9,"Boot":12,"Mercury Hourglass":4},{"Darkstone Periapt":47,"Anchor":13,"Regal Pillow":42,"Philosopher\u0027s Stone":0,"TeardropLocket":52,"PureWater":0,"Cursed Key":28,"PrismaticShard":31,"Boot":47,"Mercury Hourglass":11}],"Mercury Hourglass":[237]},"card_choices":[{"not_picked":["Crescendo","Weave"],"picked":"FlurryOfBlows","floor":1.0},{"not_picked":["Tantrum","Collect"],"picked":"ThirdEye","floor":3.0},{"not_picked":["EmptyFist","FlurryOfBlows"],"picked":"Consecrate","floor":5.0},{"not_picked":["Vault","Indignation"],"picked":"DeceiveReality","floor":6.0},{"not_picked":["Protect","CutThroughFate"],"picked":"TalkToTheHand","floor":7.0},{"not_picked":["Study","Halt"],"picked":"BowlingBash","floor":10.0},{"not_picked":["PathToVictory","SignatureMove"],"picked":"BattleHymn","floor":12.0},{"not_picked":["SashWhip+1","FlyingSleeves"],"picked":"BowlingBash","floor":18.0},{"not_picked":["SashWhip+1","Outmaneuver"],"picked":"Clash+1","floor":21.0},{"not_picked":["Hologram","Tactician"],"picked":"Shrug It Off","floor":23.0},{"not_picked":["Flash of Steel","Compile Driver"],"picked":"Finisher+1","floor":25.0},{"not_picked":["Seek","Bane"],"picked":"Stack","floor":27.0}],"player_experience":1548541,"relics_obtained":[{"floor":6.0,"key":"Mercury Hourglass"},{"floor":9.0,"key":"Anchor"},{"floor":23.0,"key":"Regal Pillow"},{"floor":25.0,"key":"Boot"},{"floor":26.0,"key":"Darkstone Periapt"}],"event_choices":[{"damage_healed":0.0,"max_hp_gain":5.0,"max_hp_loss":0.0,"gold_gain":0.0,"event_name":"Big Fish","player_choice":"Donut","floor":11.0,"gold_loss":0.0,"damage_taken":0.0},{"damage_healed":0.0,"max_hp_gain":0.0,"max_hp_loss":0.0,"gold_gain":0.0,"event_name":"World of Goop","player_choice":"Left Gold","floor":14.0,"gold_loss":27.0,"damage_taken":0.0},{"damage_healed":0.0,"max_hp_gain":0.0,"max_hp_loss":0.0,"gold_gain":0.0,"event_name":"The Library","player_choice":"Read","floor":20.0,"gold_loss":0.0,"damage_taken":0.0,"cards_obtained":["FollowUp"]},{"damage_healed":0.0,"max_hp_gain":0.0,"max_hp_loss":0.0,"gold_gain":0.0,"event_name":"Cursed Tome","player_choice":"Ignored","floor":22.0,"gold_loss":0.0,"damage_taken":0.0},{"damage_healed":0.0,"max_hp_gain":0.0,"max_hp_loss":0.0,"gold_gain":0.0,"event_name":"Addict","player_choice":"Obtained Relic","floor":28.0,"gold_loss":85.0,"damage_taken":0.0,"relics_obtained":["TeardropLocket"]},{"cards_removed":["Shame"],"damage_healed":0.0,"max_hp_gain":0.0,"max_hp_loss":0.0,"gold_gain":0.0,"event_name":"Purifier","player_choice":"Purged","floor":29.0,"gold_loss":0.0,"damage_taken":0.0}],"is_beta":false,"boss_relics":[{"not_picked":["SacredBark","Astrolabe"],"picked":"Cursed Key"}],"items_purged_floors":[],"is_endless":false,"potions_floor_spawned":[1,3,6,10,18,23,25,30],"killed_by":"Collector","ascension_level":3}}