{"host":"ymw71f7rc9ndansy","time":1610247119,"event":{"mods":["ATMod(阿瑾Mod)","Act Like it!","Aspiration","BaseMod","DeckTracker","Hubris","Library of Ruina","Library of Ruina Extra","Lobotomy","LobotomyExtend","Minty Spire (QoL Compilation)","MostiFishMod","Remove Card Discount Mod","Replay The Spire","StSLib","TestMod","【功能Mod】精心准备","【遗物卡牌】REMEMod"],"gold_per_floor":[360,62,62,62,115,149,149,174,174,193,206,206,110,110,110,136,136,225,283,380,468,468,468,501,165,217,217,217,284,338,404,404,515,515,571,571,471,526,431,431,431,431,431,557,608,679,349,417,417,456,495,495,495,495,73,184,184],"floor_reached":58,"playtime":1699,"items_purged":["LightAttack","LightDefense","LightAttack","LightAttack","Dodge","WhiteAim","SlowAim","LightDefense","LightDefense","LightDefense","ChargeAndCover","FocusedStrikes","Unlock1","ChopItOff+1","Multislash+1","Reload+1"],"score":3183,"play_id":"73335b1c-e42e-4a7b-b4ed-50f46b4cf0fd","local_time":"20210110105159","is_ascension_mode":true,"campfire_choices":[{"floor":7.0,"key":"REST"},{"floor":12.0,"key":"REST"},{"floor":15.0,"key":"RECALL"},{"data":"REME_CRH","floor":23,"key":"SMITH"},{"data":"Reload","floor":27,"key":"SMITH"},{"data":"TheRedNotes","floor":32,"key":"SMITH"},{"data":"testmod-PainDetonator","floor":40,"key":"SMITH"},{"data":"Multislash","floor":42,"key":"SMITH"}],"circlet_count":0,"master_deck":["AscendersBane","AT_FamilyPortrait+1","REME_CRH+1","SenseQuarry+1","REME_TwoStrings+1","GutHarvesting+1","TheRedNotes+1","EmotionalTurbulence+1","AT_FamilyPortrait+1","testmod-PainDetonator+1","ViolentFlame","Madness+1","AlloutWar+1","MostiFishMod:MusicBox+1"],"relics":["PageOfLibrarian","testmod-TestBox","DaveBox","REME_ComplimentaryCards","AT_ATBox","BrkXgEgg","testmod-Charity","SynthV:TestCard","Iron Hammer","AT_RedNoBalance","hubris:OldNail","Question Card","AT_RedTearstoneRing","AT_BellDemon","Incense Burner","hubris:Icosahedron","PageOfTodaysShyLook","testmod-CardMagician","testmod-Justice","Pantograph","Mango","Nunchaku","Orichalcum","Anchor","AT_BladeRuinedKing","hubris:SlimyHat","testmod-TurbochargingSystem","Singing Bowl","Blue Candle","PreservedInsect","hubris:BottledRain","PageOfPinocchio","testmod-Recursion","aspiration:ArtOfWarUpgrade","Omamori","PageOfFreischutz","Blue Doll","Replay:Rubber Ducky","Ice Cream","AT_LudenTempest","Smiling Mask","War Paint","TimeFreeze","REME_IWantAll","hubris:MysteriousPyramids"],"acts_visited":["Exordium","TheCity","TheBeyond","TheEnding"],"potions_floor_usage":[24,29],"damage_taken":[{"damage":7.0,"enemies":"2 Louse","floor":1.0,"turns":3.0},{"damage":0.0,"enemies":"Gremlin Nob","floor":6.0,"turns":2.0},{"damage":0.0,"enemies":"Lagavulin","floor":8.0,"turns":1.0},{"damage":0.0,"enemies":"Small Slimes","floor":10.0,"turns":1.0},{"damage":0.0,"enemies":"Jaw Worm","floor":11.0,"turns":1.0},{"damage":0.0,"enemies":"Slime Boss","floor":16.0,"turns":2.0},{"damage":0.0,"enemies":"2 Thieves","floor":18.0,"turns":1.0},{"damage":0.0,"enemies":"Spheric Guardian","floor":19.0,"turns":2.0},{"damage":0,"enemies":"3 Cultists","floor":20,"turns":2},{"damage":0,"enemies":"Centurion and Healer","floor":21,"turns":1},{"damage":18,"enemies":"Replay:Snechameleon","floor":24,"turns":2},{"damage":0,"enemies":"Book of Stabbing","floor":29,"turns":1},{"damage":0,"enemies":"Snecko","floor":30,"turns":2},{"damage":0,"enemies":"Replay:Snechameleon","floor":31,"turns":1},{"damage":0,"enemies":"Pondfish","floor":33,"turns":2},{"damage":1,"enemies":"3 Darklings","floor":35,"turns":1},{"damage":0,"enemies":"Orb Walker","floor":38,"turns":1},{"damage":0,"enemies":"Sphere and 2 Shapes","floor":44,"turns":1},{"damage":0,"enemies":"3 Darklings","floor":45,"turns":1},{"damage":0,"enemies":"R_Hoarder","floor":46,"turns":1},{"damage":0,"enemies":"Giant Head","floor":48,"turns":1},{"damage":0,"enemies":"Donu and Deca","floor":50,"turns":1},{"damage":1,"enemies":"Replay:Hell Engine","floor":51,"turns":1},{"damage":0,"enemies":"Shield and Spear","floor":56,"turns":1},{"damage":71,"enemies":"The Heart","floor":57,"turns":3}],"seed_played":"-53346385116628774","potions_obtained":[{"floor":5.0,"key":"Flashbang"},{"floor":6.0,"key":"SteroidPotion"},{"floor":16.0,"key":"Adrenaline Potion"},{"floor":18.0,"key":"SkillPotion"},{"floor":30,"key":"DistilledChaos"},{"floor":38,"key":"ColorlessPotion"},{"floor":45,"key":"Adrenaline Potion"}],"is_trial":false,"path_per_floor":["M","$","?","?","?","E","R","E","T","M","M","R","$","?","R","B",null,"M","M","M","M","?","R","E","$","T","R","?","E","M","E","R","B",null,"M","?","NS","M","$","R","?","R","T","M","M","E","$","E","R","B","B",null,null,"R","$","E","B",null],"character_chosen":"Librarian","items_purchased":["Iron Hammer","REME_TwoStrings","testmod-SpacePotion","AT_BladeRuinedKing","TheRedNotes","testmod-PainDetonator","Ice Cream","Madness","War Paint","TimeFreeze"],"campfire_rested":2,"item_purchase_floors":[2,13,25,25,25,39,47,55,55,55],"current_hp_per_floor":[49,49,49,23,4,32,51,33,33,33,34,54,54,54,54,34,66,41,43,60,101,89,89,84,84,85,85,85,87,89,93,93,115,123,129,121,121,125,125,125,125,125,125,129,133,137,137,141,141,153,153,153,154,154,154,157,86],"gold":184,"neow_bonus":"TWO_FIFTY_GOLD","is_daily":false,"chose_seed":false,"campfire_upgraded":5,"win_rate":0.0,"timestamp":1610247119,"path_taken":["M","$","?","?","?","E","R","E","T","M","M","R","$","?","R","BOSS","M","M","M","M","?","R","E","$","T","R","?","E","M","E","R","BOSS","M","?","NS","M","$","R","?","R","T","?","M","E","$","E","R","BOSS","BOSS","R","$","E","BOSS"],"items_purchased_type":["Relic","Card","Potion","Relic","Card","Card","Relic","Card","Relic","Relic"],"build_version":"2020-12-22","purchased_purges":16,"victory":true,"max_hp_per_floor":[62,62,62,62,63,64,64,65,65,66,67,67,67,67,67,76,76,79,81,98,101,101,101,102,102,103,103,103,105,107,111,111,126,126,130,132,132,136,136,136,136,136,136,140,144,148,148,152,152,153,154,154,154,154,154,157,157],"card_choices":[{"not_picked":["UpbeatPerformance","Outburst","HighKick","Disposal+1","FleetFootsteps","EnergyStrike","HiddenBlade","BiteOff","Brawl","StructuralAnalysis"],"picked":"Unlock1","floor":5.0},{"not_picked":["GrazeTheGrass","SummaryJudgment","InkOver","PinpointShot","YouOnlyLiveOnce","ReadyUp","QuickSuppression","TimeForALittleTest","SkyClearingCut","Quickness","TendonChords"],"picked":"SenseQuarry+1","floor":8.0},{"not_picked":["SinglePointStab","HandleRequest","HiddenBlade","FleetFootsteps","Faith","Decapitation+1","DefenseOrder","MultiBlock","Thirst","RapidGashes","GuardingStance"],"picked":"Multislash","floor":10.0},{"not_picked":["LoosenUp","QuickSuppression","FeelinGood","DarkCloud","WillProduceFineSilk+1","Quickness","BackAttack","DesperateStruggle","SparkingSpear","Multislash","FleetFootsteps"],"picked":"Reload","floor":11.0},{"not_picked":["FleshFillet+1","GoinFirst+1","Castigation+1","Punishment+1","EnergyBeam+1"],"picked":"GutHarvesting+1","floor":16.0},{"not_picked":["HiddenBlade","PinpointShot","EnergyCycle","GroundSmash+1","FleetFootsteps","DefenseOrder+1","SmokingPipe","HandlingWork","NightInTheBackstreets","WillOfThePrescript+1","Faith","StrongStrike"],"picked":"SKIP","floor":18.0},{"not_picked":["BizarreAttack","Juggling","TasteMyFlamingBat","Concentration","Parry","AlloutWar","UpbeatPerformance","StructuralAnalysis","GrazeTheGrass","SunsetBlade","TendonChords","TheArtOfRapidSteps"],"picked":"SKIP","floor":19.0},{"not_picked":["EndlessBattle","ChopItOff+1","MultiBlock","UnavoidableGaze","Diversion","Overcharge","PinpointShot","YoureTooSlow","StartinOutLightly","Faith+1","WaitUp","SharpSwipe"],"picked":"SKIP","floor":20},{"not_picked":["EndlessBattle","MultiBlock","UnavoidableGaze","Diversion","Overcharge","PinpointShot","YoureTooSlow","StartinOutLightly","Faith+1","WaitUp","SharpSwipe"],"picked":"ChopItOff+1","floor":20},{"not_picked":["ForcefulGesture","SharpSwipe+1","Endure","SunsetBlade","EnergyStrike","WillOfThePrescript","QuickSuppression","FleetEdge","StrongStrike","FrontalAssault","Standoff","QuickAttack"],"picked":"SKIP","floor":21},{"not_picked":["Diversion+1","HiddenBlade","IronWall","Parry","FleshFillet+1","Overpower","Tailoring","HandleRequest","FleetFootsteps","SunsetBlade","GrazeTheGrass","DeepDrag"],"picked":"SKIP","floor":24},{"not_picked":["Multislash","GrazeTheGrass","RhinoRam","ElectricShock+1","Execute_lor","HiddenBlade","SharpNails","EnergyCycle","ForcefulGesture+1","StructuralAnalysis","Faith"],"picked":"EmotionalTurbulence+1","floor":29},{"not_picked":["DefenseOrder","AssaultOrder","Faith","SharpNails","Standoff+1","ForcefulGesture","SmokingPipe","EnergyCycle","WaitUp","Crush","StayCalm"],"picked":"TrashDisposal+1","floor":30},{"not_picked":["EndlessBattle","Outburst","SharpSwipe","AbsorbImpact","FrontalAssault","Struggle","BiteOff","EnergyStrike","MultiBlock","DriedUp","SuppressingShot","Faith"],"picked":"Singing Bowl","floor":31},{"not_picked":["FormingStorm+1","FleshFillet+1","Eradication+1","GoinFirst+1","DaringDecision+1","GroundSmash+1"],"picked":"Singing Bowl","floor":33},{"not_picked":["FeelinGood","Faith","HiddenBlade","TendonChords+1","FormingStorm+1","EnergyCycle","Ripple","Clone","ICanCookAnything","FleetEdge+1","HighKick","HandleRequest"],"picked":"Singing Bowl","floor":35},{"not_picked":["Finesse","REME_AllRoundStrike+1","testmod-Provocation","Replay:Bootleg Shield Generator","AT_CelerityRune","Replay:Sssssssssshield","testmod-SubstituteBySubterfuge","testmod-PulseDistributor+1","testmod-Mystery","MostiFishMod:Awakening+1","testmod-AssimilatedRune+1","REME_TwoStrings"],"picked":"Singing Bowl","floor":36},{"not_picked":["Mind Blast","Replay:BasicMightCard","Metamorphosis+1","testmod-AutoReboundSystem+1","testmod-TreasureHunter+1","testmod-DeathImprint","testmod-PowerStrike+1","testmod-Dream+1","AT_CelerityRune","Purity","MostiFishMod:ButterFly"],"picked":"testmod-VirtualReality+1","floor":36},{"not_picked":["REME_ShortnessOfBreath","Dramatic Entrance","PanicButton","Mind Blast","testmod-LimitFlipper","testmod-Arrangement+1","testmod-Mystery","Jack Of All Trades","testmod-PocketStoneCalender","Bandage Up","testmod-HeadAttack"],"picked":"AT_FamilyPortrait+1","floor":36},{"not_picked":["SmokingPipe","Outburst","DesperateStruggle","HighKick+1","EndlessBattle","Quickness","ClassAndRespect","SilentMist","SpearedSweep+1","GutHarvesting+1","RapidGashes","FlowOfTheSword"],"picked":"Singing Bowl","floor":38},{"not_picked":["EnergyCycle+1","StrongStrike","Parry","NightInTheBackstreets","SharpSwipe","FendThisOffIfYouCan","FervidEmotions+1","ForTheFamily","CombatPreparation+1","Wallop_lor+1","EnergyShield+1"],"picked":"ViolentFlame","floor":44},{"not_picked":["Faith","SpearedSweep","DarkCloud","RushDown","DriedUp","QuickAttack","Leap_lor","ToWhereThePrescriptPoints","DesperateStruggle+1","HardRehearsal+1","PinpointShot","ForcefulGesture+1"],"picked":"Singing Bowl","floor":45},{"not_picked":["GrazeTheGrass","Slice_lor","HeavyPeaks+1","Leap_lor","FleetFootsteps","CircusKnives","BattleCommand","Faith","GatherIntel+1","EnergyShield","SunsetBlade+1","Collision"],"picked":"Singing Bowl","floor":46},{"not_picked":["SomberProcuration","CircusKnives+1","Rewind+1","GuardingStance","DirtyBlow+1","Fence","DesperateStruggle","YourShield","BlazingStrike+1","LossOfSenses","RulesOfTheBackstreets","Mutilate"],"picked":"Singing Bowl","floor":48},{"not_picked":["Ripple","ExtractFuel","Leap_lor+1","DestructiveImpact","Outburst+1","Brawl","ScratchThat+1","EnergyStrike","RapidGashes+1","SpearedSweep+1","QuickAttack+1"],"picked":"AlloutWar+1","floor":56}],"player_experience":1094041,"relics_obtained":[{"floor":1.0,"key":"SynthV:TestCard"},{"floor":5.0,"key":"hubris:OldNail"},{"floor":6.0,"key":"Question Card"},{"floor":8.0,"key":"AT_RedTearstoneRing"},{"floor":9.0,"key":"AT_BellDemon"},{"floor":11.0,"key":"Incense Burner"},{"floor":16.0,"key":"PageOfTodaysShyLook"},{"floor":18.0,"key":"testmod-Justice"},{"floor":19.0,"key":"Pantograph"},{"floor":20,"key":"Mango"},{"floor":21,"key":"Nunchaku"},{"floor":24,"key":"Orichalcum"},{"floor":24,"key":"Anchor"},{"floor":26,"key":"hubris:SlimyHat"},{"floor":29,"key":"testmod-TurbochargingSystem"},{"floor":29,"key":"Singing Bowl"},{"floor":30,"key":"Blue Candle"},{"floor":31,"key":"PreservedInsect"},{"floor":31,"key":"hubris:BottledRain"},{"floor":33,"key":"PageOfPinocchio"},{"floor":38,"key":"Art of War"},{"floor":44,"key":"Omamori"},{"floor":45,"key":"PageOfFreischutz"},{"floor":46,"key":"Blue Doll"},{"floor":46,"key":"Replay:Rubber Ducky"},{"floor":48,"key":"AT_LudenTempest"},{"floor":48,"key":"Smiling Mask"},{"floor":56,"key":"REME_IWantAll"},{"floor":56,"key":"hubris:MysteriousPyramids"}],"event_choices":[{"damage_healed":0.0,"max_hp_gain":0.0,"max_hp_loss":0.0,"gold_gain":0.0,"event_name":"The Cleric","player_choice":"Leave","floor":3.0,"gold_loss":0.0,"damage_taken":0.0},{"damage_healed":0.0,"max_hp_gain":0.0,"max_hp_loss":0.0,"gold_gain":0.0,"event_name":"Scrap Ooze","player_choice":"Success","floor":4.0,"gold_loss":0.0,"damage_taken":26.0,"relics_obtained":["AT_SilverBalance"]},{"damage_healed":0,"gold_gain":0,"player_choice":"Memory 3","damage_taken":10,"max_hp_gain":0,"max_hp_loss":0,"event_name":"SensoryStone","floor":36,"gold_loss":0},{"damage_healed":0,"gold_gain":0,"player_choice":"Upgraded","damage_taken":0,"max_hp_gain":0,"max_hp_loss":0,"event_name":"Upgrade Shrine","floor":41,"gold_loss":0,"cards_upgraded":["REME_TwoStrings"]}],"is_beta":false,"boss_relics":[{"not_picked":["hubris:BlackHole","Ectoplasm"],"picked":"testmod-CardMagician"},{"not_picked":["Replay:Drink Me","hubris:RunicObelisk"],"picked":"testmod-Recursion"}],"items_purged_floors":[2,2,2,2,2,2,2,2,13,13,13,25,39,39,55,55],"is_endless":false,"potions_floor_spawned":[6,11,16,18,19,20,30,38,45],"ascension_level":20}}