{"host":"d61fcf2p3sjwe6yo","time":1610301150,"event":{"mods":["AchievementEnabler","BaseMod","Colored Map","Minty Spire (QoL Compilation)","StSLib","SuperFastMode"],"gold_per_floor":[111,130,130,141,152,186,186,220,220,234,234,268,268,268,268,371,371,388,388,402,402,422,422,18,33,60,72,105,105,133,133,133,232,232,250,250,267,23,23,64,36,76,88,118,161,173,197,228,240,252,264,276,7,33,33],"floor_reached":56,"playtime":2811,"items_purged":["Strike_G","Strike_G","Strike_G+1"],"score":2047,"play_id":"0ace91a0-1489-42c0-9edf-647478621d54","local_time":"20210110205230","is_ascension_mode":true,"campfire_choices":[{"data":"Footwork","floor":7.0,"key":"SMITH"},{"data":"Bouncing Flask","floor":15.0,"key":"SMITH"},{"data":"Wraith Form v2","floor":23.0,"key":"SMITH"},{"data":"Catalyst","floor":29,"key":"SMITH"},{"data":"Night Terror","floor":32,"key":"SMITH"},{"data":"Wraith Form v2","floor":46,"key":"SMITH"},{"floor":49,"key":"RECALL"},{"data":"PiercingWail","floor":52,"key":"SMITH"}],"circlet_count":0,"master_deck":["AscendersBane","Defend_G+1","Defend_G","Defend_G","Defend_G+1","Defend_G+1","Survivor+1","Neutralize+1","Flying Knee","Deadly Poison","Bouncing Flask+1","Heel Hook","Footwork+1","Wraith Form v2+1","PiercingWail+1","Night Terror+1","Footwork+1","Flechettes+1","Catalyst+1","Noxious Fumes+1","Wraith Form v2+1","Concentrate+1","Catalyst+1"],"relics":["Runic Pyramid","Molten Egg 2","Centennial Puzzle","Akabeko","The Courier","Matryoshka","Runic Dome","MutagenicStrength","Membership Card","Snake Skull","Mummified Hand","Meat on the Bone","Dream Catcher","Anchor","Potion Belt","Bag of Preparation","Coffee Dripper","Toy Ornithopter","Oddly Smooth Stone","MawBank","Toxic Egg 2","Happy Flower","Omamori","Mercury Hourglass","Lantern","ClockworkSouvenir","War Paint","Blue Candle"],"acts_visited":["Exordium","TheCity","TheBeyond","TheEnding"],"potions_floor_usage":[28,33,55],"damage_taken":[{"damage":2.0,"enemies":"Jaw Worm","floor":1.0,"turns":6.0},{"damage":0.0,"enemies":"Cultist","floor":2.0,"turns":4.0},{"damage":1.0,"enemies":"Small Slimes","floor":4.0,"turns":4.0},{"damage":1.0,"enemies":"Looter","floor":5.0,"turns":4.0},{"damage":5.0,"enemies":"Lagavulin","floor":6.0,"turns":6.0},{"damage":12.0,"enemies":"Gremlin Nob","floor":8.0,"turns":4.0},{"damage":2.0,"enemies":"2 Fungi Beasts","floor":10.0,"turns":4.0},{"damage":16.0,"enemies":"3 Sentries","floor":12.0,"turns":11.0},{"damage":2.0,"enemies":"Hexaghost","floor":16.0,"turns":8.0},{"damage":4.0,"enemies":"2 Thieves","floor":18.0,"turns":4.0},{"damage":0.0,"enemies":"Spheric Guardian","floor":20.0,"turns":5.0},{"damage":6.0,"enemies":"3 Cultists","floor":22.0,"turns":7.0},{"damage":0.0,"enemies":"Cultist and Chosen","floor":25.0,"turns":6.0},{"damage":4.0,"enemies":"Chosen and Byrds","floor":27.0,"turns":5.0},{"damage":16,"enemies":"Book of Stabbing","floor":28,"turns":4},{"damage":21,"enemies":"Gremlin Leader","floor":30,"turns":6},{"damage":11,"enemies":"Champ","floor":33,"turns":5},{"damage":0,"enemies":"3 Shapes","floor":35,"turns":4},{"damage":0,"enemies":"Orb Walker","floor":37,"turns":4},{"damage":0,"enemies":"Reptomancer","floor":40,"turns":5},{"damage":0,"enemies":"Giant Head","floor":42,"turns":5},{"damage":2,"enemies":"Jaw Worm Horde","floor":44,"turns":3},{"damage":0,"enemies":"Nemesis","floor":45,"turns":5},{"damage":0,"enemies":"Transient","floor":47,"turns":3},{"damage":0,"enemies":"Sphere and 2 Shapes","floor":48,"turns":4},{"damage":14,"enemies":"Donu and Deca","floor":50,"turns":6},{"damage":0,"enemies":"Shield and Spear","floor":54,"turns":5},{"damage":16,"enemies":"The Heart","floor":55,"turns":6}],"seed_played":"-3707422666947442383","potions_obtained":[{"floor":4.0,"key":"Swift Potion"},{"floor":6.0,"key":"Dexterity Potion"},{"floor":10.0,"key":"Energy Potion"},{"floor":12.0,"key":"SkillPotion"},{"floor":18.0,"key":"DuplicationPotion"},{"floor":22.0,"key":"PowerPotion"},{"floor":28,"key":"Energy Potion"},{"floor":37,"key":"Weak Potion"}],"is_trial":false,"path_per_floor":["M","M","?","M","M","E","R","E","T","M","?","E","?","?","R","B",null,"M","?","M","?","M","R","$","M","T","M","E","R","E","?","R","B",null,"M","?","M","$","T","E","?","E","T","M","E","R","M","M","R","B",null,"R","$","E","B",null],"character_chosen":"THE_SILENT","items_purchased":["Membership Card","Snake Skull","Mummified Hand","Meat on the Bone","FairyPotion","DuplicationPotion","Toy Ornithopter","Oddly Smooth Stone","Catalyst+1","Lantern","ClockworkSouvenir","War Paint"],"campfire_rested":0,"item_purchase_floors":[24,24,24,24,38,38,38,38,53,53,53,53],"current_hp_per_floor":[61,61,61,60,59,54,54,42,42,40,37,21,21,7,7,5,54,50,37,37,37,31,31,31,43,43,39,35,35,26,26,26,27,63,63,63,63,63,63,63,63,63,63,61,61,61,61,61,61,47,68,68,68,68,57],"gold":33,"neow_bonus":"BOSS_RELIC","is_daily":false,"chose_seed":false,"campfire_upgraded":7,"win_rate":0.0,"timestamp":1610301150,"path_taken":["M","M","?","?","M","E","R","E","T","M","?","E","?","?","R","BOSS","M","?","M","?","M","R","$","M","T","M","E","R","E","?","R","BOSS","M","?","M","$","?","E","?","E","T","M","E","R","M","M","R","BOSS","R","$","E","BOSS"],"items_purchased_type":["Relic","Relic","Relic","Relic","Potion","Potion","Relic","Relic","Card","Relic","Relic","Relic"],"build_version":"2020-12-22","purchased_purges":3,"victory":true,"max_hp_per_floor":[70,70,70,70,70,70,70,70,70,70,70,70,70,70,70,70,70,70,75,75,75,75,75,75,75,75,75,75,75,75,75,75,75,75,75,75,75,75,75,75,75,75,75,75,75,75,75,75,75,75,75,75,75,75,75],"card_choices":[{"not_picked":["Calculated Gamble","Reflex"],"picked":"Flying Knee","floor":1.0},{"not_picked":["Poisoned Stab","Predator"],"picked":"Deadly Poison","floor":2.0},{"not_picked":["Distraction","Poisoned Stab"],"picked":"Bouncing Flask","floor":4.0},{"not_picked":["Underhanded Strike","Reflex"],"picked":"Heel Hook","floor":5.0},{"not_picked":["Adrenaline","Dagger Spray+1"],"picked":"Footwork","floor":6.0},{"not_picked":["Riddle With Holes+1","Deflect"],"picked":"Wraith Form v2","floor":8.0},{"not_picked":["Outmaneuver","Accuracy","Riddle With Holes+1"],"picked":"SKIP","floor":10.0},{"not_picked":["Escape Plan","Acrobatics"],"picked":"PiercingWail","floor":12.0},{"not_picked":["Phantasmal Killer","After Image"],"picked":"Night Terror","floor":16.0},{"not_picked":["Bane+1","Deadly Poison","Outmaneuver"],"picked":"SKIP","floor":18.0},{"not_picked":["Dagger Spray+1","Noxious Fumes"],"picked":"Footwork+1","floor":20.0},{"not_picked":["Dagger Throw+1","Tactician"],"picked":"Flechettes+1","floor":22.0},{"not_picked":["Prepared","Well Laid Plans+1","Flying Knee+1"],"picked":"SKIP","floor":25.0},{"not_picked":["Cloak And Dagger","Concentrate"],"picked":"Catalyst","floor":27.0},{"not_picked":["Quick Slash+1","Terror","Dodge and Roll"],"picked":"SKIP","floor":28},{"not_picked":["Underhanded Strike+1","Prepared"],"picked":"Noxious Fumes+1","floor":30},{"not_picked":["Bullet Time","After Image"],"picked":"Wraith Form v2","floor":33},{"not_picked":["Dagger Throw+1","Flying Knee+1","Slice+1"],"picked":"SKIP","floor":35},{"not_picked":["Sucker Punch+1","Terror","Quick Slash+1"],"picked":"SKIP","floor":37},{"not_picked":["Finisher+1","Bane+1","Die Die Die+1"],"picked":"SKIP","floor":40},{"not_picked":["Underhanded Strike+1","Quick Slash+1"],"picked":"Concentrate+1","floor":42},{"not_picked":["Deflect+1","Distraction+1","Dagger Throw+1"],"picked":"SKIP","floor":44},{"not_picked":["Deflect+1","Distraction+1","Dagger Throw+1"],"picked":"SKIP","floor":44},{"not_picked":["Envenom","PiercingWail+1","Flying Knee+1"],"picked":"SKIP","floor":45},{"not_picked":["Quick Slash+1","Eviscerate+1","Sucker Punch+1"],"picked":"SKIP","floor":47},{"not_picked":["Flying Knee+1","Concentrate+1","Sucker Punch+1"],"picked":"SKIP","floor":48},{"not_picked":["Endless Agony+1","Reflex+1","Deadly Poison+1"],"picked":"SKIP","floor":54}],"player_experience":185702,"relics_obtained":[{"floor":6.0,"key":"Molten Egg 2"},{"floor":8.0,"key":"Centennial Puzzle"},{"floor":9.0,"key":"Akabeko"},{"floor":12.0,"key":"Matryoshka"},{"floor":26.0,"key":"Dream Catcher"},{"floor":28,"key":"Anchor"},{"floor":30,"key":"Potion Belt"},{"floor":39,"key":"MawBank"},{"floor":39,"key":"Toxic Egg 2"},{"floor":40,"key":"Happy Flower"},{"floor":42,"key":"Omamori"},{"floor":43,"key":"Mercury Hourglass"},{"floor":54,"key":"Blue Candle"}],"event_choices":[{"cards_removed":["Strike_G"],"damage_healed":0.0,"max_hp_gain":0.0,"max_hp_loss":0.0,"gold_gain":0.0,"event_name":"Purifier","player_choice":"Purged","floor":3.0,"gold_loss":0.0,"damage_taken":0.0},{"damage_healed":0.0,"max_hp_gain":0.0,"max_hp_loss":0.0,"gold_gain":0.0,"event_name":"Scrap Ooze","player_choice":"Success","floor":11.0,"gold_loss":0.0,"damage_taken":3.0,"relics_obtained":["The Courier"]},{"cards_removed":["Strike_G"],"damage_healed":0.0,"max_hp_gain":0.0,"max_hp_loss":0.0,"gold_gain":0.0,"event_name":"Living Wall","player_choice":"Forget","floor":13.0,"gold_loss":0.0,"damage_taken":0.0},{"damage_healed":0.0,"max_hp_gain":0.0,"max_hp_loss":0.0,"gold_gain":0.0,"event_name":"Shining Light","player_choice":"Entered Light","floor":14.0,"gold_loss":0.0,"damage_taken":14.0,"cards_upgraded":["Defend_G","Neutralize"]},{"damage_healed":0.0,"max_hp_gain":5.0,"max_hp_loss":0.0,"gold_gain":0.0,"event_name":"Forgotten Altar","player_choice":"Shed Blood","floor":19.0,"gold_loss":0.0,"damage_taken":18.0},{"damage_healed":0.0,"max_hp_gain":0.0,"max_hp_loss":0.0,"gold_gain":0.0,"event_name":"Drug Dealer","player_choice":"Inject Mutagens","floor":21.0,"gold_loss":0.0,"damage_taken":0.0,"relics_obtained":["MutagenicStrength"]},{"damage_healed":0,"gold_gain":0,"player_choice":"Opened","damage_taken":0,"relics_obtained":["Bag of Preparation"],"max_hp_gain":0,"max_hp_loss":0,"event_name":"The Mausoleum","floor":31,"gold_loss":0,"cards_obtained":["Writhe"]},{"cards_removed":["Writhe"],"damage_healed":0,"gold_gain":0,"player_choice":"Removed Curses","damage_taken":0,"max_hp_gain":0,"max_hp_loss":0,"event_name":"Fountain of Cleansing","floor":36,"gold_loss":0},{"damage_healed":0,"gold_gain":0,"player_choice":"Upgraded Two","damage_taken":0,"max_hp_gain":0,"max_hp_loss":0,"event_name":"Designer","floor":41,"gold_loss":40,"cards_upgraded":["Strike_G","Survivor"]}],"is_beta":false,"boss_relics":[{"not_picked":["HoveringKite","Philosopher\u0027s Stone"],"picked":"Runic Dome"},{"not_picked":["SacredBark","Black Star"],"picked":"Coffee Dripper"}],"items_purged_floors":[24,38,53],"is_endless":false,"potions_floor_spawned":[4,6,10,12,18,22,27,28,37,42,44,48],"ascension_level":11}}