{"host":"k67zwea37tbl4jhz","time":1610247570,"event":{"mods":["AchievementEnabler","Act Like it!","Aspiration","Bard","BaseMod","Beaked The Cultist","Better Altar","Better Match","Better Note","Better Sensory Stone","Better Skull","Better Third Choice","BetterRewards","CCEM","Clawfect","Colored Map","Conspire","Downfall","GifTheSpireLib","Googly Eyes","Halation","Hermit","Highlight Path","Hubris","Hunter ??","Jedi Mod","Jorbs\u0027s Wanderer Trilogy","Mad Scientist","Marisa????????","Mimic Mod","Minty Spire (QoL Compilation)","Permanent Neow","Replay The Spire","Shade Mod","Shop Mod","Spicy Shops","StSLib","Stuff the Spire","The Administrix","The Blackbeard","The Construct","The Cursed","The Disciple","The Gatherer","The Hierophant","The IronCluck","The Jungle","The Mystic","The Necromancer","The Problem Sleuth","The Runesmith","The Servant 0.9.4","The Spell Scribe","The Witch","Unceasing Turn Reminder","everything is the same but u backflip on backflip","slay the spire mod where everything is the same but ironclad has a cowboy hat"],"gold_per_floor":[99,112,145,205,205,205,219,144,212,212,212,212,137,137,150,178,198,297,297,297,311,321,336,336,436,436,86,136,156,156,190,240,290,309,414,414,339,389,406,456,468,518,518,530,530,515,615,615,615,495,593,608,622,622],"floor_reached":55,"playtime":4669,"items_purged":["Slimebound:Strike_Slimebound","Slimebound:Defend_Slimebound"],"score":808,"play_id":"c3e47ed4-2f7a-4697-8463-7e97f5f0fa0d","local_time":"20210109215930","is_ascension_mode":false,"campfire_choices":[{"floor":1,"key":"RECALL"},{"data":"Slimebound:Split","floor":8,"key":"SMITH"},{"floor":13,"key":"REST"},{"data":"Slimebound:Teamwork","floor":20,"key":"SMITH"},{"data":"Slimebound:Replication","floor":30,"key":"SMITH"},{"data":"Slimebound:LivingWall","floor":37,"key":"SMITH"},{"data":"Replay:SS_hec_2","floor":45,"key":"SMITH"}],"circlet_count":0,"master_deck":["Slimebound:Defend_Slimebound","Slimebound:Defend_Slimebound","Slimebound:Defend_Slimebound","Slimebound:Split+1","Slimebound:CorrosiveSpit","Slimebound:PressTheAttack","Slimebound:Prepare","Slimebound:Schlurp+1","Slimebound:Replication+1","Slimebound:ItLooksTasty","Slimebound:SplitMire","Slimebound:Teamwork+1","Slimebound:SplitMire","Slimebound:LivingWall+1","Slimebound:OneTwoCombo","Replay:SS_hec_2+1","Slimebound:SplitMire+1","Slimebound:DouseInSlime","Slimebound:GrowthPunch+1","Slimebound:AcidTongue","Slimebound:SpikyOuterGoop","Slimebound:Gluttony"],"relics":["Slimebound:AbsorbEndCombat","Potion Belt","Juzu Bracelet","downfall:HeartBlessingRed","Durian","downfall:HeartBlessingBlue","Art of War","Coffee Dripper","downfall:CloakOfManyFaces","CultistMask","FaceOfCleric","NlothsMask","GremlinMask","SsserpentHead","Membership Card","Replay:Kaleidoscope","Pear","Chameleon Ring","Ring of Chaos","downfall:HeartBlessingGreen","hubris:Icosahedron","halation:KoshaPiece","jedi:purplefairy","Ice Cream","Replay:Rubber Ducky","Replay:Multitool"],"acts_visited":["Exordium","TheCity","TheBeyond"],"potions_floor_usage":[],"damage_taken":[{"damage":4,"enemies":"Cultist","floor":2,"turns":4},{"damage":25,"enemies":"conspire:MimicChest","floor":3,"turns":6},{"damage":50,"enemies":"3 Sentries","floor":4,"turns":11},{"damage":6,"enemies":"2 Louse","floor":7,"turns":3},{"damage":4,"enemies":"Jaw Worm","floor":15,"turns":5},{"damage":13,"enemies":"Lagavulin","floor":16,"turns":6},{"damage":5,"enemies":"Gremlin Gang","floor":17,"turns":4},{"damage":47,"enemies":"downfall:Ironclad","floor":18,"turns":8},{"damage":4,"enemies":"Spheric Guardian","floor":21,"turns":6},{"damage":17,"enemies":"Shelled Parasite and Fungi","floor":22,"turns":7},{"damage":7,"enemies":"3 Cultists","floor":23,"turns":4},{"damage":4,"enemies":"downfall:FaceTrader","floor":25,"turns":6},{"damage":5,"enemies":"downfall:FleeingMerchant","floor":27,"turns":4},{"damage":3,"enemies":"Chosen and Byrds","floor":29,"turns":6},{"damage":17,"enemies":"Gremlin Leader","floor":31,"turns":8},{"damage":11,"enemies":"Sentry and Sphere","floor":34,"turns":4},{"damage":59,"enemies":"downfall:Defect","floor":35,"turns":11},{"damage":20,"enemies":"3 Darklings","floor":39,"turns":7},{"damage":3,"enemies":"Orb Walker","floor":41,"turns":2},{"damage":3,"enemies":"Maw","floor":44,"turns":7},{"damage":3,"enemies":"downfall:FleeingMerchant","floor":46,"turns":4},{"damage":3,"enemies":"Mind Bloom Boss Battle","floor":47,"turns":8},{"damage":5,"enemies":"downfall:FleeingMerchant","floor":50,"turns":4},{"damage":58,"enemies":"2 Orb Walkers","floor":51,"turns":5},{"damage":3,"enemies":"Spire Growth","floor":52,"turns":4},{"damage":26,"enemies":"Sphere and 2 Shapes","floor":53,"turns":7},{"damage":23,"enemies":"downfall:Silent","floor":54,"turns":11}],"seed_played":"2617428025482062840","potions_obtained":[{"floor":3,"key":"FairyPotion"},{"floor":4,"key":"Energy Potion"},{"floor":16,"key":"jedi:wingpotion"},{"floor":17,"key":"Block Potion"},{"floor":23,"key":"Elixir"},{"floor":31,"key":"ColorlessPotion"},{"floor":35,"key":"Toxic Potion"},{"floor":38,"key":"Flashbang"},{"floor":44,"key":"Slimebound:SlimedPotion"}],"is_trial":false,"path_per_floor":["R","M","?","?","PTL","PTL","M","R","T","$","?","?","R","?","M","E","M","B",null,"R","M","M","M","?","?","T","$","?","M","R","E","?","?","M","B",null,"R","?","M","?","M","?","T","M","R","$","?","PTL","PTL","$","?","M","M","B",null],"character_chosen":"SLIMEBOUND","items_purchased":["Durian","Membership Card","Replay:Kaleidoscope","Pear","Slimebound:AcidTongue","Ice Cream","Replay:Rubber Ducky"],"campfire_rested":1,"item_purchase_floors":[10,27,27,27,50,50,50],"current_hp_per_floor":[60,60,51,29,29,29,35,35,35,20,20,20,52,52,64,75,75,51,75,75,75,75,75,75,75,75,86,86,87,87,88,88,88,87,45,90,90,90,91,91,92,92,92,93,93,94,95,95,95,96,87,98,99,100],"gold":622,"neow_bonus":"REMOVE_CARD","is_daily":false,"chose_seed":false,"campfire_upgraded":5,"win_rate":0.0,"timestamp":1610247570,"path_taken":["R","M","?","?","PTL","PTL","M","R","T","?","?","?","R","?","M","E","M","BOSS","R","M","M","M","?","?","T","?","?","M","R","E","?","?","M","BOSS","R","?","M","?","M","?","T","M","R","$","?","PTL","PTL","?","?","M","M","BOSS"],"items_purchased_type":["Relic","Relic","Relic","Relic","Card","Relic","Relic"],"build_version":"2020-12-22","purchased_purges":2,"victory":true,"max_hp_per_floor":[60,60,60,60,60,60,60,60,60,65,65,65,75,75,75,75,75,75,75,75,75,75,75,75,75,75,86,86,87,87,88,88,88,89,90,90,90,90,91,91,92,92,92,93,93,94,95,95,95,96,97,98,99,100],"card_choices":[{"not_picked":["Slimebound:ComboTackle","Slimebound:DivideAndConquer"],"picked":"Slimebound:PressTheAttack","floor":2},{"not_picked":["Slimebound:SamplingLick","Slimebound:PressTheAttack"],"picked":"Slimebound:Prepare","floor":3},{"not_picked":["Slimebound:Chomp","Slimebound:SlimeBrawl"],"picked":"Slimebound:Schlurp","floor":4},{"not_picked":["Slimebound:PrepareCrush","Slimebound:SlimeSpikes"],"picked":"Slimebound:Replication","floor":7},{"not_picked":["Slimebound:SamplingLick","Slimebound:Grow"],"picked":"Slimebound:ItLooksTasty","floor":15},{"not_picked":["Slimebound:DivideAndConquer","Slimebound:PressTheAttack"],"picked":"Slimebound:SplitMire","floor":16},{"not_picked":["Slimebound:FlameTackle","Slimebound:SlimeSpikes","Slimebound:GrowthPunch"],"picked":"SKIP","floor":17},{"not_picked":["Slimebound:SlimeSlap","Slimebound:PrepareCrush"],"picked":"Slimebound:Teamwork","floor":18},{"not_picked":["Slimebound:LeechingTouch","Slimebound:ProtectTheBoss","Slimebound:FormOfPuddle"],"picked":"SKIP","floor":21},{"not_picked":["Slimebound:FinishingTackle+1","Slimebound:RejuvenatingLick","Slimebound:GrowthPunch+1"],"picked":"SKIP","floor":22},{"not_picked":["Slimebound:LeechEnergy","Slimebound:MegaLick+1","Slimebound:SamplingLick"],"picked":"SKIP","floor":23},{"not_picked":["Slimebound:Schlurp+1","Slimebound:LeechEnergy+1"],"picked":"Slimebound:SplitMire","floor":25},{"not_picked":["Slimebound:Chomp","Slimebound:FirmFortitude","Slimebound:RollThrough+1"],"picked":"SKIP","floor":27},{"not_picked":["Slimebound:HauntingLick","Slimebound:DivideAndConquer","Slimebound:ServeAndProtect"],"picked":"SKIP","floor":29},{"not_picked":["Slimebound:DuplicatedForm","Slimebound:PressTheAttack+1","Slimebound:DivideAndConquer"],"picked":"SKIP","floor":31},{"not_picked":["Slimebound:GrowthPunch","Slimebound:SplitAcid+1"],"picked":"Slimebound:LivingWall","floor":34},{"not_picked":["Slimebound:PrepareCrush","Slimebound:RallyTheTroops"],"picked":"Slimebound:OneTwoCombo","floor":35},{"not_picked":["Slimebound:DivideAndConquer","Slimebound:SplitMire+1","Slimebound:DisruptingSlam+1"],"picked":"SKIP","floor":39},{"not_picked":["Slimebound:FinishingTackle+1","Slimebound:Equalize+1","Slimebound:Schlurp+1"],"picked":"SKIP","floor":41},{"not_picked":["expansioncontent:Torchfire","Replay:SS_fish_2"],"picked":"Replay:SS_hec_2","floor":42},{"not_picked":["Slimebound:SplitAcid","Slimebound:Equalize+1"],"picked":"Slimebound:SplitMire+1","floor":44},{"not_picked":["Slimebound:SplitBruiser","Slimebound:RollThrough","Slimebound:Schlurp+1"],"picked":"SKIP","floor":46},{"not_picked":["Slimebound:SlimeTap+1","Slimebound:SlimeBrawl+1"],"picked":"Slimebound:DouseInSlime","floor":47},{"not_picked":["Slimebound:LeechingTouch","Slimebound:SplitMire+1"],"picked":"Slimebound:GrowthPunch+1","floor":50},{"not_picked":["Slimebound:Schlurp","Slimebound:ViciousTackle"],"picked":"Slimebound:SpikyOuterGoop","floor":51},{"not_picked":["Slimebound:GoopSpray","Slimebound:LivingWall+1","Slimebound:Chomp"],"picked":"SKIP","floor":52},{"not_picked":["Slimebound:Chomp","Slimebound:SamplingLick+1"],"picked":"Slimebound:Gluttony","floor":53}],"player_experience":160005,"relics_obtained":[{"floor":3,"key":"Potion Belt"},{"floor":4,"key":"Juzu Bracelet"},{"floor":16,"key":"Art of War"},{"floor":25,"key":"downfall:CloakOfManyFaces"},{"floor":31,"key":"Chameleon Ring"},{"floor":43,"key":"halation:KoshaPiece"},{"floor":47,"key":"jedi:purplefairy"},{"floor":51,"key":"Replay:Multitool"}],"event_choices":[{"damage_healed":0,"gold_gain":0,"player_choice":"Leave","damage_taken":0,"max_hp_gain":0,"max_hp_loss":0,"event_name":"conspire:Investor","floor":14,"gold_loss":0},{"cards_removed":["Slimebound:Strike_Slimebound"],"damage_healed":0,"gold_gain":0,"player_choice":"Card Removal","damage_taken":0,"max_hp_gain":0,"max_hp_loss":0,"event_name":"Wheel of Change","floor":24,"gold_loss":0},{"damage_healed":0,"gold_gain":0,"player_choice":"Ignored","damage_taken":0,"max_hp_gain":0,"max_hp_loss":0,"event_name":"betterNote:BetterNote","floor":28,"gold_loss":0,"cards_obtained":["hexamod:RadiantFlame"]},{"damage_healed":0,"gold_gain":0,"player_choice":"Ignored","damage_taken":0,"max_hp_gain":0,"max_hp_loss":0,"event_name":"Ghosts","floor":33,"gold_loss":0},{"damage_healed":0,"gold_gain":0,"player_choice":"Got Potions","damage_taken":0,"max_hp_gain":0,"max_hp_loss":0,"event_name":"Lab","floor":38,"gold_loss":0},{"damage_healed":0,"gold_gain":0,"player_choice":"Fight","damage_taken":0,"max_hp_gain":0,"max_hp_loss":0,"event_name":"Mysterious Sphere","floor":51,"gold_loss":0}],"is_beta":false,"boss_relics":[{"not_picked":["Replay:Grab Bag","halation:PinkAlligatorPlush"],"picked":"Coffee Dripper"},{"not_picked":["halation:SmartPhone","CCEMRelics:GreenEgg"],"picked":"Ring of Chaos"}],"items_purged_floors":[27,50],"is_endless":false,"potions_floor_spawned":[3,4,16,17,23,31,35,41,44,47,51,53],"ascension_level":0}}