{"host":"oh2im4g9zxdu5z5u","time":1610243872,"event":{"mods":["2.2 Compatiblity","AchievementEnabler","BaseMod","Colored Map","Colored Powertips","Downfall","Highlight Path","Minty Spire (QoL Compilation)","StSLib","everything is the same but u backflip on backflip"],"gold_per_floor":[99,118,136,17,30,30,82,99,129,143,158,168,93,393,403,500,500,500,500,500,500,500,500,500,500,500,500,500,18,18,18,18,18,18,18,18,18,18,18,18,18,18,18,18,18,18,18,18,18,18,18,18,18,18,18],"floor_reached":56,"playtime":6563,"items_purged":[],"score":1330,"play_id":"2b7eadb5-c70d-43d3-a763-988e70424aba","local_time":"20210109195752","is_ascension_mode":false,"campfire_choices":[{"data":"sneckomod:SnekBite","floor":1,"key":"SMITH"},{"floor":6,"key":"RECALL"},{"data":"sneckomod:UnknownUncommonPower","floor":13,"key":"SMITH"},{"data":"sneckomod:Restock","floor":18,"key":"SMITH"},{"data":"RitualDagger","floor":23,"key":"SMITH"},{"floor":27,"key":"REST"},{"data":"Panache","floor":35,"key":"SMITH"},{"data":"sneckomod:MorePower","floor":47,"key":"SMITH"},{"floor":54,"key":"REST"}],"circlet_count":0,"master_deck":["sneckomod:Strike","sneckomod:Strike","sneckomod:Strike","sneckomod:Defend","sneckomod:Defend","sneckomod:Defend","sneckomod:TailWhip","sneckomod:SnekBite+1","sneckomod:Unknown","sneckomod:Unknown","sneckomod:UnknownClassGREEN","sneckomod:UnknownClassGREEN","sneckomod:DefensiveFlair","sneckomod:Unknown0Cost","sneckomod:UnknownCommonAttack","sneckomod:ImprovisedGuard","sneckomod:UnknownVulnerable","sneckomod:SlitherStrike","sneckomod:UnknownUncommonPower+1","sneckomod:SerpentIdol","sneckomod:QuickBite","sneckomod:SnekBeam","sneckomod:Restock+1","sneckomod:UnknownClassPURPLE","RitualDagger+1","sneckomod:WideSting","sneckomod:UnknownClassGREEN+1","Necronomicurse","sneckomod:DiceBoulder","sneckomod:UnknownBlock+1","Panache+1","sneckomod:UnknownBlock+1","sneckomod:UnknownX+1","sneckomod:UnknownRareAttack+1","sneckomod:UnknownClassRED+1","sneckomod:MorePower+1","sneckomod:UnknownVulnerable+1","sneckomod:DiceCrush+1","sneckomod:UnknownClassGREEN+1","sneckomod:UnknownCommonSkill+1","sneckomod:UnknownWeak+1","sneckomod:UnknownStrike+1","sneckomod:SlitherStrike+1","sneckomod:UnknownClassTHE_CHAMP_GRAY+1","sneckomod:UnknownUncommonSkill+1","sneckomod:UnknownClassTHE_CHAMP_GRAY+1","sneckomod:SnakeSap+1","sneckomod:UnknownClassBLUE+1","sneckomod:UnknownStrike+1","sneckomod:ImprovisedGuard+1","sneckomod:UnknownRarePower+1"],"relics":["sneckomod:SneckoSoul","sneckomod:LoadedDie","Bottled Flame","downfall:HeartBlessingRed","Old Coin","downfall:Hecktoplasm","sneckomod:UnknownEgg","Kunai","Necronomicon","Ice Cream","Shuriken","Meat on the Bone","HornCleat","Philosopher\u0027s Stone","downfall:HeartBlessingGreen","Oddly Smooth Stone","Unceasing Top","downfall:HeartBlessingBlue","Ornamental Fan"],"acts_visited":["Exordium","TheCity","TheBeyond","TheEnding"],"potions_floor_usage":[9,9,31,31,33,33,50,55,55],"damage_taken":[{"damage":0,"enemies":"Cultist","floor":2,"turns":3},{"damage":0,"enemies":"2 Louse","floor":3,"turns":2},{"damage":19,"enemies":"downfall:FleeingMerchant","floor":4,"turns":4},{"damage":1,"enemies":"Small Slimes","floor":5,"turns":3},{"damage":2,"enemies":"Blue Slaver","floor":8,"turns":4},{"damage":0,"enemies":"3 Sentries","floor":9,"turns":3},{"damage":6,"enemies":"Large Slime","floor":10,"turns":4},{"damage":0,"enemies":"3 Louse","floor":11,"turns":1},{"damage":9,"enemies":"Red Slaver","floor":12,"turns":2},{"damage":4,"enemies":"Blue Slaver","floor":15,"turns":4},{"damage":32,"enemies":"downfall:Watcher","floor":16,"turns":5},{"damage":31,"enemies":"3 Byrds","floor":19,"turns":6},{"damage":5,"enemies":"Chosen","floor":22,"turns":4},{"damage":23,"enemies":"Book of Stabbing","floor":25,"turns":4},{"damage":0,"enemies":"downfall:Silent","floor":28,"turns":4},{"damage":0,"enemies":"downfall:FleeingMerchant","floor":29,"turns":4},{"damage":0,"enemies":"Sentry and Sphere","floor":30,"turns":3},{"damage":20,"enemies":"Slavers","floor":31,"turns":3},{"damage":0,"enemies":"3 Cultists","floor":32,"turns":4},{"damage":16,"enemies":"downfall:Defect","floor":33,"turns":4},{"damage":3,"enemies":"Orb Walker","floor":36,"turns":2},{"damage":0,"enemies":"3 Darklings","floor":37,"turns":2},{"damage":0,"enemies":"downfall:FleeingMerchant","floor":38,"turns":3},{"damage":4,"enemies":"Transient","floor":39,"turns":5},{"damage":3,"enemies":"Jaw Worm Horde","floor":40,"turns":2},{"damage":24,"enemies":"Nemesis","floor":42,"turns":5},{"damage":0,"enemies":"Maw","floor":43,"turns":4},{"damage":36,"enemies":"Reptomancer","floor":44,"turns":5},{"damage":34,"enemies":"4 Shapes","floor":45,"turns":3},{"damage":6,"enemies":"Jaw Worm Horde","floor":46,"turns":3},{"damage":8,"enemies":"Maw","floor":49,"turns":5},{"damage":25,"enemies":"downfall:Silent","floor":50,"turns":4},{"damage":96,"enemies":"downfall:CharBossMerchant","floor":52,"turns":8},{"damage":15,"enemies":"downfall:NeowBoss","floor":55,"turns":16}],"seed_played":"7431343272224906692","potions_obtained":[{"floor":5,"key":"LiquidMemories"},{"floor":8,"key":"Fruit Juice"},{"floor":9,"key":"GamblersBrew"},{"floor":12,"key":"Fire Potion"},{"floor":25,"key":"Explosive Potion"},{"floor":31,"key":"PowerPotion"},{"floor":32,"key":"Strength Potion"},{"floor":36,"key":"Swift Potion"},{"floor":40,"key":"ColorlessPotion"},{"floor":44,"key":"PowerPotion"},{"floor":52,"key":"SteroidPotion"}],"is_trial":false,"path_per_floor":["R","M","M","$","M","R","T","M","E","M","M","M","R","?","M","B",null,"R","M","?","?","M","R","T","E","?","R","?","$","M","E","M","B",null,"R","M","M","$","M","M","T","E","M","E","M","M","R","?","M","B",null,"E","$","R","B",null],"character_chosen":"THE_SNECKO","items_purchased":["sneckomod:Unknown0Cost","sneckomod:UnknownCommonAttack","Meat on the Bone","Panache","sneckomod:UnknownBlock+1"],"campfire_rested":2,"item_purchase_floors":[4,4,29,29,29],"current_hp_per_floor":[99,100,101,87,86,86,86,85,90,85,85,76,76,76,72,40,110,110,80,80,74,69,69,69,47,31,64,64,66,67,60,61,57,117,117,115,115,117,118,116,116,92,93,65,43,65,75,75,96,75,137,54,54,95,83],"gold":18,"neow_bonus":"TEN_PERCENT_HP_BONUS","is_daily":false,"chose_seed":false,"campfire_upgraded":6,"win_rate":0.0,"timestamp":1610243872,"path_taken":["R","M","M","?","M","R","T","M","E","M","M","M","R","?","M","BOSS","R","M","?","?","M","R","T","E","?","R","?","$","M","E","M","BOSS","R","M","M","$","M","M","T","E","M","E","M","M","R","?","M","BOSS","E","$","R","BOSS"],"items_purchased_type":["Card","Card","Relic","Card","Card"],"build_version":"2020-12-22","purchased_purges":0,"victory":true,"max_hp_per_floor":[99,100,101,103,103,103,103,104,109,110,110,110,110,110,110,110,110,110,111,111,111,111,111,111,112,112,112,112,114,115,116,117,117,117,117,118,118,120,121,122,122,122,123,125,125,126,136,136,137,137,137,138,138,138,141],"card_choices":[{"not_picked":["sneckomod:ImprovisedAttack","sneckomod:IronFang"],"picked":"sneckomod:UnknownClassGREEN","floor":2},{"not_picked":["sneckomod:UnknownCommonSkill","sneckomod:UnknownWeak"],"picked":"sneckomod:UnknownClassGREEN","floor":3},{"not_picked":["sneckomod:QuickBite","sneckomod:UnknownEthereal"],"picked":"sneckomod:DefensiveFlair","floor":4},{"not_picked":["sneckomod:RainOfDice","sneckomod:UnknownVulnerable"],"picked":"sneckomod:ImprovisedGuard","floor":5},{"not_picked":["sneckomod:UnknownUncommonAttack","sneckomod:UnknownClassGREEN"],"picked":"sneckomod:UnknownVulnerable","floor":8},{"not_picked":["sneckomod:UnknownCommonSkill","sneckomod:UnknownClassGUARDIAN"],"picked":"sneckomod:SlitherStrike","floor":9},{"not_picked":["sneckomod:Unknown0Cost","sneckomod:UnknownX"],"picked":"sneckomod:UnknownUncommonPower","floor":10},{"not_picked":["sneckomod:SoulDraw","sneckomod:UnknownEthereal"],"picked":"sneckomod:SerpentIdol","floor":11},{"not_picked":["sneckomod:UnknownClassGREEN","sneckomod:UnknownVulnerable"],"picked":"sneckomod:QuickBite","floor":12},{"not_picked":["sneckomod:UnknownVulnerable","sneckomod:UnknownUncommonSkill"],"picked":"sneckomod:SnekBeam","floor":15},{"not_picked":["sneckomod:Mudshield","sneckomod:DangerNoodle"],"picked":"sneckomod:Restock","floor":16},{"not_picked":["sneckomod:Unknown1Cost","sneckomod:SoulRoll"],"picked":"sneckomod:UnknownClassPURPLE","floor":19},{"not_picked":["sneckomod:UnknownCommonSkill","sneckomod:UnknownVulnerable"],"picked":"sneckomod:WideSting","floor":22},{"not_picked":["sneckomod:QuickMove","sneckomod:UnknownClassTHE_CHAMP_GRAY+1"],"picked":"sneckomod:UnknownClassGREEN+1","floor":25},{"not_picked":["sneckomod:IronFang+1","sneckomod:UnknownClassHEXA_GHOST_PURPLE+1"],"picked":"sneckomod:DiceBoulder","floor":28},{"not_picked":["sneckomod:MorePower","sneckomod:RainOfDice+1"],"picked":"sneckomod:UnknownBlock+1","floor":29},{"not_picked":["sneckomod:UnknownClassGUARDIAN+1","sneckomod:SoulDraw"],"picked":"sneckomod:UnknownX+1","floor":30},{"not_picked":["sneckomod:UnknownUncommonPower+1","sneckomod:SerpentIdol+1"],"picked":"sneckomod:UnknownRareAttack+1","floor":31},{"not_picked":["sneckomod:SoulDraw","sneckomod:UnknownCommonSkill+1"],"picked":"sneckomod:UnknownClassRED+1","floor":32},{"not_picked":["sneckomod:Mudshield","sneckomod:Unknown3Cost+1"],"picked":"sneckomod:MorePower","floor":33},{"not_picked":["sneckomod:SoulDraw+1","sneckomod:UnknownX+1"],"picked":"sneckomod:UnknownVulnerable+1","floor":36},{"not_picked":["sneckomod:UnknownCommonAttack+1","sneckomod:UnknownClassRED+1"],"picked":"sneckomod:DiceCrush+1","floor":37},{"not_picked":["sneckomod:Unknown1Cost+1","sneckomod:UnknownX+1"],"picked":"sneckomod:UnknownClassGREEN+1","floor":38},{"not_picked":["sneckomod:RainOfDice","sneckomod:Unknown3Cost+1"],"picked":"sneckomod:UnknownCommonSkill+1","floor":38},{"not_picked":["sneckomod:WideSting","sneckomod:TrashToTreasure"],"picked":"sneckomod:UnknownWeak+1","floor":39},{"not_picked":["sneckomod:DiceCrush+1","sneckomod:UnknownUncommonAttack+1"],"picked":"sneckomod:UnknownStrike+1","floor":40},{"not_picked":["sneckomod:UnknownVulnerable+1","sneckomod:DiceCrush+1"],"picked":"sneckomod:SlitherStrike+1","floor":42},{"not_picked":["sneckomod:Unknown1Cost+1","sneckomod:IronFang"],"picked":"sneckomod:UnknownClassTHE_CHAMP_GRAY+1","floor":43},{"not_picked":["sneckomod:UnknownUncommonAttack+1","sneckomod:UnknownClassHEXA_GHOST_PURPLE+1"],"picked":"sneckomod:UnknownUncommonSkill+1","floor":44},{"not_picked":["sneckomod:UnknownVulnerable+1","sneckomod:UnknownEthereal+1"],"picked":"sneckomod:UnknownClassTHE_CHAMP_GRAY+1","floor":44},{"not_picked":["sneckomod:UnknownUncommonAttack+1","sneckomod:UnknownExhaust+1"],"picked":"sneckomod:SnakeSap+1","floor":45},{"not_picked":["sneckomod:Restock","sneckomod:UnknownExhaust+1"],"picked":"sneckomod:UnknownClassBLUE+1","floor":46},{"not_picked":["sneckomod:UnknownCommonSkill+1","sneckomod:WideSting+1"],"picked":"sneckomod:UnknownStrike+1","floor":49},{"not_picked":["sneckomod:UnknownStrike+1","sneckomod:UnknownWeak+1"],"picked":"sneckomod:ImprovisedGuard+1","floor":52},{"not_picked":["sneckomod:UnknownClassPURPLE+1","sneckomod:UnknownCommonSkill+1"],"picked":"sneckomod:UnknownRarePower+1","floor":52}],"player_experience":38358,"relics_obtained":[{"floor":7,"key":"sneckomod:LoadedDie"},{"floor":9,"key":"Bottled Flame"},{"floor":24,"key":"sneckomod:UnknownEgg"},{"floor":25,"key":"Kunai"},{"floor":26,"key":"Necronomicon"},{"floor":28,"key":"Ice Cream"},{"floor":28,"key":"Shuriken"},{"floor":31,"key":"HornCleat"},{"floor":42,"key":"Oddly Smooth Stone"},{"floor":44,"key":"Unceasing Top"},{"floor":52,"key":"Ornamental Fan"}],"event_choices":[{"damage_healed":0,"gold_gain":0,"player_choice":"Box","damage_taken":0,"relics_obtained":["Old Coin"],"max_hp_gain":0,"max_hp_loss":0,"event_name":"Big Fish","floor":14,"gold_loss":0,"cards_obtained":["Regret"]}],"is_beta":false,"boss_relics":[{"not_picked":["Black Star","Calling Bell"],"picked":"downfall:Hecktoplasm"},{"not_picked":["Runic Dome","Empty Cage"],"picked":"Philosopher\u0027s Stone"}],"items_purged_floors":[],"is_endless":false,"potions_floor_spawned":[5,8,9,12,25,30,31,32,36,40,44,45,46,49,52],"ascension_level":0}}