{"host":"zydufobuumzsx0vb","time":1610261160,"event":{"mods":["Act Like it!","BaseMod","Better Note","Colored Map","Gensokyo","Marisa£®ÏF”Í°°ƒß¿Ì…≥£©","Minty Spire (QoL Compilation)","Rare Cards Sparkle","Spicy Shops","StSLib","SuperFastMode"],"gold_per_floor":[113,113,127,145,245,245,291,316,316,136,136,136,162,194,194,290,290,521,471,502,617,643,685,713,713,713],"floor_reached":25,"playtime":1615,"items_purged":[],"score":406,"play_id":"d23ac0d6-5acd-4564-ae87-e655bd099bf1","local_time":"20210110144600","is_ascension_mode":true,"campfire_choices":[{"floor":6.0,"key":"REST"},{"floor":12.0,"key":"REST"},{"data":"MasterSpark","floor":15.0,"key":"SMITH"}],"circlet_count":0,"master_deck":["AscendersBane","Strike_MRS","Strike_MRS","Strike_MRS","Strike_MRS","Defend_MRS","Defend_MRS","Defend_MRS","Defend_MRS","MasterSpark+1","UpSweep","DoubleSpark","NonDirectionalLaser","WitchOfGreed","DarkMatter","GrandCross","OrrerysSun","UltimateShortwave","MagicChant","DragonMeteor","RefractionSpark","ManaConvection","SatelliteIllusion"],"relics":["MiniHakkero","TungstenRod","Strawberry","Smiling Mask","White Beast Statue","Gensokyo:PortableGap","Philosopher\u0027s Stone","FossilizedHelix","Ice Cream","Girya","Happy Flower"],"acts_visited":["Gensokyo:Gensokyo","Gensokyo:Gensokyoer"],"potions_floor_usage":[18,20,21,21,22,22,22,23,23,24,24,25,25],"damage_taken":[{"damage":7.0,"enemies":"Gensokyo:Python","floor":1.0,"turns":3.0},{"damage":3.0,"enemies":"Gensokyo:3_Fairies","floor":3.0,"turns":5.0},{"damage":3.0,"enemies":"Gensokyo:2_Kodama","floor":4.0,"turns":3.0},{"damage":21.0,"enemies":"Gensokyo:Aya","floor":7.0,"turns":5.0},{"damage":3.0,"enemies":"Gensokyo:Gryphon_and_Rabbit","floor":8.0,"turns":6.0},{"damage":0.0,"enemies":"Gensokyo:LivingMonolith","floor":14.0,"turns":3.0},{"damage":37.0,"enemies":"Gensokyo:Yukari","floor":16.0,"turns":14.0},{"damage":10,"enemies":"Gensokyo:Chomper","floor":18,"turns":5},{"damage":3,"enemies":"Gensokyo:2_Gloops","floor":20,"turns":4},{"damage":34,"enemies":"Gensokyo:2_Gloops","floor":21,"turns":11},{"damage":27,"enemies":"Gensokyo:Mirror_and_Dog","floor":22,"turns":6},{"damage":27,"enemies":"Gensokyo:Koishi","floor":23,"turns":6},{"damage":9,"enemies":"Gensokyo:Monolith_and_Dog","floor":24,"turns":4},{"damage":43,"enemies":"Gensokyo:Tenshi","floor":25,"turns":2}],"seed_played":"-6334247583658119599","potions_obtained":[{"floor":3.0,"key":"LiquidBronze"},{"floor":4.0,"key":"Swift Potion"},{"floor":7.0,"key":"Dexterity Potion"},{"floor":8.0,"key":"SpeedPotion"},{"floor":8.0,"key":"Energy Potion"},{"floor":14.0,"key":"BlessingOfTheForge"},{"floor":14.0,"key":"DuplicationPotion"},{"floor":16.0,"key":"GamblersBrew"},{"floor":16.0,"key":"Block Potion"},{"floor":18,"key":"SkillPotion"},{"floor":20,"key":"CultistPotion"},{"floor":20,"key":"DuplicationPotion"},{"floor":21,"key":"EntropicBrew"},{"floor":21,"key":"ShroomBrew"},{"floor":22,"key":"GamblersBrew"},{"floor":22,"key":"AttackPotion"},{"floor":23,"key":"ShroomBrew"},{"floor":23,"key":"StarNLove"},{"floor":24,"key":"Strength Potion"},{"floor":24,"key":"ColorlessPotion"}],"is_trial":false,"path_per_floor":["M","?","M","M","?","R","E","M","T","COS","?","R","T","M","R","B",null,"M","?","M","?","M","E","M","E"],"character_chosen":"MARISA","items_purchased":[],"campfire_rested":2,"item_purchase_floors":[],"current_hp_per_floor":[38,32,29,26,26,49,28,25,25,25,25,43,43,43,43,6,49,39,46,43,9,70,43,34,0,0],"gold":713,"neow_bonus":"ONE_RARE_RELIC","is_daily":false,"chose_seed":false,"campfire_upgraded":1,"win_rate":0.0,"timestamp":1610261160,"path_taken":["M","?","M","?","?","R","E","?","T","COS","?","R","?","M","R","BOSS","M","?","M","?","M","E","M","E"],"items_purchased_type":[],"build_version":"2020-12-22","purchased_purges":0,"victory":false,"max_hp_per_floor":[70,77,77,77,77,77,77,77,77,77,63,63,63,63,63,63,63,63,70,70,70,70,70,70,70,70],"card_choices":[{"not_picked":["GravityBeat","UnstableBomb"],"picked":"DoubleSpark","floor":1.0},{"not_picked":["MeteoricShower","MagicAbsorber"],"picked":"NonDirectionalLaser","floor":3.0},{"not_picked":["ManaConvection","GravityBeat"],"picked":"WitchOfGreed","floor":4.0},{"not_picked":["AsteroidBelt","UnstableBomb"],"picked":"DarkMatter","floor":7.0},{"not_picked":["LuminesStrike","MachineGunSpark"],"picked":"GrandCross","floor":8.0},{"not_picked":["AsteroidBelt","WitchLeyline"],"picked":"OrrerysSun","floor":14.0},{"not_picked":["AbsoluteMagnitude","TreasureHunter"],"picked":"UltimateShortwave","floor":16.0},{"not_picked":["AlicesGift","SporeBomb","GravityBeat"],"picked":"SKIP","floor":18},{"not_picked":["WitchOfGreed","SuperPerseids"],"picked":"MagicChant","floor":20},{"not_picked":["LuminesStrike+1","GalacticHalo"],"picked":"DragonMeteor","floor":21},{"not_picked":["DoubleSpark","LuminesStrike"],"picked":"RefractionSpark","floor":22},{"not_picked":["MeteoricShower","Acceleration"],"picked":"ManaConvection","floor":23},{"not_picked":["ShootingEcho","DoubleSpark"],"picked":"SatelliteIllusion","floor":24}],"player_experience":166020,"relics_obtained":[{"floor":7.0,"key":"Smiling Mask"},{"floor":9.0,"key":"White Beast Statue"},{"floor":21,"key":"Ice Cream"},{"floor":21,"key":"Girya"},{"floor":23,"key":"Happy Flower"}],"event_choices":[],"is_beta":false,"boss_relics":[{"not_picked":["Fusion Hammer","Tiny House"],"picked":"Philosopher\u0027s Stone"}],"items_purged_floors":[],"is_endless":false,"potions_floor_spawned":[3,4,8,14,16,18,20,21,22,23,24],"killed_by":"Gensokyo:Tenshi","ascension_level":19}}