{"host":"40gggw0x72bpm5se","time":1610244685,"event":{"mods":["Act Like it!","Aspiration","BaseMod","Better Vampires","Colored Map","Conspire","Downfall","Friendly Minions","Gensokyo","GungeonMod","Hallownest","Infinite Spire","Library of Ruina","Library of Ruina Extra","Lobotomy","LobotomyExtend","Minty Spire (QoL Compilation)","Quarter Circle Forward PUNCH!","Quick Restart","Reimu£¨²©ÀöÁéÃÎ£©","Relic Stats","Remilia£¨ÀÙÃ×ÀòÑÇ£©","Replay The Spire","RumiaBox-Â¶Ã×æ«µÄÉñÃØºÐ×Ó","Shop Mod","Spicy Shops","StSLib","The Alterego","UnlockEverythingMod","Waifu the Spire","[IsaacMod]ÒÔÈö¼âËþ","vexMod","¡¾¹¦ÄÜMod¡¿»ìãçÖ®»·ÐÞ¸´²¹¶¡","¡¾ÒÅÎï¿¨ÅÆ¡¿REMEMod"],"gold_per_floor":[100,117,134,148,148,161,161,176,176,176],"floor_reached":9,"playtime":503,"items_purged":[],"score":55,"play_id":"c6e8d617-682e-482b-872a-70e11ba1982f","local_time":"20210110101125","is_ascension_mode":false,"campfire_choices":[{"floor":1,"key":"RECALL"}],"circlet_count":0,"master_deck":["alterego_mod:Strike","alterego_mod:Strike","alterego_mod:Strike","alterego_mod:Strike","alterego_mod:Defend","alterego_mod:Defend","alterego_mod:Defend","alterego_mod:Defend","alterego_mod:BigMeatyClaws","alterego_mod:BrynhildrsRune","AbeCurse","Gensokyo:RisingWorld","alterego_mod:Crossover","alterego_mod:Cooking","alterego_mod:HighServant","alterego_mod:Cushion","alterego_mod:SakuraLabyrinth"],"relics":["HushsDoor","REME_ComplimentaryCards","Abe\u0027s Treasure","GuppysTail","LetterFromLob","Gensokyo:Mercy"],"acts_visited":["Gensokyo:Gensokyo"],"potions_floor_usage":[6],"damage_taken":[{"damage":0,"enemies":"Gensokyo:Gryphon","floor":2,"turns":1},{"damage":0,"enemies":"Gensokyo:3_Fairies","floor":3,"turns":4},{"damage":6,"enemies":"Gensokyo:2_Kodama","floor":4,"turns":5},{"damage":18,"enemies":"Gensokyo:LivingMonolith","floor":6,"turns":4},{"damage":8,"enemies":"Gensokyo:VengefulSpirit","floor":8,"turns":8},{"damage":59,"enemies":"Gensokyo:Cirno","floor":9,"turns":8}],"seed_played":"-6448436191785509983","potions_obtained":[{"floor":3,"key":"Toxic Potion"},{"floor":4,"key":"DemoMod:LeadSkinPotion"}],"is_trial":false,"path_per_floor":["R","M","M","M","?","M","T","M","E"],"character_chosen":"The_Alterego","items_purchased":[],"campfire_rested":0,"item_purchase_floors":[],"current_hp_per_floor":[70,70,70,70,70,52,52,47,0,0],"gold":176,"neow_bonus":"BOSS_RELIC","is_daily":false,"chose_seed":false,"campfire_upgraded":0,"win_rate":0.0,"timestamp":1610244685,"path_taken":["R","M","M","M","?","M","T","M","E"],"items_purchased_type":[],"build_version":"2020-12-22","purchased_purges":0,"victory":false,"max_hp_per_floor":[70,70,70,70,70,70,70,70,70,70],"relic_stats":{"counters":[6,30],"obtain_stats":[{"KeepersGift":0,"GuppysTail":0,"alterego_mod:MasochisticConstitution":0,"Gensokyo:Mercy":5,"DemoMod:GlassGuonStoneRelic":8,"LetterFromLob":2,"HushsDoor":0,"Abe\u0027s Treasure":0,"REME_ComplimentaryCards":0},{"KeepersGift":0,"GuppysTail":0,"alterego_mod:MasochisticConstitution":0,"Gensokyo:Mercy":3,"DemoMod:GlassGuonStoneRelic":5,"LetterFromLob":1,"HushsDoor":0,"Abe\u0027s Treasure":0,"REME_ComplimentaryCards":0},{"KeepersGift":0,"GuppysTail":0,"alterego_mod:MasochisticConstitution":0,"Gensokyo:Mercy":10,"DemoMod:GlassGuonStoneRelic":22,"LetterFromLob":1,"HushsDoor":0,"Abe\u0027s Treasure":0,"REME_ComplimentaryCards":0}]},"card_choices":[{"not_picked":[],"picked":"Bomb","floor":0},{"not_picked":["alterego_mod:Skirt","alterego_mod:Lingerie"],"picked":"alterego_mod:Crossover","floor":2},{"not_picked":["alterego_mod:DeftHands","alterego_mod:Pet"],"picked":"alterego_mod:Cooking","floor":3},{"not_picked":["alterego_mod:Skirt","alterego_mod:Collar"],"picked":"alterego_mod:HighServant","floor":4},{"not_picked":["alterego_mod:RidiculouslyBig","alterego_mod:GoddessCore"],"picked":"alterego_mod:Cushion","floor":6},{"not_picked":["alterego_mod:MagicResistance","alterego_mod:Skirt"],"picked":"alterego_mod:SakuraLabyrinth","floor":8}],"player_experience":67172,"relics_obtained":[{"floor":2,"key":"LetterFromLob"}],"event_choices":[],"is_beta":false,"boss_relics":[],"items_purged_floors":[],"is_endless":false,"potions_floor_spawned":[3,4],"killed_by":"Gensokyo:Cirno","ascension_level":0}}