{"host":"d7zp668j051zjoys","time":1610250887,"event":{"mods":["Abigail Mod","Arknights The Spire","BaseMod","DeckTracker","Hermit","Koishi","Lobotomy","Marisa£¨Ùöéë¡¡Øª×âÞÞ£©","Minty Spire (QoL Compilation)","Prisma Mod","READ ME - Guardian Mod","StSLib","The Bug Knight","The Cursed","The Hierophant","The Jungle","The Runesmith","Waifu the Spire","WarShipGirlsR/??á´Ò³R mod"],"gold_per_floor":[114,289,299,299,62,62,96,15,15,43,43,59,70,89,89,89,89],"floor_reached":16,"playtime":1130,"items_purged":["Doubt"],"score":110,"play_id":"05c0d167-114d-4e87-9efb-3d317ce48a50","local_time":"20210110125447","is_ascension_mode":false,"campfire_choices":[{"data":"ats:Armor Crushing Shot","floor":6,"key":"SMITH"},{"data":"ats:Calcification","floor":11,"key":"SMITH"},{"floor":15,"key":"REST"}],"circlet_count":0,"master_deck":["ats:Strike C","ats:Strike G","ats:Strike S","ats:Strike V","ats:Armor Crushing Shot+1","ats:Defend","ats:Defend","ats:Defend","ats:Emotion Absorption","ats:Thermite Blade","ats:Collapsing Strike","ats:Rapid Magazine","ats:Calcification+1","ats:Chain Hook","ats:Overload","ats:Encircling Forest","ats:Assault Order"],"relics":["ats:Sanity","Blood Vial","ats:Originium","Potion Belt","Gambling Chip","Singing Bowl"],"acts_visited":["Exordium"],"potions_floor_usage":[1,14],"damage_taken":[{"damage":4,"enemies":"Small Slimes","floor":1,"turns":5},{"damage":0,"enemies":"Cultist","floor":3,"turns":3},{"damage":33,"enemies":"3 Sentries","floor":7,"turns":10},{"damage":29,"enemies":"Lagavulin","floor":10,"turns":6},{"damage":0,"enemies":"2 Louse","floor":12,"turns":2},{"damage":3,"enemies":"Red Slaver","floor":13,"turns":3},{"damage":12,"enemies":"Gremlin Gang","floor":14,"turns":4},{"damage":49,"enemies":"Slime Boss","floor":16,"turns":8}],"seed_played":"-4540487435707547414","potions_obtained":[{"floor":1,"key":"Fruit Juice"},{"floor":10,"key":"AttackPotion"},{"floor":13,"key":"Ancient Potion"}],"is_trial":false,"path_per_floor":["M","?","M","?","$","R","E","$","T","E","R","M","M","M","R","B"],"character_chosen":"DOCTOR_CLASS","items_purchased":["ats:Calcification","ats:Overload"],"campfire_rested":1,"item_purchase_floors":[5,8],"current_hp_per_floor":[73,73,75,75,75,75,46,46,46,23,23,28,28,19,43,0,0],"gold":89,"neow_bonus":"RANDOM_COMMON_RELIC","is_daily":false,"chose_seed":false,"campfire_upgraded":2,"win_rate":0.0,"timestamp":1610250887,"path_taken":["M","?","M","?","$","R","E","$","T","E","R","M","M","M","R","BOSS"],"items_purchased_type":["Card","Card"],"build_version":"2020-12-22","purchased_purges":1,"victory":false,"max_hp_per_floor":[77,77,77,77,77,77,77,77,77,79,79,81,81,81,81,81,81],"card_choices":[{"not_picked":["ats:Poison Spread","ats:Hammer On"],"picked":"ats:Thermite Blade","floor":1},{"not_picked":["ats:Curse Doll","ats:Revitalization"],"picked":"ats:Collapsing Strike","floor":3},{"not_picked":["ats:Magnetic Hammer","ats:Consecutive Shot Auto"],"picked":"ats:Chain Hook","floor":7},{"not_picked":["ats:Cat Scratch","ats:Leaping Hammer","ats:Defend Order"],"picked":"Singing Bowl","floor":10},{"not_picked":["ats:Explosion Area Strengthen","ats:Flexible Camouflage","ats:Leaping Hammer"],"picked":"Singing Bowl","floor":12},{"not_picked":["ats:Ignite","ats:Revitalization"],"picked":"ats:Encircling Forest","floor":13},{"not_picked":["ats:Shell Defense","ats:Ignite"],"picked":"ats:Assault Order","floor":14}],"player_experience":304811,"relics_obtained":[{"floor":7,"key":"ats:Originium"},{"floor":7,"key":"Potion Belt"},{"floor":9,"key":"Gambling Chip"},{"floor":10,"key":"ats:Originium"},{"floor":10,"key":"Singing Bowl"}],"event_choices":[{"damage_healed":0,"gold_gain":175,"player_choice":"AGREE","damage_taken":0,"max_hp_gain":0,"max_hp_loss":0,"event_name":"Liars Game","floor":2,"gold_loss":0,"cards_obtained":["Doubt"]},{"damage_healed":0,"gold_gain":0,"cards_transformed":["ats:Defend"],"player_choice":"Change","damage_taken":0,"max_hp_gain":0,"max_hp_loss":0,"event_name":"Living Wall","floor":4,"gold_loss":0,"cards_obtained":["ats:Rapid Magazine"]}],"is_beta":false,"boss_relics":[],"items_purged_floors":[5],"is_endless":false,"potions_floor_spawned":[1,10,13],"killed_by":"Slime Boss","ascension_level":0}}