{"host":"jggt5i9rbuoqvque","time":1610319744,"event":{"mods":["BaseMod","Minty Spire (QoL Compilation)","StSLib"],"gold_per_floor":[115,130,146,146,161,196,196,224,224,224,95,95,95,95,95,194,194,206,206,206,57,74,74,85,85,85,10,10,10,38,38,38,38,38],"floor_reached":33,"playtime":766,"items_purged":["Strike_R"],"score":350,"play_id":"774e2496-4a2e-4261-9298-91731cd7eefe","local_time":"20210111080224","is_ascension_mode":true,"campfire_choices":[{"data":"Rampage","floor":7.0,"key":"SMITH"},{"data":"Cleave","floor":10.0,"key":"SMITH"},{"floor":15.0,"key":"REST"},{"data":"Heavy Blade","floor":23.0,"key":"SMITH"},{"data":"Heavy Blade","floor":25.0,"key":"SMITH"},{"floor":32,"key":"REST"}],"circlet_count":0,"master_deck":["Defend_R","Defend_R","Defend_R","Bash","Cleave+1","Rampage+1","Impervious","Battle Trance","Heavy Blade+1","Shrug It Off","RitualDagger","Flame Barrier+1","Heavy Blade+1"],"relics":["Burning Blood","MealTicket","Lantern","Vajra","Paper Frog","Toy Ornithopter","Empty Cage","Brimstone","Eternal Feather","Singing Bowl","Darkstone Periapt","Potion Belt"],"acts_visited":["Exordium","TheCity"],"potions_floor_usage":[30,33],"damage_taken":[{"damage":6.0,"enemies":"2 Louse","floor":1.0,"turns":3.0},{"damage":12.0,"enemies":"Small Slimes","floor":2.0,"turns":3.0},{"damage":12.0,"enemies":"Jaw Worm","floor":3.0,"turns":2.0},{"damage":1.0,"enemies":"3 Louse","floor":5.0,"turns":2.0},{"damage":32.0,"enemies":"Gremlin Nob","floor":6.0,"turns":4.0},{"damage":15.0,"enemies":"3 Sentries","floor":8.0,"turns":6.0},{"damage":38.0,"enemies":"Slime Boss","floor":16.0,"turns":8.0},{"damage":55.0,"enemies":"Shell Parasite","floor":18.0,"turns":7.0},{"damage":5.0,"enemies":"Spheric Guardian","floor":22.0,"turns":3.0},{"damage":0.0,"enemies":"3 Cultists","floor":24.0,"turns":4.0},{"damage":30,"enemies":"Book of Stabbing","floor":30,"turns":4},{"damage":55,"enemies":"Collector","floor":33,"turns":5}],"seed_played":"-4414492735540845082","potions_obtained":[{"floor":2.0,"key":"LiquidBronze"},{"floor":3.0,"key":"SkillPotion"},{"floor":16.0,"key":"SpeedPotion"},{"floor":30,"key":"SpeedPotion"}],"is_trial":false,"path_per_floor":["M","M","M","?","M","E","R","E","T","R","$","?","?","?","R","B",null,"M","?","?","$","M","R","M","R","T","?","?","T","E","T","R","B"],"character_chosen":"IRONCLAD","items_purchased":["Heavy Blade","Brimstone"],"campfire_rested":2,"item_purchase_floors":[11,21],"current_hp_per_floor":[72,66,60,48,53,27,27,18,18,18,33,33,33,26,50,18,65,16,16,10,25,26,26,32,32,32,32,32,32,15,15,45,0,0],"gold":38,"neow_bonus":"RANDOM_COMMON_RELIC","is_daily":false,"chose_seed":false,"campfire_upgraded":4,"win_rate":0.0,"timestamp":1610319744,"path_taken":["M","M","M","?","M","E","R","E","T","R","$","?","?","?","R","BOSS","M","?","?","$","M","R","M","R","T","?","?","?","E","?","R","BOSS"],"items_purchased_type":["Card","Relic"],"build_version":"2020-12-22","purchased_purges":1,"victory":false,"max_hp_per_floor":[80,80,80,80,80,80,80,80,80,80,80,80,80,80,80,80,80,80,80,80,80,80,80,80,80,80,80,80,80,82,82,82,82,82],"card_choices":[{"not_picked":["Wild Strike","Anger"],"picked":"Cleave","floor":1.0},{"not_picked":["Flex","Iron Wave"],"picked":"Rampage","floor":2.0},{"not_picked":["Infernal Blade","Rupture"],"picked":"Impervious","floor":3.0},{"not_picked":["Wild Strike","Clash","Bloodletting"],"picked":"SKIP","floor":5.0},{"not_picked":["Second Wind","Dropkick"],"picked":"Battle Trance","floor":6.0},{"not_picked":["Perfected Strike","Havoc","Dual Wield"],"picked":"SKIP","floor":8.0},{"not_picked":["Pommel Strike","Shockwave+1"],"picked":"Shrug It Off","floor":18.0},{"not_picked":["Feel No Pain+1","Dropkick"],"picked":"Flame Barrier+1","floor":22.0},{"not_picked":["Combust","Reckless Charge"],"picked":"Heavy Blade","floor":24.0},{"not_picked":["Cleave","Burning Pact","Feel No Pain"],"picked":"Singing Bowl","floor":30}],"player_experience":312605,"relics_obtained":[{"floor":6.0,"key":"Vajra"},{"floor":8.0,"key":"Paper Frog"},{"floor":9.0,"key":"Toy Ornithopter"},{"floor":26.0,"key":"Eternal Feather"},{"floor":29.0,"key":"Singing Bowl"},{"floor":30,"key":"Darkstone Periapt"},{"floor":31,"key":"Potion Belt"}],"event_choices":[{"damage_healed":0.0,"max_hp_gain":0.0,"max_hp_loss":0.0,"gold_gain":0.0,"event_name":"Scrap Ooze","player_choice":"Success","floor":4.0,"gold_loss":0.0,"damage_taken":12.0,"relics_obtained":["Lantern"]},{"damage_healed":0.0,"max_hp_gain":0.0,"max_hp_loss":0.0,"gold_gain":0.0,"event_name":"Liars Game","player_choice":"Ignored","floor":12.0,"gold_loss":0.0,"damage_taken":0.0},{"cards_removed":["Strike_R"],"damage_healed":0.0,"max_hp_gain":0.0,"max_hp_loss":0.0,"gold_gain":0.0,"event_name":"Living Wall","player_choice":"Forget","floor":13.0,"gold_loss":0.0,"damage_taken":0.0},{"cards_removed":["Defend_R"],"damage_healed":0.0,"max_hp_gain":0.0,"max_hp_loss":0.0,"gold_gain":0.0,"event_name":"Golden Wing","player_choice":"Card Removal","floor":14.0,"gold_loss":0.0,"damage_taken":7.0},{"damage_healed":0.0,"max_hp_gain":0.0,"max_hp_loss":0.0,"gold_gain":0.0,"event_name":"Cursed Tome","player_choice":"Ignored","floor":19.0,"gold_loss":0.0,"damage_taken":0.0},{"damage_healed":0.0,"max_hp_gain":0.0,"max_hp_loss":0.0,"gold_gain":0.0,"event_name":"Nest","player_choice":"Joined the Cult","floor":20.0,"gold_loss":0.0,"damage_taken":6.0,"cards_obtained":["RitualDagger"]},{"cards_removed":["Strike_R"],"damage_healed":0.0,"max_hp_gain":0.0,"max_hp_loss":0.0,"gold_gain":0.0,"event_name":"Beggar","player_choice":"Gave Gold","floor":27.0,"gold_loss":75.0,"damage_taken":0.0},{"damage_healed":0.0,"max_hp_gain":0.0,"max_hp_loss":0.0,"gold_gain":0.0,"event_name":"Vampires","player_choice":"Ignored","floor":28.0,"gold_loss":0.0,"damage_taken":0.0}],"is_beta":false,"boss_relics":[{"not_picked":["Runic Pyramid","Mark of Pain"],"picked":"Empty Cage"}],"items_purged_floors":[11],"is_endless":false,"potions_floor_spawned":[2,3,16,30],"killed_by":"Collector","ascension_level":6}}