{"host":"2lo6hma6kymb0g9i","time":1610303354,"event":{"mods":["BaseMod","Colored Map","DeckTracker","Minty Spire (QoL Compilation)"],"gold_per_floor":[219,219,219,237,164,164,194,204,230,230,260,260,38,57,57,153,153,167,181,181,201,201,235,235,235,235,113,128,128,128,128,128,223,223,237,237,237,237,256,282,282,294,294,345,345,61,61,78,78,78],"floor_reached":51,"playtime":4307,"items_purged":["Strike_B","Hyperbeam"],"score":1054,"play_id":"25710eac-3b19-4ae5-a364-9eef209b158e","local_time":"20210111032914","is_ascension_mode":true,"campfire_choices":[{"data":"Zap","floor":6.0,"key":"SMITH"},{"data":"Hologram","floor":10.0,"key":"SMITH"},{"floor":12.0,"key":"REST"},{"data":"Scrape","floor":15.0,"key":"SMITH"},{"data":"Defragment","floor":24.0,"key":"SMITH"},{"data":"Fission","floor":30.0,"key":"SMITH"},{"floor":32.0,"key":"REST"},{"data":"Defragment","floor":41,"key":"SMITH"},{"floor":45,"key":"REST"},{"data":"Apotheosis","floor":49,"key":"SMITH"}],"circlet_count":0,"master_deck":["AscendersBane","Zap+1","Dualcast","Go for the Eyes","Hologram+1","Coolheaded","Gash","Scrape+1","Glacier","Capacitor","Seek","Hyperbeam","Melter","White Noise","Recycle","Streamline+1","Fission+1","Undo","Defragment+1","Barrage","Leap","Glacier","Echo Form","Cold Snap+1","Defragment+1","Reinforced Body+1","Apotheosis+1","Barrage+1"],"relics":["Cracked Core","Orichalcum","TungstenRod","Boot","Odd Mushroom","Pandora\u0027s Box","Anchor","Blue Candle","Cursed Key","Potion Belt","Pocketwatch"],"acts_visited":["Exordium","TheCity","TheBeyond"],"potions_floor_usage":[50,50,50,50,50,50],"damage_taken":[{"damage":9.0,"enemies":"Jaw Worm","floor":1.0,"turns":3.0},{"damage":10.0,"enemies":"Small Slimes","floor":4.0,"turns":4.0},{"damage":15.0,"enemies":"Lagavulin","floor":7.0,"turns":7.0},{"damage":0.0,"enemies":"Cultist","floor":8.0,"turns":3.0},{"damage":19.0,"enemies":"The Mushroom Lair","floor":11.0,"turns":4.0},{"damage":2.0,"enemies":"Exordium Thugs","floor":14.0,"turns":5.0},{"damage":19.0,"enemies":"Slime Boss","floor":16.0,"turns":11.0},{"damage":9.0,"enemies":"Chosen","floor":18.0,"turns":5.0},{"damage":0.0,"enemies":"Spheric Guardian","floor":19.0,"turns":2.0},{"damage":4.0,"enemies":"Snecko","floor":21.0,"turns":5.0},{"damage":9.0,"enemies":"Gremlin Leader","floor":23.0,"turns":6.0},{"damage":20.0,"enemies":"Cultist and Chosen","floor":28.0,"turns":6.0},{"damage":13.0,"enemies":"Masked Bandits","floor":31.0,"turns":3.0},{"damage":4.0,"enemies":"Automaton","floor":33.0,"turns":9.0},{"damage":4.0,"enemies":"3 Darklings","floor":35.0,"turns":5.0},{"damage":1.0,"enemies":"Orb Walker","floor":39.0,"turns":4.0},{"damage":0.0,"enemies":"Nemesis","floor":40.0,"turns":8.0},{"damage":14,"enemies":"Jaw Worm Horde","floor":42,"turns":4},{"damage":22,"enemies":"2 Orb Walkers","floor":44,"turns":6},{"damage":2,"enemies":"Sphere and 2 Shapes","floor":48,"turns":6},{"damage":29,"enemies":"Time Eater","floor":50,"turns":14}],"seed_played":"-1371118514318263238","potions_obtained":[{"floor":4.0,"key":"SmokeBomb"},{"floor":16.0,"key":"Strength Potion"},{"floor":21.0,"key":"Regen Potion"},{"floor":35.0,"key":"GamblersBrew"},{"floor":40,"key":"LiquidBronze"},{"floor":48,"key":"SteroidPotion"}],"is_trial":false,"path_per_floor":["M","?","?","M","$","R","E","M","T","R","?","R","$","M","R","B",null,"M","M","?","M","?","E","R","?","T","$","M","?","R","?","R","B",null,"M","?","T","$","M","E","R","M","T","?","R","$","T","M","R","B",null],"character_chosen":"DEFECT","items_purchased":["Coolheaded","Fire Potion","Glacier","Capacitor","Barrage","Apotheosis","EntropicBrew"],"campfire_rested":3,"item_purchase_floors":[5,5,13,13,27,46,46],"current_hp_per_floor":[59,52,52,42,42,42,27,27,27,27,8,30,30,28,28,9,59,50,50,50,46,46,37,37,24,24,24,19,19,19,6,30,26,67,63,63,63,63,62,62,62,48,48,26,50,50,50,48,48,19],"gold":78,"neow_bonus":"HUNDRED_GOLD","is_daily":false,"chose_seed":false,"campfire_upgraded":7,"win_rate":0.0,"timestamp":1610303354,"path_taken":["M","?","?","?","?","R","E","?","T","R","?","R","$","M","R","BOSS","M","M","?","M","?","E","R","?","T","$","M","?","R","?","R","BOSS","M","?","?","?","M","E","R","M","T","?","R","$","?","?","R","BOSS"],"items_purchased_type":["Card","Potion","Card","Card","Card","Card","Potion"],"build_version":"2020-12-22","purchased_purges":2,"victory":true,"max_hp_per_floor":[75,75,75,75,75,75,75,75,75,75,75,75,75,75,75,75,75,75,75,75,75,75,75,75,80,80,80,80,80,80,80,80,80,80,80,80,80,80,80,80,80,80,80,80,80,80,80,80,80,80],"card_choices":[{"not_picked":["Beam Cell","Conserve Battery"],"picked":"Go for the Eyes","floor":1.0},{"not_picked":["Redo","Aggregate"],"picked":"Hologram","floor":4.0},{"not_picked":["Coolheaded","Redo","Ball Lightning"],"picked":"SKIP","floor":7.0},{"not_picked":["Leap","Multi-Cast"],"picked":"Gash","floor":8.0},{"not_picked":["Hologram","Leap"],"picked":"Scrape","floor":11.0},{"not_picked":["Stack","Capacitor","Ball Lightning"],"picked":"SKIP","floor":14.0},{"not_picked":["Meteor Strike","Amplify"],"picked":"Seek","floor":16.0},{"not_picked":["Turbo","Hologram+1"],"picked":"Streamline+1","floor":18.0},{"not_picked":["Storm","Tempest","Hologram"],"picked":"SKIP","floor":19.0},{"not_picked":["Redo","Sweeping Beam","Buffer"],"picked":"SKIP","floor":21.0},{"not_picked":["Sweeping Beam","Ball Lightning"],"picked":"Defragment","floor":23.0},{"not_picked":["Gash","Beam Cell"],"picked":"Leap","floor":28.0},{"not_picked":["Creative AI","Seek"],"picked":"Echo Form","floor":33.0},{"not_picked":["Redo+1","Beam Cell+1"],"picked":"Cold Snap+1","floor":35.0},{"not_picked":["Go for the Eyes","Sweeping Beam"],"picked":"Defragment","floor":39.0},{"not_picked":["Doom and Gloom","Cold Snap+1","Redo+1"],"picked":"SKIP","floor":40},{"not_picked":["Doom and Gloom","Cold Snap+1","Redo+1"],"picked":"SKIP","floor":40},{"not_picked":["Beam Cell","Genetic Algorithm+1","Recycle+1"],"picked":"SKIP","floor":42},{"not_picked":["Conserve Battery","Coolheaded+1"],"picked":"Reinforced Body+1","floor":44},{"not_picked":["Auto Shields","Reboot"],"picked":"Barrage+1","floor":48}],"player_experience":1010768,"relics_obtained":[{"floor":7.0,"key":"TungstenRod"},{"floor":9.0,"key":"Boot"},{"floor":11.0,"key":"Odd Mushroom"},{"floor":23.0,"key":"Anchor"},{"floor":26.0,"key":"Blue Candle"},{"floor":40,"key":"Potion Belt"},{"floor":44,"key":"Pocketwatch"}],"event_choices":[{"damage_healed":0.0,"max_hp_gain":0.0,"max_hp_loss":0.0,"gold_gain":0.0,"event_name":"Scrap Ooze","player_choice":"Success","floor":2.0,"gold_loss":0.0,"damage_taken":7.0,"relics_obtained":["Orichalcum"]},{"damage_healed":0.0,"max_hp_gain":0.0,"max_hp_loss":0.0,"gold_gain":0.0,"event_name":"Match and Keep!","player_choice":"0 cards matched","floor":3.0,"gold_loss":0.0,"damage_taken":0.0,"cards_obtained":[]},{"damage_healed":0.0,"max_hp_gain":0.0,"max_hp_loss":0.0,"gold_gain":0.0,"event_name":"Mushrooms","player_choice":"Fought Mushrooms","floor":11.0,"gold_loss":0.0,"damage_taken":0.0},{"damage_healed":0.0,"max_hp_gain":0.0,"max_hp_loss":0.0,"gold_gain":0.0,"event_name":"The Mausoleum","player_choice":"Ignored","floor":20.0,"gold_loss":0.0,"damage_taken":0.0},{"damage_healed":0.0,"max_hp_gain":0.0,"max_hp_loss":0.0,"gold_gain":0.0,"cards_transformed":["Reprogram","Reprogram"],"event_name":"Drug Dealer","player_choice":"Became Test Subject","floor":22.0,"gold_loss":0.0,"damage_taken":0.0,"cards_obtained":["Fission","Undo"]},{"damage_healed":0.0,"max_hp_gain":5.0,"max_hp_loss":0.0,"gold_gain":0.0,"event_name":"Forgotten Altar","player_choice":"Shed Blood","floor":25.0,"gold_loss":0.0,"damage_taken":19.0},{"damage_healed":0.0,"max_hp_gain":0.0,"max_hp_loss":0.0,"gold_gain":0.0,"event_name":"The Library","player_choice":"Read","floor":29.0,"gold_loss":0.0,"damage_taken":0.0,"cards_obtained":["Glacier"]},{"damage_healed":0.0,"max_hp_gain":0.0,"max_hp_loss":0.0,"gold_gain":0.0,"event_name":"Masked Bandits","player_choice":"Fought Bandits","floor":31.0,"gold_loss":0.0,"damage_taken":0.0},{"damage_healed":0.0,"max_hp_gain":0.0,"max_hp_loss":0.0,"gold_gain":0.0,"event_name":"Tomb of Lord Red Mask","player_choice":"Ignored","floor":36.0,"gold_loss":0.0,"damage_taken":0.0},{"damage_healed":0,"gold_gain":0,"player_choice":"Fight","damage_taken":0,"max_hp_gain":0,"max_hp_loss":0,"event_name":"Mysterious Sphere","floor":44,"gold_loss":0}],"is_beta":false,"boss_relics":[{"not_picked":["SacredBark","Ectoplasm"],"picked":"Pandora\u0027s Box"},{"not_picked":["Tiny House","Inserter"],"picked":"Cursed Key"}],"items_purged_floors":[13,27],"is_endless":false,"potions_floor_spawned":[4,16,21,31,35,40,48],"ascension_level":11}}