{"host":"ud5ysmac0cli0vv5","time":1610249268,"event":{"mods":["AchievementEnabler","Aspiration","BaseMod","Minty Spire (QoL Compilation)","StSLib"],"gold_per_floor":[117,137,137,148,148,148,158,158,205,230,248,274,284,317,317,415,415,433,532,545,281,281,313,313,146,146,146,171,186,186,202,202,304,304,323,339,389,409,180,180,206,206,277,277,277,277,287,305,305,305,305,305,10,43,43],"floor_reached":56,"playtime":2763,"items_purged":["Sentinel","Writhe"],"score":1406,"play_id":"b8e1fb80-7d79-44e1-9c9a-011d85d52f38","local_time":"20210109222748","is_ascension_mode":true,"campfire_choices":[{"data":"Shrug It Off","floor":6,"key":"SMITH"},{"data":"Spot Weakness","floor":8,"key":"SMITH"},{"data":"Spot Weakness","floor":15,"key":"SMITH"},{"floor":27,"key":"REST"},{"floor":30,"key":"REST"},{"floor":32,"key":"RECALL"},{"floor":40,"key":"REST"},{"floor":42,"key":"REST"},{"floor":44,"key":"REST"},{"data":"Barricade","floor":49,"key":"SMITH"},{"data":"Evolve","floor":52,"key":"SMITH"}],"circlet_count":0,"master_deck":["Bash+1","Perfected Strike","Perfected Strike","Shrug It Off+1","Spot Weakness+1","Perfected Strike","Warcry","Twin Strike","Body Slam","Spot Weakness+1","Offering","Sword Boomerang","Immolate","Pommel Strike","Carnage","Dark Embrace+1","Offering","Power Through","Immolate","Pommel Strike+1","Reckless Charge+1","Dramatic Entrance","Evolve+1","Power Through","Havoc+1","Warcry","Seeing Red","Flex","Feed","Armaments+1","Heavy Blade+1","Seeing Red+1","Barricade+1","Perfected Strike+1","Metallicize+1","Parasite","Anger+1","Fire Breathing","Panacea","Sword Boomerang+1"],"relics":["Burning Blood","NeowsBlessing","Anchor","aspiration:Lifesprig","Bottled Lightning","aspiration:FetidBarrel","Pandora\u0027s Box","Membership Card","Pocketwatch","Bottled Tornado","Pen Nib","SlaversCollar","Charon\u0027s Ashes","aspiration:ChemicalBlood","Shuriken","Dream Catcher","Darkstone Periapt","Toy Ornithopter","Nunchaku","aspiration:StickyExplosives_weak"],"acts_visited":["Exordium","TheCity","TheBeyond","TheEnding"],"potions_floor_usage":[14,16,28,31,33,33,41,47,50,50,50,50,54,55,55,55,55,55],"damage_taken":[{"damage":0,"enemies":"2 Louse","floor":1,"turns":1},{"damage":0,"enemies":"Cultist","floor":2,"turns":1},{"damage":0,"enemies":"Jaw Worm","floor":4,"turns":1},{"damage":4,"enemies":"3 Louse","floor":7,"turns":4},{"damage":14,"enemies":"Gremlin Nob","floor":10,"turns":3},{"damage":1,"enemies":"Looter","floor":11,"turns":2},{"damage":8,"enemies":"3 Sentries","floor":12,"turns":7},{"damage":0,"enemies":"Red Slaver","floor":13,"turns":3},{"damage":19,"enemies":"Gremlin Nob","floor":14,"turns":4},{"damage":43,"enemies":"Hexaghost","floor":16,"turns":9},{"damage":11,"enemies":"2 Thieves","floor":18,"turns":3},{"damage":11,"enemies":"Spheric Guardian","floor":20,"turns":3},{"damage":33,"enemies":"Gremlin Leader","floor":23,"turns":3},{"damage":24,"enemies":"Slavers","floor":28,"turns":3},{"damage":6,"enemies":"Cultist and Chosen","floor":29,"turns":3},{"damage":8,"enemies":"Snake Plant","floor":31,"turns":2},{"damage":44,"enemies":"Collector","floor":33,"turns":5},{"damage":23,"enemies":"3 Darklings","floor":35,"turns":3},{"damage":7,"enemies":"Orb Walker","floor":36,"turns":2},{"damage":6,"enemies":"Mind Bloom Boss Battle","floor":37,"turns":4},{"damage":36,"enemies":"Maw","floor":38,"turns":6},{"damage":30,"enemies":"Nemesis","floor":41,"turns":3},{"damage":21,"enemies":"Spire Growth","floor":47,"turns":4},{"damage":0,"enemies":"Writhing Mass","floor":48,"turns":3},{"damage":81,"enemies":"Time Eater","floor":50,"turns":8},{"damage":6,"enemies":"Shield and Spear","floor":54,"turns":3},{"damage":142,"enemies":"The Heart","floor":55,"turns":6}],"seed_played":"-5709377699165215507","potions_obtained":[{"floor":1,"key":"BloodPotion"},{"floor":4,"key":"FearPotion"},{"floor":7,"key":"Weak Potion"},{"floor":16,"key":"Explosive Potion"},{"floor":23,"key":"FearPotion"},{"floor":29,"key":"Weak Potion"},{"floor":35,"key":"FairyPotion"},{"floor":37,"key":"ElixirPotion"},{"floor":48,"key":"Explosive Potion"}],"is_trial":false,"path_per_floor":["M","M","?","M","$","R","M","R","T","E","M","E","M","E","R","B",null,"M","?","M","$","?","E","?","$","T","R","E","M","R","M","R","B",null,"M","M","?","M","$","R","E","R","T","R","?","?","M","M","R","B",null,"R","$","E","B",null],"character_chosen":"IRONCLAD","items_purchased":["Membership Card","Dramatic Entrance","Evolve","Power Through","Bottled Tornado","aspiration:ChemicalBlood","Shuriken","Barricade","Toy Ornithopter","Nunchaku","Fire Breathing","Panacea","DistilledChaos"],"campfire_rested":5,"item_purchase_floors":[21,21,21,21,25,39,39,39,53,53,53,53,53],"current_hp_per_floor":[80,80,80,80,80,80,80,80,80,72,77,75,80,67,67,30,80,75,75,70,70,55,28,28,28,28,53,52,52,77,75,75,37,85,68,70,70,43,43,70,49,77,77,94,100,100,93,105,105,30,106,106,106,106,23],"gold":43,"neow_bonus":"THREE_ENEMY_KILL","is_daily":false,"chose_seed":false,"campfire_upgraded":5,"win_rate":0.0,"timestamp":1610249268,"path_taken":["M","M","?","M","?","R","?","R","T","E","M","E","M","E","R","BOSS","M","?","M","$","?","E","?","$","T","R","E","?","R","M","R","BOSS","M","M","?","M","$","R","E","R","T","R","?","?","M","M","R","BOSS","R","$","E","BOSS"],"items_purchased_type":["Relic","Card","Card","Card","Relic","Relic","Relic","Card","Relic","Relic","Card","Card","Potion"],"build_version":"2020-12-22","purchased_purges":2,"victory":true,"max_hp_per_floor":[80,80,80,80,80,80,80,80,80,80,80,80,80,80,80,80,80,80,80,80,80,85,85,85,85,85,85,85,85,85,85,85,85,85,85,88,88,91,91,91,94,94,94,94,100,100,100,106,106,106,106,106,106,106,106],"card_choices":[{"not_picked":["Burning Pact","Wild Strike"],"picked":"Perfected Strike","floor":1},{"not_picked":["Armaments","Shockwave"],"picked":"Perfected Strike","floor":2},{"not_picked":["Second Wind","Cleave"],"picked":"Shrug It Off","floor":4},{"not_picked":["Cleave","Warcry"],"picked":"Spot Weakness","floor":7},{"not_picked":["Second Wind","Anger"],"picked":"Perfected Strike","floor":10},{"not_picked":["Sword Boomerang","Iron Wave"],"picked":"Warcry","floor":11},{"not_picked":["Havoc","Hemokinesis"],"picked":"Twin Strike","floor":12},{"not_picked":["Pommel Strike","Disarm"],"picked":"Body Slam","floor":13},{"not_picked":["Cleave","Seeing Red"],"picked":"Spot Weakness","floor":14},{"not_picked":["Immolate","Fiend Fire"],"picked":"Offering","floor":16},{"not_picked":["Dual Wield","Disarm"],"picked":"Pommel Strike+1","floor":18},{"not_picked":["Iron Wave","Warcry"],"picked":"Reckless Charge+1","floor":20},{"not_picked":["Rage+1","Cleave"],"picked":"Havoc+1","floor":23},{"not_picked":["Cleave","Flex"],"picked":"Warcry","floor":28},{"not_picked":["Warcry","Anger"],"picked":"Seeing Red","floor":29},{"not_picked":["Rampage","Pommel Strike"],"picked":"Flex","floor":31},{"not_picked":["Barricade","Juggernaut"],"picked":"Feed","floor":33},{"not_picked":["Cleave","Twin Strike+1"],"picked":"Armaments+1","floor":35},{"not_picked":["Second Wind","Cleave"],"picked":"Heavy Blade+1","floor":36},{"not_picked":["Body Slam","Shrug It Off"],"picked":"Seeing Red+1","floor":37},{"not_picked":["Twin Strike","Cleave","Burning Pact"],"picked":"SKIP","floor":38},{"not_picked":["Searing Blow+1","Clothesline+1","Fiend Fire"],"picked":"SKIP","floor":41},{"not_picked":["Thunderclap+1","Warcry+1"],"picked":"Perfected Strike+1","floor":44},{"not_picked":["Cleave+1","Shrug It Off"],"picked":"Metallicize+1","floor":47},{"not_picked":["Warcry","Clothesline"],"picked":"Anger+1","floor":48},{"not_picked":["Evolve","Whirlwind"],"picked":"Sword Boomerang+1","floor":54}],"player_experience":322478,"relics_obtained":[{"floor":9,"key":"Anchor"},{"floor":10,"key":"aspiration:Lifesprig"},{"floor":12,"key":"Bottled Lightning"},{"floor":14,"key":"aspiration:FetidBarrel"},{"floor":23,"key":"Pocketwatch"},{"floor":28,"key":"Pen Nib"},{"floor":37,"key":"Charon\u0027s Ashes"},{"floor":41,"key":"Dream Catcher"},{"floor":43,"key":"Darkstone Periapt"},{"floor":54,"key":"aspiration:StickyExplosives_weak"}],"event_choices":[{"damage_healed":0,"gold_gain":0,"player_choice":"Upgraded","damage_taken":0,"max_hp_gain":0,"max_hp_loss":0,"event_name":"Upgrade Shrine","floor":3,"gold_loss":0,"cards_upgraded":["Bash"]},{"damage_healed":0,"gold_gain":99,"player_choice":"Stole From Cult","damage_taken":0,"max_hp_gain":0,"max_hp_loss":0,"event_name":"Nest","floor":19,"gold_loss":0},{"damage_healed":0,"gold_gain":0,"player_choice":"Shed Blood","damage_taken":20,"max_hp_gain":5,"max_hp_loss":0,"event_name":"Forgotten Altar","floor":22,"gold_loss":0},{"damage_healed":0,"gold_gain":0,"player_choice":"Upgraded","damage_taken":0,"max_hp_gain":0,"max_hp_loss":0,"event_name":"Upgrade Shrine","floor":24,"gold_loss":0,"cards_upgraded":["Dark Embrace"]},{"damage_healed":0,"gold_gain":0,"player_choice":"Fight","damage_taken":0,"max_hp_gain":0,"max_hp_loss":0,"event_name":"MindBloom","floor":37,"gold_loss":0},{"damage_healed":24,"gold_gain":0,"player_choice":"Writhe","damage_taken":0,"max_hp_gain":0,"max_hp_loss":0,"event_name":"Winding Halls","floor":45,"gold_loss":0,"cards_obtained":["Writhe"]},{"damage_healed":0,"gold_gain":0,"player_choice":"Ignored","damage_taken":0,"max_hp_gain":0,"max_hp_loss":0,"event_name":"Tomb of Lord Red Mask","floor":46,"gold_loss":0}],"is_beta":false,"boss_relics":[{"not_picked":["Snecko Eye","Coffee Dripper"],"picked":"Pandora\u0027s Box"},{"not_picked":["aspiration:SecretTechniqueScroll","Philosopher\u0027s Stone"],"picked":"SlaversCollar"}],"items_purged_floors":[25,53],"is_endless":false,"potions_floor_spawned":[1,4,7,12,13,16,23,29,35,37,48],"ascension_level":2}}