{"host":"Bilverbakes","time":1610246586,"event":{"mods":["2.2 Compatiblity","AchievementEnabler","BaseMod","Bestiary","Colored Map","Minty Spire (QoL Compilation)","Relic Stats","StSLib","ojb\u0027s Info Mod"],"gold_per_floor":[113,113,131,146,146,181,181,215,215,215,215],"floor_reached":10,"playtime":312,"items_purged":[],"score":152,"play_id":"c6be60a7-a58c-4594-b5c1-3f4fa971e120","local_time":"20210109204306","is_ascension_mode":true,"campfire_choices":[{"data":"Immolate","floor":7.0,"key":"SMITH"}],"circlet_count":0,"master_deck":["AscendersBane","Strike_R","Strike_R","Strike_R","Strike_R","Strike_R","Defend_R","Defend_R","Defend_R","Bash","Hemokinesis","Corruption","Immolate+1","Flame Barrier","Power Through","Burning Pact"],"relics":["Burning Blood","Dream Catcher","Golden Idol","Bottled Lightning","Bronze Scales","Shuriken"],"acts_visited":["Exordium"],"potions_floor_usage":[],"damage_taken":[{"damage":10.0,"enemies":"Small Slimes","floor":1.0,"turns":3.0},{"damage":2.0,"enemies":"Cultist","floor":3.0,"turns":2.0},{"damage":5.0,"enemies":"2 Louse","floor":4.0,"turns":3.0},{"damage":22.0,"enemies":"Gremlin Nob","floor":6.0,"turns":4.0},{"damage":19.0,"enemies":"Lagavulin","floor":8.0,"turns":4.0},{"damage":50,"enemies":"Gremlin Nob","floor":10,"turns":4}],"seed_played":"120643301498749240","potions_obtained":[{"floor":3.0,"key":"HeartOfIron"},{"floor":6.0,"key":"Energy Potion"}],"is_trial":false,"path_per_floor":["M","?","M","M","?","E","R","E","T","E"],"character_chosen":"IRONCLAD","items_purchased":[],"campfire_rested":0,"item_purchase_floors":[],"current_hp_per_floor":[64,64,68,69,68,52,52,39,39,0,0],"gold":215,"neow_bonus":"RANDOM_COMMON_RELIC","is_daily":false,"chose_seed":false,"campfire_upgraded":1,"win_rate":0.0,"timestamp":1610246586,"path_taken":["M","?","M","?","?","E","R","E","T","E"],"items_purchased_type":[],"build_version":"2020-12-18","purchased_purges":0,"victory":false,"max_hp_per_floor":[75,75,75,75,68,68,68,68,68,68,68],"relic_stats":{"Dream Catcher":0,"counters":[6,20],"Golden Idol":14,"Shuriken":[0],"Bronze Scales":[6],"obtain_stats":[{"Dream Catcher":0,"Golden Idol":5,"Shuriken":9,"Bronze Scales":8,"Bottled Lightning":6,"Burning Blood":0},{"Dream Catcher":0,"Golden Idol":3,"Shuriken":5,"Bronze Scales":5,"Bottled Lightning":4,"Burning Blood":0},{"Dream Catcher":0,"Golden Idol":8,"Shuriken":16,"Bronze Scales":16,"Bottled Lightning":12,"Burning Blood":0}],"Burning Blood":30},"card_choices":[{"not_picked":["True Grit","Clash"],"picked":"Hemokinesis","floor":1.0},{"not_picked":["Havoc","Combust"],"picked":"Immolate","floor":3.0},{"not_picked":["Sever Soul","Thunderclap"],"picked":"Flame Barrier","floor":4.0},{"not_picked":["Shrug It Off","Clash"],"picked":"Power Through","floor":6.0},{"not_picked":["Rupture","Havoc"],"picked":"Burning Pact","floor":8.0}],"player_experience":653356,"relics_obtained":[{"floor":6.0,"key":"Bottled Lightning"},{"floor":8.0,"key":"Bronze Scales"},{"floor":9.0,"key":"Shuriken"}],"event_choices":[{"damage_healed":0.0,"max_hp_gain":0.0,"max_hp_loss":0.0,"gold_gain":0.0,"cards_transformed":["Defend_R"],"event_name":"Transmorgrifier","player_choice":"Transformed","floor":2.0,"gold_loss":0.0,"damage_taken":0.0,"cards_obtained":["Corruption"]},{"damage_healed":0.0,"max_hp_gain":0.0,"max_hp_loss":7.0,"gold_gain":0.0,"event_name":"Golden Idol","player_choice":"Lose Max HP","floor":5.0,"gold_loss":0.0,"damage_taken":0.0,"relics_obtained":["Golden Idol"]}],"is_beta":true,"boss_relics":[],"items_purged_floors":[],"is_endless":false,"potions_floor_spawned":[3,6],"killed_by":"Gremlin Nob","ascension_level":20}}