{"host":"m5bsg12zcyqnofur","time":1610307148,"event":{"mods":["BaseMod","BetterRewards","Colored Powertips","Downfall","Highlight Path","Minty Spire (QoL Compilation)","Quick Restart","Replay The Spire","Shop Mod","StSLib"],"gold_per_floor":[111,122,133,150,71,103,103,120,120,136,154,185,201,44,44,144,144,154,171,185,31,31,66,66,66,91,121,137,167,187,35,35,35,35],"floor_reached":33,"playtime":1749,"items_purged":["Bash","Defend_R"],"score":493,"play_id":"08c48d31-bd92-4da1-b1d1-622556caa858","local_time":"20210110133227","is_ascension_mode":true,"campfire_choices":[{"data":"ReplayTheSpireMod:LeadingStrike","floor":7.0,"key":"SMITH"},{"floor":15.0,"key":"DIG"},{"floor":25.0,"key":"RECALL"},{"data":"Perfected Strike","floor":32.0,"key":"SMITH"}],"circlet_count":0,"master_deck":["Strike_R","Strike_R","Strike_R","Strike_R","Strike_R","Defend_R","Defend_R","Defend_R","Perfected Strike+1","Rage+1","Perfected Strike+1","Perfected Strike","ReplayTheSpireMod:LeadingStrike+1","Flex+1","Perfected Strike","Berserk+1","Berserk+1","ReplayTheSpireMod:Muscle Training+1"],"relics":["Burning Blood","Toxic Egg 2","ReplayTheSpireMod:Shallot","Incense Burner","Durian","Guide Book","Replay:Towering Pillar of Hats","Membership Card","MutagenicStrength","Bottled Flame","Mirror","Iron Hammer","Blue Doll"],"acts_visited":["Exordium","TheCity"],"potions_floor_usage":[33],"damage_taken":[{"damage":10.0,"enemies":"Small Slimes","floor":1.0,"turns":4.0},{"damage":6.0,"enemies":"Cultist","floor":2.0,"turns":3.0},{"damage":6.0,"enemies":"Jaw Worm","floor":3.0,"turns":4.0},{"damage":9.0,"enemies":"2 Fungi Beasts","floor":4.0,"turns":3.0},{"damage":17.0,"enemies":"3 Sentries","floor":6.0,"turns":6.0},{"damage":0.0,"enemies":"Large Slime","floor":8.0,"turns":4.0},{"damage":0.0,"enemies":"Exordium Wildlife","floor":10.0,"turns":2.0},{"damage":0.0,"enemies":"3 Louse","floor":11.0,"turns":3.0},{"damage":0.0,"enemies":"Gremlin Nob","floor":12.0,"turns":2.0},{"damage":0.0,"enemies":"Red Slaver","floor":13.0,"turns":2.0},{"damage":21.0,"enemies":"Hexaghost","floor":16.0,"turns":7.0},{"damage":0.0,"enemies":"Spheric Guardian","floor":18.0,"turns":3.0},{"damage":0.0,"enemies":"Chosen","floor":19.0,"turns":3.0},{"damage":17.0,"enemies":"Sentry and Sphere","floor":20.0,"turns":4.0},{"damage":29.0,"enemies":"Replay:Snechameleon","floor":23.0,"turns":8.0},{"damage":13.0,"enemies":"Slavers","floor":27.0,"turns":4.0},{"damage":5.0,"enemies":"Cultist and Chosen","floor":28.0,"turns":4.0},{"damage":9.0,"enemies":"Book of Stabbing","floor":29.0,"turns":3.0},{"damage":8.0,"enemies":"Snecko","floor":30.0,"turns":5.0},{"damage":52,"enemies":"Champ","floor":33,"turns":7}],"seed_played":"-6892413706413312054","potions_obtained":[{"floor":3.0,"key":"ColorlessPotion"},{"floor":8.0,"key":"Elixir"},{"floor":10.0,"key":"SpeedPotion"},{"floor":11.0,"key":"Fruit Juice"},{"floor":13.0,"key":"ElixirPotion"},{"floor":18.0,"key":"FearPotion"},{"floor":20.0,"key":"PowerPotion"},{"floor":23.0,"key":"Energy Potion"},{"floor":27.0,"key":"FearPotion"}],"is_trial":false,"path_per_floor":["M","M","M","M","$","E","R","M","T","M","M","E","M","$","R","B",null,"M","M","M","$","?","E","?","R","T","E","M","E","M","$","R","B"],"character_chosen":"IRONCLAD","items_purchased":["Toxic Egg 2","ReplayTheSpireMod:LeadingStrike","Guide Book","Membership Card","Blue Doll","sneckomod:MuddlingPotion"],"campfire_rested":0,"item_purchase_floors":[0,5,14,21,31,31],"current_hp_per_floor":[64,64,64,61,61,50,50,56,56,62,68,84,90,90,90,75,90,90,90,79,79,79,56,56,56,56,49,50,47,45,45,45,0,0],"gold":35,"neow_bonus":"","is_daily":false,"chose_seed":false,"campfire_upgraded":2,"win_rate":0.0,"timestamp":1610307147,"path_taken":["M","M","M","M","$","E","R","M","T","M","M","E","M","$","R","BOSS","M","M","M","$","?","E","?","R","T","E","?","E","M","$","R","BOSS"],"items_purchased_type":["Relic","Card","Relic","Relic","Relic","Potion"],"build_version":"2020-12-22","purchased_purges":2,"victory":false,"max_hp_per_floor":[80,80,80,80,80,80,80,80,80,80,80,90,90,90,90,90,90,90,90,90,90,90,90,90,90,90,90,90,90,90,90,90,90,90],"card_choices":[{"not_picked":["Inflame","Ghostly Armor+1"],"picked":"Perfected Strike","floor":1.0},{"not_picked":["Flame Barrier+1","Entrench+1"],"picked":"Rage+1","floor":2.0},{"not_picked":["Clothesline","ReplayTheSpireMod:Strike From Hell"],"picked":"Perfected Strike","floor":3.0},{"not_picked":["ReplayTheSpireMod:Strike From Hell","Havoc+1"],"picked":"Perfected Strike","floor":4.0},{"not_picked":["Wild Strike","Cleave","Replay:Many Hands+1"],"picked":"SKIP","floor":6.0},{"not_picked":["Rampage","Metallicize","Iron Wave"],"picked":"SKIP","floor":8.0},{"not_picked":["Warcry+1","Defy Death+1"],"picked":"Flex+1","floor":10.0},{"not_picked":["Sword Boomerang","Pommel Strike"],"picked":"Perfected Strike","floor":11.0},{"not_picked":["Iron Wave","Warcry+1","Blood for Blood"],"picked":"SKIP","floor":12.0},{"not_picked":["Body Slam","Havoc+1"],"picked":"Berserk","floor":13.0},{"not_picked":["Immolate","Double Tap+1"],"picked":"Berserk","floor":16.0},{"not_picked":["Thunderclap","Whirlwind","Battle Trance+1"],"picked":"SKIP","floor":18.0},{"not_picked":["ReplayTheSpireMod:Strike From Hell+1","Ghostly Armor+1","Heavy Blade"],"picked":"SKIP","floor":19.0},{"not_picked":["Wild Strike","Shrug It Off+1"],"picked":"ReplayTheSpireMod:Muscle Training+1","floor":20.0},{"not_picked":["Cleave","Sword Boomerang","Run Through+1"],"picked":"SKIP","floor":23.0},{"not_picked":["Wild Strike+1","True Grit+1","Clash"],"picked":"SKIP","floor":27.0},{"not_picked":["Infernal Blade+1","Run Through","Searing Blow+1"],"picked":"SKIP","floor":28.0},{"not_picked":["Combust","Fire Breathing","Rupture"],"picked":"SKIP","floor":29.0},{"not_picked":["Bloodletting+1","Body Slam","ReplayTheSpireMod:Stacked+1"],"picked":"SKIP","floor":30.0}],"player_experience":143992,"relics_obtained":[{"floor":6.0,"key":"ReplayTheSpireMod:Shallot"},{"floor":9.0,"key":"Incense Burner"},{"floor":12.0,"key":"Durian"},{"floor":15.0,"key":"Replay:Towering Pillar of Hats"},{"floor":23.0,"key":"Bottled Flame"},{"floor":27.0,"key":"Mirror"},{"floor":29.0,"key":"Iron Hammer"}],"event_choices":[{"damage_healed":0.0,"max_hp_gain":0.0,"max_hp_loss":0.0,"gold_gain":0.0,"event_name":"Drug Dealer","player_choice":"Inject Mutagens","floor":22.0,"gold_loss":0.0,"damage_taken":0.0,"relics_obtained":["MutagenicStrength"]},{"damage_healed":0.0,"max_hp_gain":0.0,"max_hp_loss":0.0,"gold_gain":0.0,"event_name":"Upgrade Shrine","player_choice":"Upgraded","floor":24.0,"gold_loss":0.0,"damage_taken":0.0,"cards_upgraded":["Berserk"]}],"is_beta":false,"boss_relics":[{"not_picked":["Replay:Grab Bag","Honey Jar","Empty Cage"]}],"items_purged_floors":[0,31],"is_endless":false,"potions_floor_spawned":[3,8,10,11,13,18,20,23,27],"killed_by":"Champ","ascension_level":1}}