{"host":"tiwza2kisyyrpq7h","time":1610293833,"event":{"mods":["BaseMod","BetterRewards","Colored Powertips","Minty Spire (QoL Compilation)","Quick Restart","Rare Cards Sparkle","StSLib","SuperFastMode","The Servant 0.9.4","óô»ðÖ¸ÄÏ"],"gold_per_floor":[112,124,399,416,41,71,87,262,344,419,419,24,50,60,60,60,60],"floor_reached":16,"playtime":449,"items_purged":["Regret"],"score":201,"play_id":"679b2796-2fc0-463d-a47b-d40c47c19945","local_time":"20210110235033","is_ascension_mode":true,"campfire_choices":[{"floor":11.0,"key":"REST"},{"data":"Chaos","floor":15,"key":"SMITH"}],"circlet_count":0,"master_deck":["AscendersBane","Strike_B","Strike_B","Strike_B","Defend_B","Defend_B","Defend_B","Defend_B","Zap","Dualcast","Undo","Compile Driver","Consume","Conserve Battery","Storm","Chaos+1","Tempest","Core Surge","Doubt","Hello World","Fusion","Heatsinks","Coolheaded"],"relics":["Cracked Core","Anchor","Unceasing Top","Pear","HornCleat","Strawberry"],"acts_visited":["Exordium"],"potions_floor_usage":[16],"damage_taken":[{"damage":0.0,"enemies":"Jaw Worm","floor":1.0,"turns":4.0},{"damage":0.0,"enemies":"Cultist","floor":2.0,"turns":3.0},{"damage":12.0,"enemies":"2 Louse","floor":4.0,"turns":3.0},{"damage":54.0,"enemies":"Gremlin Nob","floor":6.0,"turns":5.0},{"damage":0.0,"enemies":"Large Slime","floor":7.0,"turns":5.0},{"damage":12,"enemies":"3 Sentries","floor":13,"turns":9},{"damage":13,"enemies":"Blue Slaver","floor":14,"turns":4},{"damage":29,"enemies":"Slime Boss","floor":16,"turns":3}],"seed_played":"5820890354335394659","potions_obtained":[{"floor":4.0,"key":"SpeedPotion"},{"floor":14,"key":"Explosive Potion"}],"is_trial":false,"path_per_floor":["M","M","?","M","$","E","M","?","T","?","R","$","E","M","R","B"],"character_chosen":"DEFECT","items_purchased":["Anchor","Storm","Chaos","HornCleat","Hello World","Fusion"],"campfire_rested":1,"item_purchase_floors":[5,5,5,12,12,12],"current_hp_per_floor":[68,68,68,56,56,2,2,2,12,1,26,26,21,8,8,0,0],"gold":60,"neow_bonus":"TRANSFORM_CARD","is_daily":false,"chose_seed":false,"campfire_upgraded":1,"win_rate":0.0,"timestamp":1610293833,"path_taken":["M","M","?","?","$","E","M","?","T","?","R","$","E","M","R","BOSS"],"items_purchased_type":["Relic","Card","Card","Relic","Card","Card"],"build_version":"2020-12-22","purchased_purges":1,"victory":false,"max_hp_per_floor":[75,75,75,75,75,75,75,75,85,85,85,85,92,92,92,92,92],"card_choices":[{"not_picked":["Stack","Leap"],"picked":"Compile Driver","floor":1.0},{"not_picked":["Storm","Gash"],"picked":"Consume","floor":2.0},{"not_picked":["Go for the Eyes","Leap"],"picked":"Conserve Battery","floor":4.0},{"not_picked":["Force Field","Reprogram"],"picked":"Tempest","floor":6.0},{"not_picked":["Loop","Go for the Eyes"],"picked":"Core Surge","floor":7.0},{"not_picked":["Conserve Battery","Sweeping Beam"],"picked":"Heatsinks","floor":13},{"not_picked":["Redo","Barrage"],"picked":"Coolheaded","floor":14}],"player_experience":954712,"relics_obtained":[{"floor":6.0,"key":"Unceasing Top"},{"floor":9.0,"key":"Pear"},{"floor":13,"key":"Strawberry"}],"event_choices":[{"damage_healed":0.0,"max_hp_gain":0.0,"max_hp_loss":0.0,"gold_gain":275.0,"event_name":"Golden Shrine","player_choice":"Desecrate","floor":3.0,"gold_loss":0.0,"damage_taken":0.0,"cards_obtained":["Regret"]},{"damage_healed":0.0,"max_hp_gain":0.0,"max_hp_loss":0.0,"gold_gain":175.0,"event_name":"Liars Game","player_choice":"AGREE","floor":8.0,"gold_loss":0.0,"damage_taken":0.0,"cards_obtained":["Doubt"]},{"damage_healed":0.0,"max_hp_gain":0.0,"max_hp_loss":0.0,"gold_gain":75.0,"event_name":"World of Goop","player_choice":"Gather Gold","floor":10.0,"gold_loss":0.0,"damage_taken":11.0}],"is_beta":false,"boss_relics":[],"items_purged_floors":[5],"is_endless":false,"potions_floor_spawned":[4,14],"killed_by":"Slime Boss","ascension_level":12}}