{"host":"ELF","time":1610300074,"event":{"mods":["BaseMod","Minty Spire (QoL Compilation)"],"gold_per_floor":[111,111,31,45,63,96,96,161,161,187,187,187,187,218,218,295,295,274,274,244,55,55,55],"floor_reached":22,"playtime":839,"items_purged":["Strike_G"],"score":400,"play_id":"147b96b3-e57c-4ed7-b541-aa078b513656","local_time":"20210110113434","is_ascension_mode":true,"campfire_choices":[{"floor":7.0,"key":"REST"},{"floor":11.0,"key":"REST"},{"floor":12.0,"key":"REST"},{"floor":15.0,"key":"REST"}],"circlet_count":0,"master_deck":["AscendersBane","Strike_G","Strike_G","Defend_G","Defend_G","Defend_G","Defend_G","Defend_G","Survivor","Neutralize","Flying Knee","Masterful Stab","Deadly Poison","Poisoned Stab","Deadly Poison","Blade Dance","Burst","Infinite Blades","Tools of the Trade","Terror","Malaise","Accuracy","Accuracy"],"relics":["Ring of the Snake","NeowsBlessing","The Courier","Bag of Preparation","Darkstone Periapt","WingedGreaves","Dream Catcher","Runic Pyramid","Membership Card"],"acts_visited":["Exordium","TheCity"],"potions_floor_usage":[19],"damage_taken":[{"damage":0.0,"enemies":"Jaw Worm","floor":1.0,"turns":1.0},{"damage":0.0,"enemies":"Cultist","floor":4.0,"turns":1.0},{"damage":0.0,"enemies":"2 Louse","floor":5.0,"turns":1.0},{"damage":27.0,"enemies":"3 Sentries","floor":6.0,"turns":9.0},{"damage":23.0,"enemies":"3 Sentries","floor":8.0,"turns":11.0},{"damage":20.0,"enemies":"Lagavulin","floor":10.0,"turns":5.0},{"damage":44.0,"enemies":"Gremlin Nob","floor":14.0,"turns":4.0},{"damage":24,"enemies":"Hexaghost","floor":16,"turns":9},{"damage":39,"enemies":"2 Thieves","floor":18,"turns":4},{"damage":3,"enemies":"Shell Parasite","floor":19,"turns":2},{"damage":45,"enemies":"Centurion and Healer","floor":22,"turns":5}],"seed_played":"2004927758420923163","potions_obtained":[{"floor":1.0,"key":"FairyPotion"},{"floor":4.0,"key":"Regen Potion"},{"floor":16,"key":"SmokeBomb"},{"floor":20,"key":"FearPotion"}],"is_trial":false,"path_per_floor":["M","?","$","M","M","E","R","?","T","E","R","R","?","E","R","B",null,"M","M","?","$","M"],"character_chosen":"THE_SILENT","items_purchased":["Deadly Poison","Poisoned Stab","Membership Card","Accuracy"],"campfire_rested":4,"item_purchase_floors":[3,3,21,21],"current_hp_per_floor":[59,59,59,59,59,32,51,28,28,20,39,58,51,7,26,2,50,11,8,8,8,0,0],"gold":55,"neow_bonus":"THREE_ENEMY_KILL","is_daily":false,"chose_seed":false,"campfire_upgraded":0,"win_rate":0.0,"timestamp":1610300074,"path_taken":["M","?","$","?","M","E","R","?","T","E","R","R","?","E","R","BOSS","M","M","?","$","M"],"items_purchased_type":["Card","Card","Relic","Card"],"build_version":"2020-12-18","purchased_purges":1,"victory":false,"max_hp_per_floor":[66,66,66,66,66,66,66,66,66,66,66,66,66,66,66,66,66,66,66,66,66,66,66],"card_choices":[{"not_picked":["Expertise","Distraction"],"picked":"Flying Knee","floor":1.0},{"not_picked":["Outmaneuver","Dagger Spray"],"picked":"Deadly Poison","floor":4.0},{"not_picked":["PiercingWail","Dagger Spray"],"picked":"Blade Dance","floor":5.0},{"not_picked":["Flying Knee","PiercingWail"],"picked":"Burst","floor":6.0},{"not_picked":["Dodge and Roll","Dagger Spray"],"picked":"Infinite Blades","floor":10.0},{"not_picked":["Endless Agony","Blur"],"picked":"Tools of the Trade","floor":14.0},{"not_picked":["Prepared","Deflect"],"picked":"Terror","floor":15.0},{"not_picked":["Doppelganger","Glass Knife"],"picked":"Malaise","floor":16},{"not_picked":["Dodge and Roll","Quick Slash"],"picked":"Accuracy","floor":18}],"player_experience":3160055,"relics_obtained":[{"floor":6.0,"key":"The Courier"},{"floor":8.0,"key":"Bag of Preparation"},{"floor":9.0,"key":"Darkstone Periapt"},{"floor":10.0,"key":"WingedGreaves"},{"floor":14.0,"key":"Dream Catcher"}],"event_choices":[{"damage_healed":0.0,"max_hp_gain":0.0,"max_hp_loss":0.0,"gold_gain":0.0,"cards_transformed":["Strike_G"],"event_name":"Transmorgrifier","player_choice":"Transformed","floor":2.0,"gold_loss":0.0,"damage_taken":0.0,"cards_obtained":["Masterful Stab"]},{"damage_healed":0.0,"max_hp_gain":0.0,"max_hp_loss":0.0,"gold_gain":0.0,"event_name":"Dead Adventurer","player_choice":"Searched \u00272\u0027 times","floor":8.0,"gold_loss":0.0,"damage_taken":0.0},{"cards_removed":["Strike_G"],"damage_healed":0.0,"max_hp_gain":0.0,"max_hp_loss":0.0,"gold_gain":0.0,"event_name":"Golden Wing","player_choice":"Card Removal","floor":13.0,"gold_loss":0.0,"damage_taken":7.0},{"damage_healed":0,"gold_gain":0,"player_choice":"Bought 2 Potions","damage_taken":0,"max_hp_gain":0,"max_hp_loss":0,"event_name":"The Woman in Blue","floor":20,"gold_loss":0}],"is_beta":true,"boss_relics":[{"not_picked":["Ectoplasm","Calling Bell"],"picked":"Runic Pyramid"}],"items_purged_floors":[21],"is_endless":false,"potions_floor_spawned":[1,4,16,19],"killed_by":"Centurion and Healer","ascension_level":20}}