{"host":"Connor","time":1610253641,"event":{"mods":["Aspiration","BaseMod","Downfall","Hubris","Marisa????????","Minty Spire (QoL Compilation)","Replay The Spire","StSLib","The Cursed","The Jungle","The Servant 0.9.4"],"gold_per_floor":[111,111,127,127,127,127,144,179,179,207,207,223,223,8,8,8,8],"floor_reached":16,"playtime":379,"items_purged":["Strike_R"],"score":194,"play_id":"1bdbe57a-0234-4773-b1c9-7373d89e55ec","local_time":"20210109204041","is_ascension_mode":true,"campfire_choices":[{"floor":6,"key":"RECALL"},{"floor":11,"key":"REST"},{"floor":15,"key":"REST"}],"circlet_count":0,"master_deck":["AscendersBane","Strike_R","Strike_R+1","Defend_R","Defend_R","Defend_R","Defend_R","Bash","Sever Soul+1","True Grit","Fiend Fire","Replay:Undeath\u0027s Touch","Havoc","Offering","Heavy Blade","Sentinel","expansioncontent:QuickStudy","expansioncontent:DecasProtection","expansioncontent:ChargeUp"],"relics":["Burning Blood","hubris:Towel","Whetstone","Mummified Hand","Girya","ReplayTheSpireMod:ShopPack"],"acts_visited":["Exordium"],"potions_floor_usage":[8],"damage_taken":[{"damage":5,"enemies":"Small Slimes","floor":1,"turns":4},{"damage":5,"enemies":"Jaw Worm","floor":3,"turns":3},{"damage":6,"enemies":"Cultist","floor":7,"turns":3},{"damage":55,"enemies":"Lagavulin","floor":8,"turns":8},{"damage":24,"enemies":"Gremlin Nob","floor":10,"turns":4},{"damage":18,"enemies":"Exordium Wildlife","floor":12,"turns":2},{"damage":44,"enemies":"The Guardian","floor":16,"turns":8}],"seed_played":"-5683903386194471829","potions_obtained":[{"floor":3,"key":"Dexterity Potion"},{"floor":12,"key":"SpeedPotion"}],"is_trial":false,"path_per_floor":["M","?","M","?","?","R","M","E","T","E","R","M","T","$","R","B"],"character_chosen":"IRONCLAD","items_purchased":["ReplayTheSpireMod:ShopPack"],"campfire_rested":2,"item_purchase_floors":[14],"current_hp_per_floor":[69,69,70,75,75,75,75,26,26,8,32,20,20,20,44,0,0],"gold":8,"neow_bonus":"TRANSFORM_CARD","is_daily":false,"chose_seed":false,"campfire_upgraded":0,"win_rate":0.0,"timestamp":1610253641,"path_taken":["M","?","M","?","?","R","?","E","T","E","R","M","?","$","R","BOSS"],"items_purchased_type":["Relic"],"build_version":"2020-12-18","purchased_purges":1,"victory":false,"max_hp_per_floor":[75,75,75,80,80,80,80,80,80,80,80,80,80,80,80,80,80],"card_choices":[{"not_picked":["Second Wind","Thunderclap"],"picked":"True Grit","floor":1},{"not_picked":["True Grit","Wild Strike"],"picked":"Fiend Fire","floor":3},{"not_picked":["Abandon","Wild Strike"],"picked":"Havoc","floor":7},{"not_picked":["Thunderclap","Shockwave"],"picked":"Offering","floor":8},{"not_picked":["Replay:Undeath\u0027s Touch","Flex"],"picked":"Heavy Blade","floor":10},{"not_picked":["hubris:SharpeningStone","Twin Strike"],"picked":"Sentinel","floor":12},{"not_picked":["ReplayTheSpireMod:Brewmster","Violence"],"picked":"expansioncontent:QuickStudy","floor":14},{"not_picked":["expansioncontent:Hexaburn","Replay:Sssssssssstrike"],"picked":"expansioncontent:DecasProtection","floor":14},{"not_picked":["expansioncontent:Sear","expansioncontent:Chronoboost"],"picked":"expansioncontent:ChargeUp","floor":14}],"player_experience":582298,"relics_obtained":[{"floor":8,"key":"Whetstone"},{"floor":9,"key":"Mummified Hand"},{"floor":10,"key":"Girya"}],"event_choices":[{"damage_healed":0,"gold_gain":0,"player_choice":"Donut","damage_taken":0,"max_hp_gain":5,"max_hp_loss":0,"event_name":"Big Fish","floor":4,"gold_loss":0},{"damage_healed":0,"gold_gain":0,"cards_transformed":["Strike_R"],"player_choice":"Transformed","damage_taken":0,"max_hp_gain":0,"max_hp_loss":0,"event_name":"Transmorgrifier","floor":5,"gold_loss":0,"cards_obtained":["Replay:Undeath\u0027s Touch"]}],"is_beta":true,"boss_relics":[],"items_purged_floors":[14],"is_endless":false,"potions_floor_spawned":[3,12],"killed_by":"The Guardian","ascension_level":16}}