{"host":"mydft8i2zzydgggw","time":1610291074,"event":{"mods":["AchievementEnabler","BaseMod","BetterRewards","Colored Map","Colored Powertips","DeckTracker","Keyboard Shortcuts","Minty Spire (QoL Compilation)","Quick Restart","Rare Cards Sparkle","StSLib","SuperFastMode","The Poker Player","everything is the same but u backflip on backflip"],"gold_per_floor":[114,289,289,307,320,346,69,84,84,6,20,20,20,20,20,120,120,131,146,146,146],"floor_reached":20,"playtime":469,"items_purged":["Defend_B"],"score":244,"play_id":"cc99a822-c5da-445d-af69-ed7325cdf470","local_time":"20210111000434","is_ascension_mode":true,"campfire_choices":[{"data":"Pommel Strike","floor":13,"key":"SMITH"},{"data":"Double Energy","floor":15,"key":"SMITH"}],"circlet_count":0,"master_deck":["Strike_B","Strike_B","Defend_B","Defend_B","Zap","Dualcast","Go for the Eyes","Streamline","Auto Shields","Redo","Coolheaded","Double Energy+1","Pommel Strike+1","Warcry"],"relics":["Cracked Core","Pear","PrismaticShard","Bottled Lightning","Inserter"],"acts_visited":["Exordium","TheCity"],"potions_floor_usage":[6,6,16,20],"damage_taken":[{"damage":1,"enemies":"2 Louse","floor":1,"turns":2},{"damage":0,"enemies":"Small Slimes","floor":4,"turns":3},{"damage":1,"enemies":"Cultist","floor":5,"turns":3},{"damage":1,"enemies":"Lagavulin","floor":6,"turns":7},{"damage":11,"enemies":"Exordium Thugs","floor":8,"turns":5},{"damage":4,"enemies":"Blue Slaver","floor":11,"turns":4},{"damage":17,"enemies":"The Guardian","floor":16,"turns":10},{"damage":7,"enemies":"Spheric Guardian","floor":18,"turns":4},{"damage":38,"enemies":"2 Thieves","floor":19,"turns":5},{"damage":30,"enemies":"Chosen and Byrds","floor":20,"turns":8}],"seed_played":"-2020596324049831791","potions_obtained":[{"floor":1,"key":"PowerPotion"},{"floor":4,"key":"ColorlessPotion"},{"floor":8,"key":"PotionOfCapacity"},{"floor":19,"key":"Weak Potion"}],"is_trial":false,"path_per_floor":["M","?","?","M","M","E","$","M","T","$","M","$","R","?","R","B",null,"M","M","M"],"character_chosen":"DEFECT","items_purchased":["PrismaticShard","Coolheaded","Double Energy"],"campfire_rested":0,"item_purchase_floors":[7,7,10],"current_hp_per_floor":[49,49,49,49,48,57,57,46,46,46,42,42,42,42,42,25,70,63,25,0,0],"gold":146,"neow_bonus":"REMOVE_TWO","is_daily":false,"chose_seed":false,"campfire_upgraded":2,"win_rate":0.0,"timestamp":1610291074,"path_taken":["M","?","?","?","M","E","$","M","T","?","M","$","R","?","R","BOSS","M","M","M"],"items_purchased_type":["Relic","Card","Card"],"build_version":"2020-12-22","purchased_purges":1,"victory":false,"max_hp_per_floor":[75,75,75,75,75,85,85,85,85,85,85,85,85,85,85,85,85,85,85,85,85],"card_choices":[{"not_picked":["Auto Shields","Leap"],"picked":"Go for the Eyes","floor":1},{"not_picked":["Beam Cell","Compile Driver"],"picked":"Streamline","floor":4},{"not_picked":["Rebound","Steam"],"picked":"Auto Shields","floor":5},{"not_picked":["Fusion","Multi-Cast"],"picked":"Redo","floor":6},{"not_picked":["Stack","Clothesline","FlurryOfBlows"],"picked":"SKIP","floor":8},{"not_picked":["Cold Snap","Rip and Tear"],"picked":"Pommel Strike","floor":11},{"not_picked":["Thunderclap","FlyingSleeves","Heavy Blade+1"],"picked":"SKIP","floor":18},{"not_picked":["FlyingSleeves+1","PokerPlayerMod:ClubsClub"],"picked":"Warcry","floor":19}],"player_experience":164271,"relics_obtained":[{"floor":6,"key":"Pear"},{"floor":9,"key":"Bottled Lightning"}],"event_choices":[{"damage_healed":0,"gold_gain":175,"player_choice":"AGREE","damage_taken":0,"max_hp_gain":0,"max_hp_loss":0,"event_name":"Liars Game","floor":2,"gold_loss":0,"cards_obtained":["Doubt"]},{"cards_removed":["Doubt"],"damage_healed":0,"gold_gain":0,"player_choice":"Removed Curses","damage_taken":0,"max_hp_gain":0,"max_hp_loss":0,"event_name":"Fountain of Cleansing","floor":3,"gold_loss":0},{"cards_removed":["Strike_B"],"damage_healed":0,"gold_gain":0,"player_choice":"Purged","damage_taken":0,"max_hp_gain":0,"max_hp_loss":0,"event_name":"Purifier","floor":14,"gold_loss":0}],"is_beta":false,"boss_relics":[{"not_picked":["Pandora\u0027s Box","SacredBark"],"picked":"Inserter"}],"items_purged_floors":[7],"is_endless":false,"potions_floor_spawned":[1,4,8,19],"killed_by":"Chosen and Byrds","ascension_level":8}}