{"host":"6gwm7y0tp7acoxay","time":1610283628,"event":{"mods":["BaseMod","Colored Map","Keyboard Shortcuts","Minty Spire (QoL Compilation)","Quick Restart","StSLib","SuperFastMode","everything is the same but u backflip on backflip"],"gold_per_floor":[117,172,172,172,247,247,297,297,297,297,341,382,397,440,440,534,534,552,552,467,98,98,129,160,194,194,194,194,238,254,285,285,383,383,411,483,495,538,883,924,971,1012,1048,1060,581,609,609,642,642,642,642,642,642,269,296,296],"floor_reached":57,"playtime":2845,"items_purged":["Die Die Die"],"score":3975,"play_id":"8125cc89-ceba-4666-8a8e-9517fe65c54f","local_time":"20210110220028","daily_mods":["SealedDeck","Heirloom","Flight"],"is_ascension_mode":true,"campfire_choices":[{"data":"Concentrate","floor":6.0,"key":"SMITH"},{"data":"Outmaneuver","floor":8.0,"key":"SMITH"},{"data":"Deadly Poison","floor":10.0,"key":"SMITH"},{"data":"Expertise","floor":15.0,"key":"SMITH"},{"data":"Grand Finale","floor":27.0,"key":"SMITH"},{"data":"Malaise","floor":32.0,"key":"SMITH"},{"floor":47.0,"key":"RECALL"},{"floor":49.0,"key":"DIG"},{"data":"Tactician","floor":53.0,"key":"SMITH"}],"circlet_count":0,"master_deck":["AscendersBane","Outmaneuver+1","Deflect","PiercingWail","Backflip","Expertise+1","Escape Plan","Concentrate+1","Acrobatics","Malaise+1","Grand Finale+1","Blur","Finesse","Dagger Throw","Terror+1","Tactician+1","After Image","After Image"],"relics":["Ring of the Snake","Ice Cream","Smiling Mask","Omamori","Unceasing Top","Empty Cage","Shuriken","Question Card","MutagenicStrength","Orichalcum","Eternal Feather","Meat on the Bone","StrikeDummy","Du-Vu Doll","Pocketwatch","Calling Bell","MawBank","Pear","The Specimen","FossilizedHelix","Shovel","Girya","Sundial","Blood Vial","TwistedFunnel","White Beast Statue","Bag of Marbles","Turnip","Medical Kit","Toy Ornithopter"],"acts_visited":["Exordium","TheCity","TheBeyond","TheEnding"],"potions_floor_usage":[56],"damage_taken":[{"damage":0.0,"enemies":"Small Slimes","floor":1.0,"turns":3.0},{"damage":0.0,"enemies":"Gremlin Nob","floor":11.0,"turns":2.0},{"damage":8.0,"enemies":"3 Sentries","floor":12.0,"turns":5.0},{"damage":0.0,"enemies":"Jaw Worm","floor":13.0,"turns":2.0},{"damage":3.0,"enemies":"Lagavulin","floor":14.0,"turns":4.0},{"damage":0.0,"enemies":"The Guardian","floor":16.0,"turns":7.0},{"damage":0.0,"enemies":"Chosen","floor":18.0,"turns":2.0},{"damage":0.0,"enemies":"Gremlin Leader","floor":23.0,"turns":4.0},{"damage":0.0,"enemies":"Slavers","floor":24.0,"turns":1.0},{"damage":0.0,"enemies":"Gremlin Leader","floor":25.0,"turns":4.0},{"damage":0.0,"enemies":"Book of Stabbing","floor":29.0,"turns":5.0},{"damage":0.0,"enemies":"Spheric Guardian","floor":30.0,"turns":3.0},{"damage":14.0,"enemies":"Slavers","floor":31.0,"turns":2.0},{"damage":0.0,"enemies":"Automaton","floor":33.0,"turns":3.0},{"damage":0.0,"enemies":"3 Shapes","floor":35.0,"turns":1.0},{"damage":4.0,"enemies":"2 Orb Walkers","floor":36.0,"turns":2.0},{"damage":0.0,"enemies":"Mind Bloom Boss Battle","floor":38.0,"turns":2.0},{"damage":0.0,"enemies":"Giant Head","floor":40.0,"turns":3.0},{"damage":9.0,"enemies":"Reptomancer","floor":41.0,"turns":5.0},{"damage":0.0,"enemies":"Giant Head","floor":42.0,"turns":3.0},{"damage":0.0,"enemies":"Reptomancer","floor":46.0,"turns":4.0},{"damage":0.0,"enemies":"Giant Head","floor":48.0,"turns":3.0},{"damage":0.0,"enemies":"Awakened One","floor":50.0,"turns":5.0},{"damage":4.0,"enemies":"Time Eater","floor":51.0,"turns":9.0},{"damage":9.0,"enemies":"Shield and Spear","floor":55.0,"turns":3.0},{"damage":0,"enemies":"The Heart","floor":56,"turns":9}],"seed_played":"-7673583735153266018","potions_obtained":[{"floor":1.0,"key":"Swift Potion"},{"floor":13.0,"key":"ColorlessPotion"},{"floor":16.0,"key":"DistilledChaos"},{"floor":29.0,"key":"Block Potion"},{"floor":33.0,"key":"Ancient Potion"},{"floor":38.0,"key":"SneckoOil"},{"floor":55.0,"key":"PowerPotion"}],"is_trial":true,"path_per_floor":["M","?","?","?","?","R","?","R","T","R","E","E","M","E","R","B",null,"M","?","?","$","?","E","E","E","T","R","?","E","M","E","R","B",null,"M","?","?","?","?","E","E","E","T","?","$","E","R","E","R","B","B",null,"R","$","E","B",null],"character_chosen":"THE_SILENT","items_purchased":["Finesse","Question Card","TwistedFunnel","White Beast Statue","Energy Potion","Medical Kit","After Image"],"campfire_rested":0,"item_purchase_floors":[21,21,45,45,45,54,54],"current_hp_per_floor":[59,59,59,64,53,53,53,53,53,53,53,45,45,42,42,42,59,59,59,59,59,59,59,59,59,59,65,65,65,65,51,60,60,74,74,70,70,70,70,70,61,61,61,61,61,63,72,74,75,75,71,74,75,75,66,73],"gold":296,"neow_bonus":"","is_daily":false,"chose_seed":false,"campfire_upgraded":7,"win_rate":0.0,"timestamp":1610283628,"path_taken":["M","?","?","?","?","R","?","R","T","R","E","E","?","E","R","BOSS","M","?","?","$","?","E","E","E","T","R","?","E","?","E","R","BOSS","M","?","?","?","?","E","E","E","T","?","$","E","R","E","R","BOSS","BOSS","R","$","E","BOSS"],"items_purchased_type":["Card","Relic","Relic","Relic","Potion","Relic","Card"],"build_version":"2020-12-22","purchased_purges":1,"victory":true,"max_hp_per_floor":[66,66,60,65,65,65,65,65,65,65,65,65,65,65,65,65,65,65,65,65,65,65,65,65,65,65,65,65,65,65,65,65,65,75,75,75,75,75,75,75,75,75,75,75,75,75,75,75,75,75,75,75,75,75,75,75],"card_choices":[{"not_picked":["Dagger Spray","Quick Slash"],"picked":"Distraction","floor":1.0},{"not_picked":["Well Laid Plans","Quick Slash","Deflect"],"picked":"SKIP","floor":11.0},{"not_picked":["Backstab","Envenom"],"picked":"Acrobatics","floor":12.0},{"not_picked":["Terror","Poisoned Stab","Dagger Throw"],"picked":"SKIP","floor":13.0},{"not_picked":["Cloak And Dagger","Footwork"],"picked":"Malaise","floor":14.0},{"not_picked":["Unload","Doppelganger"],"picked":"Grand Finale","floor":16.0},{"not_picked":["Quick Slash","Concentrate","Underhanded Strike"],"picked":"SKIP","floor":18.0},{"not_picked":["Burst","Slice","Backstab+1","Expertise+1"],"picked":"SKIP","floor":23.0},{"not_picked":["Sucker Punch","Flying Knee+1","Catalyst","Accuracy"],"picked":"SKIP","floor":24.0},{"not_picked":["Sucker Punch","Bane","Slice"],"picked":"Dagger Throw","floor":25.0},{"not_picked":["Catalyst","Underhanded Strike","Noxious Fumes","Prepared"],"picked":"SKIP","floor":29.0},{"not_picked":["Catalyst","Underhanded Strike","Noxious Fumes","Prepared"],"picked":"SKIP","floor":29.0},{"not_picked":["Skewer","Cloak And Dagger","Deadly Poison","Escape Plan"],"picked":"SKIP","floor":30.0},{"not_picked":["Quick Slash","Tools of the Trade","Backstab"],"picked":"Terror+1","floor":31.0},{"not_picked":["Prepared","Acrobatics","Finisher","Dagger Spray"],"picked":"SKIP","floor":35.0},{"not_picked":["Cloak And Dagger+1","PiercingWail","Night Terror"],"picked":"Tactician","floor":40.0},{"not_picked":["Underhanded Strike","Backflip","Caltrops"],"picked":"After Image","floor":41.0},{"not_picked":["Sucker Punch","Noxious Fumes","Outmaneuver","Terror"],"picked":"SKIP","floor":42.0},{"not_picked":["All Out Attack+1","Eviscerate","Reflex","Finisher"],"picked":"SKIP","floor":46.0},{"not_picked":["Deadly Poison","Bouncing Flask+1","Accuracy","Prepared"],"picked":"SKIP","floor":48.0},{"not_picked":["Sucker Punch","Outmaneuver","Well Laid Plans+1","Deflect"],"picked":"SKIP","floor":55.0}],"player_experience":4383476,"relics_obtained":[{"floor":11.0,"key":"Smiling Mask"},{"floor":12.0,"key":"Omamori"},{"floor":14.0,"key":"Unceasing Top"},{"floor":23.0,"key":"Orichalcum"},{"floor":24.0,"key":"Eternal Feather"},{"floor":25.0,"key":"Meat on the Bone"},{"floor":26.0,"key":"StrikeDummy"},{"floor":29.0,"key":"Du-Vu Doll"},{"floor":31.0,"key":"Pocketwatch"},{"floor":34.0,"key":"MawBank"},{"floor":34.0,"key":"Pear"},{"floor":34.0,"key":"The Specimen"},{"floor":36.0,"key":"FossilizedHelix"},{"floor":38.0,"key":"Shovel"},{"floor":40.0,"key":"Girya"},{"floor":41.0,"key":"Sundial"},{"floor":43.0,"key":"Blood Vial"},{"floor":48.0,"key":"Bag of Marbles"},{"floor":49.0,"key":"Turnip"},{"floor":55.0,"key":"Toy Ornithopter"}],"event_choices":[{"damage_healed":0.0,"max_hp_gain":0.0,"max_hp_loss":0.0,"gold_gain":55.0,"event_name":"Golden Wing","player_choice":"Gained Gold","floor":2.0,"gold_loss":0.0,"damage_taken":0.0},{"damage_healed":0.0,"max_hp_gain":0.0,"max_hp_loss":6.0,"gold_gain":0.0,"event_name":"Golden Idol","player_choice":"Lose Max HP","floor":3.0,"gold_loss":0.0,"damage_taken":0.0,"relics_obtained":["Golden Idol"]},{"damage_healed":0.0,"max_hp_gain":5.0,"max_hp_loss":0.0,"gold_gain":0.0,"event_name":"Big Fish","player_choice":"Donut","floor":4.0,"gold_loss":0.0,"damage_taken":0.0},{"damage_healed":0.0,"max_hp_gain":0.0,"max_hp_loss":0.0,"gold_gain":75.0,"event_name":"World of Goop","player_choice":"Gather Gold","floor":5.0,"gold_loss":0.0,"damage_taken":11.0},{"damage_healed":0.0,"max_hp_gain":0.0,"max_hp_loss":0.0,"gold_gain":50.0,"event_name":"Golden Shrine","player_choice":"Pray","floor":7.0,"gold_loss":0.0,"damage_taken":0.0},{"damage_healed":0.0,"max_hp_gain":0.0,"max_hp_loss":0.0,"gold_gain":0.0,"event_name":"The Library","player_choice":"Read","floor":19.0,"gold_loss":0.0,"damage_taken":0.0,"cards_obtained":["Blur"]},{"damage_healed":0.0,"max_hp_gain":0.0,"max_hp_loss":0.0,"gold_gain":0.0,"event_name":"Addict","player_choice":"Obtained Relic","floor":20.0,"gold_loss":85.0,"damage_taken":0.0,"relics_obtained":["Shuriken"]},{"damage_healed":0.0,"max_hp_gain":0.0,"max_hp_loss":0.0,"gold_gain":0.0,"event_name":"Drug Dealer","player_choice":"Inject Mutagens","floor":22.0,"gold_loss":0.0,"damage_taken":0.0,"relics_obtained":["MutagenicStrength"]},{"damage_healed":0.0,"max_hp_gain":0.0,"max_hp_loss":0.0,"gold_gain":0.0,"cards_transformed":["Distraction"],"event_name":"Transmorgrifier","player_choice":"Transformed","floor":28.0,"gold_loss":0.0,"damage_taken":0.0,"cards_obtained":["Die Die Die"]},{"damage_healed":0.0,"max_hp_gain":0.0,"max_hp_loss":0.0,"gold_gain":0.0,"event_name":"Mysterious Sphere","player_choice":"Fight","floor":36.0,"gold_loss":0.0,"damage_taken":0.0},{"damage_healed":0.0,"max_hp_gain":0.0,"max_hp_loss":0.0,"gold_gain":0.0,"event_name":"Tomb of Lord Red Mask","player_choice":"Ignored","floor":37.0,"gold_loss":0.0,"damage_taken":0.0},{"damage_healed":0.0,"max_hp_gain":0.0,"max_hp_loss":0.0,"gold_gain":0.0,"event_name":"MindBloom","player_choice":"Fight","floor":38.0,"gold_loss":0.0,"damage_taken":0.0},{"damage_healed":0.0,"max_hp_gain":0.0,"max_hp_loss":0.0,"gold_gain":333.0,"event_name":"The Moai Head","player_choice":"Gave Idol","floor":39.0,"relics_lost":["Golden Idol"],"gold_loss":0.0,"damage_taken":0.0},{"cards_removed":["Deadly Poison"],"damage_healed":0.0,"max_hp_gain":0.0,"max_hp_loss":0.0,"gold_gain":0.0,"event_name":"Falling","player_choice":"Removed Skill","floor":44.0,"gold_loss":0.0,"damage_taken":0.0}],"is_beta":false,"boss_relics":[{"not_picked":["SlaversCollar","Astrolabe"],"picked":"Empty Cage"},{"not_picked":["Cursed Key","Philosopher\u0027s Stone"],"picked":"Calling Bell"}],"items_purged_floors":[54],"is_endless":false,"potions_floor_spawned":[1,13,16,23,29,31,33,38,41,42,46,48,55],"ascension_level":20}}