{"host":"kda2p2afd6bvz6qo","time":1610295732,"event":{"mods":["BaseMod","Colored Map","Minty Spire (QoL Compilation)","Relic Stats"],"gold_per_floor":[116,135,147,222,242,242,272,272,272,307,324,324,344,371,371,371,371],"floor_reached":16,"playtime":724,"items_purged":[],"score":213,"play_id":"0613e5c2-9ed5-4584-8882-1fe52cb2bcda","local_time":"20210110162212","is_ascension_mode":true,"campfire_choices":[{"data":"Sucker Punch","floor":6,"key":"SMITH"},{"floor":8,"key":"REST"},{"floor":12,"key":"REST"},{"data":"Neutralize","floor":15,"key":"SMITH"}],"circlet_count":0,"master_deck":["AscendersBane","Strike_G","Strike_G","Strike_G","Strike_G","Strike_G","Defend_G","Defend_G","Defend_G","Defend_G","Defend_G","Survivor","Neutralize+1","Dagger Spray","Heel Hook","Predator","Sucker Punch+1","Backflip+1","Injury","Acrobatics+1","Leg Sweep+1","Crippling Poison+1","Writhe"],"relics":["Cursed Key","Toxic Egg 2","Gremlin Horn","Question Card","Anchor"],"acts_visited":["Exordium"],"potions_floor_usage":[7,11],"damage_taken":[{"damage":3,"enemies":"2 Louse","floor":1,"turns":3},{"damage":0,"enemies":"Jaw Worm","floor":2,"turns":4},{"damage":1,"enemies":"Cultist","floor":3,"turns":4},{"damage":16,"enemies":"Exordium Wildlife","floor":5,"turns":5},{"damage":12,"enemies":"3 Sentries","floor":7,"turns":8},{"damage":24,"enemies":"Gremlin Nob","floor":10,"turns":4},{"damage":4,"enemies":"Blue Slaver","floor":11,"turns":3},{"damage":0,"enemies":"Looter","floor":13,"turns":3},{"damage":32,"enemies":"Hexaghost","floor":16,"turns":14}],"seed_played":"6919559447327476467","potions_obtained":[{"floor":2,"key":"Energy Potion"},{"floor":7,"key":"Weak Potion"},{"floor":10,"key":"Ancient Potion"}],"is_trial":false,"path_per_floor":["M","M","M","?","M","R","E","R","T","E","M","R","M","T","R","B"],"character_chosen":"THE_SILENT","items_purchased":[],"campfire_rested":2,"item_purchase_floors":[],"current_hp_per_floor":[56,56,55,44,28,28,16,35,35,11,7,26,26,26,26,0,0],"gold":371,"neow_bonus":"BOSS_RELIC","is_daily":false,"chose_seed":false,"campfire_upgraded":2,"win_rate":0.0,"timestamp":1610295732,"path_taken":["M","M","M","?","M","R","E","R","T","E","M","R","M","?","R","BOSS"],"items_purchased_type":[],"build_version":"2020-12-22","purchased_purges":0,"victory":false,"max_hp_per_floor":[66,66,66,66,66,66,66,66,66,66,66,66,66,66,66,66,66],"relic_stats":{"Gremlin Horn":[0,0],"counters":[9,48],"Cursed Key":2,"Question Card":2,"obtain_stats":[{"Anchor":14,"Gremlin Horn":9,"Toxic Egg 2":7,"Cursed Key":0,"Question Card":10,"Ring of the Snake":0},{"Anchor":8,"Gremlin Horn":5,"Toxic Egg 2":5,"Cursed Key":0,"Question Card":6,"Ring of the Snake":0},{"Anchor":34,"Gremlin Horn":24,"Toxic Egg 2":24,"Cursed Key":0,"Question Card":28,"Ring of the Snake":0}]},"card_choices":[{"not_picked":["Backflip","Backstab"],"picked":"Dagger Spray","floor":1},{"not_picked":["Blade Dance","Deflect"],"picked":"Heel Hook","floor":2},{"not_picked":["Skewer","Sucker Punch"],"picked":"Predator","floor":3},{"not_picked":["Outmaneuver","Dash"],"picked":"Sucker Punch","floor":5},{"not_picked":["Dagger Spray","Quick Slash"],"picked":"Backflip+1","floor":7},{"not_picked":["Eviscerate","Underhanded Strike"],"picked":"Acrobatics+1","floor":10},{"not_picked":["Flying Knee","Burst+1","Slice"],"picked":"Leg Sweep+1","floor":11},{"not_picked":["Acrobatics+1","Flechettes","Slice"],"picked":"Crippling Poison+1","floor":13}],"player_experience":118512,"relics_obtained":[{"floor":7,"key":"Toxic Egg 2"},{"floor":9,"key":"Gremlin Horn"},{"floor":10,"key":"Question Card"},{"floor":14,"key":"Anchor"}],"event_choices":[{"damage_healed":0,"gold_gain":75,"player_choice":"Gather Gold","damage_taken":11,"max_hp_gain":0,"max_hp_loss":0,"event_name":"World of Goop","floor":4,"gold_loss":0}],"is_beta":false,"boss_relics":[],"items_purged_floors":[],"is_endless":false,"potions_floor_spawned":[2,7,10],"killed_by":"Hexaghost","ascension_level":18}}