{"host":"6swbl1yqdi8v28pk","time":1610323184,"event":{"mods":["AchievementEnabler","BaseMod","Colored Map","Minty Spire (QoL Compilation)","Quick Restart"],"gold_per_floor":[114,114,124,42,42,68,68,88,88,101,118,40,40,98,98,98,98],"floor_reached":16,"playtime":649,"items_purged":[],"score":105,"play_id":"f4e6a5c2-3893-431a-b81a-4b924768f5c3","local_time":"20210110175944","is_ascension_mode":true,"campfire_choices":[{"floor":13,"key":"REST"},{"floor":15,"key":"REST"}],"circlet_count":0,"master_deck":["Strike_G","Strike_G","Strike_G","Strike_G","Defend_G","Defend_G","Defend_G","Defend_G","Defend_G","Survivor","Neutralize","Storm of Steel","Slice","Accuracy","Endless Agony","Poisoned Stab","Crippling Poison","Prepared","Dodge and Roll","Footwork","Night Terror"],"relics":["Ring of the Snake","Gremlin Horn","Anchor","Pen Nib"],"acts_visited":["Exordium"],"potions_floor_usage":[16,16],"damage_taken":[{"damage":6,"enemies":"2 Louse","floor":1,"turns":2},{"damage":0,"enemies":"Small Slimes","floor":3,"turns":4},{"damage":27,"enemies":"3 Sentries","floor":6,"turns":10},{"damage":0,"enemies":"Jaw Worm","floor":8,"turns":4},{"damage":0,"enemies":"Large Slime","floor":10,"turns":4},{"damage":2,"enemies":"Looter","floor":11,"turns":3},{"damage":31,"enemies":"3 Sentries","floor":14,"turns":12},{"damage":19,"enemies":"The Guardian","floor":16,"turns":10}],"seed_played":"-8905522037327016489","potions_obtained":[{"floor":8,"key":"LiquidBronze"},{"floor":14,"key":"Dexterity Potion"}],"is_trial":false,"path_per_floor":["M","?","M","$","?","E","$","M","T","M","M","$","R","?","R","B"],"character_chosen":"THE_SILENT","items_purchased":["Endless Agony","Footwork"],"campfire_rested":2,"item_purchase_floors":[4,12],"current_hp_per_floor":[64,64,64,64,57,30,30,30,30,30,28,28,49,18,39,20,20],"gold":98,"neow_bonus":"ONE_RANDOM_RARE_CARD","is_daily":false,"chose_seed":false,"campfire_upgraded":0,"win_rate":0.0,"timestamp":1610323184,"path_taken":["M","?","M","$","?","E","$","M","T","M","M","?","R","?","R","BOSS"],"items_purchased_type":["Card","Card"],"build_version":"2020-12-22","purchased_purges":0,"victory":false,"max_hp_per_floor":[70,70,70,70,70,70,70,70,70,70,70,70,70,70,70,70,70],"card_choices":[{"not_picked":["Backflip","Quick Slash"],"picked":"Slice","floor":1},{"not_picked":["Flechettes","Deflect"],"picked":"Accuracy","floor":3},{"not_picked":["Caltrops","Reflex"],"picked":"Poisoned Stab","floor":6},{"not_picked":["Noxious Fumes","Flechettes"],"picked":"Crippling Poison","floor":8},{"not_picked":["Dagger Throw","Poisoned Stab"],"picked":"Prepared","floor":10},{"not_picked":["PiercingWail","Sucker Punch"],"picked":"Dodge and Roll","floor":11},{"not_picked":["Underhanded Strike","Deadly Poison"],"picked":"Night Terror","floor":14}],"player_experience":101877,"relics_obtained":[{"floor":6,"key":"Gremlin Horn"},{"floor":9,"key":"Anchor"},{"floor":14,"key":"Pen Nib"}],"event_choices":[{"damage_healed":0,"gold_gain":0,"player_choice":"Ignored","damage_taken":0,"max_hp_gain":0,"max_hp_loss":0,"event_name":"Liars Game","floor":2,"gold_loss":0},{"cards_removed":["Strike_G"],"damage_healed":0,"gold_gain":0,"player_choice":"Card Removal","damage_taken":7,"max_hp_gain":0,"max_hp_loss":0,"event_name":"Golden Wing","floor":5,"gold_loss":0},{"damage_healed":0,"gold_gain":0,"player_choice":"Searched \u00272\u0027 times","damage_taken":0,"max_hp_gain":0,"max_hp_loss":0,"event_name":"Dead Adventurer","floor":14,"gold_loss":0}],"is_beta":false,"boss_relics":[],"items_purged_floors":[],"is_endless":false,"potions_floor_spawned":[8,14],"killed_by":"The Guardian","ascension_level":1}}