{"host":"1c52r9kaxdyo25eq","time":1610248866,"event":{"mods":["AchievementEnabler","BaseMod","Minty Spire (QoL Compilation)","Rare Cards Sparkle","SuperFastMode","everything is the same but u backflip on backflip"],"gold_per_floor":[119,119,119,149,161,173,218,230,268,280,326,384,396,44,44,44,44],"floor_reached":16,"playtime":259,"items_purged":["Strike_G"],"score":238,"play_id":"7579ded0-3dc7-4462-9e02-4babb5faabb5","local_time":"20210110122106","is_ascension_mode":true,"campfire_choices":[{"data":"Eviscerate","floor":6.0,"key":"SMITH"},{"data":"Neutralize","floor":8.0,"key":"SMITH"},{"data":"Deadly Poison","floor":10.0,"key":"SMITH"},{"data":"Prepared","floor":13.0,"key":"SMITH"},{"data":"Setup","floor":15.0,"key":"SMITH"}],"circlet_count":0,"master_deck":["AscendersBane","Strike_G","Strike_G","Strike_G","Strike_G","Defend_G","Defend_G","Defend_G","Defend_G","Defend_G","Survivor","Neutralize+1","Deadly Poison+1","Eviscerate+1","Prepared+1","Setup+1"],"relics":["Ring of the Snake","NeowsBlessing","Golden Idol","MawBank","Kunai","Juzu Bracelet","Odd Mushroom","Potion Belt","Toy Ornithopter"],"acts_visited":["Exordium"],"potions_floor_usage":[16,16,16],"damage_taken":[{"damage":0.0,"enemies":"Jaw Worm","floor":1.0,"turns":1.0},{"damage":0.0,"enemies":"2 Louse","floor":4.0,"turns":1.0},{"damage":0.0,"enemies":"Lagavulin","floor":7.0,"turns":1.0},{"damage":27.0,"enemies":"The Mushroom Lair","floor":11.0,"turns":5.0},{"damage":30,"enemies":"Slime Boss","floor":16,"turns":6}],"seed_played":"-964665523472762320","potions_obtained":[{"floor":7.0,"key":"FearPotion"},{"floor":11.0,"key":"SkillPotion"}],"is_trial":false,"path_per_floor":["M","?","?","M","$","R","E","R","T","R","?","T","R","$","R","B"],"character_chosen":"THE_SILENT","items_purchased":["Setup","GamblersBrew","Toy Ornithopter"],"campfire_rested":0,"item_purchase_floors":[14,14,14],"current_hp_per_floor":[59,59,48,48,48,48,48,48,48,48,21,21,21,21,21,6,6],"gold":44,"neow_bonus":"THREE_ENEMY_KILL","is_daily":false,"chose_seed":false,"campfire_upgraded":5,"win_rate":0.0,"timestamp":1610248866,"path_taken":["M","?","?","M","?","R","E","R","T","R","?","?","R","$","R","BOSS"],"items_purchased_type":["Card","Potion","Relic"],"build_version":"2020-12-22","purchased_purges":1,"victory":false,"max_hp_per_floor":[66,60,60,60,60,60,60,60,60,60,60,60,60,60,60,60,60],"card_choices":[{"not_picked":["Slice","Expertise"],"picked":"Deadly Poison","floor":1.0},{"not_picked":["Poisoned Stab","Flying Knee"],"picked":"Eviscerate","floor":4.0},{"not_picked":["Choke","Bane","Bouncing Flask"],"picked":"SKIP","floor":7.0},{"not_picked":["Dagger Throw","Quick Slash"],"picked":"Prepared","floor":11.0}],"player_experience":569850,"relics_obtained":[{"floor":7.0,"key":"Kunai"},{"floor":9.0,"key":"Juzu Bracelet"},{"floor":11.0,"key":"Odd Mushroom"},{"floor":12.0,"key":"Potion Belt"}],"event_choices":[{"damage_healed":0.0,"max_hp_gain":0.0,"max_hp_loss":6.0,"gold_gain":0.0,"event_name":"Golden Idol","player_choice":"Lose Max HP","floor":2.0,"gold_loss":0.0,"damage_taken":0.0,"relics_obtained":["Golden Idol"]},{"damage_healed":0.0,"max_hp_gain":0.0,"max_hp_loss":0.0,"gold_gain":0.0,"event_name":"Scrap Ooze","player_choice":"Success","floor":3.0,"gold_loss":0.0,"damage_taken":11.0,"relics_obtained":["MawBank"]},{"damage_healed":0.0,"max_hp_gain":0.0,"max_hp_loss":0.0,"gold_gain":0.0,"event_name":"Mushrooms","player_choice":"Fought Mushrooms","floor":11.0,"gold_loss":0.0,"damage_taken":0.0}],"is_beta":false,"boss_relics":[],"items_purged_floors":[14],"is_endless":false,"potions_floor_spawned":[7,11],"killed_by":"Slime Boss","ascension_level":20}}