{"host":"9ndbo4kgsfoemf7y","time":1610263225,"event":{"mods":["AchievementEnabler","BaseMod","Colored Map","DeckTracker","Keyboard Shortcuts","Minty Spire (QoL Compilation)","Permanent Neow","Quick Restart","Relic Stats","StSLib","SuperFastMode"],"gold_per_floor":[114,114,114,134,146,146,146,146,146,175,59,59,59],"floor_reached":12,"playtime":316,"items_purged":[],"score":99,"play_id":"cedb782d-7b2a-4324-822f-de6a0ee0aa2b","local_time":"20210110162025","is_ascension_mode":true,"campfire_choices":[{"floor":6.0,"key":"REST"},{"data":"Hologram","floor":8.0,"key":"SMITH"}],"circlet_count":0,"master_deck":["Strike_B+1","Defend_B","Defend_B","Defend_B","Defend_B","Zap","Dualcast","Skim","Conserve Battery+1","Hologram+1","Consume","Defragment","Undo"],"relics":["Cracked Core","The Courier","White Beast Statue","Blue Candle","Medical Kit"],"acts_visited":["Exordium"],"potions_floor_usage":[12,12],"damage_taken":[{"damage":2.0,"enemies":"2 Louse","floor":1.0,"turns":2.0},{"damage":11.0,"enemies":"Small Slimes","floor":4.0,"turns":4.0},{"damage":2.0,"enemies":"Jaw Worm","floor":5.0,"turns":3.0},{"damage":14.0,"enemies":"Lagavulin","floor":10.0,"turns":7.0},{"damage":33,"enemies":"Gremlin Nob","floor":12,"turns":3}],"seed_played":"-5661665830345604945","potions_obtained":[{"floor":4.0,"key":"DistilledChaos"},{"floor":10.0,"key":"Fruit Juice"}],"is_trial":false,"path_per_floor":["M","?","?","M","M","R","T","R","T","E","$","E"],"character_chosen":"DEFECT","items_purchased":["Medical Kit"],"campfire_rested":1,"item_purchase_floors":[11],"current_hp_per_floor":[48,33,33,22,20,42,42,42,42,28,28,0,0],"gold":59,"neow_bonus":"TRANSFORM_TWO_CARDS","is_daily":false,"chose_seed":false,"campfire_upgraded":1,"win_rate":0.0,"timestamp":1610263225,"path_taken":["M","?","?","M","M","R","?","R","T","E","$","E"],"items_purchased_type":["Relic"],"build_version":"2020-12-22","purchased_purges":0,"victory":false,"max_hp_per_floor":[75,75,75,75,75,75,75,75,75,75,75,80,80],"relic_stats":{"counters":[5,19],"Blue Candle":[0],"Medical Kit":[0],"obtain_stats":[{"Blue Candle":10,"The Courier":7,"Cracked Core":0,"Medical Kit":11,"White Beast Statue":9},{"Blue Candle":4,"The Courier":3,"Cracked Core":0,"Medical Kit":4,"White Beast Statue":3},{"Blue Candle":16,"The Courier":9,"Cracked Core":0,"Medical Kit":16,"White Beast Statue":9}]},"card_choices":[{"not_picked":["Go for the Eyes","Ball Lightning"],"picked":"Hologram","floor":1.0},{"not_picked":["Cold Snap","Streamline"],"picked":"Defragment","floor":4.0},{"not_picked":["Redo","Sunder"],"picked":"Undo","floor":5.0},{"not_picked":["Conserve Battery","Stack","Steam"],"picked":"SKIP","floor":10.0}],"player_experience":807281,"relics_obtained":[{"floor":7.0,"key":"The Courier"},{"floor":9.0,"key":"White Beast Statue"},{"floor":10.0,"key":"Blue Candle"}],"event_choices":[{"damage_healed":0.0,"max_hp_gain":0.0,"max_hp_loss":0.0,"gold_gain":0.0,"event_name":"Shining Light","player_choice":"Entered Light","floor":2.0,"gold_loss":0.0,"damage_taken":15.0,"cards_upgraded":["Conserve Battery","Strike_B"]},{"damage_healed":0.0,"max_hp_gain":0.0,"max_hp_loss":0.0,"gold_gain":0.0,"cards_transformed":["Strike_B"],"event_name":"Living Wall","player_choice":"Change","floor":3.0,"gold_loss":0.0,"damage_taken":0.0,"cards_obtained":["Consume"]}],"is_beta":false,"boss_relics":[],"items_purged_floors":[],"is_endless":false,"potions_floor_spawned":[4,10],"killed_by":"Gremlin Nob","ascension_level":6}}