{"host":"3rixevx6n8b56xaj","time":1610268449,"event":{"mods":["2.2 Compatiblity","AchievementEnabler","Arknights The Spire","BaseMod","Colored Map","DeckTracker","Friendly Minions","Minty Spire (QoL Compilation)","Poor People Problems","StSLib","SuperFastMode"],"gold_per_floor":[111,36,36,36,36,62,62,62,62,76,89,117,131,169,169,292,292,336,377,417,452,46,46,46,46,46,21,73,112,112,19,19,142,142,178,217,217,154,198,254,274,274,274,274,312,376,416,464,464,494,494,494,245,274,274],"floor_reached":56,"playtime":1768,"items_purged":["Defend_P","Defend_P","Defend_P+1","Strike_P+1"],"score":1539,"play_id":"ef641061-c8f9-4d3b-9c18-13231554ac66","local_time":"20210110174729","is_ascension_mode":false,"campfire_choices":[{"data":"Eruption","floor":8,"key":"SMITH"},{"data":"1","floor":15,"key":"LIFT"},{"data":"2","floor":23,"key":"LIFT"},{"data":"3","floor":25,"key":"LIFT"},{"floor":30,"key":"RECALL"},{"floor":32,"key":"REST"},{"floor":42,"key":"REST"},{"floor":49,"key":"REST"},{"floor":52,"key":"REST"}],"circlet_count":0,"master_deck":["Defend_P+1","Eruption+1","Vigilance+1","SignatureMove+1","LessonLearned+1","CutThroughFate+1","FlurryOfBlows+1","Wish+1","EmptyBody+1","DeusExMachina+1","Evaluate+1","FearNoEvil+1","Wallop+1","Study+1","FollowUp+1","Master of Strategy+1","Vault+1","CrushJoints+1","Halt+1","Tantrum+1","WheelKick+1","MentalFortress"],"relics":["PureWater","NeowsBlessing","Mummified Hand","Girya","Fusion Hammer","Membership Card","Bag of Preparation","Ornamental Fan","White Beast Statue","Mercury Hourglass","Black Star","Du-Vu Doll","Molten Egg 2","Lizard Tail","GoldenEye","Boot","Nunchaku","Torii","HornCleat"],"acts_visited":["Exordium","TheCity","TheBeyond","TheEnding"],"potions_floor_usage":[16,16,28,29,33,54,55,55,55],"damage_taken":[{"damage":0,"enemies":"Cultist","floor":1,"turns":1},{"damage":0,"enemies":"3 Sentries","floor":6,"turns":2},{"damage":0,"enemies":"2 Louse","floor":10,"turns":1},{"damage":6,"enemies":"Jaw Worm","floor":11,"turns":3},{"damage":4,"enemies":"Gremlin Nob","floor":12,"turns":3},{"damage":0,"enemies":"Exordium Wildlife","floor":13,"turns":2},{"damage":0,"enemies":"Blue Slaver","floor":14,"turns":2},{"damage":41,"enemies":"Hexaghost","floor":16,"turns":11},{"damage":0,"enemies":"3 Byrds","floor":18,"turns":4},{"damage":10,"enemies":"2 Thieves","floor":19,"turns":4},{"damage":0,"enemies":"Snecko","floor":20,"turns":2},{"damage":0,"enemies":"Snake Plant","floor":21,"turns":2},{"damage":0,"enemies":"Gremlin Leader","floor":28,"turns":2},{"damage":12,"enemies":"Centurion and Healer","floor":29,"turns":4},{"damage":0,"enemies":"Collector","floor":33,"turns":5},{"damage":3,"enemies":"Orb Walker","floor":35,"turns":4},{"damage":0,"enemies":"3 Shapes","floor":36,"turns":2},{"damage":0,"enemies":"Jaw Worm Horde","floor":39,"turns":2},{"damage":12,"enemies":"Reptomancer","floor":40,"turns":4},{"damage":0,"enemies":"Writhing Mass","floor":41,"turns":1},{"damage":2,"enemies":"Sphere and 2 Shapes","floor":45,"turns":4},{"damage":0,"enemies":"Giant Head","floor":46,"turns":6},{"damage":0,"enemies":"Maw","floor":47,"turns":5},{"damage":0,"enemies":"Jaw Worm Horde","floor":48,"turns":3},{"damage":0,"enemies":"Donu and Deca","floor":50,"turns":5},{"damage":2,"enemies":"Shield and Spear","floor":54,"turns":3},{"damage":21,"enemies":"The Heart","floor":55,"turns":6}],"seed_played":"-2519426643536606604","potions_obtained":[{"floor":10,"key":"LiquidBronze"},{"floor":11,"key":"Weak Potion"},{"floor":13,"key":"PowerPotion"},{"floor":16,"key":"LiquidBronze"},{"floor":19,"key":"Dexterity Potion"},{"floor":28,"key":"Explosive Potion"},{"floor":29,"key":"StancePotion"},{"floor":33,"key":"SteroidPotion"},{"floor":35,"key":"Dexterity Potion"},{"floor":36,"key":"Dexterity Potion"},{"floor":39,"key":"Energy Potion"},{"floor":54,"key":"LiquidMemories"}],"is_trial":false,"path_per_floor":["M","$","?","?","$","E","?","R","T","M","M","E","M","M","R","B",null,"M","M","M","M","$","R","?","R","T","$","E","M","R","$","R","B",null,"M","M","?","$","M","E","M","R","T","?","M","E","M","M","R","B",null,"R","$","E","B",null],"character_chosen":"WATCHER","items_purchased":["Membership Card","Bag of Preparation","Ornamental Fan","Energy Potion","Master of Strategy","Nunchaku","WheelKick+1","MentalFortress","DuplicationPotion"],"campfire_rested":4,"item_purchase_floors":[22,22,22,27,31,53,53,53,53],"current_hp_per_floor":[72,72,58,58,58,58,58,58,58,58,52,48,48,48,48,7,72,72,62,62,62,62,62,62,62,62,62,62,50,50,50,71,71,72,69,69,68,68,68,56,56,68,68,68,66,66,66,66,68,68,68,68,68,66,45],"gold":274,"neow_bonus":"THREE_ENEMY_KILL","is_daily":false,"chose_seed":false,"campfire_upgraded":1,"win_rate":0.0,"timestamp":1610268449,"path_taken":["M","$","?","?","$","E","?","R","T","M","M","E","M","M","R","BOSS","M","M","?","M","$","R","?","R","T","$","E","M","R","?","R","BOSS","M","M","?","$","M","E","M","R","T","?","M","E","M","M","R","BOSS","R","$","E","BOSS"],"items_purchased_type":["Relic","Relic","Relic","Potion","Card","Relic","Card","Card","Potion"],"build_version":"2020-12-22","purchased_purges":4,"victory":true,"max_hp_per_floor":[72,72,72,72,72,72,72,72,72,72,72,72,72,72,72,72,72,72,72,72,72,72,72,72,72,72,72,72,72,72,72,72,72,72,72,72,68,68,68,68,68,68,68,68,68,68,68,68,68,68,68,68,68,68,68],"card_choices":[{"not_picked":["ThirdEye","Crescendo","PathToVictory"],"picked":"SKIP","floor":1},{"not_picked":["ThirdEye","PathToVictory"],"picked":"SignatureMove","floor":6},{"not_picked":["Vengeance","ThirdEye"],"picked":"CutThroughFate","floor":10},{"not_picked":["PathToVictory","ClearTheMind"],"picked":"FlurryOfBlows","floor":11},{"not_picked":["CutThroughFate","Halt"],"picked":"Wish","floor":12},{"not_picked":["WindmillStrike","Crescendo","Halt"],"picked":"SKIP","floor":13},{"not_picked":["FlurryOfBlows","JustLucky"],"picked":"EmptyBody","floor":14},{"not_picked":["MasterReality","Devotion"],"picked":"DeusExMachina","floor":16},{"not_picked":["Consecrate","WaveOfTheHand"],"picked":"Evaluate+1","floor":18},{"not_picked":["EmptyBody","Study"],"picked":"FearNoEvil","floor":19},{"not_picked":["JustLucky+1","SashWhip","Perseverance"],"picked":"SKIP","floor":20},{"not_picked":["Consecrate","Conclude"],"picked":"Wallop","floor":21},{"not_picked":["Evaluate","Ragnarok","CutThroughFate"],"picked":"SKIP","floor":28},{"not_picked":["Consecrate","Prostrate","WindmillStrike"],"picked":"SKIP","floor":29},{"not_picked":["Judgement","Alpha"],"picked":"Vault","floor":33},{"not_picked":["BowlingBash","CarveReality"],"picked":"CrushJoints+1","floor":35},{"not_picked":["FlyingSleeves","ClearTheMind+1","Meditate"],"picked":"SKIP","floor":36},{"not_picked":["WindmillStrike+1","EmptyFist","Protect"],"picked":"SKIP","floor":39},{"not_picked":["Worship","Prostrate","Consecrate+1"],"picked":"SKIP","floor":40},{"not_picked":["Evaluate","Consecrate+1"],"picked":"Halt+1","floor":41},{"not_picked":["SashWhip+1","Meditate+1","WindmillStrike+1"],"picked":"SKIP","floor":45},{"not_picked":["BattleHymn","Wish","WaveOfTheHand+1"],"picked":"SKIP","floor":46},{"not_picked":["Conclude+1","Consecrate+1"],"picked":"Tantrum+1","floor":47},{"not_picked":["DeceiveReality","Prostrate+1","Wireheading"],"picked":"SKIP","floor":48},{"not_picked":["JustLucky+1","Weave+1","ClearTheMind+1"],"picked":"SKIP","floor":54}],"player_experience":609580,"relics_obtained":[{"floor":6,"key":"Mummified Hand"},{"floor":12,"key":"Girya"},{"floor":26,"key":"White Beast Statue"},{"floor":28,"key":"Mercury Hourglass"},{"floor":40,"key":"Du-Vu Doll"},{"floor":40,"key":"Molten Egg 2"},{"floor":43,"key":"Lizard Tail"},{"floor":46,"key":"GoldenEye"},{"floor":46,"key":"Boot"},{"floor":54,"key":"Torii"},{"floor":54,"key":"HornCleat"}],"event_choices":[{"damage_healed":0,"gold_gain":0,"player_choice":"Entered Light","damage_taken":14,"max_hp_gain":0,"max_hp_loss":0,"event_name":"Shining Light","floor":3,"gold_loss":0,"cards_upgraded":["Vigilance","Strike_P"]},{"damage_healed":0,"gold_gain":0,"cards_transformed":["Strike_P"],"player_choice":"Change","damage_taken":0,"max_hp_gain":0,"max_hp_loss":0,"event_name":"Living Wall","floor":4,"gold_loss":0,"cards_obtained":["Weave"]},{"damage_healed":0,"gold_gain":0,"cards_transformed":["Weave"],"player_choice":"Transformed","damage_taken":0,"max_hp_gain":0,"max_hp_loss":0,"event_name":"Transmorgrifier","floor":7,"gold_loss":0,"cards_obtained":["LessonLearned"]},{"damage_healed":0,"gold_gain":0,"cards_transformed":["Strike_P","Strike_P"],"player_choice":"Became Test Subject","damage_taken":0,"max_hp_gain":0,"max_hp_loss":0,"event_name":"Drug Dealer","floor":24,"gold_loss":0,"cards_obtained":["Study","FollowUp"]},{"damage_healed":0,"gold_gain":0,"player_choice":"Max HP","damage_taken":0,"max_hp_gain":0,"max_hp_loss":4,"event_name":"Winding Halls","floor":37,"gold_loss":0},{"damage_healed":0,"gold_gain":0,"player_choice":"Ignored","damage_taken":0,"max_hp_gain":0,"max_hp_loss":0,"event_name":"Tomb of Lord Red Mask","floor":44,"gold_loss":0}],"is_beta":false,"boss_relics":[{"not_picked":["Empty Cage","Runic Pyramid"],"picked":"Fusion Hammer"},{"not_picked":["Pandora\u0027s Box","Tiny House"],"picked":"Black Star"}],"items_purged_floors":[2,22,38,53],"is_endless":false,"potions_floor_spawned":[10,11,13,16,19,28,29,33,35,36,39,40,41,45,46,47,48,54],"ascension_level":0}}