{"host":"w3q5ijqu8eoknil3","time":1610258822,"event":{"mods":["AchievementEnabler","BaseMod","Block Reminder","Colored Map","Colored Powertips","Curses Come First","Minty Spire (QoL Compilation)","Quick Restart","Relic Stats","StSLib","ojb\u0027s Better Paths Mod","ojb\u0027s Info Mod","slay the spire mod where everything is the same but ironclad has a cowboy hat"],"gold_per_floor":[118,132,209,219,219,251,264,276,276,286,313,323,323,46,46,46,46],"floor_reached":16,"playtime":550,"items_purged":[],"score":257,"play_id":"389ee97d-10b0-449d-ba40-7b938c5d619f","local_time":"20210110060702","is_ascension_mode":true,"campfire_choices":[{"data":"Poisoned Stab","floor":13,"key":"SMITH"},{"floor":15,"key":"REST"}],"circlet_count":0,"master_deck":["AscendersBane","Strike_G","Strike_G","Strike_G","Strike_G","Strike_G","Defend_G","Defend_G","Defend_G","Defend_G","Defend_G","Survivor","Neutralize","Bouncing Flask","Dash","Poisoned Stab","Wraith Form v2","Backstab","PiercingWail","Blur","Poisoned Stab+1","Dagger Spray"],"relics":["Velvet Choker","Kunai","Bag of Marbles","Gremlin Horn","Peace Pipe","Ornamental Fan"],"acts_visited":["Exordium"],"potions_floor_usage":[10,11],"damage_taken":[{"damage":0,"enemies":"2 Louse","floor":1,"turns":2},{"damage":0,"enemies":"Small Slimes","floor":2,"turns":3},{"damage":0,"enemies":"Cultist","floor":4,"turns":4},{"damage":23,"enemies":"Gremlin Nob","floor":6,"turns":5},{"damage":21,"enemies":"3 Louse","floor":7,"turns":3},{"damage":4,"enemies":"Red Slaver","floor":8,"turns":3},{"damage":6,"enemies":"Exordium Wildlife","floor":10,"turns":2},{"damage":0,"enemies":"3 Sentries","floor":11,"turns":7},{"damage":0,"enemies":"Exordium Thugs","floor":12,"turns":3},{"damage":34,"enemies":"Slime Boss","floor":16,"turns":6}],"seed_played":"6658060712739824335","potions_obtained":[{"floor":2,"key":"DuplicationPotion"},{"floor":4,"key":"DuplicationPotion"},{"floor":10,"key":"Fruit Juice"}],"is_trial":false,"path_per_floor":["M","M","?","M","?","E","M","M","T","M","E","M","R","$","R","B"],"character_chosen":"THE_SILENT","items_purchased":["Ornamental Fan"],"campfire_rested":1,"item_purchase_floors":[14],"current_hp_per_floor":[59,59,59,59,59,36,15,11,11,10,10,10,10,10,31,0,0],"gold":46,"neow_bonus":"BOSS_RELIC","is_daily":false,"chose_seed":false,"campfire_upgraded":1,"win_rate":0.0,"timestamp":1610258822,"path_taken":["M","M","?","M","?","E","M","M","T","?","E","M","R","$","R","BOSS"],"items_purchased_type":["Relic"],"build_version":"2020-12-22","purchased_purges":0,"victory":false,"max_hp_per_floor":[66,66,66,66,66,66,66,66,66,71,71,71,71,71,71,71,71],"relic_stats":{"Peace Pipe":0,"Gremlin Horn":[4,4],"counters":[10,38],"Ornamental Fan":[8],"Kunai":[9],"obtain_stats":[{"Peace Pipe":11,"Gremlin Horn":9,"Ornamental Fan":14,"Velvet Choker":0,"Bag of Marbles":6,"Kunai":5,"Ring of the Snake":0},{"Peace Pipe":8,"Gremlin Horn":6,"Ornamental Fan":9,"Velvet Choker":0,"Bag of Marbles":4,"Kunai":3,"Ring of the Snake":0},{"Peace Pipe":29,"Gremlin Horn":20,"Ornamental Fan":32,"Velvet Choker":0,"Bag of Marbles":14,"Kunai":9,"Ring of the Snake":0}]},"card_choices":[{"not_picked":["Blade Dance","Dagger Throw"],"picked":"Bouncing Flask","floor":1},{"not_picked":["Sucker Punch","Masterful Stab"],"picked":"Dash","floor":2},{"not_picked":["Blade Dance","Deadly Poison"],"picked":"Poisoned Stab","floor":4},{"not_picked":["Endless Agony","Choke"],"picked":"Wraith Form v2","floor":6},{"not_picked":["Cloak And Dagger","Prepared"],"picked":"Backstab","floor":7},{"not_picked":["Bane","Dagger Throw"],"picked":"PiercingWail","floor":8},{"not_picked":["Escape Plan","Prepared"],"picked":"Blur","floor":10},{"not_picked":["Deflect","Well Laid Plans"],"picked":"Poisoned Stab","floor":11},{"not_picked":["Predator","Distraction"],"picked":"Dagger Spray","floor":12}],"player_experience":946208,"relics_obtained":[{"floor":6,"key":"Bag of Marbles"},{"floor":9,"key":"Gremlin Horn"},{"floor":11,"key":"Peace Pipe"}],"event_choices":[{"damage_healed":0,"gold_gain":77,"player_choice":"Gained Gold","damage_taken":0,"max_hp_gain":0,"max_hp_loss":0,"event_name":"Golden Wing","floor":3,"gold_loss":0},{"damage_healed":0,"gold_gain":0,"player_choice":"Gave Potion","damage_taken":0,"relics_obtained":["Kunai"],"max_hp_gain":0,"max_hp_loss":0,"event_name":"WeMeetAgain","floor":5,"gold_loss":0}],"is_beta":false,"boss_relics":[],"items_purged_floors":[],"is_endless":false,"potions_floor_spawned":[2,4,10],"killed_by":"Slime Boss","ascension_level":17}}