{"host":"h4390p13uu6iw1q5","time":1610257642,"event":{"mods":["BaseMod","Colored Map","Minty Spire (QoL Compilation)"],"gold_per_floor":[117,117,67,80,80,80,111,131,204,60,88,101,101,119,119,119,119],"floor_reached":16,"playtime":531,"items_purged":[],"score":209,"play_id":"30aba40b-d4b8-4f1f-9e36-5fef8151052a","local_time":"20210110004722","is_ascension_mode":true,"campfire_choices":[{"data":"CrushJoints","floor":6,"key":"SMITH"},{"data":"Consecrate","floor":13,"key":"SMITH"},{"data":"TalkToTheHand","floor":15,"key":"SMITH"}],"circlet_count":0,"master_deck":["AscendersBane","Strike_P","Strike_P","Strike_P","Defend_P","Defend_P","Defend_P","Defend_P+1","Eruption+1","Vigilance","Wallop+1","CrushJoints+1","TalkToTheHand+1","Adaptation","CrushJoints","Consecrate+1","ClearTheMind"],"relics":["Tiny House","Oddly Smooth Stone","Gremlin Horn","PreservedInsect","Sundial"],"acts_visited":["Exordium"],"potions_floor_usage":[11,16,16],"damage_taken":[{"damage":0,"enemies":"2 Louse","floor":1,"turns":3},{"damage":0,"enemies":"Jaw Worm","floor":4,"turns":3},{"damage":23,"enemies":"Lagavulin","floor":7,"turns":6},{"damage":0,"enemies":"Cultist","floor":8,"turns":3},{"damage":0,"enemies":"Gremlin Nob","floor":11,"turns":4},{"damage":11,"enemies":"Blue Slaver","floor":12,"turns":5},{"damage":0,"enemies":"2 Fungi Beasts","floor":14,"turns":3},{"damage":36,"enemies":"Hexaghost","floor":16,"turns":11}],"seed_played":"8233965163372366417","potions_obtained":[{"floor":1,"key":"Explosive Potion"},{"floor":8,"key":"Block Potion"},{"floor":11,"key":"BottledMiracle"},{"floor":12,"key":"Block Potion"}],"is_trial":false,"path_per_floor":["M","?","?","M","?","R","E","M","T","$","E","M","R","M","R","B"],"character_chosen":"WATCHER","items_purchased":["PreservedInsect"],"campfire_rested":0,"item_purchase_floors":[10],"current_hp_per_floor":[70,70,70,70,70,70,47,47,47,47,47,36,36,36,36,0,0],"gold":119,"neow_bonus":"BOSS_RELIC","is_daily":false,"chose_seed":false,"campfire_upgraded":3,"win_rate":0.0,"timestamp":1610257642,"path_taken":["M","?","?","M","?","R","E","M","T","$","E","M","R","M","R","BOSS"],"items_purchased_type":["Relic"],"build_version":"2020-12-22","purchased_purges":0,"victory":false,"max_hp_per_floor":[77,77,77,77,77,77,77,77,77,77,77,77,77,77,77,77,77],"card_choices":[{"not_picked":["EmptyMind","Nirvana"],"picked":"Wallop","floor":1},{"not_picked":["ClearTheMind","Perseverance"],"picked":"CrushJoints","floor":4},{"not_picked":["Tantrum","Fasting2"],"picked":"TalkToTheHand","floor":7},{"not_picked":["CutThroughFate","FollowUp"],"picked":"Adaptation","floor":8},{"not_picked":["DeceiveReality","DeusExMachina"],"picked":"CrushJoints","floor":11},{"not_picked":["CrushJoints","Crescendo"],"picked":"Consecrate","floor":12},{"not_picked":["Fasting2","Evaluate"],"picked":"ClearTheMind","floor":14}],"player_experience":2431151,"relics_obtained":[{"floor":7,"key":"Oddly Smooth Stone"},{"floor":9,"key":"Gremlin Horn"},{"floor":11,"key":"Sundial"}],"event_choices":[{"damage_healed":0,"gold_gain":0,"player_choice":"Grow","damage_taken":0,"max_hp_gain":0,"max_hp_loss":0,"event_name":"Living Wall","floor":2,"gold_loss":0,"cards_upgraded":["Wallop"]},{"cards_removed":["Strike_P"],"damage_healed":0,"gold_gain":0,"player_choice":"Card Removal","damage_taken":0,"max_hp_gain":0,"max_hp_loss":0,"event_name":"The Cleric","floor":3,"gold_loss":50},{"damage_healed":0,"gold_gain":0,"player_choice":"Upgraded","damage_taken":0,"max_hp_gain":0,"max_hp_loss":0,"event_name":"Upgrade Shrine","floor":5,"gold_loss":0,"cards_upgraded":["Eruption"]}],"is_beta":false,"boss_relics":[],"items_purged_floors":[],"is_endless":false,"potions_floor_spawned":[1,8,11,12,14],"killed_by":"Hexaghost","ascension_level":11}}