{"host":"qgrlfjrqk9z96gfi","time":1610240472,"event":{"mods":["BaseMod","Block Reminder","Colored Map","DeckTracker","Minty Spire (QoL Compilation)"],"gold_per_floor":[115,190,190,206,72,72,88,38,38,66,66,66,66],"floor_reached":12,"playtime":156,"items_purged":["Strike_G"],"score":152,"play_id":"1e02fb39-a5b4-4dc0-9a9c-e07adbcd8aa6","local_time":"20210109150112","is_ascension_mode":true,"campfire_choices":[{"data":"Blade Dance","floor":6,"key":"SMITH"}],"circlet_count":0,"master_deck":["AscendersBane","Strike_G","Strike_G","Strike_G","Strike_G","Defend_G","Defend_G","Defend_G","Defend_G","Defend_G","Survivor","Neutralize","Dagger Spray+1","PiercingWail","Blade Dance+1","Poisoned Stab","Deadly Poison","Dash"],"relics":["Ring of the Snake","NeowsBlessing","Ornamental Fan","Akabeko"],"acts_visited":["Exordium"],"potions_floor_usage":[10],"damage_taken":[{"damage":0,"enemies":"Cultist","floor":1,"turns":1},{"damage":0,"enemies":"2 Louse","floor":4,"turns":1},{"damage":0,"enemies":"Jaw Worm","floor":7,"turns":1},{"damage":18,"enemies":"Gremlin Nob","floor":10,"turns":4},{"damage":45,"enemies":"Lagavulin","floor":12,"turns":6}],"seed_played":"-6933900710864412149","potions_obtained":[{"floor":4,"key":"Fire Potion"}],"is_trial":false,"path_per_floor":["M","?","?","M","$","R","M","$","T","E","?","E"],"character_chosen":"THE_SILENT","items_purchased":["Blade Dance","Deadly Poison"],"campfire_rested":0,"item_purchase_floors":[5,8],"current_hp_per_floor":[59,48,48,48,48,48,48,48,48,30,30,0,0],"gold":66,"neow_bonus":"THREE_ENEMY_KILL","is_daily":false,"chose_seed":false,"campfire_upgraded":1,"win_rate":0.0,"timestamp":1610240472,"path_taken":["M","?","?","M","$","R","M","?","T","E","?","E"],"items_purchased_type":["Card","Card"],"build_version":"2020-12-22","purchased_purges":1,"victory":false,"max_hp_per_floor":[66,66,66,66,66,66,66,66,66,66,66,66,66],"card_choices":[{"not_picked":["Slice","Prepared"],"picked":"Dagger Spray","floor":1},{"not_picked":["Backflip","Deflect"],"picked":"PiercingWail","floor":4},{"not_picked":["Eviscerate","Bane"],"picked":"Poisoned Stab","floor":7},{"not_picked":["Quick Slash","Backflip"],"picked":"Dash","floor":10}],"player_experience":983739,"relics_obtained":[{"floor":9,"key":"Ornamental Fan"},{"floor":10,"key":"Akabeko"}],"event_choices":[{"damage_healed":0,"gold_gain":75,"player_choice":"Gather Gold","damage_taken":11,"max_hp_gain":0,"max_hp_loss":0,"event_name":"World of Goop","floor":2,"gold_loss":0},{"damage_healed":0,"gold_gain":0,"player_choice":"Grow","damage_taken":0,"max_hp_gain":0,"max_hp_loss":0,"event_name":"Living Wall","floor":3,"gold_loss":0,"cards_upgraded":["Dagger Spray"]},{"damage_healed":0,"gold_gain":0,"player_choice":"Ignored","damage_taken":0,"max_hp_gain":0,"max_hp_loss":0,"event_name":"Shining Light","floor":11,"gold_loss":0}],"is_beta":false,"boss_relics":[],"items_purged_floors":[5],"is_endless":false,"potions_floor_spawned":[4],"killed_by":"Lagavulin","ascension_level":20}}