{"host":"ddtuco1kg402mgn3","time":1610282779,"event":{"mods":["AchievementEnabler","Act Like it!","BaseMod","Colored Map","DeckTracker","Friendly Minions","GifTheSpireLib","HexUI Lib","Highlight Path","Minty Spire (QoL Compilation)","Quick Restart","Rare Cards Sparkle","StSLib","SuperFastMode"],"gold_per_floor":[116,116,128,158,182,228,240,177,202,202,230,247,258,87,87,183,183,200,200,214,225,238,238,249,164,164,164,164,174,174,187,187,283,283,295,311,311,311,311,311,311,311,311,322,395,414,427,159,159,159],"floor_reached":51,"playtime":1797,"items_purged":["Strike_R","Strike_R","Bash"],"score":809,"play_id":"e2c60ff4-684d-46e9-b67b-c0fb7fd7be0a","local_time":"20210110204619","is_ascension_mode":false,"campfire_choices":[{"data":"Body Slam","floor":7.0,"key":"SMITH"},{"data":"Limit Break","floor":10.0,"key":"SMITH"},{"data":"Burning Pact","floor":15.0,"key":"SMITH"},{"data":"Offering","floor":28.0,"key":"SMITH"},{"data":"Power Through","floor":32.0,"key":"SMITH"},{"data":"Entrench","floor":40,"key":"SMITH"},{"data":"Power Through","floor":42,"key":"SMITH"},{"data":"Second Wind","floor":49,"key":"SMITH"}],"circlet_count":0,"master_deck":["Burning Pact+1","Inflame","Body Slam+1","Limit Break+1","Shrug It Off","Second Wind+1","Offering+1","Sword Boomerang","Dark Embrace+1","Burning Pact","Barricade+1","Power Through+1","Sentinel","Double Tap","Corruption+1","Entrench+1","Flex","Bloodletting+1","Shrug It Off"],"relics":["Burning Blood","NeowsBlessing","MawBank","Frozen Egg 2","Akabeko","Red Skull","Philosopher\u0027s Stone","Tiny Chest","White Beast Statue","Self Forming Clay","Pandora\u0027s Box","Paper Frog","Eternal Feather","Mummified Hand","Lantern"],"acts_visited":["Exordium","TheCity","TheBeyond"],"potions_floor_usage":[],"damage_taken":[{"damage":0.0,"enemies":"2 Louse","floor":1.0,"turns":1.0},{"damage":0.0,"enemies":"Cultist","floor":4.0,"turns":1.0},{"damage":0.0,"enemies":"Jaw Worm","floor":5.0,"turns":1.0},{"damage":36.0,"enemies":"Gremlin Nob","floor":6.0,"turns":5.0},{"damage":36.0,"enemies":"Lagavulin","floor":11.0,"turns":6.0},{"damage":1.0,"enemies":"Large Slime","floor":12.0,"turns":6.0},{"damage":11.0,"enemies":"2 Fungi Beasts","floor":13.0,"turns":3.0},{"damage":0.0,"enemies":"Slime Boss","floor":16.0,"turns":7.0},{"damage":8.0,"enemies":"Chosen","floor":18.0,"turns":3.0},{"damage":8.0,"enemies":"Shell Parasite","floor":20.0,"turns":6.0},{"damage":11.0,"enemies":"Centurion and Healer","floor":21.0,"turns":5.0},{"damage":36.0,"enemies":"Snake Plant","floor":22.0,"turns":5.0},{"damage":15.0,"enemies":"3 Cultists","floor":24.0,"turns":5.0},{"damage":6.0,"enemies":"Centurion and Healer","floor":29.0,"turns":4.0},{"damage":7.0,"enemies":"Shelled Parasite and Fungi","floor":31.0,"turns":3.0},{"damage":6.0,"enemies":"Automaton","floor":33.0,"turns":8.0},{"damage":9.0,"enemies":"3 Shapes","floor":35.0,"turns":3.0},{"damage":6.0,"enemies":"Orb Walker","floor":36.0,"turns":2.0},{"damage":22,"enemies":"3 Darklings","floor":44,"turns":2},{"damage":12,"enemies":"4 Shapes","floor":46,"turns":4},{"damage":0,"enemies":"Transient","floor":47,"turns":5},{"damage":38,"enemies":"Time Eater","floor":50,"turns":6}],"seed_played":"5156070087295820111","potions_obtained":[{"floor":1.0,"key":"Block Potion"},{"floor":4.0,"key":"PowerPotion"},{"floor":13.0,"key":"PowerPotion"},{"floor":16.0,"key":"Block Potion"}],"is_trial":false,"path_per_floor":["M","?","$","M","M","E","R","$","T","R","E","M","M","$","R","B",null,"M","?","M","M","M","?","M","?","T","?","R","M","T","M","R","B",null,"M","M","T","?","?","R","?","R","T","M","T","M","M","$","R","B",null],"character_chosen":"IRONCLAD","items_purchased":["Second Wind","Lantern"],"campfire_rested":0,"item_purchase_floors":[14,48],"current_hp_per_floor":[80,80,80,80,80,50,50,50,50,50,20,25,20,20,20,26,80,78,78,76,71,41,41,32,32,32,32,32,32,32,31,31,31,80,77,77,77,77,77,77,77,77,77,61,61,55,61,61,70,38],"gold":159,"neow_bonus":"THREE_ENEMY_KILL","is_daily":false,"chose_seed":false,"campfire_upgraded":8,"win_rate":0.0,"timestamp":1610282779,"path_taken":["M","?","$","?","M","E","R","?","T","R","E","M","M","$","R","BOSS","M","?","M","M","M","?","M","?","T","?","R","?","?","M","R","BOSS","M","M","?","?","?","R","?","R","T","M","?","M","?","$","R","BOSS"],"items_purchased_type":["Card","Relic"],"build_version":"2020-12-22","purchased_purges":3,"victory":true,"max_hp_per_floor":[80,80,80,80,80,80,80,80,80,80,80,80,80,80,80,80,80,80,80,80,80,80,80,80,80,80,80,80,80,80,80,80,80,80,80,80,80,80,80,80,80,80,80,80,80,80,80,80,80,80],"card_choices":[{"not_picked":["Sentinel","Anger"],"picked":"Burning Pact","floor":1.0},{"not_picked":["Fire Breathing","Battle Trance"],"picked":"Inflame","floor":4.0},{"not_picked":["Seeing Red","Sword Boomerang"],"picked":"Body Slam","floor":5.0},{"not_picked":["Flex","Headbutt"],"picked":"Limit Break","floor":6.0},{"not_picked":["Rage","Body Slam","Seeing Red"],"picked":"SKIP","floor":11.0},{"not_picked":["Clash","Headbutt"],"picked":"Shrug It Off","floor":12.0},{"not_picked":["Ghostly Armor","Anger","Havoc"],"picked":"SKIP","floor":13.0},{"not_picked":["Juggernaut+1","Fiend Fire"],"picked":"Offering","floor":16.0},{"not_picked":["Pummel","Second Wind","Fire Breathing+1"],"picked":"SKIP","floor":18.0},{"not_picked":["Clash","True Grit","Armaments+1"],"picked":"SKIP","floor":20.0},{"not_picked":["Iron Wave","Havoc"],"picked":"Sword Boomerang","floor":21.0},{"not_picked":["Blood for Blood","Clash+1"],"picked":"Dark Embrace+1","floor":22.0},{"not_picked":["Bloodletting","Combust+1"],"picked":"Burning Pact","floor":24.0},{"not_picked":["Burning Pact","True Grit+1","Armaments"],"picked":"SKIP","floor":29.0},{"not_picked":["Feed","Flame Barrier","Perfected Strike"],"picked":"SKIP","floor":31.0},{"not_picked":["Double Tap","Immolate"],"picked":"Barricade+1","floor":33.0},{"not_picked":["Pummel","Wild Strike+1","Sword Boomerang"],"picked":"SKIP","floor":35.0},{"not_picked":["Anger+1","Pommel Strike+1"],"picked":"Bloodletting+1","floor":36.0},{"not_picked":["Ghostly Armor","Cleave+1","Bloodletting+1"],"picked":"SKIP","floor":44},{"not_picked":["Iron Wave+1","Dual Wield+1","Sword Boomerang"],"picked":"SKIP","floor":46},{"not_picked":["Heavy Blade","Clash"],"picked":"Shrug It Off","floor":47}],"player_experience":133184,"relics_obtained":[{"floor":6.0,"key":"Frozen Egg 2"},{"floor":9.0,"key":"Akabeko"},{"floor":11.0,"key":"Red Skull"},{"floor":26.0,"key":"White Beast Statue"},{"floor":30.0,"key":"Self Forming Clay"},{"floor":37.0,"key":"Paper Frog"},{"floor":43,"key":"Eternal Feather"},{"floor":45,"key":"Mummified Hand"}],"event_choices":[{"damage_healed":0.0,"max_hp_gain":0.0,"max_hp_loss":0.0,"gold_gain":0.0,"event_name":"WeMeetAgain","player_choice":"Gave Potion","floor":2.0,"gold_loss":0.0,"damage_taken":0.0,"relics_obtained":["MawBank"]},{"damage_healed":0.0,"max_hp_gain":0.0,"max_hp_loss":0.0,"gold_gain":0.0,"event_name":"Vampires","player_choice":"Ignored","floor":19.0,"gold_loss":0.0,"damage_taken":0.0},{"damage_healed":0.0,"max_hp_gain":0.0,"max_hp_loss":0.0,"gold_gain":0.0,"event_name":"The Library","player_choice":"Read","floor":23.0,"gold_loss":0.0,"damage_taken":0.0,"cards_obtained":["Power Through"]},{"damage_healed":0.0,"max_hp_gain":0.0,"max_hp_loss":0.0,"gold_gain":0.0,"event_name":"Addict","player_choice":"Obtained Relic","floor":25.0,"gold_loss":85.0,"damage_taken":0.0,"relics_obtained":["Tiny Chest"]},{"cards_removed":["Strike_R"],"damage_healed":0.0,"max_hp_gain":0.0,"max_hp_loss":0.0,"gold_gain":0.0,"event_name":"Bonfire Elementals","player_choice":"Offered Basic","floor":27.0,"gold_loss":0.0,"damage_taken":0.0},{"damage_healed":0,"gold_gain":0,"player_choice":"Memory 1","damage_taken":0,"max_hp_gain":0,"max_hp_loss":0,"event_name":"SensoryStone","floor":38,"gold_loss":0},{"damage_healed":0,"gold_gain":0,"player_choice":"Ignored","damage_taken":0,"max_hp_gain":0,"max_hp_loss":0,"event_name":"Tomb of Lord Red Mask","floor":39,"gold_loss":0},{"cards_removed":["Power Through"],"damage_healed":0,"gold_gain":0,"player_choice":"Removed Skill","damage_taken":0,"max_hp_gain":0,"max_hp_loss":0,"event_name":"Falling","floor":41,"gold_loss":0}],"is_beta":false,"boss_relics":[{"not_picked":["Black Star","Cursed Key"],"picked":"Philosopher\u0027s Stone"},{"not_picked":["Mark of Pain","Black Blood"],"picked":"Pandora\u0027s Box"}],"items_purged_floors":[8,14,48],"is_endless":false,"potions_floor_spawned":[1,4,13,16,20,29,31,33,35,36,44,46,47],"ascension_level":0}}