{"host":"msa0wxqjs3jv1k3j","time":1610288049,"event":{"mods":["AchievementEnabler","BaseMod","BetterRewards","Colored Map","Highlight Path","KOR Keyword Fix","Keyboard Shortcuts","Minty Spire (QoL Compilation)","Quick Restart","SuperFastMode","everything is the same but u backflip on backflip"],"gold_per_floor":[109,40,40,40,40,68,83,83,137,137,152,152,171,185,185,290,290,305,220,220,319,300,300,300,317,343,343,361,361,361,374,374,469,469,487,487,501,521,573,602,602,435,435,435,452,463,482,34,34,34],"floor_reached":51,"playtime":1636,"items_purged":["Dualcast","Steam"],"score":702,"play_id":"0b050dfc-89e9-461d-9caf-24b2fe03791e","local_time":"20210110231409","is_ascension_mode":false,"campfire_choices":[{"data":"Self Repair","floor":8.0,"key":"SMITH"},{"data":"Zap","floor":10.0,"key":"SMITH"},{"data":"Genetic Algorithm","floor":15.0,"key":"SMITH"},{"data":"Chaos","floor":23.0,"key":"SMITH"},{"data":"Capacitor","floor":29.0,"key":"SMITH"},{"floor":32.0,"key":"REST"},{"floor":41,"key":"REST"},{"data":"Defragment","floor":44,"key":"SMITH"},{"floor":49,"key":"REST"}],"circlet_count":0,"master_deck":["Zap+1","Capacitor+1","Go for the Eyes+1","Self Repair+1","Hello World","Conserve Battery","Genetic Algorithm+1","Chaos+1","Machine Learning","Leap","Ball Lightning+1","Barrage+1","Electrodynamics","Melter+1","Core Surge+1","Thunder Strike+1","Steam","Fusion","Coolheaded","Recycle","Hologram","Echo Form","Beam Cell+1","Heatsinks+1","Self Repair+1","Redo+1","Aggregate","Turbo","Defragment+1","Aggregate","Turbo+1","Barrage+1"],"relics":["Cracked Core","TungstenRod","Molten Egg 2","Medical Kit","Anchor","Letter Opener","Smiling Mask","Bronze Scales","Sozu","Shuriken","Potion Belt","Boot","Pandora\u0027s Box","Emotion Chip","PreservedInsect","Turnip","DataDisk","Frozen Egg 2"],"acts_visited":["Exordium","TheCity","TheBeyond"],"potions_floor_usage":[],"damage_taken":[{"damage":3.0,"enemies":"Cultist","floor":1.0,"turns":4.0},{"damage":21.0,"enemies":"Gremlin Nob","floor":6.0,"turns":4.0},{"damage":0.0,"enemies":"Jaw Worm","floor":7.0,"turns":4.0},{"damage":0.0,"enemies":"Small Slimes","floor":11.0,"turns":3.0},{"damage":8.0,"enemies":"Exordium Wildlife","floor":13.0,"turns":4.0},{"damage":6.0,"enemies":"Blue Slaver","floor":14.0,"turns":4.0},{"damage":34.0,"enemies":"Hexaghost","floor":16.0,"turns":6.0},{"damage":0.0,"enemies":"3 Byrds","floor":18.0,"turns":2.0},{"damage":10.0,"enemies":"2 Thieves","floor":22.0,"turns":4.0},{"damage":3.0,"enemies":"Snecko","floor":25.0,"turns":5.0},{"damage":7.0,"enemies":"Snake Plant","floor":28.0,"turns":4.0},{"damage":30.0,"enemies":"Shelled Parasite and Fungi","floor":31.0,"turns":4.0},{"damage":55.0,"enemies":"Champ","floor":33.0,"turns":9.0},{"damage":0.0,"enemies":"Orb Walker","floor":35.0,"turns":3.0},{"damage":36.0,"enemies":"3 Darklings","floor":37.0,"turns":4.0},{"damage":4,"enemies":"Transient","floor":38,"turns":5},{"damage":27,"enemies":"2 Orb Walkers","floor":39,"turns":3},{"damage":33,"enemies":"Giant Head","floor":40,"turns":8},{"damage":23,"enemies":"Maw","floor":45,"turns":7},{"damage":35,"enemies":"Jaw Worm Horde","floor":46,"turns":4},{"damage":18,"enemies":"Sphere and 2 Shapes","floor":47,"turns":4},{"damage":61,"enemies":"Donu and Deca","floor":50,"turns":6}],"seed_played":"3698707013147805943","potions_obtained":[{"floor":7.0,"key":"BlessingOfTheForge"},{"floor":16.0,"key":"FocusPotion"}],"is_trial":false,"path_per_floor":["M","$","$","?","?","E","M","R","T","R","M","?","M","M","R","B",null,"M","?","?","?","M","R","T","M","T","?","M","R","?","M","R","B",null,"M","?","M","M","?","E","R","$","T","R","M","M","M","$","R","B",null],"character_chosen":"DEFECT","items_purchased":["Molten Egg 2","Medical Kit","Anchor","Capacitor","ColorlessPotion","Self Repair","Defragment","Aggregate","DataDisk","Frozen Egg 2"],"campfire_rested":3,"item_purchase_floors":[0,0,0,0,0,2,42,42,48,48],"current_hp_per_floor":[72,72,72,72,63,49,56,56,56,56,66,71,73,77,77,53,80,80,80,66,66,66,66,66,73,73,73,76,76,76,56,81,36,85,85,85,69,85,58,45,70,70,70,70,67,52,44,44,69,38],"gold":34,"neow_bonus":"","is_daily":false,"chose_seed":false,"campfire_upgraded":6,"win_rate":0.0,"timestamp":1610288049,"path_taken":["M","?","$","?","?","E","M","R","T","R","?","?","M","M","R","BOSS","M","?","?","?","M","R","?","?","T","?","M","R","?","M","R","BOSS","M","?","M","?","?","E","R","$","T","R","M","M","M","?","R","BOSS"],"items_purchased_type":["Relic","Relic","Relic","Card","Potion","Card","Card","Card","Relic","Relic"],"build_version":"2020-12-22","purchased_purges":2,"victory":true,"max_hp_per_floor":[75,75,75,75,75,75,75,75,75,75,75,80,80,80,80,80,80,80,80,85,85,85,85,85,85,85,85,85,85,85,85,85,85,85,85,85,85,85,85,85,85,85,85,85,85,85,85,85,85,85],"card_choices":[{"not_picked":["Doom and Gloom+1","Turbo"],"picked":"Go for the Eyes+1","floor":1.0},{"not_picked":["Stack","Capacitor"],"picked":"Hello World","floor":6.0},{"not_picked":["Beam Cell+1","Self Repair"],"picked":"Conserve Battery","floor":7.0},{"not_picked":["Turbo","Hologram"],"picked":"Genetic Algorithm","floor":11.0},{"not_picked":["Streamline+1","Recycle","Capacitor"],"picked":"SKIP","floor":13.0},{"not_picked":["Streamline+1","Coolheaded"],"picked":"Chaos","floor":14.0},{"not_picked":["Multi-Cast","Seek"],"picked":"Machine Learning","floor":16.0},{"not_picked":["Steam+1","Sweeping Beam+1"],"picked":"Leap","floor":18.0},{"not_picked":["Redo","Beam Cell+1"],"picked":"Ball Lightning+1","floor":22.0},{"not_picked":["Stack","Turbo","Conserve Battery"],"picked":"SKIP","floor":25.0},{"not_picked":["Rebound+1","Steam Power"],"picked":"Barrage+1","floor":28.0},{"not_picked":["Reinforced Body","Darkness+1"],"picked":"Core Surge+1","floor":31.0},{"not_picked":["Core Surge+1","Multi-Cast"],"picked":"Thunder Strike+1","floor":33.0},{"not_picked":["Beam Cell+1","Leap"],"picked":"Heatsinks+1","floor":35.0},{"not_picked":["Coolheaded+1","Double Energy+1"],"picked":"Redo+1","floor":37.0},{"not_picked":["Steam","Force Field","Skim"],"picked":"SKIP","floor":38},{"not_picked":["Steam Power","Reinforced Body+1"],"picked":"Aggregate","floor":39},{"not_picked":["Blizzard+1","Doom and Gloom+1"],"picked":"Turbo","floor":40},{"not_picked":["All For One+1","Rip and Tear+1"],"picked":"Turbo+1","floor":45},{"not_picked":["Cold Snap+1","Rebound+1","Steam Power"],"picked":"SKIP","floor":46},{"not_picked":["Compile Driver+1","Sweeping Beam+1"],"picked":"Barrage+1","floor":47}],"player_experience":72547,"relics_obtained":[{"floor":6.0,"key":"Smiling Mask"},{"floor":9.0,"key":"Bronze Scales"},{"floor":24.0,"key":"Potion Belt"},{"floor":26.0,"key":"Boot"},{"floor":39,"key":"Emotion Chip"},{"floor":40,"key":"PreservedInsect"},{"floor":43,"key":"Turnip"}],"event_choices":[{"damage_healed":0.0,"max_hp_gain":0.0,"max_hp_loss":0.0,"gold_gain":0.0,"event_name":"The Cleric","player_choice":"Leave","floor":4.0,"gold_loss":0.0,"damage_taken":0.0},{"damage_healed":0.0,"max_hp_gain":0.0,"max_hp_loss":0.0,"gold_gain":0.0,"event_name":"Scrap Ooze","player_choice":"Success","floor":5.0,"gold_loss":0.0,"damage_taken":12.0,"relics_obtained":["Letter Opener"]},{"damage_healed":0.0,"max_hp_gain":5.0,"max_hp_loss":0.0,"gold_gain":0.0,"event_name":"Big Fish","player_choice":"Donut","floor":12.0,"gold_loss":0.0,"damage_taken":0.0},{"damage_healed":0.0,"max_hp_gain":0.0,"max_hp_loss":0.0,"gold_gain":0.0,"event_name":"Addict","player_choice":"Obtained Relic","floor":19.0,"gold_loss":85.0,"damage_taken":0.0,"relics_obtained":["Shuriken"]},{"damage_healed":0.0,"max_hp_gain":5.0,"max_hp_loss":0.0,"gold_gain":0.0,"event_name":"Forgotten Altar","player_choice":"Shed Blood","floor":20.0,"gold_loss":0.0,"damage_taken":20.0},{"damage_healed":0.0,"max_hp_gain":0.0,"max_hp_loss":0.0,"gold_gain":99.0,"event_name":"Nest","player_choice":"Stole From Cult","floor":21.0,"gold_loss":0.0,"damage_taken":0.0},{"damage_healed":0.0,"max_hp_gain":0.0,"max_hp_loss":0.0,"gold_gain":0.0,"event_name":"Ghosts","player_choice":"Ignored","floor":27.0,"gold_loss":0.0,"damage_taken":0.0},{"damage_healed":0.0,"max_hp_gain":0.0,"max_hp_loss":0.0,"gold_gain":0.0,"event_name":"Match and Keep!","player_choice":"2 cards matched","floor":30.0,"gold_loss":0.0,"damage_taken":0.0,"cards_obtained":["Electrodynamics","Melter"]},{"damage_healed":0.0,"max_hp_gain":0.0,"max_hp_loss":0.0,"gold_gain":0.0,"event_name":"Duplicator","player_choice":"Copied","floor":36.0,"gold_loss":0.0,"damage_taken":0.0,"cards_obtained":["Self Repair"]},{"damage_healed":0,"gold_gain":0,"player_choice":"Fight","damage_taken":0,"max_hp_gain":0,"max_hp_loss":0,"event_name":"Mysterious Sphere","floor":39,"gold_loss":0}],"is_beta":false,"boss_relics":[{"not_picked":["Empty Cage","Tiny House"],"picked":"Sozu"},{"not_picked":["Inserter","Nuclear Battery"],"picked":"Pandora\u0027s Box"}],"items_purged_floors":[42,48],"is_endless":false,"potions_floor_spawned":[7,16,25,28,31,33,35,38,45,46],"ascension_level":0}}