{"host":"03a85bwj0a5skoit","time":1610258681,"event":{"mods":["BaseMod","Block Reminder","Minty Spire (QoL Compilation)","Relic Stats","StSLib"],"gold_per_floor":[112,112,122,140,140,166,166,201,201,201,19,50,64,77,77,155,155,173,188,188,198,17,42,42,42,42],"floor_reached":25,"playtime":1133,"items_purged":["Strike_P"],"score":507,"play_id":"c1cb2c64-178d-4b5a-b1af-f5654cf6bf58","local_time":"20210110163441","is_ascension_mode":true,"campfire_choices":[{"floor":10,"key":"REST"},{"data":"Eruption","floor":15,"key":"SMITH"},{"floor":24,"key":"REST"}],"circlet_count":0,"master_deck":["AscendersBane","Strike_P","Strike_P","Defend_P","Defend_P","Defend_P","Defend_P","Eruption+1","Vigilance","BowlingBash","Meditate+1","Omniscience","WheelKick","CutThroughFate","FlurryOfBlows","FearNoEvil","MentalFortress","DevaForm","Protect+1","EmptyFist","FearNoEvil","FlurryOfBlows","EmptyFist","EmptyBody"],"relics":["PureWater","NeowsBlessing","StoneCalendar","Mango","Art of War","Torii","Lee\u0027s Waffle","Bronze Scales","Black Star","Blue Candle","GoldenEye"],"acts_visited":["Exordium","TheCity"],"potions_floor_usage":[6,18,23,23],"damage_taken":[{"damage":0,"enemies":"2 Louse","floor":1,"turns":1},{"damage":0,"enemies":"Cultist","floor":3,"turns":1},{"damage":0,"enemies":"Small Slimes","floor":4,"turns":1},{"damage":30,"enemies":"Lagavulin","floor":6,"turns":7},{"damage":31,"enemies":"3 Sentries","floor":8,"turns":7},{"damage":22,"enemies":"Lagavulin","floor":12,"turns":6},{"damage":1,"enemies":"Blue Slaver","floor":13,"turns":3},{"damage":0,"enemies":"Exordium Wildlife","floor":14,"turns":2},{"damage":9,"enemies":"The Guardian","floor":16,"turns":9},{"damage":33,"enemies":"Shell Parasite","floor":18,"turns":6},{"damage":8,"enemies":"3 Byrds","floor":19,"turns":3},{"damage":12,"enemies":"Centurion and Healer","floor":21,"turns":5},{"damage":12,"enemies":"Gremlin Leader","floor":23,"turns":7},{"damage":43,"enemies":"Book of Stabbing","floor":25,"turns":4}],"seed_played":"3864930988838415106","potions_obtained":[{"floor":4,"key":"BlessingOfTheForge"},{"floor":8,"key":"Block Potion"},{"floor":12,"key":"SneckoOil"},{"floor":13,"key":"ColorlessPotion"},{"floor":19,"key":"Ambrosia"},{"floor":20,"key":"Energy Potion"}],"is_trial":false,"path_per_floor":["M","?","M","M","?","E","?","E","T","R","$","E","M","M","R","B",null,"M","M","?","M","$","E","R","E"],"character_chosen":"WATCHER","items_purchased":["Lee\u0027s Waffle","CutThroughFate","FlurryOfBlows","EmptyFist"],"campfire_rested":2,"item_purchase_floors":[11,11,22,22],"current_hp_per_floor":[61,61,61,61,54,38,38,7,7,31,89,67,66,66,66,57,81,48,40,40,28,28,16,42,0,0],"gold":42,"neow_bonus":"THREE_ENEMY_KILL","is_daily":false,"chose_seed":false,"campfire_upgraded":1,"win_rate":0.0,"timestamp":1610258681,"path_taken":["M","?","?","M","?","E","?","E","T","R","?","E","M","M","R","BOSS","M","M","?","?","$","E","R","E"],"items_purchased_type":["Relic","Card","Card","Card"],"build_version":"2020-12-22","purchased_purges":1,"victory":false,"max_hp_per_floor":[68,68,68,68,68,82,82,82,82,82,89,89,89,89,89,89,89,89,89,89,89,89,89,89,89,89],"relic_stats":{"Lee\u0027s Waffle":58,"Torii":23,"counters":[14,62],"Bronze Scales":[174],"Blue Candle":[0],"StoneCalendar":[133],"Art of War":[11],"Black Star":1,"GoldenEye":[2],"obtain_stats":[{"Lee\u0027s Waffle":11,"NeowsBlessing":0,"Torii":9,"Bronze Scales":12,"Blue Candle":23,"StoneCalendar":2,"Mango":6,"Art of War":8,"Black Star":17,"PureWater":0,"GoldenEye":23},{"Lee\u0027s Waffle":5,"NeowsBlessing":0,"Torii":5,"Bronze Scales":6,"Blue Candle":13,"StoneCalendar":1,"Mango":4,"Art of War":5,"Black Star":9,"PureWater":0,"GoldenEye":13},{"Lee\u0027s Waffle":17,"NeowsBlessing":0,"Torii":17,"Bronze Scales":23,"Blue Candle":58,"StoneCalendar":1,"Mango":10,"Art of War":17,"Black Star":37,"PureWater":0,"GoldenEye":58}]},"card_choices":[{"not_picked":["Protect","Prostrate"],"picked":"FlurryOfBlows","floor":1},{"not_picked":["ThirdEye","EmptyFist"],"picked":"BowlingBash","floor":3},{"not_picked":["Evaluate","FlurryOfBlows"],"picked":"Meditate","floor":4},{"not_picked":["EmptyFist","ThirdEye"],"picked":"Omniscience","floor":6},{"not_picked":["MentalFortress","LikeWater"],"picked":"WheelKick","floor":8},{"not_picked":["ForeignInfluence","CrushJoints"],"picked":"FlurryOfBlows","floor":12},{"not_picked":["CutThroughFate","ReachHeaven"],"picked":"FearNoEvil","floor":13},{"not_picked":["ClearTheMind","FlurryOfBlows"],"picked":"MentalFortress","floor":14},{"not_picked":["DeusExMachina","Judgement"],"picked":"DevaForm","floor":16},{"not_picked":["Sanctity","Crescendo"],"picked":"Protect+1","floor":18},{"not_picked":["JustLucky","SignatureMove"],"picked":"EmptyFist","floor":19},{"not_picked":["SashWhip+1","Nirvana"],"picked":"FearNoEvil","floor":21},{"not_picked":["Ragnarok","CrushJoints"],"picked":"EmptyBody","floor":23}],"player_experience":2324682,"relics_obtained":[{"floor":6,"key":"Mango"},{"floor":8,"key":"Art of War"},{"floor":9,"key":"Torii"},{"floor":12,"key":"Bronze Scales"},{"floor":23,"key":"Blue Candle"},{"floor":23,"key":"GoldenEye"}],"event_choices":[{"cards_removed":["FlurryOfBlows"],"damage_healed":0,"gold_gain":0,"player_choice":"Gave Card","damage_taken":0,"relics_obtained":["StoneCalendar"],"max_hp_gain":0,"max_hp_loss":0,"event_name":"WeMeetAgain","floor":2,"gold_loss":0},{"cards_removed":["Strike_P"],"damage_healed":0,"gold_gain":0,"player_choice":"Card Removal","damage_taken":7,"max_hp_gain":0,"max_hp_loss":0,"event_name":"Golden Wing","floor":5,"gold_loss":0},{"damage_healed":0,"gold_gain":0,"player_choice":"Grow","damage_taken":0,"max_hp_gain":0,"max_hp_loss":0,"event_name":"Living Wall","floor":7,"gold_loss":0,"cards_upgraded":["Meditate"]},{"damage_healed":0,"gold_gain":0,"player_choice":"Got Potions","damage_taken":0,"max_hp_gain":0,"max_hp_loss":0,"event_name":"Lab","floor":20,"gold_loss":0}],"is_beta":false,"boss_relics":[{"not_picked":["Empty Cage","Tiny House"],"picked":"Black Star"}],"items_purged_floors":[22],"is_endless":false,"potions_floor_spawned":[4,8,12,13,16,19],"killed_by":"Book of Stabbing","ascension_level":20}}