{"host":"m5bsg12zcyqnofur","time":1610316789,"event":{"mods":["BaseMod","BetterRewards","Colored Powertips","Downfall","Highlight Path","Minty Spire (QoL Compilation)","Quick Restart","Replay The Spire","Shop Mod","StSLib"],"gold_per_floor":[109,120,131,144,154,184,196,210,260,69,69,96,106,120,120,216,216,235,82,82,92,107,140,140,56,83,83,83],"floor_reached":27,"playtime":2123,"items_purged":["Strike_B"],"score":286,"play_id":"7e171271-d5a4-4052-adac-e3f823bc0219","local_time":"20210110161309","is_ascension_mode":true,"campfire_choices":[{"data":"Creative AI","floor":11,"key":"SMITH"},{"floor":15,"key":"REST"},{"data":"Zap","floor":24,"key":"SMITH"}],"circlet_count":0,"master_deck":["Strike_B","Defend_B","Defend_B","Defend_B","Defend_B","Zap+1","Dualcast","Hologram+1","Go for the Eyes","Go for the Eyes","Steam","Beam Cell","Creative AI+1","Gash","Gash","Gash","Steam","Seek+1","Sweeping Beam+1","Beam Cell+1","Go for the Eyes","Go for the Eyes+1","Stack","Coolheaded+1","Coolheaded+1","ReplayTheSpireMod:IOU","Machine Learning+1"],"relics":["Cracked Core","Nunchaku","Strawberry","DollysMirror","Golden Egg","Empty Cage","Prayer Wheel","Replay:Wax Seal","Potion Belt","Bag of Preparation"],"acts_visited":["Exordium","TheCity"],"potions_floor_usage":[6,6,6,16],"damage_taken":[{"damage":1,"enemies":"2 Louse","floor":1,"turns":2},{"damage":5,"enemies":"Small Slimes","floor":2,"turns":3},{"damage":3,"enemies":"Jaw Worm","floor":3,"turns":3},{"damage":7,"enemies":"Looter","floor":4,"turns":3},{"damage":9,"enemies":"Blue Slaver","floor":5,"turns":3},{"damage":8,"enemies":"Gremlin Nob","floor":6,"turns":4},{"damage":1,"enemies":"Red Slaver","floor":7,"turns":3},{"damage":5,"enemies":"3 Louse","floor":8,"turns":3},{"damage":15,"enemies":"Lagavulin","floor":12,"turns":8},{"damage":5,"enemies":"Looter","floor":13,"turns":3},{"damage":13,"enemies":"Gremlin Gang","floor":14,"turns":5},{"damage":38,"enemies":"Fading Forest","floor":16,"turns":11},{"damage":30,"enemies":"Shell Parasite","floor":18,"turns":7},{"damage":0,"enemies":"3 Byrds","floor":21,"turns":5},{"damage":20,"enemies":"Snake Plant","floor":22,"turns":5},{"damage":20,"enemies":"Replay:Snechameleon","floor":23,"turns":7},{"damage":15,"enemies":"Cultist and Chosen","floor":27,"turns":4}],"seed_played":"2904934893113857628","potions_obtained":[{"floor":1,"key":"SteroidPotion"},{"floor":3,"key":"Dexterity Potion"},{"floor":4,"key":"Strength Potion"},{"floor":7,"key":"LifebloodPotion"},{"floor":8,"key":"sneckomod:MuddlingPotion"},{"floor":22,"key":"Adrenaline Potion"},{"floor":23,"key":"Fire Potion"}],"is_trial":false,"path_per_floor":["M","M","M","M","M","E","M","M","T","$","R","E","M","M","R","B",null,"M","$","?","M","M","E","R","$","T","M"],"character_chosen":"DEFECT","items_purchased":["Nunchaku","Hologram+1","Gash","DollysMirror","Replay:Wax Seal","Coolheaded","Machine Learning"],"campfire_rested":1,"item_purchase_floors":[0,0,10,10,19,25,25],"current_hp_per_floor":[69,64,61,54,45,44,43,38,38,38,38,23,18,5,29,1,82,52,52,52,52,32,12,12,12,12,0,0],"gold":83,"neow_bonus":"","is_daily":false,"chose_seed":false,"campfire_upgraded":2,"win_rate":0.0,"timestamp":1610316789,"path_taken":["M","M","M","M","M","E","M","M","T","$","R","E","M","M","R","BOSS","M","$","?","M","M","E","R","$","T","M"],"items_purchased_type":["Relic","Card","Card","Relic","Relic","Card","Card"],"build_version":"2020-12-22","purchased_purges":1,"victory":false,"max_hp_per_floor":[75,75,75,75,75,82,82,82,82,82,82,82,82,82,82,82,82,82,82,82,82,82,82,82,82,82,82,82],"card_choices":[{"not_picked":["Blizzard","Rebound","ReplayTheSpireMod:Repulse"],"picked":"SKIP","floor":1},{"not_picked":["BasicCrystalCard","Double Energy"],"picked":"Go for the Eyes","floor":2},{"not_picked":["Electrodynamics","Static Discharge","Conserve Battery"],"picked":"SKIP","floor":3},{"not_picked":["Time Bomb","Streamline"],"picked":"Go for the Eyes","floor":4},{"not_picked":["Streamline","Capacitor","Double Energy"],"picked":"SKIP","floor":5},{"not_picked":["Melter","Darkness"],"picked":"Steam","floor":6},{"not_picked":["Conserve Battery","Doom and Gloom"],"picked":"Beam Cell","floor":7},{"not_picked":["White Noise","Go for the Eyes"],"picked":"Creative AI","floor":8},{"not_picked":["Mirror Shield","Compile Driver","BasicCrystalCard"],"picked":"SKIP","floor":12},{"not_picked":["ReplayTheSpireMod:Calculation Training","Stack"],"picked":"Steam","floor":13},{"not_picked":["Panic Button","Chill","Multi-Cast"],"picked":"SKIP","floor":14},{"not_picked":["ReplayTheSpireMod:Omega Cannon","Core Surge"],"picked":"ReplayTheSpireMod:Fabricate Wheel","floor":16},{"not_picked":["Recycle","Storm"],"picked":"Sweeping Beam+1","floor":18},{"not_picked":["Leap","FIFO Queue"],"picked":"Beam Cell+1","floor":18},{"not_picked":["Conserve Battery+1","Streamline"],"picked":"Go for the Eyes","floor":21},{"not_picked":["Leap+1","Time Bomb","Sweeping Beam+1"],"picked":"SKIP","floor":21},{"not_picked":["Darkness","Cold Snap"],"picked":"Go for the Eyes+1","floor":22},{"not_picked":["BasicCrystalCard+1","Recycle"],"picked":"Stack","floor":22},{"not_picked":["Chill","Leap","Redo"],"picked":"SKIP","floor":23}],"player_experience":153438,"relics_obtained":[{"floor":6,"key":"Strawberry"},{"floor":12,"key":"Golden Egg"},{"floor":23,"key":"Potion Belt"},{"floor":26,"key":"Bag of Preparation"}],"event_choices":[{"damage_healed":0,"gold_gain":0,"player_choice":"Ignored","damage_taken":0,"max_hp_gain":0,"max_hp_loss":0,"event_name":"Ghosts","floor":20,"gold_loss":0}],"is_beta":false,"boss_relics":[{"not_picked":["SacredBark","Replay:Wanted Poster"],"picked":"Empty Cage"}],"items_purged_floors":[19],"is_endless":false,"potions_floor_spawned":[1,3,4,7,8,22,23],"killed_by":"Cultist and Chosen","ascension_level":1}}