{"host":"hfxp6ue4pvwo3fit","time":1610241455,"event":{"mods":["AchievementEnabler","BaseMod","Colored Map","Colored Powertips","Highlight Path","Minty Spire (QoL Compilation)","Relic Stats","StSLib","SuperFastMode"],"gold_per_floor":[117,30,42,42,59,59,84,100,100,100,130,130,205,232,232,309,309,319,319,244,244,256,256,256,256,256],"floor_reached":25,"playtime":910,"items_purged":[],"score":414,"play_id":"a66257ca-3faa-4f8c-9777-365c6a713304","local_time":"20210109191735","is_ascension_mode":true,"campfire_choices":[{"data":"Zap","floor":6,"key":"SMITH"},{"data":"Creative AI","floor":10,"key":"SMITH"},{"data":"Doom and Gloom","floor":12,"key":"SMITH"},{"data":"Self Repair","floor":15,"key":"SMITH"},{"data":"FTL","floor":23,"key":"SMITH"}],"circlet_count":0,"master_deck":["AscendersBane","Strike_B","Strike_B","Strike_B","Strike_B","Defend_B+1","Defend_B","Defend_B","Defend_B+1","Zap+1","Dualcast","Compile Driver","Ball Lightning","Doom and Gloom+1","Self Repair+1","Creative AI+1","Parasite","Cold Snap","FTL+1","Seek","Injury","Shame"],"relics":["Cursed Key","Meat on the Bone","Odd Mushroom","War Paint","Oddly Smooth Stone","Pocketwatch","Busted Crown","Toxic Egg 2","Sundial"],"acts_visited":["Exordium","TheCity"],"potions_floor_usage":[11,18,25],"damage_taken":[{"damage":2,"enemies":"Jaw Worm","floor":1,"turns":3},{"damage":1,"enemies":"Cultist","floor":3,"turns":3},{"damage":4,"enemies":"2 Louse","floor":5,"turns":2},{"damage":7,"enemies":"The Mushroom Lair","floor":7,"turns":3},{"damage":8,"enemies":"2 Fungi Beasts","floor":8,"turns":3},{"damage":24,"enemies":"3 Sentries","floor":11,"turns":6},{"damage":22,"enemies":"Lagavulin","floor":14,"turns":7},{"damage":22,"enemies":"Slime Boss","floor":16,"turns":8},{"damage":36,"enemies":"2 Thieves","floor":18,"turns":4},{"damage":32,"enemies":"3 Byrds","floor":22,"turns":4},{"damage":42,"enemies":"Book of Stabbing","floor":25,"turns":4}],"seed_played":"5534887093906502911","potions_obtained":[{"floor":7,"key":"BlessingOfTheForge"},{"floor":11,"key":"DistilledChaos"},{"floor":14,"key":"SpeedPotion"},{"floor":18,"key":"Strength Potion"}],"is_trial":false,"path_per_floor":["M","?","M","$","M","R","?","M","T","R","E","R","?","E","R","B",null,"M","?","?","T","M","R","T","E"],"character_chosen":"DEFECT","items_purchased":[],"campfire_rested":0,"item_purchase_floors":[],"current_hp_per_floor":[62,62,61,61,57,57,50,49,49,49,44,44,33,30,30,30,61,47,47,47,47,37,37,37,0,0],"gold":256,"neow_bonus":"BOSS_RELIC","is_daily":false,"chose_seed":false,"campfire_upgraded":5,"win_rate":0.0,"timestamp":1610241455,"path_taken":["M","?","M","?","M","R","?","M","T","R","E","R","?","E","R","BOSS","M","?","?","?","M","R","?","E"],"items_purchased_type":[],"build_version":"2020-12-22","purchased_purges":0,"victory":false,"max_hp_per_floor":[71,71,71,71,71,71,71,71,71,71,71,71,71,71,71,71,71,71,71,71,71,71,71,71,71,71],"relic_stats":{"Busted Crown":4,"counters":[11,47],"Sundial":[0],"War Paint":["Defend_B","Defend_B"],"Cursed Key":3,"obtain_stats":[{"Busted Crown":17,"Sundial":24,"Oddly Smooth Stone":11,"Odd Mushroom":7,"War Paint":9,"Toxic Egg 2":21,"Cracked Core":0,"Cursed Key":0,"Meat on the Bone":2,"Pocketwatch":14},{"Busted Crown":8,"Sundial":10,"Oddly Smooth Stone":6,"Odd Mushroom":4,"War Paint":5,"Toxic Egg 2":9,"Cracked Core":0,"Cursed Key":0,"Meat on the Bone":1,"Pocketwatch":7},{"Busted Crown":35,"Sundial":43,"Oddly Smooth Stone":20,"Odd Mushroom":11,"War Paint":14,"Toxic Egg 2":39,"Cracked Core":0,"Cursed Key":0,"Meat on the Bone":3,"Pocketwatch":27}],"Meat on the Bone":60,"Pocketwatch":[11]},"card_choices":[{"not_picked":["Steam Power","Barrage"],"picked":"Compile Driver","floor":1},{"not_picked":["Redo","Storm"],"picked":"Ball Lightning","floor":3},{"not_picked":["Sweeping Beam","Streamline"],"picked":"Doom and Gloom","floor":5},{"not_picked":["Steam","Beam Cell"],"picked":"Self Repair","floor":7},{"not_picked":["Fusion","Stack"],"picked":"Creative AI","floor":8},{"not_picked":["Streamline","Redo"],"picked":"Cold Snap","floor":11},{"not_picked":["Go for the Eyes","BootSequence"],"picked":"FTL","floor":14},{"not_picked":["Reboot","Creative AI"],"picked":"Seek","floor":16},{"not_picked":["Steam"],"picked":"SKIP","floor":18},{"not_picked":["Go for the Eyes"],"picked":"SKIP","floor":22}],"player_experience":493882,"relics_obtained":[{"floor":7,"key":"Odd Mushroom"},{"floor":9,"key":"War Paint"},{"floor":11,"key":"Oddly Smooth Stone"},{"floor":14,"key":"Pocketwatch"},{"floor":21,"key":"Toxic Egg 2"},{"floor":24,"key":"Sundial"}],"event_choices":[{"damage_healed":0,"gold_gain":0,"player_choice":"Paid Gold","damage_taken":0,"relics_obtained":["Meat on the Bone"],"max_hp_gain":0,"max_hp_loss":0,"event_name":"WeMeetAgain","floor":2,"gold_loss":87},{"damage_healed":0,"gold_gain":0,"player_choice":"Fought Mushrooms","damage_taken":0,"max_hp_gain":0,"max_hp_loss":0,"event_name":"Mushrooms","floor":7,"gold_loss":0},{"damage_healed":0,"gold_gain":75,"player_choice":"Gather Gold","damage_taken":11,"max_hp_gain":0,"max_hp_loss":0,"event_name":"World of Goop","floor":13,"gold_loss":0},{"damage_healed":0,"gold_gain":0,"player_choice":"Smashed Altar","damage_taken":0,"max_hp_gain":0,"max_hp_loss":0,"event_name":"Forgotten Altar","floor":19,"gold_loss":0,"cards_obtained":["Decay"]},{"cards_removed":["Decay"],"damage_healed":0,"gold_gain":0,"player_choice":"Gave Gold","damage_taken":0,"max_hp_gain":0,"max_hp_loss":0,"event_name":"Beggar","floor":20,"gold_loss":75}],"is_beta":false,"boss_relics":[{"not_picked":["Tiny House","Runic Pyramid"],"picked":"Busted Crown"}],"items_purged_floors":[],"is_endless":false,"potions_floor_spawned":[7,11,14,18],"killed_by":"Book of Stabbing","ascension_level":20}}