{"host":"a70birb7gb03c330","time":1610307953,"event":{"mods":["Act Like it!","Aspiration","BaseMod","Beaked The Cultist","Better Vampires","Clawfect","Conspire","Disable Question Mark Monsters","Displayed Cursed Tome","Downfall","Energized Spire","GungeonMod","Hallownest","Hubris","Infinite Spire","Marked Mod","Minty Spire (QoL Compilation)","Permanent Neow","Replay The Spire","Robot Space Explorer","Spicy Shops","Spikes Relics","StSLib","The Blue Laboratory","The Bug Knight","The Construct","The Jungle","UnlockEverythingMod","Wandering Minibosses"],"gold_per_floor":[116,44,44,44,44,44,68,68,68,86,11,11,32,70,70,199,199,217,217,217],"floor_reached":19,"playtime":619,"items_purged":["Regret"],"score":165,"play_id":"b916b73c-5607-49d4-ace9-0913fe9c112b","local_time":"20210110114553","is_ascension_mode":false,"campfire_choices":[{"data":"beaked:Ceremony","floor":6,"key":"SMITH"},{"data":"beaked:CrazyRituals","floor":15,"key":"SMITH"}],"circlet_count":0,"master_deck":["beaked:Strike_Y","beaked:Strike_Y","beaked:Strike_Y","beaked:Strike_Y","beaked:Strike_Y","beaked:Strike_Y","beaked:Defend_Y","beaked:Defend_Y","beaked:Defend_Y","beaked:Defend_Y","beaked:Ceremony","beaked:Ceremony+1","beaked:Ceremony+1","Pummel","beaked:VigorBurst+1","beaked:FeelMyPain","beaked:CrazyRituals+1","beaked:Recite","beaked:ScreechingChant"],"relics":["beaked:MendingPlumage","aspiration:Nostalgia","m_BurningSludge","hubris:ToyBattleship","Golden Idol","infinitespire:Golems Mask","Juzu Bracelet","construct:WeddingRing"],"acts_visited":["Exordium","TheCity"],"potions_floor_usage":[13,13,14,19],"damage_taken":[{"damage":5,"enemies":"Small Slimes","floor":1,"turns":4},{"damage":22,"enemies":"Jaw Worm","floor":7,"turns":4},{"damage":17,"enemies":"2 Louse","floor":10,"turns":2},{"damage":14,"enemies":"Exordium Thugs","floor":13,"turns":3},{"damage":35,"enemies":"3 Sentries","floor":14,"turns":6},{"damage":31,"enemies":"Hexaghost","floor":16,"turns":6},{"damage":57,"enemies":"Spheric Guardian","floor":18,"turns":5},{"damage":25,"enemies":"3 Byrds","floor":19,"turns":2}],"seed_played":"-8175989728193787682","potions_obtained":[{"floor":1,"key":"blueLaboratory:FrostheartPotion"},{"floor":10,"key":"Weak Potion"},{"floor":13,"key":"Fire Potion"},{"floor":16,"key":"Toxic Potion"}],"is_trial":false,"path_per_floor":["M","$","?","?","?","R","M","?","T","M","$","?","M","E","R","B",null,"M","M"],"character_chosen":"BEAKED_THE_CULTIST","items_purchased":["beaked:VigorBurst"],"campfire_rested":0,"item_purchase_floors":[2],"current_hp_per_floor":[50,55,55,55,42,42,32,32,32,25,25,25,23,15,15,20,55,20,0,0],"gold":217,"neow_bonus":"NOSTALGIA","is_daily":false,"chose_seed":false,"campfire_upgraded":2,"win_rate":0.0,"timestamp":1610307953,"path_taken":["M","$","?","?","?","R","?","?","T","M","?","?","?","E","R","BOSS","M","M"],"items_purchased_type":["Card"],"build_version":"2020-12-22","purchased_purges":1,"victory":false,"max_hp_per_floor":[50,55,55,55,55,55,55,55,55,55,55,55,55,55,55,55,55,55,55,55],"card_choices":[{"not_picked":["beaked:Daydream","beaked:FeelMyPain"],"picked":"Pummel","floor":1},{"not_picked":["Slimebound:ViciousTackle","beaked:BloodForTheGods"],"picked":"beaked:FeelMyPain","floor":7},{"not_picked":["beaked:Overpower","beaked:Windmill","beaked:CursingBlood"],"picked":"SKIP","floor":10},{"not_picked":["Sword Boomerang","beaked:TuckingFeathers"],"picked":"beaked:CrazyRituals","floor":13},{"not_picked":["beaked:Overpower","Slimebound:ViciousTackle"],"picked":"beaked:Recite","floor":14},{"not_picked":["beaked:KnowThyFoe","Reaper"],"picked":"beaked:ScreechingChant","floor":16},{"not_picked":["beaked:Brace","beaked:MimicMachine","beaked:Foresight+1"],"picked":"SKIP","floor":18}],"player_experience":45559,"relics_obtained":[{"floor":9,"key":"infinitespire:Golems Mask"},{"floor":14,"key":"Juzu Bracelet"}],"event_choices":[{"damage_healed":0,"gold_gain":0,"player_choice":"Box","damage_taken":0,"relics_obtained":["hubris:ToyBattleship"],"max_hp_gain":0,"max_hp_loss":0,"event_name":"Big Fish","floor":3,"gold_loss":0,"cards_obtained":["Regret"]},{"damage_healed":0,"gold_gain":0,"player_choice":"Take Damage","damage_taken":13,"relics_obtained":["Golden Idol"],"max_hp_gain":0,"max_hp_loss":0,"event_name":"Golden Idol","floor":5,"gold_loss":0},{"damage_healed":0,"gold_gain":0,"player_choice":"Upgraded","damage_taken":0,"max_hp_gain":0,"max_hp_loss":0,"event_name":"Upgrade Shrine","floor":8,"gold_loss":0,"cards_upgraded":["beaked:VigorBurst"]}],"is_beta":false,"boss_relics":[{"not_picked":["hubris:VirtuousBlindfold","hubris:Stopwatch"],"picked":"construct:WeddingRing"}],"items_purged_floors":[11],"is_endless":false,"potions_floor_spawned":[1,10,13,16],"killed_by":"3 Byrds","ascension_level":0}}