{"host":"ydujlihd8f5px9gp","time":1610280674,"event":{"mods":["AchievementEnabler","BaseMod","Block Reminder","Colored Map","Minty Spire (QoL Compilation)","ojb\u0027s Info Mod"],"gold_per_floor":[118,118,118,135,59,59,78,106,106,25,37,7,7,33,33,33,33],"floor_reached":16,"playtime":593,"items_purged":[],"score":140,"play_id":"b47f0c85-c96e-4c1d-b477-c4df5e38f9c9","local_time":"20210110101114","is_ascension_mode":true,"campfire_choices":[{"data":"Loop","floor":6,"key":"SMITH"},{"data":"Force Field","floor":13,"key":"SMITH"},{"data":"White Noise","floor":15,"key":"SMITH"}],"circlet_count":0,"master_deck":["Strike_B","Strike_B","Strike_B","Strike_B","Defend_B","Defend_B","Defend_B","Defend_B","Zap","Dualcast","White Noise+1","Loop+1","Force Field+1","Self Repair","Buffer+1"],"relics":["Sozu","Incense Burner","WingedGreaves","Frozen Egg 2"],"acts_visited":["Exordium"],"potions_floor_usage":[],"damage_taken":[{"damage":0,"enemies":"2 Louse","floor":1,"turns":3},{"damage":2,"enemies":"Small Slimes","floor":4,"turns":3},{"damage":3,"enemies":"Jaw Worm","floor":7,"turns":3},{"damage":20,"enemies":"3 Sentries","floor":8,"turns":7},{"damage":17,"enemies":"Exordium Thugs","floor":11,"turns":6},{"damage":0,"enemies":"Lagavulin","floor":14,"turns":7},{"damage":50,"enemies":"Hexaghost","floor":16,"turns":10}],"seed_played":"7113925373002370151","potions_obtained":[],"is_trial":false,"path_per_floor":["M","?","?","M","$","R","M","E","T","$","M","?","R","E","R","B"],"character_chosen":"DEFECT","items_purchased":["Loop","Self Repair"],"campfire_rested":0,"item_purchase_floors":[5,10],"current_hp_per_floor":[75,75,80,78,78,78,75,55,55,55,38,38,38,45,45,0,0],"gold":33,"neow_bonus":"BOSS_RELIC","is_daily":false,"chose_seed":false,"campfire_upgraded":3,"win_rate":0.0,"timestamp":1610280674,"path_taken":["M","?","?","M","$","R","M","E","T","?","?","?","R","E","R","BOSS"],"items_purchased_type":["Card","Card"],"build_version":"2020-12-22","purchased_purges":0,"victory":false,"max_hp_per_floor":[75,75,80,80,80,80,80,80,80,80,80,80,80,80,80,80,80],"card_choices":[{"not_picked":["Beam Cell","Go for the Eyes","Sweeping Beam"],"picked":"SKIP","floor":1},{"not_picked":["Cold Snap","Genetic Algorithm"],"picked":"White Noise","floor":4},{"not_picked":["Ball Lightning","Double Energy"],"picked":"Force Field","floor":7},{"not_picked":["Cold Snap","Seek","Thunder Strike"],"picked":"SKIP","floor":8},{"not_picked":["Chill","Go for the Eyes","Turbo"],"picked":"SKIP","floor":11},{"not_picked":["Cold Snap","Beam Cell"],"picked":"Buffer+1","floor":14}],"player_experience":111868,"relics_obtained":[{"floor":8,"key":"Incense Burner"},{"floor":9,"key":"WingedGreaves"},{"floor":14,"key":"Frozen Egg 2"}],"event_choices":[{"damage_healed":0,"gold_gain":0,"player_choice":"Leave","damage_taken":0,"max_hp_gain":0,"max_hp_loss":0,"event_name":"The Cleric","floor":2,"gold_loss":0},{"damage_healed":0,"gold_gain":0,"player_choice":"Donut","damage_taken":0,"max_hp_gain":5,"max_hp_loss":0,"event_name":"Big Fish","floor":3,"gold_loss":0},{"damage_healed":0,"gold_gain":0,"player_choice":"Left Gold","damage_taken":0,"max_hp_gain":0,"max_hp_loss":0,"event_name":"World of Goop","floor":12,"gold_loss":30}],"is_beta":false,"boss_relics":[],"items_purged_floors":[],"is_endless":false,"potions_floor_spawned":[1],"killed_by":"Hexaghost","ascension_level":1}}