{"host":"3qkmyeoym75lj4wn","time":1610291041,"event":{"mods":["2.2 Compatiblity","BaseMod","Block Reminder","Colored Powertips","Highlight Path","Minty Spire (QoL Compilation)","Permanent Neow","Potion Indicator Mod","Rare Cards Sparkle","Relic Stats","StSLib","Unceasing Turn Reminder"],"gold_per_floor":[111,6,50,69,17,29,29,40,64,64,82,96,108,136,136,210,210,220,238,61,61,61,91,102,118,118,151,151,151,171,182,182,259,259,272,283,114,114,114,114,143,143,143,143,163,194,209,12,12,12,12,12],"floor_reached":51,"playtime":2235,"items_purged":["Strike_P"],"score":1602,"play_id":"7b287913-860e-4529-adb5-22aea058b768","local_time":"20210110150401","is_ascension_mode":true,"campfire_choices":[{"data":"Wish","floor":7,"key":"SMITH"},{"data":"Tantrum","floor":15,"key":"SMITH"},{"floor":29,"key":"REST"},{"floor":32,"key":"REST"},{"floor":40,"key":"RECALL"},{"data":"Vault","floor":42,"key":"SMITH"},{"data":"ClearTheMind","floor":44,"key":"SMITH"},{"floor":49,"key":"REST"}],"circlet_count":0,"master_deck":["AscendersBane","Strike_P+1","Defend_P+1","Defend_P+1","Defend_P+1","Defend_P+1","Eruption+1","Vigilance+1","Wish+1","FollowUp","CutThroughFate+1","LessonLearned+1","Consecrate","Tantrum","Tantrum+1","EmptyBody+1","FlurryOfBlows+1","Ragnarok+1","Halt+1","Flash of Steel+1","ClearTheMind","Adaptation+1","ClearTheMind+1","Protect+1","Vault+1","CurseOfTheBell","LikeWater+1","InnerPeace+1","Adaptation+1","WaveOfTheHand","CutThroughFate"],"relics":["HolyWater","Orichalcum","Bag of Marbles","Potion Belt","Kunai","Calling Bell","Happy Flower","Ornamental Fan","Calipers","HandDrill","Peace Pipe","Mummified Hand","Damaru"],"acts_visited":["Exordium","TheCity","TheBeyond"],"potions_floor_usage":[3,6,25,27,33,33,36,41,50,50],"damage_taken":[{"damage":0,"enemies":"Small Slimes","floor":1,"turns":5},{"damage":1,"enemies":"Cultist","floor":3,"turns":4},{"damage":1,"enemies":"Jaw Worm","floor":4,"turns":3},{"damage":0,"enemies":"2 Fungi Beasts","floor":6,"turns":3},{"damage":0,"enemies":"Exordium Thugs","floor":8,"turns":2},{"damage":0,"enemies":"Looter","floor":11,"turns":1},{"damage":9,"enemies":"Exordium Wildlife","floor":12,"turns":3},{"damage":0,"enemies":"Red Slaver","floor":13,"turns":1},{"damage":0,"enemies":"Gremlin Nob","floor":14,"turns":2},{"damage":0,"enemies":"Slime Boss","floor":16,"turns":2},{"damage":0,"enemies":"Shell Parasite","floor":18,"turns":1},{"damage":0,"enemies":"2 Thieves","floor":19,"turns":1},{"damage":29,"enemies":"Slavers","floor":23,"turns":5},{"damage":0,"enemies":"Sentry and Sphere","floor":24,"turns":3},{"damage":4,"enemies":"Snake Plant","floor":25,"turns":3},{"damage":26,"enemies":"Book of Stabbing","floor":27,"turns":3},{"damage":15,"enemies":"Cultist and Chosen","floor":30,"turns":3},{"damage":0,"enemies":"Sentry and Sphere","floor":31,"turns":3},{"damage":13,"enemies":"Automaton","floor":33,"turns":6},{"damage":0,"enemies":"3 Shapes","floor":35,"turns":2},{"damage":0,"enemies":"3 Darklings","floor":36,"turns":5},{"damage":0,"enemies":"Reptomancer","floor":41,"turns":5},{"damage":3,"enemies":"Writhing Mass","floor":45,"turns":9},{"damage":34,"enemies":"Giant Head","floor":46,"turns":8},{"damage":21,"enemies":"Jaw Worm Horde","floor":47,"turns":4},{"damage":37,"enemies":"Donu and Deca","floor":50,"turns":11},{"damage":12,"enemies":"Time Eater","floor":51,"turns":1}],"seed_played":"7471776072020338191","potions_obtained":[{"floor":3,"key":"BottledMiracle"},{"floor":6,"key":"PowerPotion"},{"floor":11,"key":"FairyPotion"},{"floor":12,"key":"Strength Potion"},{"floor":24,"key":"LiquidMemories"},{"floor":27,"key":"Fire Potion"},{"floor":33,"key":"ColorlessPotion"},{"floor":35,"key":"PowerPotion"},{"floor":41,"key":"FairyPotion"},{"floor":46,"key":"FearPotion"}],"is_trial":false,"path_per_floor":["M","$","M","M","$","M","R","M","T","?","M","M","M","E","R","B",null,"M","M","$","?","?","E","M","M","T","E","?","R","M","M","R","B",null,"M","M","$","?","?","R","E","R","T","R","M","E","M","$","R","B","B"],"character_chosen":"WATCHER","items_purchased":["CutThroughFate","Explosive Potion","Consecrate","Flash of Steel","HandDrill","EssenceOfSteel","Block Potion","CutThroughFate"],"campfire_rested":3,"item_purchase_floors":[2,2,5,20,37,48,48,48],"current_hp_per_floor":[61,61,60,59,59,59,59,59,59,59,59,50,50,50,50,50,64,64,64,64,64,64,35,35,31,31,5,5,25,10,10,30,17,55,55,55,55,55,55,55,55,55,55,55,52,18,19,19,38,1,0,0],"gold":12,"neow_bonus":"TRANSFORM_CARD","is_daily":false,"chose_seed":false,"campfire_upgraded":4,"win_rate":0.0,"timestamp":1610291041,"path_taken":["M","$","M","M","$","M","R","M","T","?","M","M","?","E","R","BOSS","M","M","$","?","?","E","M","M","T","E","?","R","M","M","R","BOSS","M","M","$","?","?","R","E","R","T","R","?","E","M","?","R","BOSS","BOSS"],"items_purchased_type":["Card","Potion","Card","Card","Relic","Potion","Potion","Card"],"build_version":"2020-12-22","purchased_purges":1,"victory":false,"max_hp_per_floor":[68,68,68,68,68,68,68,68,68,68,68,68,68,68,68,68,68,68,68,68,68,68,68,68,68,68,68,68,68,68,68,68,68,68,68,68,68,68,65,65,65,65,65,65,65,65,65,65,65,65,65,65],"relic_stats":{"Peace Pipe":0,"Happy Flower":[15],"counters":[27,99],"Ornamental Fan":[128],"Mummified Hand":[13],"HandDrill":[52],"Kunai":[38],"Orichalcum":[78],"obtain_stats":[{"Potion Belt":23,"Calipers":34,"Happy Flower":34,"Damaru":46,"Orichalcum":9,"Calling Bell":34,"Peace Pipe":41,"Ornamental Fan":34,"Mummified Hand":43,"HolyWater":17,"Bag of Marbles":14,"HandDrill":37,"Kunai":27,"PureWater":0},{"Potion Belt":13,"Calipers":19,"Happy Flower":19,"Damaru":24,"Orichalcum":5,"Calling Bell":19,"Peace Pipe":22,"Ornamental Fan":19,"Mummified Hand":22,"HolyWater":10,"Bag of Marbles":9,"HandDrill":21,"Kunai":16,"PureWater":0},{"Potion Belt":33,"Calipers":54,"Happy Flower":54,"Damaru":83,"Orichalcum":17,"Calling Bell":54,"Peace Pipe":66,"Ornamental Fan":54,"Mummified Hand":66,"HolyWater":26,"Bag of Marbles":24,"HandDrill":61,"Kunai":42,"PureWater":0}]},"card_choices":[{"not_picked":["FlyingSleeves","EmptyMind"],"picked":"FollowUp","floor":1},{"not_picked":["PathToVictory","ClearTheMind","EmptyBody"],"picked":"SKIP","floor":3},{"not_picked":["Crescendo","BattleHymn"],"picked":"LessonLearned","floor":4},{"not_picked":["Evaluate","MentalFortress"],"picked":"Tantrum","floor":6},{"not_picked":["ForeignInfluence","ThirdEye","ClearTheMind"],"picked":"SKIP","floor":8},{"not_picked":["Protect","WindmillStrike"],"picked":"EmptyBody","floor":11},{"not_picked":["FollowUp","EmptyBody"],"picked":"FlurryOfBlows","floor":12},{"not_picked":["ForeignInfluence","FlyingSleeves","EmptyBody"],"picked":"SKIP","floor":13},{"not_picked":["Meditate","Pray","Indignation"],"picked":"SKIP","floor":14},{"not_picked":["SpiritShield","ConjureBlade"],"picked":"Ragnarok","floor":16},{"not_picked":["CrushJoints","ThirdEye","CarveReality"],"picked":"SKIP","floor":18},{"not_picked":["Weave","CrushJoints"],"picked":"Halt+1","floor":19},{"not_picked":["Wireheading","Wish"],"picked":"ClearTheMind","floor":23},{"not_picked":["Worship","Tantrum"],"picked":"Adaptation","floor":24},{"not_picked":["Consecrate","ThirdEye+1","FlyingSleeves"],"picked":"SKIP","floor":25},{"not_picked":["SignatureMove+1","MentalFortress"],"picked":"ClearTheMind","floor":27},{"not_picked":["Evaluate","CutThroughFate"],"picked":"Protect+1","floor":30},{"not_picked":["ForeignInfluence","Consecrate+1","FlyingSleeves"],"picked":"SKIP","floor":31},{"not_picked":["LessonLearned","ConjureBlade"],"picked":"Vault","floor":33},{"not_picked":["SignatureMove","Halt+1","FlyingSleeves"],"picked":"SKIP","floor":35},{"not_picked":["Fasting2+1","ThirdEye"],"picked":"LikeWater+1","floor":36},{"not_picked":["CutThroughFate","Tantrum"],"picked":"InnerPeace+1","floor":41},{"not_picked":["BattleHymn+1","PathToVictory","EmptyFist"],"picked":"SKIP","floor":45},{"not_picked":["Prostrate","Scrawl"],"picked":"Adaptation+1","floor":46},{"not_picked":["EmptyFist","Tantrum"],"picked":"WaveOfTheHand","floor":47}],"player_experience":1663643,"relics_obtained":[{"floor":9,"key":"Orichalcum"},{"floor":14,"key":"Bag of Marbles"},{"floor":23,"key":"Potion Belt"},{"floor":27,"key":"Kunai"},{"floor":34,"key":"Happy Flower"},{"floor":34,"key":"Ornamental Fan"},{"floor":34,"key":"Calipers"},{"floor":41,"key":"Peace Pipe"},{"floor":43,"key":"Mummified Hand"},{"floor":46,"key":"Damaru"}],"event_choices":[{"damage_healed":0,"gold_gain":0,"cards_transformed":["Strike_P"],"player_choice":"Transformed","damage_taken":0,"max_hp_gain":0,"max_hp_loss":0,"event_name":"Transmorgrifier","floor":10,"gold_loss":0,"cards_obtained":["Tantrum"]},{"damage_healed":0,"gold_gain":0,"player_choice":"Simplicity","damage_taken":0,"max_hp_gain":0,"max_hp_loss":0,"event_name":"Back to Basics","floor":21,"gold_loss":0,"cards_upgraded":["Defend_P","Defend_P","Defend_P","Defend_P"]},{"damage_healed":0,"gold_gain":0,"player_choice":"Ignored","damage_taken":0,"max_hp_gain":0,"max_hp_loss":0,"event_name":"Cursed Tome","floor":22,"gold_loss":0},{"damage_healed":0,"gold_gain":0,"player_choice":"Upgraded","damage_taken":0,"max_hp_gain":0,"max_hp_loss":0,"event_name":"Upgrade Shrine","floor":28,"gold_loss":0,"cards_upgraded":["Adaptation"]},{"damage_healed":0,"gold_gain":0,"player_choice":"Ignored","damage_taken":0,"max_hp_gain":0,"max_hp_loss":0,"event_name":"Tomb of Lord Red Mask","floor":38,"gold_loss":0},{"damage_healed":0,"gold_gain":0,"player_choice":"Max HP","damage_taken":0,"max_hp_gain":0,"max_hp_loss":3,"event_name":"Winding Halls","floor":39,"gold_loss":0}],"is_beta":false,"boss_relics":[{"not_picked":["Sozu","Black Star"],"picked":"HolyWater"},{"not_picked":["Tiny House","Astrolabe"],"picked":"Calling Bell"}],"items_purged_floors":[20],"is_endless":false,"potions_floor_spawned":[3,6,11,12,13,16,18,24,27,33,35,41,46],"killed_by":"Time Eater","ascension_level":20}}