{"host":"k67zwea37tbl4jhz","time":1610323015,"event":{"mods":["AchievementEnabler","Act Like it!","Aspiration","BaseMod","Better Altar","Better Match","Better Note","Better Sensory Stone","Better Skull","Better Third Choice","BetterRewards","CCEM","Clawfect","Colored Map","Conspire","Downfall","GifTheSpireLib","Googly Eyes","Halation","Hermit","Highlight Path","Hubris","Hunter ??","Mimic Mod","Minty Spire (QoL Compilation)","Permanent Neow","Replay The Spire","Shade Mod","Shop Mod","Spicy Shops","StSLib","Stuff the Spire","The Blackbeard","The Bug Knight","The Construct","The Cursed","The Disciple","The Gatherer","The IronCluck","Unceasing Turn Reminder","everything is the same but u backflip on backflip"],"gold_per_floor":[99,115,136,136,136,126,153,153,78,93,93,93,93,83,106,222,222,223,239,272,301,301,328,370,186,111,215,231,231,254,268,268,268],"floor_reached":31,"playtime":2342,"items_purged":["Injury"],"score":225,"play_id":"7f7354fe-0d3a-4ef2-825d-9b852d2f4c1f","local_time":"20210110185655","is_ascension_mode":false,"campfire_choices":[{"floor":1,"key":"RECALL"},{"data":"hexamod:GhostOfSpireFuture","floor":9,"key":"SMITH"},{"data":"hexamod:HeatShield","floor":11,"key":"SMITH"},{"data":"hexamod:Defend","floor":26,"key":"SMITH"}],"circlet_count":0,"master_deck":["hexamod:Strike+1","hexamod:Strike+1","hexamod:Strike+1","hexamod:Defend+1","hexamod:Defend+1","hexamod:Defend+1","hexamod:Defend+1","hexamod:Sear+1","hexamod:Float+1","hexamod:GhostOfSpireFuture+1","hexamod:FirstSeal","hexamod:SwordOfDarkness+1","hexamod:HeatShield+1","hexamod:Firestarter+1","hexamod:RainOfEmbers+1","hexamod:SixthSeal","hexamod:SuperheatedStrike+1","hexamod:ThermalTransfer+1","hexamod:Float+1","hexamod:ThermalTransfer+1","hexamod:HeatMetal+1","Writhe","hexamod:EmpoweredFlame"],"relics":["hexamod:SpiritBrand","halation:IllGainedPizza","Blue Doll","Molten Egg 2","CCEMRelics:PorcelainBowl","downfall:HeartBlessingRed","halation:PinkAlligatorPlush","Anchor","StuffTheSpire:PointBlank","downfall:HeartBlessingBlue","White Beast Statue","FaceOfCleric"],"acts_visited":["Exordium","TheCity"],"potions_floor_usage":[],"damage_taken":[{"damage":0,"enemies":"Small Slimes","floor":2,"turns":3},{"damage":1,"enemies":"2 Louse","floor":3,"turns":3},{"damage":0,"enemies":"downfall:FleeingMerchant","floor":6,"turns":4},{"damage":0,"enemies":"Jaw Worm","floor":10,"turns":3},{"damage":0,"enemies":"downfall:FleeingMerchant","floor":14,"turns":4},{"damage":1,"enemies":"2 Fungi Beasts","floor":15,"turns":3},{"damage":26,"enemies":"downfall:Ironclad","floor":16,"turns":9},{"damage":8,"enemies":"Chosen","floor":19,"turns":4},{"damage":14,"enemies":"Shell Parasite","floor":20,"turns":7},{"damage":18,"enemies":"Snake Plant","floor":21,"turns":4},{"damage":37,"enemies":"Sentry and Sphere","floor":23,"turns":6},{"damage":0,"enemies":"Snecko","floor":24,"turns":7},{"damage":1,"enemies":"downfall:FleeingMerchant","floor":25,"turns":4},{"damage":3,"enemies":"downfall:LadyInBlue","floor":27,"turns":9},{"damage":0,"enemies":"Snecko","floor":28,"turns":4},{"damage":4,"enemies":"Centurion and Healer","floor":30,"turns":7},{"damage":84,"enemies":"Gremlin Leader","floor":31,"turns":7}],"seed_played":"-5664262281527415496","potions_obtained":[{"floor":10,"key":"Adrenaline Potion"},{"floor":15,"key":"Regen Potion"},{"floor":21,"key":"SpeedPotion"},{"floor":23,"key":"Regen Potion"},{"floor":27,"key":"Regen Potion"}],"is_trial":false,"path_per_floor":["R_BF","M","M","?","?","$","T","?","R","M","R","?","?","$","M","B",null,"R_BF","M","M","M","?","M","MIM","$","R","?","M","?","M","E"],"character_chosen":"THE_SPIRIT","items_purchased":["StuffTheSpire:PointBlank"],"campfire_rested":0,"item_purchase_floors":[25],"current_hp_per_floor":[70,70,69,66,66,70,70,70,70,70,70,70,70,70,69,43,70,63,62,55,37,37,70,70,70,80,80,80,80,81,0,0,0],"gold":268,"neow_bonus":"RANDOM_COMMON_RELIC","is_daily":false,"chose_seed":false,"campfire_upgraded":3,"win_rate":0.0,"timestamp":1610323015,"path_taken":["R_BF","M","M","?","?","?","T","?","R","?","R","?","?","?","M","BOSS","R_BF","M","M","M","?","M","MIM","$","R","?","M","?","?","E"],"items_purchased_type":["Relic"],"build_version":"2020-12-22","purchased_purges":1,"victory":false,"max_hp_per_floor":[70,70,70,70,70,70,70,70,70,70,70,70,70,70,70,70,70,70,70,70,70,70,70,70,70,80,80,80,80,81,81,81,81],"card_choices":[{"not_picked":["hexamod:ShieldOfDarkness","hexamod:GhostShield"],"picked":"hexamod:GhostOfSpireFuture","floor":2},{"not_picked":["hexamod:SpectralAdrenaline","hexamod:RainOfEmbers"],"picked":"hexamod:FirstSeal","floor":3},{"not_picked":["hexamod:PhantomCloak","hexamod:ThirdSeal","hexamod:GhostShield"],"picked":"SKIP","floor":6},{"not_picked":["hexamod:ChargedBarrage","hexamod:NightmareStrike+1"],"picked":"hexamod:HeatShield","floor":10},{"not_picked":["hexamod:NightmareGuise","hexamod:NightmareStrike+1"],"picked":"hexamod:Firestarter+1","floor":14},{"not_picked":["hexamod:Firestarter+1","hexamod:NightmareStrike+1"],"picked":"hexamod:RainOfEmbers+1","floor":15},{"not_picked":["hexamod:TimeWarp+1","hexamod:CrushingStance+1"],"picked":"hexamod:SixthSeal","floor":16},{"not_picked":["hexamod:GhostOfSpirePresent","hexamod:SwordOfDarkness+1","hexamod:EtherealExpedition"],"picked":"SKIP","floor":19},{"not_picked":["hexamod:NightmareGuise","hexamod:Firestarter+1"],"picked":"hexamod:SuperheatedStrike+1","floor":20},{"not_picked":["hexamod:GhostLash+1","hexamod:CatchUp+1"],"picked":"hexamod:ThermalTransfer+1","floor":21},{"not_picked":["hexamod:PhantomCloak","hexamod:HauntingEcho+1","hexamod:HeatShield"],"picked":"SKIP","floor":23},{"not_picked":["hexamod:GhostLash+1","hexamod:SpectersWail+1"],"picked":"hexamod:ThermalTransfer+1","floor":24},{"not_picked":["hexamod:RadiantFlame","hexamod:RetreatToShadows"],"picked":"hexamod:HeatMetal+1","floor":25},{"not_picked":["hexamod:GhostLash+1","hexamod:NightmareStrike+1","hexamod:BacktrackSmack+1"],"picked":"SKIP","floor":28},{"not_picked":["hexamod:FourthSeal","hexamod:CrushingStance+1"],"picked":"hexamod:EmpoweredFlame","floor":30}],"player_experience":185741,"relics_obtained":[{"floor":7,"key":"CCEMRelics:PorcelainBowl"},{"floor":27,"key":"White Beast Statue"}],"event_choices":[{"damage_healed":0,"gold_gain":0,"player_choice":"Relic ","damage_taken":3,"max_hp_gain":0,"max_hp_loss":0,"event_name":"betterThird:BetterScrap","floor":4,"gold_loss":0,"cards_obtained":["Scrawl"]},{"damage_healed":0,"gold_gain":0,"player_choice":"Disagree","damage_taken":0,"max_hp_gain":0,"max_hp_loss":0,"event_name":"conspire:LoneGhost","floor":13,"gold_loss":0},{"damage_healed":0,"gold_gain":0,"player_choice":"Anchor","damage_taken":0,"relics_obtained":["Anchor"],"max_hp_gain":0,"max_hp_loss":0,"event_name":"blackbeard:ShipwreckEvent","floor":18,"gold_loss":0},{"damage_healed":0,"gold_gain":0,"player_choice":"Copied","damage_taken":0,"max_hp_gain":0,"max_hp_loss":0,"event_name":"Duplicator","floor":22,"gold_loss":0,"cards_obtained":["hexamod:Float"]},{"damage_healed":0,"gold_gain":0,"player_choice":"Trade","damage_taken":0,"relics_obtained":["FaceOfCleric"],"max_hp_gain":0,"max_hp_loss":0,"event_name":"FaceTrader","floor":29,"gold_loss":0}],"is_beta":false,"boss_relics":[{"not_picked":["halation:Risk","ReplayTheSpireMod:DimensionalGlitch"],"picked":"halation:PinkAlligatorPlush"}],"items_purged_floors":[25],"is_endless":false,"potions_floor_spawned":[10,15,21,23,27,28,30],"killed_by":"Gremlin Leader","ascension_level":0}}