{"host":"a70birb7gb03c330","time":1610310361,"event":{"mods":["Act Like it!","Aspiration","BaseMod","Beaked The Cultist","Better Vampires","Clawfect","Conspire","Disable Question Mark Monsters","Displayed Cursed Tome","Downfall","Energized Spire","GungeonMod","Hallownest","Hubris","Infinite Spire","Marked Mod","Minty Spire (QoL Compilation)","Permanent Neow","Replay The Spire","Robot Space Explorer","Spicy Shops","Spikes Relics","StSLib","The Blue Laboratory","The Bug Knight","The Construct","The Jungle","UnlockEverythingMod","Wandering Minibosses"],"gold_per_floor":[115,40,40,40,55,55,87,6,6,6,23,23,33,33,33,128,128,245,261,261,261,379,413,413,413],"floor_reached":24,"playtime":1054,"items_purged":["RobotSpaceExplorer:Strike"],"score":214,"play_id":"ede1fe9c-b55b-4d3e-b286-6f6167fe706a","local_time":"20210110122601","is_ascension_mode":false,"campfire_choices":[{"data":"RobotSpaceExplorer:Counterblock","floor":6,"key":"SMITH"},{"data":"RobotSpaceExplorer:Scan","floor":10,"key":"SMITH"},{"data":"RobotSpaceExplorer:StarDust","floor":12,"key":"SMITH"},{"data":"RobotSpaceExplorer:MiniLasers","floor":15,"key":"SMITH"}],"circlet_count":0,"master_deck":["RobotSpaceExplorer:Strike","RobotSpaceExplorer:Strike","RobotSpaceExplorer:Defend","RobotSpaceExplorer:Defend","RobotSpaceExplorer:Defend","RobotSpaceExplorer:Defend","RobotSpaceExplorer:Scan+1","RobotSpaceExplorer:MiniLasers+1","RobotSpaceExplorer:Counterblock+1","RobotSpaceExplorer:StarDust+1","RobotSpaceExplorer:TurboDodge","infinitespire:Oblivion","RobotSpaceExplorer:IronShell"],"relics":["RobotSpaceExplorer:RoboCore","CrustySpines","hubris:Icosahedron","aspiration:Lifesprig","Runic Pyramid","Nloth\u0027s Gift","BicycleWheel"],"acts_visited":["Exordium","TheCity"],"potions_floor_usage":[7,13,22,23],"damage_taken":[{"damage":2,"enemies":"2 Louse","floor":1,"turns":5},{"damage":6,"enemies":"Small Slimes","floor":5,"turns":6},{"damage":14,"enemies":"Gremlin Nob","floor":7,"turns":6},{"damage":5,"enemies":"Jaw Worm","floor":11,"turns":4},{"damage":4,"enemies":"Exordium Wildlife","floor":13,"turns":4},{"damage":31,"enemies":"Hexaghost","floor":16,"turns":9},{"damage":6,"enemies":"3 Byrds","floor":18,"turns":5},{"damage":0,"enemies":"Shell Parasite","floor":19,"turns":6},{"damage":2,"enemies":"Cultist and Chosen","floor":22,"turns":5},{"damage":26,"enemies":"Nightmare","floor":23,"turns":7},{"damage":23,"enemies":"Centurion and Healer","floor":24,"turns":2}],"seed_played":"5438836201846341335","potions_obtained":[{"floor":7,"key":"Regen Potion"},{"floor":18,"key":"Explosive Potion"},{"floor":19,"key":"blueLaboratory:PhilterOfMotion"},{"floor":22,"key":"Adrenaline Potion"}],"is_trial":false,"path_per_floor":["M","$","?","?","M","R","E","$","T","R","M","R","M","?","R","B",null,"M","M","?","?","M","NM","M"],"character_chosen":"RobotSpaceExplorer","items_purchased":["RobotSpaceExplorer:StarDust"],"campfire_rested":0,"item_purchase_floors":[8],"current_hp_per_floor":[52,52,52,52,46,46,32,32,32,32,27,27,75,75,75,44,75,69,69,50,50,48,22,0,0],"gold":413,"neow_bonus":"ONE_RARE_RELIC","is_daily":false,"chose_seed":false,"campfire_upgraded":4,"win_rate":0.0,"timestamp":1610310361,"path_taken":["M","$","?","?","M","R","E","?","T","R","M","R","M","?","R","BOSS","M","?","?","?","M","NM","M"],"items_purchased_type":["Card"],"build_version":"2020-12-22","purchased_purges":1,"victory":false,"max_hp_per_floor":[75,75,75,75,75,75,75,75,75,75,75,75,75,75,75,75,75,75,75,75,75,75,75,75,75],"card_choices":[{"not_picked":["RobotSpaceExplorer:FrostMissile","RobotSpaceExplorer:SlimeMissile"],"picked":"RobotSpaceExplorer:Counterblock","floor":1},{"not_picked":["RobotSpaceExplorer:FranticSearch","RobotSpaceExplorer:HighVoltage","RobotSpaceExplorer:SwiftStep"],"picked":"SKIP","floor":5},{"not_picked":["RobotSpaceExplorer:SurgingStrike","RobotSpaceExplorer:LuckyStrike","RobotSpaceExplorer:Electropulse"],"picked":"SKIP","floor":7},{"not_picked":["RobotSpaceExplorer:Counterblock","RobotSpaceExplorer:StunGrenade"],"picked":"RobotSpaceExplorer:TurboDodge","floor":11},{"not_picked":["RobotSpaceExplorer:PowerGlove","RobotSpaceExplorer:GlueShot","RobotSpaceExplorer:Counterblock"],"picked":"SKIP","floor":13},{"not_picked":["RobotSpaceExplorer:SlimeMissile","RobotSpaceExplorer:SurgingStrike+1","RobotSpaceExplorer:StunGrenade"],"picked":"SKIP","floor":18},{"not_picked":["RobotSpaceExplorer:MiniDrones","RobotSpaceExplorer:ImprovisedAttack+1","RobotSpaceExplorer:FranticSearch"],"picked":"SKIP","floor":19},{"not_picked":["ReplayTheSpireMod:Chaos Vortex","infinitespire:Fortify"],"picked":"infinitespire:Oblivion","floor":20},{"not_picked":["RobotSpaceExplorer:TurboDodge+1","RobotSpaceExplorer:DualCore"],"picked":"RobotSpaceExplorer:IronShell","floor":22},{"not_picked":["RobotSpaceExplorer:Calculate","RobotSpaceExplorer:JunkDive+1","RobotSpaceExplorer:HighVoltage"],"picked":"SKIP","floor":23},{"not_picked":["RobotSpaceExplorer:Calculate","RobotSpaceExplorer:JunkDive+1","RobotSpaceExplorer:HighVoltage"],"picked":"SKIP","floor":23}],"player_experience":47312,"relics_obtained":[{"floor":7,"key":"aspiration:Lifesprig"},{"floor":9,"key":"Quantum Egg"},{"floor":23,"key":"BicycleWheel"}],"event_choices":[{"damage_healed":0,"gold_gain":0,"player_choice":"Disagree","damage_taken":0,"max_hp_gain":0,"max_hp_loss":0,"event_name":"conspire:LoneGhost","floor":4,"gold_loss":0},{"cards_removed":["RobotSpaceExplorer:Strike"],"damage_healed":0,"gold_gain":0,"player_choice":"Offered Basic","damage_taken":0,"max_hp_gain":0,"max_hp_loss":0,"event_name":"Bonfire Elementals","floor":14,"gold_loss":0},{"damage_healed":0,"gold_gain":0,"player_choice":"Traded Relic","damage_taken":0,"relics_obtained":["Nloth\u0027s Gift"],"max_hp_gain":0,"max_hp_loss":0,"event_name":"N\u0027loth","floor":21,"relics_lost":["Quantum Egg"],"gold_loss":0}],"is_beta":false,"boss_relics":[{"not_picked":["aspiration:RunicSpoon","hubris:CrackedHourglass"],"picked":"Runic Pyramid"}],"items_purged_floors":[2],"is_endless":true,"potions_floor_spawned":[7,18,19,22],"killed_by":"Centurion and Healer","ascension_level":0}}