{"host":"1c52r9kaxdyo25eq","time":1610286543,"event":{"mods":["AchievementEnabler","BaseMod","Minty Spire (QoL Compilation)","Rare Cards Sparkle","SuperFastMode","everything is the same but u backflip on backflip"],"gold_per_floor":[114,114,39,39,39,72,90,119,119,139,139,154,154,204,204,276,276,291,24,24,24,43,43,63,63,118,149,24,43,73,123,123,123,123],"floor_reached":33,"playtime":1014,"items_purged":["Defend_G","Cloak And Dagger","Accuracy"],"score":682,"play_id":"e910dcb6-63ed-4779-98f8-15d1487457bb","local_time":"20210110224903","is_ascension_mode":true,"campfire_choices":[{"data":"Well Laid Plans","floor":11,"key":"SMITH"},{"data":"Corpse Explosion","floor":13,"key":"SMITH"},{"data":"Neutralize","floor":15,"key":"SMITH"},{"data":"Malaise","floor":23,"key":"SMITH"},{"floor":25,"key":"REST"},{"data":"Prepared","floor":32,"key":"SMITH"}],"circlet_count":0,"master_deck":["AscendersBane","Survivor","Neutralize+1","Well Laid Plans+1","Infinite Blades","Tactician","Quick Slash","Corpse Explosion+1","Catalyst","Backflip","Die Die Die","Malaise+1","Night Terror","Tools of the Trade","Deadly Poison","Reflex","Masterful Stab","Prepared+1"],"relics":["Ring of the Snake","NeowsBlessing","StrikeDummy","Meat on the Bone","Thread and Needle","Pandora\u0027s Box","Lee\u0027s Waffle","Boot","Ice Cream","Tingsha"],"acts_visited":["Exordium","TheCity"],"potions_floor_usage":[16,16,30,33],"damage_taken":[{"damage":0,"enemies":"2 Louse","floor":1,"turns":1},{"damage":0,"enemies":"Gremlin Nob","floor":6,"turns":1},{"damage":0,"enemies":"Cultist","floor":7,"turns":1},{"damage":28,"enemies":"3 Sentries","floor":8,"turns":9},{"damage":0,"enemies":"Jaw Worm","floor":10,"turns":5},{"damage":2,"enemies":"3 Louse","floor":12,"turns":3},{"damage":19,"enemies":"The Guardian","floor":16,"turns":8},{"damage":14,"enemies":"Chosen","floor":18,"turns":6},{"damage":2,"enemies":"3 Byrds","floor":22,"turns":3},{"damage":67,"enemies":"Sentry and Sphere","floor":24,"turns":7},{"damage":30,"enemies":"Slavers","floor":27,"turns":2},{"damage":18,"enemies":"Cultist and Chosen","floor":29,"turns":4},{"damage":9,"enemies":"Book of Stabbing","floor":30,"turns":7},{"damage":15,"enemies":"Automaton","floor":33,"turns":8}],"seed_played":"-2423318206256313481","potions_obtained":[{"floor":7,"key":"Ancient Potion"},{"floor":8,"key":"Strength Potion"},{"floor":12,"key":"CultistPotion"},{"floor":27,"key":"SneckoOil"},{"floor":30,"key":"CunningPotion"}],"is_trial":false,"path_per_floor":["M","?","$","T","?","E","M","E","T","M","R","M","R","?","R","B",null,"M","$","?","?","M","R","M","R","T","E","$","M","E","?","R","B"],"character_chosen":"THE_SILENT","items_purchased":["Lee\u0027s Waffle"],"campfire_rested":1,"item_purchase_floors":[19],"current_hp_per_floor":[59,59,59,59,59,59,59,31,31,43,43,41,41,35,35,28,57,43,73,73,73,71,71,16,37,37,19,19,13,16,16,16,1,1],"gold":123,"neow_bonus":"THREE_ENEMY_KILL","is_daily":false,"chose_seed":false,"campfire_upgraded":5,"win_rate":0.0,"timestamp":1610286543,"path_taken":["M","?","?","?","?","E","M","E","T","M","R","M","R","?","R","BOSS","M","?","?","?","M","R","M","R","T","E","$","?","E","?","R","BOSS"],"items_purchased_type":["Relic"],"build_version":"2020-12-22","purchased_purges":3,"victory":false,"max_hp_per_floor":[66,66,66,66,66,66,66,66,66,66,66,66,66,66,66,66,66,66,73,73,73,73,73,73,73,73,73,73,73,73,73,73,73,73],"card_choices":[{"not_picked":["Quick Slash","Backflip"],"picked":"Well Laid Plans","floor":1},{"not_picked":["Skewer","Poisoned Stab"],"picked":"Tactician","floor":6},{"not_picked":["Bane","Well Laid Plans"],"picked":"Cloak And Dagger","floor":7},{"not_picked":["Backflip","Bane"],"picked":"Quick Slash","floor":8},{"not_picked":["Riddle With Holes","Backflip","Skewer"],"picked":"SKIP","floor":10},{"not_picked":["Blade Dance","Tactician"],"picked":"Corpse Explosion","floor":12},{"not_picked":["Bane","Expertise","Masterful Stab"],"picked":"SKIP","floor":18},{"not_picked":["Outmaneuver","Backstab","Poisoned Stab"],"picked":"SKIP","floor":22},{"not_picked":["Bane","PiercingWail"],"picked":"Reflex","floor":24},{"not_picked":["Accuracy","A Thousand Cuts"],"picked":"Masterful Stab","floor":27},{"not_picked":["Masterful Stab","Dodge and Roll","PiercingWail"],"picked":"SKIP","floor":29},{"not_picked":["Outmaneuver","Bane"],"picked":"Prepared","floor":30}],"player_experience":573066,"relics_obtained":[{"floor":6,"key":"StrikeDummy"},{"floor":8,"key":"Meat on the Bone"},{"floor":9,"key":"Thread and Needle"},{"floor":26,"key":"Boot"},{"floor":27,"key":"Ice Cream"},{"floor":30,"key":"Tingsha"}],"event_choices":[{"damage_healed":0,"gold_gain":0,"player_choice":"0 cards matched","damage_taken":0,"max_hp_gain":0,"max_hp_loss":0,"event_name":"Match and Keep!","floor":2,"gold_loss":0,"cards_obtained":[]},{"damage_healed":0,"gold_gain":0,"cards_transformed":["Strike_G"],"player_choice":"Change","damage_taken":0,"max_hp_gain":0,"max_hp_loss":0,"event_name":"Living Wall","floor":5,"gold_loss":0,"cards_obtained":["Infinite Blades"]},{"damage_healed":0,"gold_gain":50,"player_choice":"Touch","damage_taken":6,"max_hp_gain":0,"max_hp_loss":0,"event_name":"FaceTrader","floor":14,"gold_loss":0},{"damage_healed":0,"gold_gain":0,"player_choice":"Ignored","damage_taken":0,"max_hp_gain":0,"max_hp_loss":0,"event_name":"Vampires","floor":20,"gold_loss":0},{"damage_healed":0,"gold_gain":0,"cards_transformed":["Terror","Cloak And Dagger"],"player_choice":"Became Test Subject","damage_taken":0,"max_hp_gain":0,"max_hp_loss":0,"event_name":"Drug Dealer","floor":21,"gold_loss":0,"cards_obtained":["Deadly Poison","Accuracy"]},{"damage_healed":0,"gold_gain":50,"player_choice":"Stole From Cult","damage_taken":0,"max_hp_gain":0,"max_hp_loss":0,"event_name":"Nest","floor":31,"gold_loss":0}],"is_beta":false,"boss_relics":[{"not_picked":["WristBlade","SacredBark"],"picked":"Pandora\u0027s Box"}],"items_purged_floors":[3,19,28],"is_endless":false,"potions_floor_spawned":[7,8,12,27,30],"killed_by":"Automaton","ascension_level":20}}