{"host":"nsxzlb359hv0da5z","time":1610252479,"event":{"mods":["BaseMod","Bestiary","Colored Map","Minty Spire (QoL Compilation)","Permanent Neow","Relic Stats","Slay the Relics Exporter","ojb\u0027s Info Mod"],"gold_per_floor":[114,125,12,12,62,89,89,103,126,126,156,166,191,208,208,286,286,296,314,333,9,9,59,84,84,138,138,138,138,150,166,166,166,166],"floor_reached":33,"playtime":4000,"items_purged":[],"score":670,"play_id":"53831546-e289-4ef2-97a9-5edfa4c09578","local_time":"20210109202119","is_ascension_mode":true,"campfire_choices":[{"data":"EmptyFist","floor":7,"key":"SMITH"},{"data":"Vigilance","floor":10,"key":"SMITH"},{"data":"CrushJoints","floor":15,"key":"SMITH"},{"data":"Omniscience","floor":25,"key":"SMITH"},{"data":"Wireheading","floor":28,"key":"SMITH"},{"data":"Ghostly","floor":32,"key":"SMITH"}],"circlet_count":0,"master_deck":["AscendersBane","Strike_P","Defend_P","Defend_P","Defend_P","Defend_P","Eruption","Vigilance+1","EmptyFist+1","Evaluate","BowlingBash","ReachHeaven","Brilliance","DevaForm","CrushJoints+1","Evaluate","Omniscience+1","Brilliance+1","FlurryOfBlows+1","FearNoEvil+1","ThirdEye+1","Wireheading+1","Protect","Evaluate+1","Ghostly+1","Ghostly","Ghostly"],"relics":["Coffee Dripper","Blood Vial","Oddly Smooth Stone","Tiny Chest","Bronze Scales","Astrolabe","Potion Belt","InkBottle","MealTicket"],"acts_visited":["Exordium","TheCity"],"potions_floor_usage":[6,11,19,20,24,24,24],"damage_taken":[{"damage":0,"enemies":"Cultist","floor":1,"turns":2},{"damage":0,"enemies":"Small Slimes","floor":2,"turns":4},{"damage":20,"enemies":"Lagavulin","floor":6,"turns":4},{"damage":0,"enemies":"2 Louse","floor":8,"turns":1},{"damage":15,"enemies":"Gremlin Nob","floor":11,"turns":3},{"damage":0,"enemies":"Lots of Slimes","floor":12,"turns":4},{"damage":21,"enemies":"Lagavulin","floor":13,"turns":5},{"damage":0,"enemies":"3 Louse","floor":14,"turns":2},{"damage":0,"enemies":"Slime Boss","floor":16,"turns":5},{"damage":7,"enemies":"2 Thieves","floor":18,"turns":3},{"damage":16,"enemies":"Shell Parasite","floor":19,"turns":4},{"damage":15,"enemies":"Sentry and Sphere","floor":20,"turns":3},{"damage":20,"enemies":"Book of Stabbing","floor":24,"turns":4},{"damage":11,"enemies":"Centurion and Healer","floor":30,"turns":7},{"damage":2,"enemies":"Chosen and Byrds","floor":31,"turns":5},{"damage":33,"enemies":"Collector","floor":33,"turns":7}],"seed_played":"-8470935298597938500","potions_obtained":[{"floor":6,"key":"Swift Potion"},{"floor":11,"key":"Ancient Potion"},{"floor":13,"key":"FearPotion"},{"floor":20,"key":"Ambrosia"},{"floor":24,"key":"LiquidBronze"}],"is_trial":false,"path_per_floor":["M","M","$","?","?","E","R","M","T","R","E","M","E","M","R","B",null,"M","M","M","$","?","?","E","R","T","T","R","?","M","M","R","B"],"character_chosen":"WATCHER","items_purchased":["BowlingBash","FearPotion","Potion Belt","Regen Potion","Regen Potion"],"campfire_rested":0,"item_purchase_floors":[3,3,21,21,21],"current_hp_per_floor":[61,61,61,66,66,46,46,48,48,48,35,37,18,20,20,22,60,55,41,28,28,28,28,37,37,37,37,37,36,25,25,25,0,0],"gold":166,"neow_bonus":"BOSS_RELIC","is_daily":false,"chose_seed":false,"campfire_upgraded":6,"win_rate":0.0,"timestamp":1610252479,"path_taken":["M","M","?","?","?","E","R","M","T","R","E","?","E","M","R","BOSS","M","M","M","$","?","?","E","R","T","?","R","?","M","M","R","BOSS"],"items_purchased_type":["Card","Potion","Relic","Potion","Potion"],"build_version":"2020-12-22","purchased_purges":0,"victory":false,"max_hp_per_floor":[68,68,68,73,73,73,73,73,73,73,73,73,73,73,73,73,73,73,73,73,73,73,73,73,73,73,73,73,36,36,36,36,36,36],"relic_stats":{"Blood Vial":24,"counters":[16,63],"Bronze Scales":[114],"Astrolabe":["Brilliance","FlurryOfBlows","FearNoEvil"],"Tiny Chest":1,"MealTicket":0,"obtain_stats":[{"Blood Vial":6,"Potion Belt":21,"Bronze Scales":13,"Astrolabe":17,"Oddly Smooth Stone":9,"Tiny Chest":11,"MealTicket":26,"Coffee Dripper":0,"PureWater":0,"InkBottle":24},{"Blood Vial":3,"Potion Belt":12,"Bronze Scales":7,"Astrolabe":9,"Oddly Smooth Stone":4,"Tiny Chest":5,"MealTicket":13,"Coffee Dripper":0,"PureWater":0,"InkBottle":13},{"Blood Vial":10,"Potion Belt":40,"Bronze Scales":23,"Astrolabe":30,"Oddly Smooth Stone":11,"Tiny Chest":14,"MealTicket":44,"Coffee Dripper":0,"PureWater":0,"InkBottle":44}],"InkBottle":[7]},"card_choices":[{"not_picked":["CrushJoints","FollowUp"],"picked":"EmptyFist","floor":1},{"not_picked":["Collect","WreathOfFlame"],"picked":"Evaluate","floor":2},{"not_picked":["Worship","EmptyFist"],"picked":"ReachHeaven","floor":6},{"not_picked":["Crescendo","JustLucky"],"picked":"Brilliance","floor":8},{"not_picked":["MasterReality","SignatureMove"],"picked":"DevaForm","floor":11},{"not_picked":["ClearTheMind","Halt"],"picked":"CrushJoints","floor":12},{"not_picked":["EmptyFist","Prostrate"],"picked":"Evaluate","floor":13},{"not_picked":["ClearTheMind","FlyingSleeves","ForeignInfluence"],"picked":"SKIP","floor":14},{"not_picked":["DevaForm","Alpha"],"picked":"Omniscience","floor":16},{"not_picked":["Collect","PathToVictory+1"],"picked":"ThirdEye+1","floor":18},{"not_picked":["Weave","FlyingSleeves"],"picked":"Wireheading","floor":19},{"not_picked":["EmptyFist","Worship"],"picked":"Protect","floor":20},{"not_picked":["Wireheading","Conclude"],"picked":"Evaluate+1","floor":24},{"not_picked":["CutThroughFate","BowlingBash","CrushJoints"],"picked":"SKIP","floor":30},{"not_picked":["CutThroughFate+1","CrushJoints","PathToVictory"],"picked":"SKIP","floor":31}],"player_experience":1951837,"relics_obtained":[{"floor":6,"key":"Blood Vial"},{"floor":9,"key":"Oddly Smooth Stone"},{"floor":11,"key":"Tiny Chest"},{"floor":13,"key":"Bronze Scales"},{"floor":24,"key":"InkBottle"},{"floor":26,"key":"MealTicket"}],"event_choices":[{"damage_healed":0,"gold_gain":0,"player_choice":"Donut","damage_taken":0,"max_hp_gain":5,"max_hp_loss":0,"event_name":"Big Fish","floor":4,"gold_loss":0},{"damage_healed":0,"gold_gain":50,"player_choice":"Pray","damage_taken":0,"max_hp_gain":0,"max_hp_loss":0,"event_name":"Golden Shrine","floor":5,"gold_loss":0},{"damage_healed":0,"gold_gain":0,"player_choice":"Ignored","damage_taken":0,"max_hp_gain":0,"max_hp_loss":0,"event_name":"The Mausoleum","floor":22,"gold_loss":0},{"damage_healed":0,"gold_gain":50,"player_choice":"Pray","damage_taken":0,"max_hp_gain":0,"max_hp_loss":0,"event_name":"Golden Shrine","floor":23,"gold_loss":0},{"damage_healed":0,"gold_gain":0,"player_choice":"Became a Ghost","damage_taken":0,"max_hp_gain":0,"max_hp_loss":37,"event_name":"Ghosts","floor":29,"gold_loss":0,"cards_obtained":["Ghostly","Ghostly","Ghostly"]}],"is_beta":false,"boss_relics":[{"not_picked":["Busted Crown","Runic Dome"],"picked":"Astrolabe"}],"items_purged_floors":[],"is_endless":false,"potions_floor_spawned":[6,11,13,16,20,24],"killed_by":"Collector","ascension_level":20}}