{"host":"Connor","time":1610315637,"event":{"mods":["Aspiration","BaseMod","Downfall","Hubris","Marisa????????","Minty Spire (QoL Compilation)","Replay The Spire","StSLib","The Cursed","The Jungle","The Servant 0.9.4"],"gold_per_floor":[119,132,146,41,41,70,70,81,81,81,113,124,136,151,151,227,227,239,255,255,266,230,257,257,14,39,67,80,98,98,98,98,48,48],"floor_reached":33,"playtime":1119,"items_purged":["Defend_R"],"score":619,"play_id":"957dccb5-0bcb-471e-97d4-68af247b99d0","local_time":"20210110135357","is_ascension_mode":true,"campfire_choices":[{"floor":7,"key":"RECALL"},{"data":"Shockwave","floor":10,"key":"SMITH"},{"floor":15,"key":"REST"},{"floor":24,"key":"REST"},{"data":"Iron Wave","floor":30,"key":"SMITH"},{"floor":32,"key":"REST"}],"circlet_count":0,"master_deck":["AscendersBane","Strike_R","Strike_R","Strike_R","Strike_R","Strike_R","Defend_R","Defend_R","Defend_R","Bash+1","Dropkick","Shrug It Off","Warcry","expansioncontent:DefensiveMode","Shockwave+1","Shrug It Off","Barricade+1","Clothesline","Fire Breathing","Sword Boomerang","Reaper+1","ReplayTheSpireMod:Strike From Hell","Cleave+1","Twin Strike","hubris:CleavingFinish","Pommel Strike","Pommel Strike","Iron Wave+1"],"relics":["Painkiller Herb","hubris:Metronome","Mercury Hourglass","Electric Blood","hubris:Icosahedron","Lantern","Guide Book","ReplayFunnel","WingedGreaves"],"acts_visited":["Exordium","TheCity"],"potions_floor_usage":[6,11,16,16,22,22,27,27,33],"damage_taken":[{"damage":7,"enemies":"Small Slimes","floor":1,"turns":3},{"damage":1,"enemies":"Cultist","floor":2,"turns":3},{"damage":0,"enemies":"Jaw Worm","floor":3,"turns":3},{"damage":15,"enemies":"Lagavulin","floor":6,"turns":8},{"damage":1,"enemies":"3 Louse","floor":8,"turns":4},{"damage":0,"enemies":"Gremlin Nob","floor":11,"turns":3},{"damage":0,"enemies":"Exordium Wildlife","floor":12,"turns":4},{"damage":12,"enemies":"Exordium Thugs","floor":13,"turns":3},{"damage":0,"enemies":"2 Fungi Beasts","floor":14,"turns":2},{"damage":7,"enemies":"Slime Boss","floor":16,"turns":7},{"damage":12,"enemies":"Chosen","floor":18,"turns":4},{"damage":26,"enemies":"Spheric Guardian","floor":19,"turns":4},{"damage":22,"enemies":"3 Cultists","floor":21,"turns":5},{"damage":33,"enemies":"Snake Plant","floor":22,"turns":2},{"damage":42,"enemies":"Gremlin Leader","floor":23,"turns":7},{"damage":49,"enemies":"Book of Stabbing","floor":27,"turns":5},{"damage":6,"enemies":"Snecko","floor":28,"turns":6},{"damage":0,"enemies":"Centurion and Healer","floor":29,"turns":11},{"damage":58,"enemies":"Collector","floor":33,"turns":9}],"seed_played":"-5066146129357676840","potions_obtained":[{"floor":1,"key":"SneckoOil"},{"floor":2,"key":"Guardian:BlockOnCardUsePotion"},{"floor":12,"key":"Adrenaline Potion"},{"floor":14,"key":"ColorlessPotion"},{"floor":18,"key":"PowerPotion"},{"floor":21,"key":"champ:CounterPotion"},{"floor":23,"key":"Weak Potion"},{"floor":27,"key":"Reflective Coating"},{"floor":28,"key":"DuplicationPotion"}],"is_trial":false,"path_per_floor":["?","?","?","T","?","E","T","?","T","T","E","?","?","?","T","B",null,"?","?","?","?","?","E","T","T","T","E","?","?","T","?","T","B"],"character_chosen":"IRONCLAD","items_purchased":["expansioncontent:DefensiveMode","Guide Book"],"campfire_rested":3,"item_purchase_floors":[4,25],"current_hp_per_floor":[61,60,60,60,60,45,45,44,44,44,44,44,32,32,54,47,68,65,45,45,41,10,37,59,59,59,18,12,30,30,34,56,0,0],"gold":48,"neow_bonus":"BOSS_RELIC","is_daily":false,"chose_seed":false,"campfire_upgraded":2,"win_rate":0.0,"timestamp":1610315637,"path_taken":["?","?","?","T","?","E","T","?","T","T","E","?","?","?","T","BOSS","?","?","?","?","?","E","T","T","T","E","?","?","T","?","T","BOSS"],"items_purchased_type":["Card","Relic"],"build_version":"2020-12-18","purchased_purges":1,"victory":false,"max_hp_per_floor":[75,75,75,75,75,75,75,75,75,75,75,75,75,75,75,75,75,75,75,75,75,75,75,75,75,75,75,75,75,75,75,75,75,75],"card_choices":[{"not_picked":["Life Link","Evolve"],"picked":"Dropkick","floor":1},{"not_picked":["Clothesline","Anger"],"picked":"Shrug It Off","floor":2},{"not_picked":["Perfected Strike","Second Wind"],"picked":"Warcry","floor":3},{"not_picked":["hubris:SharpeningStone","Evolve"],"picked":"Shockwave","floor":6},{"not_picked":["Run Through","Flex"],"picked":"Shrug It Off","floor":8},{"not_picked":["hubris:CleavingFinish","Disarm"],"picked":"Barricade","floor":11},{"not_picked":["Run Through","Wild Strike"],"picked":"Clothesline","floor":12},{"not_picked":["True Grit","Clothesline"],"picked":"Fire Breathing","floor":13},{"not_picked":["Body Slam","Clothesline"],"picked":"Sword Boomerang","floor":14},{"not_picked":["hubris:StunningStrike","Offering"],"picked":"Reaper","floor":16},{"not_picked":["Shockwave","Fire Breathing"],"picked":"ReplayTheSpireMod:Strike From Hell","floor":18},{"not_picked":["Havoc","Shockwave","Disarm"],"picked":"SKIP","floor":19},{"not_picked":["Reckless Charge+1","Feel No Pain"],"picked":"Cleave+1","floor":21},{"not_picked":["Perfected Strike+1","Run Through"],"picked":"Twin Strike","floor":22},{"not_picked":["Double Tap","Dual Wield"],"picked":"hubris:CleavingFinish","floor":23},{"not_picked":["ReplayTheSpireMod:Strike From Hell","Ghostly Armor"],"picked":"Pommel Strike","floor":27},{"not_picked":["Abandon","Offering"],"picked":"Pommel Strike","floor":28},{"not_picked":["Run Through","Fire Breathing"],"picked":"Iron Wave","floor":29}],"player_experience":596171,"relics_obtained":[{"floor":6,"key":"hubris:Metronome"},{"floor":11,"key":"Mercury Hourglass"},{"floor":23,"key":"Lantern"},{"floor":26,"key":"ReplayFunnel"},{"floor":27,"key":"WingedGreaves"}],"event_choices":[{"damage_healed":0,"gold_gain":0,"player_choice":"Upgraded","damage_taken":0,"max_hp_gain":0,"max_hp_loss":0,"event_name":"Upgrade Shrine","floor":5,"gold_loss":0,"cards_upgraded":["Bash"]}],"is_beta":true,"boss_relics":[{"not_picked":["aspiration:SilentSkillbook","aspiration:DefectSkillbook"],"picked":"Electric Blood"}],"items_purged_floors":[25],"is_endless":false,"potions_floor_spawned":[1,2,12,14,18,21,23,27,28],"killed_by":"Collector","ascension_level":18}}