{"host":"eil9x6nly2al6731","time":1610261040,"event":{"mods":["Aspiration","BaseMod","Better Third Choice","Colored Powertips","Conspire","Energized Spire","Friendly Minions","Halation","Hubris","Infinite Spire","Minty Spire (QoL Compilation)","Random Character Button","Replay The Spire","Robot Space Explorer","Shop Mod","StSLib","The Druid","The Factory","The Jungle","The Mystic","The Servant 0.9.4","TheBandit"],"gold_per_floor":[111,123,73,73,103,103,103,16,16,16,31,63,92,50,50,83,83],"floor_reached":16,"playtime":626,"items_purged":[],"score":200,"play_id":"67219ff6-49e3-48ac-8c37-aa226327b558","local_time":"20210110144400","is_ascension_mode":true,"campfire_choices":[{"data":"conspire:SpireCoStock","floor":6,"key":"SMITH"},{"floor":15,"key":"REST"}],"circlet_count":0,"master_deck":["AscendersBane","Strike_R","Strike_R","Strike_R","Strike_R","Strike_R","Defend_R","Defend_R","Defend_R","Defend_R","Bash","Pommel Strike","Armaments+1","conspire:SpireCoStock+1","Clothesline","Whirlwind","Predator","Clash","Dagger Throw","Metallicize"],"relics":["Replay:M_StaffOfTheSnake","aspiration:Nostalgia","Cracked Core","infinitespire:Cubic Diamond","conspire:GlowingRock"],"acts_visited":["Exordium"],"potions_floor_usage":[12,16],"damage_taken":[{"damage":7,"enemies":"Jaw Worm","floor":1,"turns":3},{"damage":7,"enemies":"Small Slimes","floor":2,"turns":3},{"damage":11,"enemies":"2 Louse","floor":5,"turns":3},{"damage":9,"enemies":"Blue Slaver","floor":11,"turns":6},{"damage":17,"enemies":"3 Sentries","floor":12,"turns":5},{"damage":12,"enemies":"3 Louse","floor":13,"turns":3},{"damage":49,"enemies":"Slime Boss","floor":16,"turns":7}],"seed_played":"1440740558974366974","potions_obtained":[{"floor":11,"key":"AttackPotion"},{"floor":12,"key":"SkillPotion"},{"floor":13,"key":"Strength Potion"}],"is_trial":false,"path_per_floor":["M","M","?","?","M","R","?","$","T","$","M","E","M","$","R","B"],"character_chosen":"IRONCLAD","items_purchased":["Whirlwind","Metallicize"],"campfire_rested":1,"item_purchase_floors":[8,14],"current_hp_per_floor":[67,66,66,66,61,61,61,61,61,61,52,35,23,23,45,0,0],"gold":83,"neow_bonus":"NOSTALGIA","is_daily":false,"chose_seed":false,"campfire_upgraded":1,"win_rate":0.0,"timestamp":1610261040,"path_taken":["M","M","?","?","M","R","?","?","T","$","M","E","M","$","R","BOSS"],"items_purchased_type":["Card","Card"],"build_version":"2020-12-22","purchased_purges":0,"victory":false,"max_hp_per_floor":[75,75,75,75,75,75,75,75,75,75,75,75,75,75,75,75,75],"card_choices":[{"not_picked":["Headbutt","Anger"],"picked":"Pommel Strike","floor":1},{"not_picked":["hubris:ReadiedAction","Run Through"],"picked":"Armaments","floor":2},{"not_picked":["Sever Soul","Armaments"],"picked":"Clothesline","floor":5},{"not_picked":["conspire:Charge","Bloodletting"],"picked":"Predator","floor":11},{"not_picked":["Pommel Strike","EmptyMind"],"picked":"Clash","floor":12},{"not_picked":["ClearTheMind","Clothesline"],"picked":"Dagger Throw","floor":13}],"player_experience":1471348,"relics_obtained":[{"floor":12,"key":"conspire:GlowingRock"}],"event_choices":[{"damage_healed":0,"gold_gain":0,"player_choice":"Invest 1","damage_taken":0,"max_hp_gain":0,"max_hp_loss":0,"event_name":"conspire:Investor","floor":3,"gold_loss":0}],"is_beta":false,"boss_relics":[],"items_purged_floors":[],"is_endless":false,"potions_floor_spawned":[11,12,13],"killed_by":"Slime Boss","ascension_level":20}}