{"host":"w3x3n9s6mrz4xpf0","time":1610283758,"event":{"mods":["BaseMod","Minty Spire (QoL Compilation)","StSLib","SuperFastMode"],"gold_per_floor":[118,138,138,138,138,172,172,172,196,206,233,245,257,289,301,313,313],"floor_reached":16,"playtime":386,"items_purged":[],"score":216,"play_id":"d6dd6ab8-b3e5-47ad-b560-73fe2fa45bc7","local_time":"20210110220238","is_ascension_mode":true,"campfire_choices":[{"data":"Riddle With Holes","floor":7.0,"key":"SMITH"},{"data":"Neutralize","floor":13,"key":"SMITH"},{"floor":15,"key":"REST"}],"circlet_count":0,"master_deck":["AscendersBane","Strike_G","Strike_G","Strike_G","Strike_G","Defend_G","Defend_G","Defend_G","Defend_G","Defend_G","Survivor","Neutralize+1","Riddle With Holes+1"],"relics":["Velvet Choker","Smiling Mask","Pear","Bag of Preparation","Boot","MawBank","Thread and Needle"],"acts_visited":["Exordium"],"potions_floor_usage":[11,11],"damage_taken":[{"damage":6.0,"enemies":"Jaw Worm","floor":1.0,"turns":5.0},{"damage":2.0,"enemies":"2 Louse","floor":2.0,"turns":3.0},{"damage":32.0,"enemies":"3 Sentries","floor":6.0,"turns":8.0},{"damage":0.0,"enemies":"Small Slimes","floor":10.0,"turns":3.0},{"damage":4,"enemies":"Lagavulin","floor":11,"turns":9},{"damage":0,"enemies":"Exordium Thugs","floor":14,"turns":3},{"damage":31,"enemies":"Hexaghost","floor":16,"turns":9}],"seed_played":"-4114039406878289565","potions_obtained":[{"floor":1.0,"key":"PowerPotion"},{"floor":6.0,"key":"BlessingOfTheForge"},{"floor":10.0,"key":"EssenceOfSteel"}],"is_trial":false,"path_per_floor":["M","M","?","?","T","E","R","?","T","M","E","T","R","M","R","B"],"character_chosen":"THE_SILENT","items_purchased":[],"campfire_rested":1,"item_purchase_floors":[],"current_hp_per_floor":[53,51,51,40,50,18,18,11,11,11,7,7,7,7,29,0,0],"gold":313,"neow_bonus":"BOSS_RELIC","is_daily":false,"chose_seed":false,"campfire_upgraded":2,"win_rate":0.0,"timestamp":1610283758,"path_taken":["M","M","?","?","?","E","R","?","T","?","E","?","R","M","R","BOSS"],"items_purchased_type":[],"build_version":"2020-12-22","purchased_purges":0,"victory":false,"max_hp_per_floor":[66,66,66,66,76,76,76,76,76,76,76,76,76,76,76,76,76],"card_choices":[{"not_picked":["Escape Plan","Infinite Blades"],"picked":"Riddle With Holes","floor":1.0},{"not_picked":["Poisoned Stab","Prepared","Blade Dance"],"picked":"SKIP","floor":2.0},{"not_picked":["A Thousand Cuts","Deflect","Sucker Punch"],"picked":"SKIP","floor":6.0},{"not_picked":["Infinite Blades","Prepared","Setup"],"picked":"SKIP","floor":10.0},{"not_picked":["Quick Slash","Expertise","Poisoned Stab"],"picked":"SKIP","floor":11},{"not_picked":["Expertise","Dagger Throw","Acrobatics"],"picked":"SKIP","floor":14}],"player_experience":134047,"relics_obtained":[{"floor":5.0,"key":"Pear"},{"floor":6.0,"key":"Bag of Preparation"},{"floor":9.0,"key":"Boot"},{"floor":11,"key":"MawBank"},{"floor":12,"key":"Thread and Needle"}],"event_choices":[{"damage_healed":0.0,"max_hp_gain":0.0,"max_hp_loss":0.0,"gold_gain":0.0,"event_name":"Liars Game","player_choice":"Ignored","floor":3.0,"gold_loss":0.0,"damage_taken":0.0},{"damage_healed":0.0,"max_hp_gain":0.0,"max_hp_loss":0.0,"gold_gain":0.0,"event_name":"Scrap Ooze","player_choice":"Success","floor":4.0,"gold_loss":0.0,"damage_taken":11.0,"relics_obtained":["Smiling Mask"]},{"cards_removed":["Strike_G"],"damage_healed":0.0,"max_hp_gain":0.0,"max_hp_loss":0.0,"gold_gain":0.0,"event_name":"Golden Wing","player_choice":"Card Removal","floor":8.0,"gold_loss":0.0,"damage_taken":7.0}],"is_beta":false,"boss_relics":[],"items_purged_floors":[],"is_endless":false,"potions_floor_spawned":[1,6,10],"killed_by":"Hexaghost","ascension_level":20}}