{"host":"ds3v42j7tpaaz1mg","time":1610238985,"event":{"mods":["AchievementEnabler","Aspiration","BaseMod","Bestiary","Better Altar","Better Note","Better Sensory Stone","BetterRewards","Block Reminder","Colored Powertips","Conspire","Downfall","Energized Spire","Halation","Hermit","Highlight Path","Hubris","Infinite Spire","Jorbs\u0027s Wanderer Trilogy","Minty Spire (QoL Compilation)","Relic Stats","Replay The Spire","StSLib","The Elementalist","The Servant 0.9.4","vexMod"],"gold_per_floor":[111,161,10,10,27,27,56,5,28,28,28,28,45,75,75,170,170,187,187,204,273,273,15,47,47,124,43,43,43,58,90,90,187,187,210,238,30,48,48,48,48,48,73,114,114,136,205,238,238,238],"floor_reached":51,"playtime":2441,"items_purged":["Parasite"],"score":1642,"play_id":"cde72c1d-be40-4402-819d-add13014fb39","local_time":"20210109193625","is_ascension_mode":true,"campfire_choices":[{"data":"Armaments","floor":6.0,"key":"SMITH"},{"floor":10.0,"key":"REST"},{"floor":12.0,"key":"REST"},{"data":"Impervious","floor":15.0,"key":"SMITH"},{"data":"hubris:Fate","floor":25.0,"key":"SMITH"},{"floor":32.0,"key":"REST"},{"floor":40,"key":"REST"},{"data":"Barricade","floor":42,"key":"SMITH"},{"data":"infinitespire:Fortify","floor":45,"key":"SMITH"},{"floor":49,"key":"REST"}],"circlet_count":0,"master_deck":["Strike_R","Strike_R","Strike_R","Strike_R","Strike_R","Defend_R","Defend_R","Defend_R","Defend_R","Bash","expansioncontent:QuickStudy","Ghostly Armor","Armaments+1","Shrug It Off","Dark Embrace","Sentinel","Impervious+1","Barricade+1","Cleave+1","hubris:Fate+1","conspire:ExplosiveBarrier","Chrysalis","Power Through","Sickly","Burning Pact","Shrug It Off","Juggernaut","Sentinel+1","Parasite","infinitespire:Fortify+1","Delirium","Body Slam+1"],"relics":["Burning Blood","Tiny Chest","Letter Opener","Bag of Preparation","Juzu Bracelet","energizedSpire:CursedPentagram","Replay:Bottled Flurry","conspire:DeflatedDodgeball","Replay:Towering Pillar of Hats","aspiration:HummingbirdHeart","ReplayTheSpireMod:Ninjato","halation:SelfBoilingWater","Another Sword","infinitespire:EvilPickle","aspiration:FutureDiary","Dream Catcher","Replay:Wax Seal","Meat on the Bone","hubris:BottledRain"],"acts_visited":["Exordium","TheCity","TheBeyond"],"potions_floor_usage":[36,44,44,50],"damage_taken":[{"damage":9.0,"enemies":"2 Louse","floor":1.0,"turns":2.0},{"damage":0.0,"enemies":"Cultist","floor":5.0,"turns":4.0},{"damage":53.0,"enemies":"Gremlin Nob","floor":7.0,"turns":5.0},{"damage":0.0,"enemies":"Small Slimes","floor":13.0,"turns":1.0},{"damage":6.0,"enemies":"Replay:BlueRogue","floor":14.0,"turns":3.0},{"damage":20.0,"enemies":"Slime Boss","floor":16.0,"turns":12.0},{"damage":42.0,"enemies":"conspire:FuzzyDice","floor":18.0,"turns":8.0},{"damage":0.0,"enemies":"Spheric Guardian","floor":20.0,"turns":3.0},{"damage":0.0,"enemies":"conspire:Head Lice","floor":24.0,"turns":5.0},{"damage":2.0,"enemies":"Cultist and Chosen","floor":30.0,"turns":5.0},{"damage":11.0,"enemies":"Gremlin Leader","floor":31.0,"turns":4.0},{"damage":27.0,"enemies":"Pondfish","floor":33.0,"turns":15.0},{"damage":10,"enemies":"3 Shapes","floor":35,"turns":3},{"damage":0,"enemies":"3 Darklings","floor":36,"turns":5},{"damage":0,"enemies":"Writhing Mass","floor":38,"turns":5},{"damage":0,"enemies":"conspire:MimicChest","floor":44,"turns":10},{"damage":28,"enemies":"Transient","floor":46,"turns":5},{"damage":32,"enemies":"3 Darklings","floor":48,"turns":5},{"damage":57,"enemies":"infinitespire:MassOfShapes","floor":50,"turns":15}],"seed_played":"3432220114847593472","potions_obtained":[{"floor":4.0,"key":"Reflective Coating"},{"floor":4.0,"key":"Guardian:BlockOnCardUsePotion"},{"floor":4.0,"key":"GamblersBrew"},{"floor":7.0,"key":"Elixir"},{"floor":13.0,"key":"Block Potion"},{"floor":16.0,"key":"Swift Potion"},{"floor":20.0,"key":"CultistPotion"},{"floor":30.0,"key":"Fire Potion"},{"floor":33.0,"key":"SpeedPotion"},{"floor":36,"key":"LifebloodPotion"},{"floor":48,"key":"Toxic Potion"}],"is_trial":false,"path_per_floor":["M","?","$","?","M","R","E","$","T","R","?","R","M","E","R","B",null,"M","AVR","M","T","?","$","E","R","T","$","T","?","M","E","R","B",null,"M","M","$","M","?","R","$","R","T","?","R","M","T","M","R","B",null],"character_chosen":"IRONCLAD","items_purchased":["expansioncontent:QuickStudy","Ghostly Armor","Tiny Chest","PowerPotion","Chrysalis","Burning Pact","Dream Catcher","AttackPotion"],"campfire_rested":5,"item_purchase_floors":[0,0,3,8,23,27,37,37],"current_hp_per_floor":[61,61,61,61,67,67,20,20,20,44,52,76,80,80,80,66,77,41,41,47,47,47,47,53,53,53,53,53,53,57,52,75,54,71,67,73,73,77,58,77,77,77,77,77,77,55,55,41,64,25],"gold":238,"neow_bonus":"","is_daily":false,"chose_seed":false,"campfire_upgraded":5,"win_rate":0.0,"timestamp":1610238985,"path_taken":["M","?","$","?","?","R","E","$","T","R","?","R","M","E","R","BOSS","M","AVR","M","?","?","?","E","R","T","?","?","?","M","E","R","BOSS","M","M","$","M","?","R","$","R","T","?","R","M","?","M","R","BOSS"],"items_purchased_type":["Card","Card","Relic","Potion","Card","Card","Relic","Potion"],"build_version":"2020-12-22","purchased_purges":1,"victory":true,"max_hp_per_floor":[80,80,80,80,80,80,80,80,80,80,80,80,80,80,80,80,80,80,80,80,80,80,77,77,77,77,77,77,77,77,77,77,77,77,77,77,77,77,77,77,77,77,77,77,77,77,77,77,77,77],"relic_stats":{"Dream Catcher":2,"counters":[19,115],"Tiny Chest":3,"Bag of Preparation":[32],"Juzu Bracelet":3,"Letter Opener":[430],"obtain_stats":[{"ReplayTheSpireMod:Ninjato":26,"Replay:Towering Pillar of Hats":22,"Bag of Preparation":9,"Juzu Bracelet":14,"aspiration:HummingbirdHeart":24,"Letter Opener":7,"halation:SelfBoilingWater":28,"Burning Blood":0,"infinitespire:EvilPickle":33,"Dream Catcher":37,"energizedSpire:CursedPentagram":17,"Tiny Chest":3,"Another Sword":31,"Replay:Bottled Flurry":19,"conspire:DeflatedDodgeball":21,"aspiration:FutureDiary":34,"Replay:Wax Seal":43,"Meat on the Bone":44,"hubris:BottledRain":47},{"ReplayTheSpireMod:Ninjato":9,"Replay:Towering Pillar of Hats":8,"Bag of Preparation":3,"Juzu Bracelet":5,"aspiration:HummingbirdHeart":9,"Letter Opener":3,"halation:SelfBoilingWater":9,"Burning Blood":0,"infinitespire:EvilPickle":12,"Dream Catcher":14,"energizedSpire:CursedPentagram":6,"Tiny Chest":1,"Another Sword":11,"Replay:Bottled Flurry":7,"conspire:DeflatedDodgeball":8,"aspiration:FutureDiary":12,"Replay:Wax Seal":15,"Meat on the Bone":16,"hubris:BottledRain":17},{"ReplayTheSpireMod:Ninjato":43,"Replay:Towering Pillar of Hats":38,"Bag of Preparation":11,"Juzu Bracelet":15,"aspiration:HummingbirdHeart":43,"Letter Opener":11,"halation:SelfBoilingWater":43,"Burning Blood":0,"infinitespire:EvilPickle":67,"Dream Catcher":75,"energizedSpire:CursedPentagram":27,"Tiny Chest":2,"Another Sword":52,"Replay:Bottled Flurry":35,"conspire:DeflatedDodgeball":38,"aspiration:FutureDiary":67,"Replay:Wax Seal":80,"Meat on the Bone":90,"hubris:BottledRain":95}],"Burning Blood":104,"Meat on the Bone":24},"card_choices":[{"not_picked":["Dual Wield","Clash"],"picked":"Armaments","floor":1.0},{"not_picked":["Replay:Undeath\u0027s Touch","Whirlwind"],"picked":"Shrug It Off","floor":5.0},{"not_picked":["Pommel Strike","hubris:StunningStrike"],"picked":"Dark Embrace","floor":7.0},{"not_picked":["Sword Boomerang","Iron Wave"],"picked":"Sentinel","floor":13.0},{"not_picked":["Iron Wave","ReplayTheSpireMod:Corrosion Curse"],"picked":"Impervious","floor":14.0},{"not_picked":["Double Tap","Bludgeon"],"picked":"Barricade","floor":16.0},{"not_picked":["Replay:Undeath\u0027s Touch","True Grit"],"picked":"Cleave+1","floor":18.0},{"not_picked":["ReplayTheSpireMod:Strike From Hell","Sword Boomerang"],"picked":"conspire:ExplosiveBarrier","floor":20.0},{"not_picked":["hubris:CleavingFinish","Pommel Strike"],"picked":"Power Through","floor":24.0},{"not_picked":["Headbutt+1","Sword Boomerang+1"],"picked":"Shrug It Off","floor":30.0},{"not_picked":["Demon Form","Run Through+1","True Grit"],"picked":"SKIP","floor":31.0},{"not_picked":["Demonic Infusion","conspire:Purge"],"picked":"Juggernaut","floor":33.0},{"not_picked":["Pummel+1","Run Through+1"],"picked":"Sentinel+1","floor":35},{"not_picked":["Warcry+1","Run Through","Shockwave"],"picked":"SKIP","floor":36},{"not_picked":["ReplayTheSpireMod:Corrosion Curse+1","Rage","Pommel Strike+1"],"picked":"SKIP","floor":38},{"not_picked":["infinitespire:Oblivion","ReplayTheSpireMod:Book of Names"],"picked":"infinitespire:Fortify","floor":39},{"not_picked":["Thunderclap","Pommel Strike"],"picked":"Body Slam+1","floor":40},{"not_picked":["Defy Death","Warcry","Combust"],"picked":"SKIP","floor":46},{"not_picked":["Bloodletting+1","Heavy Blade","Replay:Undeath\u0027s Touch"],"picked":"SKIP","floor":48}],"player_experience":599258,"relics_obtained":[{"floor":7.0,"key":"Letter Opener"},{"floor":9.0,"key":"Bag of Preparation"},{"floor":14.0,"key":"Juzu Bracelet"},{"floor":21.0,"key":"conspire:DeflatedDodgeball"},{"floor":24.0,"key":"aspiration:HummingbirdHeart"},{"floor":26.0,"key":"ReplayTheSpireMod:Ninjato"},{"floor":28.0,"key":"halation:SelfBoilingWater"},{"floor":31.0,"key":"Another Sword"},{"floor":43,"key":"Replay:Wax Seal"},{"floor":44,"key":"Meat on the Bone"},{"floor":47,"key":"hubris:BottledRain"}],"event_choices":[{"damage_healed":0.0,"max_hp_gain":0.0,"max_hp_loss":0.0,"gold_gain":0.0,"event_name":"Lab","player_choice":"Got Potions","floor":4.0,"gold_loss":0.0,"damage_taken":0.0},{"damage_healed":0.0,"max_hp_gain":0.0,"max_hp_loss":0.0,"gold_gain":0.0,"event_name":"Match and Keep!","player_choice":"0 cards matched","floor":29.0,"gold_loss":0.0,"damage_taken":0.0,"cards_obtained":[]}],"is_beta":false,"boss_relics":[{"not_picked":["halation:PlatinumPhoenix","Ectoplasm"],"picked":"energizedSpire:CursedPentagram"},{"not_picked":["Honey Jar","Snecko Eye"],"picked":"aspiration:FutureDiary"}],"items_purged_floors":[23],"is_endless":false,"potions_floor_spawned":[7,13,16,20,30,33,36,48],"ascension_level":8}}