{"host":"ha6p5pdchuduffeg","time":1610252019,"event":{"mods":["Act Like it!","BaseMod","Gensokyo","KinomotoSakuraMod(ƒæ÷Æ±æ”£)","Koishi","Marisa£®ÏF”Í°°ƒß¿Ì…≥£©","Minty Spire (QoL Compilation)","Reimu£®≤©¿ˆ¡È√Œ£©","Remilia£®¿Ÿ√◊¿Ú—«£©","Replay The Spire","StSLib","The Servant 0.9.4","Youmu£®ªÍ∆«—˝√Œ£©"],"gold_per_floor":[218,218,218,218,170,170,245,272,272,285,304,320,175,194,194,291,291,257,110,110,124,84,84,84,84],"floor_reached":24,"playtime":690,"items_purged":[],"score":213,"play_id":"df1a2ba6-ac33-4a8f-b627-1b12f2139e93","local_time":"20210110121339","is_ascension_mode":true,"campfire_choices":[{"data":"SilverBlades","floor":6.0,"key":"SMITH"},{"floor":15.0,"key":"REST"},{"floor":23,"key":"REST"}],"circlet_count":0,"master_deck":["Strike_S","Strike_S","Strike_S","Strike_S","Defend_S","Defend_S+1","Defend_S+1","Defend_S","KidneyShot","Exchange","SilverBlades+1","Defy","Snipe","Collapse","Duplication","Ricochet+1","Snipe"],"relics":["Uniform","Mercury Hourglass","Bottled Tornado","War Paint","SacredBark","Happy Flower","ZunR:ReiMu"],"acts_visited":["Exordium","TheCity"],"potions_floor_usage":[],"damage_taken":[{"damage":2.0,"enemies":"2 Louse","floor":1.0,"turns":3.0},{"damage":14.0,"enemies":"Gremlin Nob","floor":8.0,"turns":5.0},{"damage":12.0,"enemies":"Small Slimes","floor":10.0,"turns":3.0},{"damage":1.0,"enemies":"Jaw Worm","floor":11.0,"turns":4.0},{"damage":5.0,"enemies":"Red Slaver","floor":12.0,"turns":3.0},{"damage":3.0,"enemies":"Looter","floor":14.0,"turns":3.0},{"damage":33.0,"enemies":"Fading Forest","floor":16.0,"turns":11.0},{"damage":42,"enemies":"2 Thieves","floor":18,"turns":5},{"damage":8,"enemies":"Shell Parasite","floor":21,"turns":5},{"damage":48,"enemies":"Snake Plant","floor":24,"turns":3}],"seed_played":"9178690067079296618","potions_obtained":[{"floor":1.0,"key":"Weak Potion"},{"floor":14.0,"key":"MagicPotion:ReiMu"},{"floor":21,"key":"ZuzhouPotion:ReiMu"}],"is_trial":false,"path_per_floor":["M","$","?","?","$","R","?","E","T","M","M","M","$","M","R","B",null,"M","$","?","M","?","R","M"],"character_chosen":"THE_SERVANT","items_purchased":["Defy","War Paint","Happy Flower"],"campfire_rested":2,"item_purchase_floors":[5,13,19],"current_hp_per_floor":[63,63,63,68,68,68,57,43,43,31,30,25,25,22,43,20,70,28,28,28,20,20,41,0,0],"gold":84,"neow_bonus":"HUNDRED_GOLD","is_daily":false,"chose_seed":false,"campfire_upgraded":1,"win_rate":0.0,"timestamp":1610252019,"path_taken":["M","$","?","?","$","R","?","E","T","M","M","?","$","M","R","BOSS","M","$","?","M","?","R","M"],"items_purchased_type":["Card","Relic","Relic"],"build_version":"2020-12-22","purchased_purges":0,"victory":false,"max_hp_per_floor":[65,65,65,70,70,70,70,70,70,70,70,70,70,70,70,70,70,70,70,70,70,70,70,70,70],"card_choices":[{"not_picked":["StarChef","ShatteredReality"],"picked":"SilverBlades","floor":1.0},{"not_picked":["Unruled","Reset","FastForward"],"picked":"SKIP","floor":8.0},{"not_picked":["Replace","FanOfKnives"],"picked":"Snipe","floor":10.0},{"not_picked":["TimeWarp","TimeTheft"],"picked":"Collapse","floor":11.0},{"not_picked":["Defy","TimeWarp","Replace"],"picked":"SKIP","floor":12.0},{"not_picked":["FastForward","FanOfKnives","Unruled"],"picked":"SKIP","floor":14.0},{"not_picked":["Initiator","Solidify"],"picked":"Duplication","floor":16.0},{"not_picked":["Moonlight+1","DoubleEdge"],"picked":"Ricochet+1","floor":18},{"not_picked":["Revamp","Rewind"],"picked":"Snipe","floor":21}],"player_experience":45263,"relics_obtained":[{"floor":8.0,"key":"Mercury Hourglass"},{"floor":9.0,"key":"Bottled Tornado"}],"event_choices":[{"damage_healed":0.0,"max_hp_gain":0.0,"max_hp_loss":0.0,"gold_gain":0.0,"event_name":"Shining Light","player_choice":"Ignored","floor":3.0,"gold_loss":0.0,"damage_taken":0.0},{"damage_healed":0.0,"max_hp_gain":5.0,"max_hp_loss":0.0,"gold_gain":0.0,"event_name":"Big Fish","player_choice":"Donut","floor":4.0,"gold_loss":0.0,"damage_taken":0.0},{"damage_healed":0.0,"max_hp_gain":0.0,"max_hp_loss":0.0,"gold_gain":75.0,"event_name":"World of Goop","player_choice":"Gather Gold","floor":7.0,"gold_loss":0.0,"damage_taken":11.0},{"damage_healed":0,"gold_gain":0,"player_choice":"Ignored","damage_taken":0,"max_hp_gain":0,"max_hp_loss":0,"event_name":"Beggar","floor":20,"gold_loss":0},{"damage_healed":0,"gold_gain":0,"player_choice":"π∫¬Ú…Òæ∆","damage_taken":0,"relics_obtained":["ZunR:ReiMu"],"max_hp_gain":0,"max_hp_loss":0,"event_name":"ZunEvent","floor":22,"gold_loss":40}],"is_beta":false,"boss_relics":[{"not_picked":["Velvet Choker","Replay:Grab Bag"],"picked":"SacredBark"}],"items_purged_floors":[],"is_endless":false,"potions_floor_spawned":[1,14,21],"killed_by":"Snake Plant","ascension_level":2}}