{"host":"el64n55ujqqj0ju7","time":1610309594,"event":{"mods":["AchievementEnabler","Act Like it!","BaseMod","Beaked The Cultist","Better Altar","Better Third Choice","BetterRewards","Card Forge","Colored Map","Conspire","Downfall","Hallownest","Hermit","Hubris","Infinite Spire","Lobotomy","Minty Spire (QoL Compilation)","Rare Cards Sparkle","Replay The Spire","Spicy Shops","Spikes Relics","StSLib","The Bug Knight","The Hierophant"],"gold_per_floor":[369,369,51,64,83,83,118,118,118,153,153,53,71,99,99,197,197,216,216,216,226,236,270,270,270,293,327,346,374,386,400,400,504,504,520,538,538,58,70,100,115,141,221,221,221,255,270,270,270,270],"floor_reached":51,"playtime":2018,"items_purged":["hubris:Lust","Guardian:Defend_Guardian","Defend_R"],"score":1032,"play_id":"0c9c9c23-7294-4082-82d0-11486c45d7b8","local_time":"20210110151314","is_ascension_mode":true,"campfire_choices":[{"data":"HollowMod:FocusHealStart","floor":6,"key":"SMITH"},{"data":"Bash","floor":8,"key":"SMITH"},{"data":"Disarm","floor":11,"key":"SMITH"},{"data":"Pommel Strike","floor":15,"key":"SMITH"},{"data":"Offering","floor":25,"key":"SMITH"},{"floor":32,"key":"DIG"},{"data":"Replay:SS_forest_6","floor":45,"key":"SMITH"}],"circlet_count":0,"master_deck":["Defend_R","Defend_R","Defend_R","Bash+1","HollowMod:FocusHealStart+1","Cleave","Dramatic Entrance","Pommel Strike+1","Reaper","Disarm+1","Clothesline","Offering+1","Hemokinesis+1","Bite","Bite","Bite","Bite","Bite","Sword Boomerang+1","Fire Breathing+1","Run Through","Replay:SS_forest_6+1","Metallicize","ReplayTheSpireMod:Muscle Training+1","Parasite","Dual Wield+1"],"relics":["Burning Blood","Hammer of Thor","Seething Fire","Anvil of the Gods","ReplayTheSpireMod:Ring of Collecting","Ring of Fury","Garlic","ReplayTheSpireMod:Ring of Exchange","PreservedInsect","hubris:GlazedTorus","SpikesRelics:DaevaFist","Mark of Pain","conspire:TopHat","Gremlin Food","Mercury Hourglass","hubris:64BitClover","Replay:Kaleidoscope","Membership Card","Replay:Bottled Flurry","Bottled Tornado","ReplayTheSpireMod:TigerMarble","Self Forming Clay","infinitespire:PuzzleCube","SpikesRelics:ToyHorsey","Ring of Misfortune","Eternal Feather","hubris:Towel","Vajra","hubris:Icosahedron"],"acts_visited":["Exordium","TheCity","TheBeyond"],"potions_floor_usage":[23,29,33,33,50,50,50],"damage_taken":[{"damage":13,"enemies":"Jaw Worm","floor":1,"turns":6},{"damage":0,"enemies":"Small Slimes","floor":4,"turns":1},{"damage":0,"enemies":"Cultist","floor":5,"turns":2},{"damage":12,"enemies":"HollowMod:MossKnight","floor":7,"turns":6},{"damage":0,"enemies":"Gremlin Nob","floor":10,"turns":2},{"damage":2,"enemies":"Blue Slaver","floor":13,"turns":2},{"damage":2,"enemies":"HollowMod:MossKnight","floor":14,"turns":2},{"damage":28,"enemies":"The Guardian","floor":16,"turns":11},{"damage":0,"enemies":"Spheric Guardian","floor":18,"turns":2},{"damage":13,"enemies":"conspire:FuzzyDice","floor":21,"turns":2},{"damage":12,"enemies":"Centurion and Healer","floor":22,"turns":4},{"damage":18,"enemies":"HollowMod:Nosk","floor":23,"turns":4},{"damage":13,"enemies":"Replay:Snechameleon","floor":27,"turns":4},{"damage":6,"enemies":"Sentry and Sphere","floor":28,"turns":2},{"damage":2,"enemies":"Slavers","floor":29,"turns":2},{"damage":8,"enemies":"Chosen and Byrds","floor":30,"turns":3},{"damage":8,"enemies":"Cultist and Chosen","floor":31,"turns":2},{"damage":47,"enemies":"Champ","floor":33,"turns":8},{"damage":9,"enemies":"Orb Walker","floor":35,"turns":3},{"damage":10,"enemies":"3 Shapes","floor":36,"turns":2},{"damage":12,"enemies":"Transient","floor":39,"turns":5},{"damage":9,"enemies":"HollowMod:StalkingDevout","floor":40,"turns":3},{"damage":16,"enemies":"Writhing Mass","floor":41,"turns":5},{"damage":17,"enemies":"Nemesis","floor":42,"turns":3},{"damage":0,"enemies":"Reptomancer","floor":46,"turns":2},{"damage":6,"enemies":"Transient","floor":47,"turns":5},{"damage":91,"enemies":"Awakened One","floor":50,"turns":9}],"seed_played":"447766094158102667","potions_obtained":[{"floor":4,"key":"BlessingOfTheForge"},{"floor":5,"key":"SpeedPotion"},{"floor":10,"key":"SkillPotion"},{"floor":16,"key":"Fire Potion"},{"floor":22,"key":"Fire Potion"},{"floor":27,"key":"Block Potion"},{"floor":30,"key":"ColorlessPotion"},{"floor":35,"key":"PowerPotion"},{"floor":47,"key":"DuplicationPotion"}],"is_trial":false,"path_per_floor":["M","?","$","M","M","R","E","R","T","E","R","$","M","E","R","B",null,"M","?","?","M","M","E","$","R","T","E","M","E","M","M","R_BF","B",null,"M","M","?","$","M","E","M","E","T","?","R","E","M","?","R_BF","B",null],"character_chosen":"IRONCLAD","items_purchased":["Dramatic Entrance","Replay:Bottled Flurry","Replay:SS_forest_6","Bottled Tornado","Metallicize","ReplayTheSpireMod:TigerMarble","BloodPotion"],"campfire_rested":0,"item_purchase_floors":[3,38,38,38,38,38,38],"current_hp_per_floor":[73,73,73,79,80,80,74,74,74,80,80,80,80,80,80,64,80,80,80,56,56,56,56,56,56,56,53,56,56,56,54,54,31,56,56,56,66,66,66,66,66,66,66,66,66,66,66,66,66,28],"gold":270,"neow_bonus":"TWO_FIFTY_GOLD","is_daily":false,"chose_seed":false,"campfire_upgraded":6,"win_rate":0.0,"timestamp":1610309594,"path_taken":["M","?","$","M","M","R","E","R","T","E","R","$","M","E","R","BOSS","M","?","?","M","M","E","$","R","T","E","M","E","M","M","R_BF","BOSS","M","M","?","$","?","E","M","E","T","?","R","E","M","?","R_BF","BOSS"],"items_purchased_type":["Card","Relic","Card","Relic","Card","Relic","Potion"],"build_version":"2020-12-22","purchased_purges":3,"victory":true,"max_hp_per_floor":[80,80,80,80,80,80,80,80,80,80,80,80,80,80,80,80,80,80,80,56,56,56,56,56,56,56,56,56,56,56,56,56,56,56,56,56,66,66,66,66,66,66,66,66,66,66,66,66,66,66],"card_choices":[{"not_picked":["Rage","Sword Boomerang"],"picked":"Cleave","floor":1},{"not_picked":["ReplayTheSpireMod:Muscle Training","Thunderclap"],"picked":"Pommel Strike","floor":4},{"not_picked":["Combust","hubris:ReadiedAction","Headbutt"],"picked":"SKIP","floor":5},{"not_picked":["Pommel Strike","ReplayTheSpireMod:Strike From Hell"],"picked":"Reaper","floor":7},{"not_picked":["Body Slam","Run Through"],"picked":"Disarm","floor":10},{"not_picked":["Armaments","Burning Pact","Heavy Blade"],"picked":"SKIP","floor":13},{"not_picked":["Entrench","conspire:ExplosiveBarrier"],"picked":"Clothesline","floor":14},{"not_picked":["Double Tap","Fiend Fire"],"picked":"Offering","floor":16},{"not_picked":["hubris:ReadiedAction","Body Slam"],"picked":"Hemokinesis+1","floor":18},{"not_picked":["hubris:ReadiedAction+1","Body Slam+1"],"picked":"Sword Boomerang+1","floor":21},{"not_picked":["Searing Blow","Run Through"],"picked":"Fire Breathing+1","floor":22},{"not_picked":["Corruption","ReplayTheSpireMod:LeadingStrike+1","Bloodletting"],"picked":"SKIP","floor":23},{"not_picked":["Dark Embrace","ReplayTheSpireMod:Stacked","hubris:SharpeningStone"],"picked":"SKIP","floor":27},{"not_picked":["Ghostly Armor","Replay:Undeath\u0027s Touch"],"picked":"Run Through","floor":28},{"not_picked":["Replay:Undeath\u0027s Touch","hubris:ReadiedAction","Headbutt"],"picked":"SKIP","floor":29},{"not_picked":["True Grit","Demonic Infusion","Iron Wave"],"picked":"SKIP","floor":30},{"not_picked":["Shrug It Off","Iron Wave","Warcry"],"picked":"SKIP","floor":31},{"not_picked":["Reaper","Eclipse"],"picked":"Offering","floor":33},{"not_picked":["ReplayTheSpireMod:Limb From Limb","Cleave","Sword Boomerang"],"picked":"SKIP","floor":35},{"not_picked":["Body Slam+1","Bloodletting+1","True Grit"],"picked":"SKIP","floor":36},{"not_picked":["Pummel","Iron Wave+1"],"picked":"ReplayTheSpireMod:Muscle Training+1","floor":39},{"not_picked":["Armaments","True Grit","Battle Trance"],"picked":"SKIP","floor":40},{"not_picked":["Carnage","Flex+1","Armaments"],"picked":"SKIP","floor":41},{"not_picked":["Dropkick","Entrench+1","Massacre+1"],"picked":"SKIP","floor":42},{"not_picked":["Flame Barrier","Replay:Undeath\u0027s Touch+1"],"picked":"Dual Wield+1","floor":46},{"not_picked":["Battle Trance","Absolvement+1","Replay:Undeath\u0027s Touch+1"],"picked":"SKIP","floor":47}],"player_experience":15513,"relics_obtained":[{"floor":2,"key":"ReplayTheSpireMod:Ring of Collecting"},{"floor":2,"key":"Ring of Fury"},{"floor":7,"key":"Garlic"},{"floor":9,"key":"ReplayTheSpireMod:Ring of Exchange"},{"floor":9,"key":"PreservedInsect"},{"floor":10,"key":"hubris:GlazedTorus"},{"floor":14,"key":"SpikesRelics:DaevaFist"},{"floor":23,"key":"conspire:TopHat"},{"floor":26,"key":"Gremlin Food"},{"floor":27,"key":"Mercury Hourglass"},{"floor":29,"key":"hubris:64BitClover"},{"floor":32,"key":"Replay:Kaleidoscope"},{"floor":40,"key":"Self Forming Clay"},{"floor":41,"key":"infinitespire:PuzzleCube"},{"floor":42,"key":"SpikesRelics:ToyHorsey"},{"floor":43,"key":"Ring of Misfortune"},{"floor":43,"key":"Eternal Feather"},{"floor":46,"key":"Vajra"}],"event_choices":[{"damage_healed":0,"gold_gain":0,"player_choice":"Leave","damage_taken":0,"max_hp_gain":0,"max_hp_loss":0,"event_name":"conspire:Investor","floor":19,"gold_loss":0},{"damage_healed":0,"gold_gain":0,"player_choice":"Became a vampire","damage_taken":0,"max_hp_gain":0,"max_hp_loss":24,"event_name":"Vampires","floor":20,"gold_loss":0,"cards_obtained":["Bite","Bite","Bite","Bite","Bite"]},{"cards_removed":["Offering"],"damage_healed":0,"gold_gain":0,"player_choice":"Offered Rare","damage_taken":0,"max_hp_gain":10,"max_hp_loss":0,"event_name":"Bonfire Elementals","floor":37,"gold_loss":0}],"is_beta":false,"boss_relics":[{"not_picked":["Electric Blood","Painkiller Herb"],"picked":"Mark of Pain"},{"not_picked":["hubris:Stopwatch","conspire:SpecialSausage"],"picked":"Membership Card"}],"items_purged_floors":[3,12,38],"is_endless":false,"potions_floor_spawned":[4,5,10,13,16,21,22,27,30,35,40,42,46,47],"ascension_level":1}}