{"host":"dn6kke80v5f7isus","time":1610246280,"event":{"mods":["AchievementEnabler","Act Like it!","BaseMod","Colored Powertips","Custom Start","Defuse TimeMaze Blight","Downfall","Duelist Mod","Gremlin Skip","Highlight Path","Hubris","Infinite Spire","Minty Spire (QoL Compilation)","Rare Cards Sparkle","Replay The Spire","StSLib","Uncapped"],"gold_per_floor":[144,144,144,144,69,98,116,116,197,223,67,94,94,8343,8343,8445,8445,8458,8458,7763,7781,7796,7796,7814,7814,7814,7814,7814,7814,7842,7554,7554,7651,7651,7666,7802,7857,6892,6892,6892,6918,6931,6931,6942,6942,6952,5846,5866,5866,6345,6345,6763,6763,6763,6763,7204,7204,7679,7679,7679,8181,8725,7955,7955,8012,8012,8614,8614,9193,9193,9800,9800,9800,10451,10451,11148,11148,11147,11147],"floor_reached":78,"playtime":2840,"items_purged":["theDuelist:Sparks","theDuelist:CastleWalls","theDuelist:CastleWalls","theDuelist:NaturiaCliff","theDuelist:Sparks","theDuelist:NaturiaBeast+1"],"score":2131,"play_id":"af576aee-82d8-430e-bfd3-7352974225cc","local_time":"20210109213800","is_ascension_mode":true,"campfire_choices":[{"data":"theDuelist:NaturiaTulip","floor":8.0,"key":"SMITH"},{"data":"theDuelist:Mudora","floor":13.0,"key":"SMITH"},{"data":"theDuelist:NaturiaBeast","floor":15.0,"key":"SMITH"},{"data":"theDuelist:NaturiaSpiderfang","floor":23.0,"key":"SMITH"},{"data":"theDuelist:PotDuality","floor":25.0,"key":"SMITH"},{"data":"J.A.X.","floor":32.0,"key":"SMITH"},{"floor":40.0,"key":"REST"},{"data":"theDuelist:BarkionBark","floor":45,"key":"SMITH"},{"floor":49,"key":"REST"},{"data":"Thinking Ahead","floor":57,"key":"SMITH"},{"data":"theDuelist:NaturiaStrawberry","floor":59,"key":"SMITH"},{"floor":66,"key":"REST"},{"floor":75,"key":"REST"},{"data":"infinitespire:TheBestDefense","floor":75,"key":"SMITH"}],"circlet_count":0,"master_deck":["theDuelist:NaturiaRock","theDuelist:NaturiaTulip+1","theDuelist:SeismicShockwave+1","theDuelist:Mudora+1","theDuelist:NaturiaStrawberry+1","theDuelist:PotDuality+1","theDuelist:NaturiaRock","theDuelist:NaturiaSpiderfang+1","J.A.X.+1","theDuelist:NaturiaForest+1","theDuelist:BarkionBark+1","theDuelist:SeedSacredTree+1","theDuelist:BarkionBark+1","theDuelist:NaturiaRosewhip+1","Thinking Ahead+1","theDuelist:NaturiaSacredTree+1","theDuelist:NaturiaCherries+1","theDuelist:NaturiaSacredTree+1","theDuelist:NaturiaRock+1","theDuelist:NaturiaStinkbug+1","infinitespire:TheBestDefense+1"],"relics":["theDuelist:MillenniumPuzzle","theDuelist:CardPoolRelic","theDuelist:CardPoolBasicRelic","theDuelist:BoosterPackPoolRelic","theDuelist:CardPoolAddRelic","theDuelist:CardPoolMinusRelic","theDuelist:CardPoolSaveRelic","theDuelist:CardPoolOptionsRelic","Ancient Tea Set","Snack Pack","hubris:BottledRain","Bronze Scales","Replay:Kaleidoscope","hubris:TenFootPole","Pocketwatch","Strange Spoon","HoveringKite","theDuelist:ZoneToken","ReplayTheSpireMod:Lightbulb","Raider\u0027s Mask","hubris:SphereOfDissonance","Bag of Preparation","BargainBundle","ReplayTheSpireMod:Ninjato","ReplayFunnel","theDuelist:MillenniumCoin","Torii","Incense Burner","Quantum Egg","OrangePellets","Ornamental Fan","theDuelist:TributeEggRelic","theDuelist:ShopToken","theDuelist:BoosterPackHealer","hubris:64BitClover","infinitespire:EvilPickle","theDuelist:MetronomeRelicC","FaceOfCleric","infinitespire:Eraser","King of Hearts","infinitespire:Magic Flask","hubris:BundleOfHerbs","Brimstone","theDuelist:DuelistTeaSet","infinitespire:Burning Sword","hubris:Towel","TheAbacus","Darkstone Periapt","Kunai","theDuelist:DuelistUrn","ReplayTheSpireMod:Shallot"],"acts_visited":["Exordium","TheCity","TheBeyond","Exordium","TheCity"],"potions_floor_usage":[46,50,50,50,67,67],"damage_taken":[{"damage":2.0,"enemies":"Small Slimes","floor":1.0,"turns":4.0},{"damage":4.0,"enemies":"Replay:BlueRogue","floor":6.0,"turns":7.0},{"damage":4.0,"enemies":"Jaw Worm","floor":7.0,"turns":4.0},{"damage":0.0,"enemies":"Lagavulin","floor":10.0,"turns":7.0},{"damage":7.0,"enemies":"3 Sentries","floor":12.0,"turns":5.0},{"damage":78.0,"enemies":"Hexaghost","floor":16.0,"turns":7.0},{"damage":0.0,"enemies":"3 Byrds","floor":18.0,"turns":2.0},{"damage":29.0,"enemies":"2 Thieves","floor":21.0,"turns":3.0},{"damage":21.0,"enemies":"Cultist and Chosen","floor":22.0,"turns":5.0},{"damage":1.0,"enemies":"Chosen and Byrds","floor":24.0,"turns":5.0},{"damage":17.0,"enemies":"Nightmare","floor":30.0,"turns":6.0},{"damage":34.0,"enemies":"Pondfish","floor":33.0,"turns":7.0},{"damage":51.0,"enemies":"3 Darklings","floor":35.0,"turns":3.0},{"damage":55.0,"enemies":"2 Orb Walkers","floor":37.0,"turns":4.0},{"damage":40.0,"enemies":"Nemesis","floor":41.0,"turns":7.0},{"damage":20.0,"enemies":"3 Shapes","floor":42.0,"turns":2.0},{"damage":29,"enemies":"Writhing Mass","floor":44,"turns":5},{"damage":37,"enemies":"4 Shapes","floor":46,"turns":3},{"damage":25,"enemies":"Spire Growth","floor":48,"turns":5},{"damage":53,"enemies":"infinitespire:MassOfShapes","floor":50,"turns":9},{"damage":4,"enemies":"Jaw Worm","floor":52,"turns":2},{"damage":20,"enemies":"Small Slimes","floor":56,"turns":3},{"damage":15,"enemies":"Cultist","floor":58,"turns":3},{"damage":7,"enemies":"Exordium Wildlife","floor":61,"turns":3},{"damage":7,"enemies":"Lagavulin","floor":62,"turns":6},{"damage":130,"enemies":"Hexaghost","floor":67,"turns":7},{"damage":0,"enemies":"Chosen","floor":69,"turns":1},{"damage":13,"enemies":"Shell Parasite","floor":71,"turns":2},{"damage":33,"enemies":"Slavers","floor":74,"turns":4},{"damage":63,"enemies":"Book of Stabbing","floor":76,"turns":4},{"damage":0,"enemies":"Nightmare","floor":78,"turns":1}],"seed_played":"1860369915305961566","potions_obtained":[{"floor":0.0,"key":"LifebloodPotion"},{"floor":0.0,"key":"SneckoOil"},{"floor":0.0,"key":"Reflective Coating"},{"floor":10.0,"key":"theDuelist:VoidBottle"},{"floor":12.0,"key":"CultistPotion"},{"floor":21.0,"key":"AttackPotion"},{"floor":22.0,"key":"theDuelist:CoolBottle"},{"floor":33.0,"key":"hexamod:EctoCoolerPotion"},{"floor":35.0,"key":"theDuelist:DestructPotionPot"},{"floor":41.0,"key":"Swift Potion"},{"floor":44,"key":"Energy Potion"},{"floor":62,"key":"theDuelist:OrbBottle"},{"floor":74,"key":"Slimebound:ThreeZeroPotion"}],"is_trial":false,"path_per_floor":["M","?","?","?","$","E","M","R","T","E","$","E","R","$","R","B",null,"M","?","$","M","M","R","M","R","T","?","?","?","NM","$","R","B",null,"M","?","?","$","?","R","E","M","T","M","R","M","$","M","R","B",null,"M","AVR","?","?","M","R","M","R","T","M","E","$","?","?","R","B",null,"M","?","M","AVR","?","E","R","E","T","NM"],"character_chosen":"THE_DUELIST","items_purchased":["Bronze Scales","hubris:TenFootPole","Pocketwatch","Strange Spoon","Adrenaline Potion","theDuelist:ZoneToken","ReplayTheSpireMod:Lightbulb","Raider\u0027s Mask","theDuelist:PotDuality","BargainBundle","ReplayTheSpireMod:Ninjato","ReplayFunnel","DistilledChaos","Incense Burner","Quantum Egg","OrangePellets","theDuelist:BarkionBark","theDuelist:ShopToken","theDuelist:BoosterPackHealer","hubris:64BitClover","Weak Potion","theDuelist:BurningPotionB","Thinking Ahead","infinitespire:Magic Flask","hubris:BundleOfHerbs","Brimstone","theDuelist:StunPotion"],"campfire_rested":4,"item_purchase_floors":[11,14,14,14,14,20,20,20,20,31,31,31,31,38,38,38,38,47,47,47,47,47,47,63,63,63,63],"current_hp_per_floor":[70,70,70,70,70,66,62,62,62,62,62,55,55,180,180,104,161,161,161,161,132,111,111,112,112,112,171,171,171,160,160,160,134,169,118,82,27,27,27,81,51,33,33,153,153,118,118,93,150,97,167,167,167,167,167,152,152,142,142,142,142,142,142,142,142,194,65,163,168,168,160,160,160,132,191,129,129,129,129],"gold":11147,"neow_bonus":"THREE_SMALL_POTIONS","is_daily":false,"chose_seed":false,"campfire_upgraded":10,"win_rate":0.0,"timestamp":1610246280,"path_taken":["M","?","?","?","$","E","M","R","T","E","$","E","R","?","R","BOSS","M","?","?","?","?","R","M","R","T","?","?","?","NM","$","R","BOSS","M","?","?","$","?","R","E","M","T","M","R","M","?","M","R","BOSS","M","AVR","?","?","?","R","M","R","T","M","E","$","?","?","R","BOSS","M","?","M","AVR","?","E","R","E","T","NM"],"items_purchased_type":["Relic","Relic","Relic","Relic","Potion","Relic","Relic","Relic","Card","Relic","Relic","Relic","Potion","Relic","Relic","Relic","Card","Relic","Relic","Relic","Potion","Potion","Card","Relic","Relic","Relic","Potion"],"build_version":"2020-12-22","purchased_purges":6,"victory":false,"max_hp_per_floor":[80,80,80,80,80,80,80,80,80,80,80,80,80,180,180,180,180,180,180,180,180,180,180,180,180,180,180,180,180,180,180,180,180,180,180,180,180,180,180,180,190,190,190,190,190,190,190,190,190,190,190,190,190,190,190,191,191,192,192,192,193,194,194,194,194,194,195,195,196,196,197,197,197,198,198,199,199,199,199],"card_choices":[{"not_picked":["theDuelist:DemiseLand","theDuelist:NaturiaBarkion"],"picked":"theDuelist:SeismicShockwave","floor":1.0},{"not_picked":["theDuelist:NaturiaEggplant","theDuelist:NaturiaCliff","theDuelist:NaturiaSunflower","theDuelist:LonefireBlossom","theDuelist:LuminousMoss"],"picked":"SKIP","floor":6.0},{"not_picked":["theDuelist:DestroyerGolem","theDuelist:DarkHole","theDuelist:MudragonSwamp","theDuelist:DianKeto","theDuelist:ChangeHeart"],"picked":"SKIP","floor":7.0},{"not_picked":["theDuelist:Cloning","theDuelist:DarkCreator","theDuelist:ForbiddenChalice","theDuelist:MagicHoleGolem"],"picked":"theDuelist:Mudora","floor":10.0},{"not_picked":["theDuelist:Sangan","theDuelist:MillenniumGolem","theDuelist:MudragonSwamp","theDuelist:WingedKuriboh","theDuelist:Fissure"],"picked":"SKIP","floor":12.0},{"not_picked":["theDuelist:NaturiaBambooShoot","theDuelist:NaturiaBeans","theDuelist:DigitalBug+1","theDuelist:NaturiaBrambi","theDuelist:SpacetimeTranscendence"],"picked":"SKIP","floor":18.0},{"not_picked":["theDuelist:NaturiaGaiastrio","theDuelist:CrystalRose","theDuelist:NaturiaLandoise","theDuelist:PotForbidden"],"picked":"theDuelist:NaturiaRock","floor":21.0},{"not_picked":["theDuelist:WildNatureRelease","theDuelist:NaturiaPumpkin+1"],"picked":"theDuelist:NaturiaSpiderfang","floor":22.0},{"not_picked":["theDuelist:NaturiaHydrangea","theDuelist:NaturiaEggplant","theDuelist:NaturiaDragonfly","theDuelist:NaturiaCliff","theDuelist:NaturiaBambooShoot"],"picked":"SKIP","floor":24.0},{"not_picked":["theDuelist:Sparks","theDuelist:CastleWalls","theDuelist:SeismicShockwave","theDuelist:DemiseLand","theDuelist:PotDuality+1"],"picked":"SKIP","floor":30.0},{"not_picked":["theDuelist:DemiseLand","theDuelist:HuntingInstinct","theDuelist:ClosedForest","theDuelist:Canyon"],"picked":"theDuelist:NaturiaForest+1","floor":33.0},{"not_picked":["theDuelist:NaturiaHydrangea","theDuelist:MillenniumScorpion","theDuelist:Alpacaribou","theDuelist:GracefulCharity+1"],"picked":"theDuelist:BarkionBark+1","floor":35.0},{"not_picked":["theDuelist:NaturiaStrawberry","theDuelist:NaturiaDragonfly","theDuelist:Wiretap+1","theDuelist:NaturiaBrambi+1"],"picked":"theDuelist:SeedSacredTree+1","floor":36.0},{"not_picked":["theDuelist:NaturiaHydrangea","theDuelist:NaturiaEggplant","theDuelist:NaturiaDragonfly","theDuelist:NaturiaCliff","theDuelist:NaturiaBeetle"],"picked":"SKIP","floor":41.0},{"not_picked":["theDuelist:NaturiaForest","theDuelist:NaturiaVein","theDuelist:NaturiaBarkion+1","theDuelist:MultiplicationOfAnts+1","theDuelist:NaturiaHorneedle"],"picked":"SKIP","floor":42.0},{"not_picked":["theDuelist:SeismicShockwave","theDuelist:NaturiaVein","theDuelist:MultiplicationOfAnts+1","theDuelist:HeartUnderdog+1","theDuelist:NaturiaHorneedle"],"picked":"SKIP","floor":44},{"not_picked":["theDuelist:NaturiaCliff+1","theDuelist:LonefireBlossom","theDuelist:FossilDig","theDuelist:NaturiaTulip"],"picked":"theDuelist:NaturiaRosewhip+1","floor":46},{"not_picked":["theDuelist:SeismicShockwave+1","theDuelist:Canyon+1","theDuelist:MultiplicationOfAnts","theDuelist:Wildfire+2","theDuelist:HeartUnderdog"],"picked":"SKIP","floor":48},{"not_picked":["theDuelist:VenomShot+4","theDuelist:GracefulCharity+1","theDuelist:ConvulsionNature+1","theDuelist:FossilExcavation+1"],"picked":"theDuelist:NaturiaSacredTree+1","floor":52},{"not_picked":["theDuelist:Sparks+1","theDuelist:CastleWalls+1","theDuelist:DemiseLand+1","theDuelist:NaturiaForest+1","theDuelist:BarkionBark+1"],"picked":"SKIP","floor":56},{"not_picked":["theDuelist:NaturiaMosquito+1","theDuelist:NaturiaBambooShoot+1","theDuelist:NaturiaMantis+1","theDuelist:NaturiaMarron+1"],"picked":"theDuelist:NaturiaCherries+1","floor":58},{"not_picked":["theDuelist:NatureReflection+1","theDuelist:NaturalDisaster+1","theDuelist:LeodrakeMane+1","theDuelist:Anteater+1"],"picked":"theDuelist:NaturiaSacredTree+1","floor":61},{"not_picked":["theDuelist:NaturiaGaiastrio+1","theDuelist:CrystalRose+1","theDuelist:NaturiaLandoise+1","theDuelist:NaturiaCliff+1"],"picked":"theDuelist:NaturiaRock+1","floor":62},{"not_picked":["infinitespire:Execution","hubris:Fate"],"picked":"infinitespire:SealOfDarkness+","floor":68},{"not_picked":["theDuelist:NaturiaMosquito+1","theDuelist:NaturiaEggplant+1","theDuelist:NaturiaRagweed+1","theDuelist:NaturiaGuardian+1"],"picked":"theDuelist:NaturiaStinkbug+1","floor":69},{"not_picked":["theDuelist:DestroyerGolem+1","theDuelist:Fissure+1","theDuelist:GraniteLoyalist+1","theDuelist:HammerShot+1","theDuelist:Blockman+1"],"picked":"SKIP","floor":71},{"not_picked":["theDuelist:NaturiaLeodrake+1","theDuelist:NatureReflection+1","theDuelist:LairWire+1","theDuelist:Anteater+1","theDuelist:HeartUnderdog+1"],"picked":"SKIP","floor":74},{"not_picked":["theDuelist:MillenniumGolem+1","theDuelist:DianKeto+7","theDuelist:DarkCreator+1","theDuelist:FluteKuriboh+1","theDuelist:ShardGreed+1"],"picked":"SKIP","floor":76}],"player_experience":578436,"relics_obtained":[{"floor":6.0,"key":"Ancient Tea Set"},{"floor":9.0,"key":"Snack Pack"},{"floor":10.0,"key":"hubris:BottledRain"},{"floor":12.0,"key":"Replay:Kaleidoscope"},{"floor":26.0,"key":"hubris:SphereOfDissonance"},{"floor":30.0,"key":"Bag of Preparation"},{"floor":36.0,"key":"theDuelist:MillenniumCoin"},{"floor":37.0,"key":"Torii"},{"floor":41.0,"key":"Ornamental Fan"},{"floor":43.0,"key":"theDuelist:TributeEggRelic"},{"floor":60,"key":"infinitespire:Eraser"},{"floor":62,"key":"King of Hearts"},{"floor":67,"key":"theDuelist:DuelistTeaSet"},{"floor":74,"key":"Kunai"},{"floor":76,"key":"theDuelist:DuelistUrn"},{"floor":77,"key":"ReplayTheSpireMod:Shallot"}],"event_choices":[{"damage_healed":0.0,"max_hp_gain":0.0,"max_hp_loss":0.0,"gold_gain":0.0,"event_name":"Living Wall","player_choice":"Grow","floor":2.0,"gold_loss":0.0,"damage_taken":0.0,"cards_upgraded":["theDuelist:SeismicShockwave"]},{"damage_healed":0.0,"max_hp_gain":0.0,"max_hp_loss":0.0,"gold_gain":0.0,"event_name":"Relic Duplicator","player_choice":"Leave","duelist":true,"floor":3.0,"gold_loss":0.0,"damage_taken":0.0},{"damage_healed":0.0,"max_hp_gain":0.0,"max_hp_loss":0.0,"gold_gain":0.0,"cards_transformed":["theDuelist:CastleWalls"],"event_name":"Transmorgrifier","player_choice":"Transformed","floor":19.0,"gold_loss":0.0,"damage_taken":0.0,"cards_obtained":["theDuelist:NaturiaStrawberry"]},{"damage_healed":59.0,"max_hp_gain":0.0,"max_hp_loss":0.0,"gold_gain":0.0,"event_name":"The Library","player_choice":"Heal","floor":27.0,"gold_loss":0.0,"damage_taken":0.0},{"damage_healed":0.0,"max_hp_gain":0.0,"max_hp_loss":0.0,"gold_gain":0.0,"event_name":"Drug Dealer","player_choice":"Obtain J.A.X.","floor":29.0,"gold_loss":0.0,"damage_taken":0.0,"cards_obtained":["J.A.X."]},{"damage_healed":0.0,"max_hp_gain":0.0,"max_hp_loss":0.0,"gold_gain":0.0,"event_name":"Mysterious Sphere","player_choice":"Fight","floor":37.0,"gold_loss":0.0,"damage_taken":0.0},{"damage_healed":0,"gold_gain":0,"player_choice":"Leave","duelist":true,"damage_taken":0,"max_hp_gain":0,"max_hp_loss":0,"event_name":"Tomb of the Nameless","floor":54,"gold_loss":0},{"damage_healed":0,"gold_gain":0,"player_choice":"Trade","damage_taken":0,"relics_obtained":["FaceOfCleric"],"max_hp_gain":0,"max_hp_loss":0,"event_name":"FaceTrader","floor":55,"gold_loss":0},{"damage_healed":0,"gold_gain":0,"player_choice":"Ignored","damage_taken":0,"max_hp_gain":0,"max_hp_loss":0,"event_name":"Liars Game","floor":64,"gold_loss":0},{"damage_healed":0,"gold_gain":57,"player_choice":"Gained Gold","damage_taken":0,"max_hp_gain":0,"max_hp_loss":0,"event_name":"Golden Wing","floor":65,"gold_loss":0},{"damage_healed":0,"gold_gain":0,"player_choice":"Opened","damage_taken":0,"relics_obtained":["Darkstone Periapt"],"max_hp_gain":0,"max_hp_loss":0,"event_name":"The Mausoleum","floor":73,"gold_loss":0}],"is_beta":false,"boss_relics":[{"not_picked":["hubris:VirtuousBlindfold","hubris:RunicObelisk"],"picked":"HoveringKite"},{"not_picked":["hubris:BlackHole","Calling Bell","Mark of Pain"]},{"not_picked":["hubris:GrandSneckoEye","Coffee Dripper","Snecko Scales"]},{"not_picked":["Busted Crown","Coffee Dripper"],"picked":"infinitespire:Burning Sword"}],"items_purged_floors":[5,14,20,31,38,47],"is_endless":true,"potions_floor_spawned":[6,10,12,21,22,33,35,37,41,44,62,71,74,76],"killed_by":"Nightmare","ascension_level":8}}