{"host":"ek3xvuouaw6vk9if","time":1610266507,"event":{"mods":["BaseMod","BetterRewards","Minty Spire (QoL Compilation)","Permanent Neow","Quick Restart","Relic Stats","Replay The Spire","StSLib","The Disciple"],"gold_per_floor":[18,32,51,101,112,112,126,126,126,161,176,196,196,196,196,273,273,288,288,213,231,231,258,173,205,253,114,114,127,127,127],"floor_reached":30,"playtime":1026,"items_purged":["Strike_G"],"score":638,"play_id":"13ababf3-abb0-440c-bf45-9028b9019637","local_time":"20210110031507","is_ascension_mode":true,"campfire_choices":[{"data":"Phantasmal Killer","floor":6,"key":"SMITH"},{"data":"Doppelganger","floor":8,"key":"SMITH"},{"floor":13,"key":"REST"},{"data":"Accuracy","floor":15,"key":"SMITH"}],"circlet_count":0,"master_deck":["AscendersBane","Strike_G","Strike_G","Strike_G","Defend_G","Defend_G","Defend_G","Defend_G","Defend_G","Survivor","Neutralize","Phantasmal Killer+1","Hidden Blade","Deflect","Flying Knee","Blade Dance+1","Doppelganger+1","Caltrops","Accuracy+1","Hidden Blade","Replay:Bag of Tricks","ReplayTheSpireMod:Shiv Toss","Bane","Blade Dance+1","Leg Sweep","Envenom","Footwork+1","Backflip"],"relics":["Ring of the Snake","Replay:Bottled Eggs","Potion Belt","Coffee Dripper","Replay:PocketPolymizer","Letter Opener","Bag of Marbles","Art of War"],"acts_visited":["Exordium","TheCity"],"potions_floor_usage":[10,18,21,29],"damage_taken":[{"damage":0,"enemies":"Small Slimes","floor":1,"turns":3},{"damage":2,"enemies":"Cultist","floor":2,"turns":4},{"damage":0,"enemies":"Jaw Worm","floor":3,"turns":4},{"damage":12,"enemies":"Exordium Wildlife","floor":5,"turns":6},{"damage":0,"enemies":"Large Slime","floor":7,"turns":3},{"damage":23,"enemies":"3 Sentries","floor":10,"turns":7},{"damage":7,"enemies":"Blue Slaver","floor":11,"turns":5},{"damage":3,"enemies":"3 Louse","floor":12,"turns":3},{"damage":0,"enemies":"Slime Boss","floor":16,"turns":5},{"damage":6,"enemies":"3 Byrds","floor":18,"turns":3},{"damage":4,"enemies":"2 Thieves","floor":21,"turns":3},{"damage":32,"enemies":"Book of Stabbing","floor":23,"turns":5},{"damage":0,"enemies":"Gremlin Leader","floor":25,"turns":4},{"damage":12,"enemies":"Shelled Parasite and Fungi","floor":29,"turns":5},{"damage":6,"enemies":"Cultist and Chosen","floor":30,"turns":2}],"seed_played":"-3533842373681015243","potions_obtained":[{"floor":2,"key":"Weak Potion"},{"floor":3,"key":"DuplicationPotion"},{"floor":5,"key":"AttackPotion"},{"floor":12,"key":"LifebloodPotion"},{"floor":16,"key":"DistilledChaos"},{"floor":21,"key":"EssenceOfSteel"},{"floor":23,"key":"DistilledChaos"}],"is_trial":false,"path_per_floor":["M","M","M","?","M","R","M","R","T","E","M","M","R","?","R","B",null,"M","?","?","M","?","E","?","E","T","$","?","M","M"],"character_chosen":"THE_SILENT","items_purchased":["Footwork+1"],"campfire_rested":1,"item_purchase_floors":[27],"current_hp_per_floor":[59,57,57,57,45,45,45,45,45,22,15,12,31,31,31,31,57,51,51,51,47,47,15,15,15,15,15,15,3,0,0],"gold":127,"neow_bonus":"THREE_RARE_CARDS","is_daily":false,"chose_seed":false,"campfire_upgraded":3,"win_rate":0.0,"timestamp":1610266507,"path_taken":["M","M","M","?","?","R","M","R","T","E","M","M","R","?","R","BOSS","M","?","?","M","?","E","?","E","T","$","?","M","M"],"items_purchased_type":["Card"],"build_version":"2020-12-22","purchased_purges":1,"victory":false,"max_hp_per_floor":[66,66,66,66,66,66,66,66,66,66,66,66,66,66,66,66,66,66,66,66,66,66,66,66,66,66,66,66,66,66,66],"relic_stats":{"counters":[15,62],"Art of War":[1],"Letter Opener":[40],"obtain_stats":[{"Potion Belt":10,"Replay:PocketPolymizer":23,"Coffee Dripper":17,"Bag of Marbles":25,"Art of War":26,"Letter Opener":24,"Replay:Bottled Eggs":9,"Ring of the Snake":0},{"Potion Belt":6,"Replay:PocketPolymizer":12,"Coffee Dripper":9,"Bag of Marbles":13,"Art of War":13,"Letter Opener":12,"Replay:Bottled Eggs":5,"Ring of the Snake":0},{"Potion Belt":27,"Replay:PocketPolymizer":51,"Coffee Dripper":40,"Bag of Marbles":55,"Art of War":55,"Letter Opener":51,"Replay:Bottled Eggs":20,"Ring of the Snake":0}],"Ring of the Snake":[30]},"card_choices":[{"not_picked":["After Image","Adrenaline"],"picked":"Phantasmal Killer","floor":0},{"not_picked":["Deadly Poison","Dagger Throw"],"picked":"Hidden Blade","floor":1},{"not_picked":["Distraction","ReplayTheSpireMod:Tripwire"],"picked":"Deflect","floor":2},{"not_picked":["Hidden Blade","Dodge and Roll"],"picked":"Flying Knee","floor":3},{"not_picked":["Backflip","Prepared"],"picked":"Blade Dance","floor":5},{"not_picked":["Deadly Poison","Slice"],"picked":"Doppelganger","floor":7},{"not_picked":["Masterful Stab","Outmaneuver"],"picked":"Caltrops","floor":10},{"not_picked":["Replay:Poison Smokescreen","Dodge and Roll"],"picked":"Accuracy","floor":11},{"not_picked":["Riddle With Holes","Acrobatics"],"picked":"Hidden Blade","floor":12},{"not_picked":["Grand Finale","Tools of the Trade"],"picked":"Replay:Bag of Tricks","floor":16},{"not_picked":["Noxious Fumes","Hidden Blade"],"picked":"ReplayTheSpireMod:Shiv Toss","floor":18},{"not_picked":["Noxious Fumes","Underhanded Strike"],"picked":"Blade Dance","floor":21},{"not_picked":["Choke","Dagger Throw"],"picked":"Leg Sweep","floor":23},{"not_picked":["ReplayTheSpireMod:The Works","Dodge and Roll"],"picked":"Envenom","floor":25},{"not_picked":["Outmaneuver","All Out Attack"],"picked":"Backflip","floor":29}],"player_experience":536009,"relics_obtained":[{"floor":9,"key":"Replay:Bottled Eggs"},{"floor":10,"key":"Potion Belt"},{"floor":23,"key":"Replay:PocketPolymizer"},{"floor":25,"key":"Bag of Marbles"},{"floor":26,"key":"Art of War"}],"event_choices":[{"damage_healed":0,"gold_gain":50,"player_choice":"Pray","damage_taken":0,"max_hp_gain":0,"max_hp_loss":0,"event_name":"Golden Shrine","floor":4,"gold_loss":0},{"damage_healed":0,"gold_gain":0,"player_choice":"Ignored","damage_taken":0,"max_hp_gain":0,"max_hp_loss":0,"event_name":"Shining Light","floor":14,"gold_loss":0},{"damage_healed":0,"gold_gain":0,"player_choice":"Read","damage_taken":0,"max_hp_gain":0,"max_hp_loss":0,"event_name":"The Library","floor":19,"gold_loss":0,"cards_obtained":["Bane"]},{"cards_removed":["Strike_G"],"damage_healed":0,"gold_gain":0,"player_choice":"Gave Gold","damage_taken":0,"max_hp_gain":0,"max_hp_loss":0,"event_name":"Beggar","floor":20,"gold_loss":75},{"damage_healed":0,"gold_gain":0,"player_choice":"Obtained Relic","damage_taken":0,"relics_obtained":["Letter Opener"],"max_hp_gain":0,"max_hp_loss":0,"event_name":"Addict","floor":24,"gold_loss":85},{"damage_healed":0,"gold_gain":0,"player_choice":"Ignored","damage_taken":0,"max_hp_gain":0,"max_hp_loss":0,"event_name":"Cursed Tome","floor":28,"gold_loss":0}],"is_beta":false,"boss_relics":[{"not_picked":["Philosopher\u0027s Stone","Snecko Eye"],"picked":"Coffee Dripper"}],"items_purged_floors":[27],"is_endless":false,"potions_floor_spawned":[2,3,5,12,16,21,23],"killed_by":"Cultist and Chosen","ascension_level":17}}