{"host":"r9v0g0iwbsx9dzwu","time":1610260924,"event":{"mods":["ATMod(阿瑾Mod)","Aspiration","BaseMod","Energized Spire","GifTheSpireLib","Minty Spire (QoL Compilation)","MostiFishMod","Replay The Spire","RumiaBox-露米娅的神秘盒子","StSLib","TestMod","The Jungle","[IsaacMod]以撒尖塔","vexMod","【功能Mod】聪明的最终Boss"],"gold_per_floor":[118,129,148,148,168,168,568,568,568,607,607,631,631,649,649,738,738,648,648],"floor_reached":18,"playtime":643,"items_purged":[],"score":324,"play_id":"e022675c-c33a-419b-9215-1f3e867f2169","local_time":"20210110144204","is_ascension_mode":true,"campfire_choices":[{"data":"Sunder","floor":6.0,"key":"SMITH"},{"data":"Streamline","floor":8.0,"key":"SMITH"},{"data":"Dualcast","floor":11.0,"key":"SMITH"},{"data":"AT_ThunderBolt","floor":15.0,"key":"SMITH"}],"circlet_count":0,"master_deck":["Strike_B","Strike_B","Strike_B","Strike_B","Defend_B","Defend_B","Defend_B","Defend_B","Zap","Dualcast+1","AT_FamilyPortrait","Sunder+1","Streamline+1","ReplayTheSpireMod:Reroute Power","AT_ThunderBolt+1","ReplayTheSpireMod:GoodbyeWorld","MostiFishMod:Distribution"],"relics":["AT_ATBox","HushsDoor","testmod-TestBox","testmod-AssaultLearning","PillsDrop","SynthV","BloodWine","Baka2","Golden Idol","Cables","AT_SilverBalance","energizedSpire:StickyHand"],"acts_visited":["Exordium","Exordium"],"potions_floor_usage":[18,18,18],"damage_taken":[{"damage":0.0,"enemies":"Small Slimes","floor":1.0,"turns":1.0},{"damage":0.0,"enemies":"Jaw Worm","floor":2.0,"turns":1.0},{"damage":4.0,"enemies":"2 Louse","floor":3.0,"turns":3.0},{"damage":13.0,"enemies":"Blue Slaver","floor":5.0,"turns":2.0},{"damage":26.0,"enemies":"3 Sentries","floor":10.0,"turns":5.0},{"damage":0.0,"enemies":"Red Slaver","floor":12.0,"turns":2.0},{"damage":32.0,"enemies":"2 Fungi Beasts","floor":14.0,"turns":2.0},{"damage":15.0,"enemies":"The Guardian","floor":16.0,"turns":5.0},{"damage":48,"enemies":"theJungle:MUSHROOMGANG","floor":18,"turns":3}],"seed_played":"2193249221026131158","potions_obtained":[{"floor":3.0,"key":"Swift Potion"},{"floor":10.0,"key":"Elixir"},{"floor":12.0,"key":"EntropicBrew"},{"floor":16.0,"key":"FocusPotion"}],"is_trial":false,"path_per_floor":["M","M","M","?","M","R","?","R","T","E","R","M","?","M","R","B",null,"M"],"character_chosen":"DEFECT","items_purchased":[],"campfire_rested":0,"item_purchase_floors":[],"current_hp_per_floor":[64,67,63,38,28,28,28,28,28,26,26,31,31,35,35,29,72,0,0],"gold":648,"neow_bonus":"BOSS_RELIC","is_daily":false,"chose_seed":false,"campfire_upgraded":4,"win_rate":0.0,"timestamp":1610260924,"path_taken":["M","M","M","?","M","R","?","R","T","E","R","?","?","M","R","BOSS","M"],"items_purchased_type":[],"build_version":"2020-12-22","purchased_purges":0,"victory":false,"max_hp_per_floor":[71,74,74,74,77,77,77,77,77,72,72,83,83,83,83,86,86,86,86],"card_choices":[{"not_picked":["Lockon","Sweeping Beam"],"picked":"Sunder","floor":1.0},{"not_picked":["Panic Button","Compile Driver","MostiFishMod:PushDownKick"],"picked":"SKIP","floor":2.0},{"not_picked":["Beam Cell","Double Energy"],"picked":"Streamline","floor":3.0},{"not_picked":["Steam Power","Barrage","Hologram"],"picked":"SKIP","floor":5.0},{"not_picked":["Aggregate","Scrape","Streamline"],"picked":"SKIP","floor":10.0},{"not_picked":["Cold Snap","Self Repair"],"picked":"ReplayTheSpireMod:Reroute Power","floor":12.0},{"not_picked":["Redo","AT_HeatAcrobatics"],"picked":"AT_ThunderBolt","floor":12.0},{"not_picked":["MostiFishMod:PushDownKick","Compile Driver","AT_HeatAcrobatics"],"picked":"SKIP","floor":12.0},{"not_picked":["Fusion","Cold Snap","Time Bomb"],"picked":"SKIP","floor":12.0},{"not_picked":["Conserve Battery","Chaos"],"picked":"ReplayTheSpireMod:GoodbyeWorld","floor":14.0},{"not_picked":["Biased Cognition","Echo Form"],"picked":"MostiFishMod:Distribution","floor":16.0}],"player_experience":16087,"relics_obtained":[{"floor":1.0,"key":"Baka"},{"floor":2.0,"key":"Baka2"},{"floor":9.0,"key":"Cables"},{"floor":10.0,"key":"AT_SilverBalance"}],"event_choices":[{"damage_healed":0.0,"max_hp_gain":0.0,"max_hp_loss":0.0,"gold_gain":0.0,"event_name":"Golden Idol","player_choice":"Take Damage","floor":4.0,"gold_loss":0.0,"damage_taken":25.0,"relics_obtained":["Golden Idol"]},{"damage_healed":0.0,"max_hp_gain":0.0,"max_hp_loss":0.0,"gold_gain":400.0,"event_name":"恩洛斯的盘子","player_choice":"Sell","floor":7.0,"relics_lost":["DaveBox"],"gold_loss":0.0,"damage_taken":0.0}],"is_beta":false,"boss_relics":[{"not_picked":["testmod-Recursion","SacredBark"],"picked":"energizedSpire:StickyHand"},{"not_picked":[]}],"items_purged_floors":[],"is_endless":false,"potions_floor_spawned":[3,10,12,16],"killed_by":"theJungle:MUSHROOMGANG","ascension_level":20}}