{"host":"dw8ij7emqco3quom","time":1610300435,"event":{"mods":["BaseMod","Minty Spire (QoL Compilation)"],"gold_per_floor":[113,113,113,129,141,141,159,159,159,191,191,204,204,220,220,317,317,327,426,426,442,454,454,454],"floor_reached":23,"playtime":2374,"items_purged":[],"score":251,"play_id":"976166f2-d897-41ab-8e80-f62f7d89ec39","local_time":"20210110184035","is_ascension_mode":true,"campfire_choices":[{"data":"Infernal Blade","floor":6.0,"key":"SMITH"},{"floor":11.0,"key":"REST"},{"floor":15.0,"key":"RECALL"}],"circlet_count":0,"master_deck":["Bash","Infernal Blade+1","Blood for Blood","Headbutt","Shockwave","Shrug It Off","Armaments+1","Pummel","Double Tap","Pummel","Burning Pact","Metallicize","Armaments","Carnage","Dual Wield","Armaments","Havoc","Blood for Blood","Spot Weakness","Entrench+1"],"relics":["Burning Blood","Omamori","GremlinMask","Shuriken","TungstenRod","Pandora\u0027s Box"],"acts_visited":["Exordium","TheCity"],"potions_floor_usage":[],"damage_taken":[{"damage":14.0,"enemies":"Small Slimes","floor":1.0,"turns":4.0},{"damage":1.0,"enemies":"Cultist","floor":4.0,"turns":3.0},{"damage":2.0,"enemies":"2 Louse","floor":5.0,"turns":2.0},{"damage":0.0,"enemies":"Large Slime","floor":7.0,"turns":5.0},{"damage":35.0,"enemies":"3 Sentries","floor":10.0,"turns":8.0},{"damage":7.0,"enemies":"Blue Slaver","floor":12.0,"turns":4.0},{"damage":8.0,"enemies":"Exordium Thugs","floor":14.0,"turns":4.0},{"damage":29.0,"enemies":"Slime Boss","floor":16.0,"turns":13.0},{"damage":30.0,"enemies":"Chosen","floor":18.0,"turns":6.0},{"damage":29.0,"enemies":"Spheric Guardian","floor":21.0,"turns":5.0},{"damage":23.0,"enemies":"Chosen and Byrds","floor":22.0,"turns":5.0},{"damage":28,"enemies":"Gremlin Leader","floor":23,"turns":4}],"seed_played":"-7861488066284265577","potions_obtained":[{"floor":4.0,"key":"SneckoOil"},{"floor":12.0,"key":"LiquidMemories"},{"floor":16.0,"key":"SkillPotion"},{"floor":21.0,"key":"SteroidPotion"},{"floor":22.0,"key":"BloodPotion"}],"is_trial":false,"path_per_floor":["M","$","?","M","M","R","M","?","T","E","R","M","?","M","R","B",null,"M","?","?","M","M","E"],"character_chosen":"IRONCLAD","items_purchased":[],"campfire_rested":1,"item_purchase_floors":[],"current_hp_per_floor":[64,64,64,69,73,73,79,79,79,50,74,73,73,71,71,48,72,48,48,48,25,24,0,0],"gold":454,"neow_bonus":"RANDOM_COMMON_RELIC","is_daily":false,"chose_seed":false,"campfire_upgraded":1,"win_rate":0.0,"timestamp":1610300435,"path_taken":["M","$","?","M","?","R","M","?","T","E","R","M","?","M","R","BOSS","M","?","?","M","M","E"],"items_purchased_type":[],"build_version":"2020-12-22","purchased_purges":0,"victory":false,"max_hp_per_floor":[80,80,80,80,80,80,80,80,80,80,80,80,80,80,80,80,80,80,80,80,80,80,80,80],"card_choices":[{"not_picked":["Cleave","Heavy Blade"],"picked":"Infernal Blade","floor":1.0},{"not_picked":["Anger","Rupture"],"picked":"Blood for Blood","floor":4.0},{"not_picked":["Pummel","True Grit"],"picked":"Headbutt","floor":5.0},{"not_picked":["Heavy Blade","Juggernaut"],"picked":"Shockwave","floor":7.0},{"not_picked":["Headbutt","Wild Strike"],"picked":"Shrug It Off","floor":10.0},{"not_picked":["Shrug It Off","Second Wind"],"picked":"Armaments","floor":12.0},{"not_picked":["Thunderclap","Wild Strike"],"picked":"Pummel","floor":14.0},{"not_picked":["Juggernaut","Corruption"],"picked":"Double Tap","floor":16.0},{"not_picked":["Thunderclap","Whirlwind","Second Wind"],"picked":"SKIP","floor":18.0},{"not_picked":["Flex","Thunderclap"],"picked":"Spot Weakness","floor":21.0},{"not_picked":["Wild Strike","Cleave"],"picked":"Entrench+1","floor":22.0}],"player_experience":646657,"relics_obtained":[{"floor":9.0,"key":"Shuriken"},{"floor":10.0,"key":"TungstenRod"}],"event_choices":[{"damage_healed":0.0,"max_hp_gain":0.0,"max_hp_loss":0.0,"gold_gain":0.0,"event_name":"FaceTrader","player_choice":"Trade","floor":3.0,"gold_loss":0.0,"damage_taken":0.0,"relics_obtained":["GremlinMask"]},{"damage_healed":0.0,"max_hp_gain":0.0,"max_hp_loss":0.0,"gold_gain":0.0,"event_name":"Liars Game","player_choice":"Ignored","floor":8.0,"gold_loss":0.0,"damage_taken":0.0},{"damage_healed":0.0,"max_hp_gain":0.0,"max_hp_loss":0.0,"gold_gain":0.0,"event_name":"Living Wall","player_choice":"Grow","floor":13.0,"gold_loss":0.0,"damage_taken":0.0,"cards_upgraded":["Armaments"]},{"damage_healed":0.0,"max_hp_gain":0.0,"max_hp_loss":0.0,"gold_gain":99.0,"event_name":"Nest","player_choice":"Stole From Cult","floor":19.0,"gold_loss":0.0,"damage_taken":0.0},{"damage_healed":0.0,"max_hp_gain":0.0,"max_hp_loss":0.0,"gold_gain":0.0,"event_name":"Cursed Tome","player_choice":"Ignored","floor":20.0,"gold_loss":0.0,"damage_taken":0.0}],"is_beta":false,"boss_relics":[{"not_picked":["Mark of Pain","Tiny House"],"picked":"Pandora\u0027s Box"}],"items_purged_floors":[],"is_endless":false,"potions_floor_spawned":[4,12,16,21,22],"killed_by":"Gremlin Leader","ascension_level":6}}