{"host":"li7nr9q4d53iu1rb","time":1610320830,"event":{"mods":["AchievementEnabler","BaseMod","Colored Map","Colored Powertips","Highlight Path","Minty Spire (QoL Compilation)","Permanent Neow","Quick Restart","Random Character Button","StSLib"],"gold_per_floor":[20,32,32,45,45,45,45,85,157,195,195,54,69,102,102,227,227,247,247,70,93,109,109,109,109],"floor_reached":24,"playtime":1119,"items_purged":[],"score":246,"play_id":"c31eb009-1aa6-4e47-a1cb-20ee56962593","local_time":"20210110192030","is_ascension_mode":true,"campfire_choices":[{"floor":6,"key":"REST"},{"floor":11,"key":"REST"},{"floor":15,"key":"REST"},{"floor":23,"key":"REST"}],"circlet_count":0,"master_deck":["Strike_R","Strike_R+1","Strike_R","Defend_R","Defend_R+1","Defend_R","Defend_R","Bash","Immolate","Iron Wave","Iron Wave","Uppercut","Iron Wave","Reckless Charge","Wild Strike","Flex","Finesse","Evolve","Flex","Anger","Limit Break","Seeing Red","Pain","Fire Breathing","Flex","Spot Weakness","Inflame","Spot Weakness"],"relics":["Burning Blood","Golden Idol","Happy Flower","Paper Frog","Dream Catcher","InkBottle","Empty Cage","WarpedTongs"],"acts_visited":["Exordium","TheCity"],"potions_floor_usage":[14,22,22],"damage_taken":[{"damage":9,"enemies":"Jaw Worm","floor":1,"turns":3},{"damage":2,"enemies":"Small Slimes","floor":2,"turns":4},{"damage":1,"enemies":"Cultist","floor":4,"turns":3},{"damage":44,"enemies":"Gremlin Nob","floor":8,"turns":6},{"damage":33,"enemies":"Lagavulin","floor":10,"turns":7},{"damage":5,"enemies":"Blue Slaver","floor":13,"turns":2},{"damage":3,"enemies":"Gremlin Nob","floor":14,"turns":3},{"damage":42,"enemies":"The Guardian","floor":16,"turns":11},{"damage":38,"enemies":"Shell Parasite","floor":18,"turns":6},{"damage":14,"enemies":"2 Thieves","floor":21,"turns":4},{"damage":37,"enemies":"Cultist and Chosen","floor":22,"turns":5},{"damage":33,"enemies":"Slavers","floor":24,"turns":2}],"seed_played":"-1612956007445822893","potions_obtained":[{"floor":1,"key":"BlessingOfTheForge"},{"floor":8,"key":"Fire Potion"},{"floor":14,"key":"Swift Potion"},{"floor":21,"key":"SneckoOil"}],"is_trial":false,"path_per_floor":["M","M","?","M","?","R","$","E","T","E","R","$","M","E","R","B",null,"M","?","$","M","M","R","E"],"character_chosen":"IRONCLAD","items_purchased":["Flex","Finesse","Fire Breathing","Flex","Spot Weakness"],"campfire_rested":4,"item_purchase_floors":[12,12,20,20,20],"current_hp_per_floor":[77,80,60,65,49,73,73,35,35,8,32,32,33,36,60,24,80,48,48,48,40,9,33,0,0],"gold":109,"neow_bonus":"THREE_RARE_CARDS","is_daily":false,"chose_seed":false,"campfire_upgraded":0,"win_rate":0.0,"timestamp":1610320830,"path_taken":["M","M","?","M","?","R","$","E","T","E","R","?","M","E","R","BOSS","M","?","$","M","M","R","E"],"items_purchased_type":["Card","Card","Card","Card","Card"],"build_version":"2020-12-22","purchased_purges":0,"victory":false,"max_hp_per_floor":[80,80,80,80,80,80,80,80,80,80,80,80,80,80,80,80,80,80,80,80,80,80,80,80,80],"card_choices":[{"not_picked":["Exhume","Fiend Fire"],"picked":"Immolate","floor":0},{"not_picked":["Shockwave","Flex"],"picked":"Iron Wave","floor":1},{"not_picked":["Infernal Blade","Entrench"],"picked":"Iron Wave","floor":2},{"not_picked":["Anger","Cleave"],"picked":"Uppercut","floor":4},{"not_picked":["Battle Trance","Carnage"],"picked":"Iron Wave","floor":8},{"not_picked":["Clothesline","Heavy Blade"],"picked":"Reckless Charge","floor":10},{"not_picked":["Sword Boomerang","Heavy Blade"],"picked":"Wild Strike","floor":11},{"not_picked":["Heavy Blade","Rampage"],"picked":"Evolve","floor":13},{"not_picked":["Twin Strike","Impervious"],"picked":"Flex","floor":14},{"not_picked":["Twin Strike","Fiend Fire"],"picked":"Anger","floor":15},{"not_picked":["Exhume","Brutality"],"picked":"Limit Break","floor":16},{"not_picked":["Flame Barrier","Evolve"],"picked":"Seeing Red","floor":18},{"not_picked":["Wild Strike","Thunderclap"],"picked":"Inflame","floor":21},{"not_picked":["Thunderclap","Anger"],"picked":"Spot Weakness","floor":22}],"player_experience":232711,"relics_obtained":[{"floor":8,"key":"Happy Flower"},{"floor":9,"key":"Paper Frog"},{"floor":10,"key":"Dream Catcher"},{"floor":14,"key":"InkBottle"}],"event_choices":[{"damage_healed":0,"gold_gain":0,"player_choice":"Take Damage","damage_taken":20,"relics_obtained":["Golden Idol"],"max_hp_gain":0,"max_hp_loss":0,"event_name":"Golden Idol","floor":3,"gold_loss":0},{"damage_healed":0,"gold_gain":0,"player_choice":"Entered Light","damage_taken":16,"max_hp_gain":0,"max_hp_loss":0,"event_name":"Shining Light","floor":5,"gold_loss":0,"cards_upgraded":["Strike_R","Defend_R"]},{"damage_healed":0,"gold_gain":0,"player_choice":"Rummage","damage_taken":0,"relics_obtained":["WarpedTongs"],"max_hp_gain":0,"max_hp_loss":0,"event_name":"Accursed Blacksmith","floor":19,"gold_loss":0,"cards_obtained":["Pain"]}],"is_beta":false,"boss_relics":[{"not_picked":["Runic Cube","Snecko Eye"],"picked":"Empty Cage"}],"items_purged_floors":[],"is_endless":false,"potions_floor_spawned":[1,8,14,21],"killed_by":"Slavers","ascension_level":3}}