{"host":"9d9dhukr2jywmy0f","time":1610270037,"event":{"mods":["2.2 Compatiblity","Alarm Clock","BaseMod","Bestiary","Block Reminder","Colored Map","Colored Powertips","Curses Come First","DeckTracker","Energized Spire","Highlight Path","Key Reminder","Minty Spire (QoL Compilation)","Quick Restart","Rare Cards Sparkle","Relic Sorter","Relic Stats","Spire Birthday Party","StSLib","SuperFastMode","Synergy Search","Unceasing Turn Reminder","Unknown Chances"],"gold_per_floor":[110,110,110,35,49,49,65,65,65,65,85,99,99,99,99,190,190,214,139,39,89,113,113,134,134,134,150,150,25,25,50,50,140,140,159,173,204,537,548,548,582,158,158,158,158,488,488,505,505,505,505,505,505,168,201,201],"floor_reached":57,"playtime":4008,"items_purged":["Strike_G","Defend_G","Strike_G","Defend_G","Defend_G"],"score":2771,"play_id":"6fbadb24-d4a6-4945-8d63-96f76d766bd5","local_time":"20210110171357","is_ascension_mode":true,"campfire_choices":[{"data":"Neutralize","floor":6.0,"key":"SMITH"},{"floor":8.0,"key":"RECALL"},{"floor":13.0,"key":"REST"},{"data":"Tactician","floor":15.0,"key":"SMITH"},{"floor":23.0,"key":"REST"},{"data":"Footwork","floor":25.0,"key":"SMITH"},{"floor":30.0,"key":"REST"},{"floor":32.0,"key":"REST"},{"data":"Phantasmal Killer","floor":40.0,"key":"SMITH"},{"data":"Acrobatics","floor":45.0,"key":"SMITH"},{"data":"Expertise","floor":47.0,"key":"SMITH"},{"data":"Defend_G","floor":49.0,"key":"PURGE"},{"data":"Deadly Poison","floor":53.0,"key":"PURGE"}],"circlet_count":0,"master_deck":["AscendersBane","Survivor","Neutralize+1","Eviscerate+1","Calculated Gamble+1","Flying Knee+1","Underhanded Strike","Tactician+1","Adrenaline","Backflip","Footwork+1","Calculated Gamble+1","Acrobatics+1","Backflip","Expertise+1","Phantasmal Killer+1","Predator","Blur","Footwork+1","Well Laid Plans+1"],"relics":["Astrolabe","Dream Catcher","HoveringKite","StrikeDummy","Cursed Key","Peace Pipe","Lantern","Meat on the Bone","Old Coin","DollysMirror","Bag of Preparation"],"acts_visited":["Exordium","TheCity","TheBeyond","TheEnding"],"potions_floor_usage":[56,56],"damage_taken":[{"damage":0.0,"enemies":"Jaw Worm","floor":1.0,"turns":2.0},{"damage":5.0,"enemies":"Small Slimes","floor":5.0,"turns":6.0},{"damage":0.0,"enemies":"Cultist","floor":7.0,"turns":3.0},{"damage":1.0,"enemies":"Looter","floor":11.0,"turns":4.0},{"damage":0.0,"enemies":"Exordium Wildlife","floor":12.0,"turns":4.0},{"damage":24.0,"enemies":"Hexaghost","floor":16.0,"turns":9.0},{"damage":9.0,"enemies":"Shell Parasite","floor":18.0,"turns":6.0},{"damage":11.0,"enemies":"3 Byrds","floor":22.0,"turns":6.0},{"damage":16.0,"enemies":"Shelled Parasite and Fungi","floor":24.0,"turns":7.0},{"damage":39.0,"enemies":"Centurion and Healer","floor":27.0,"turns":12.0},{"damage":8.0,"enemies":"Snecko","floor":31.0,"turns":4.0},{"damage":0.0,"enemies":"Automaton","floor":33.0,"turns":8.0},{"damage":0.0,"enemies":"3 Shapes","floor":35.0,"turns":6.0},{"damage":0.0,"enemies":"3 Darklings","floor":36.0,"turns":4.0},{"damage":0.0,"enemies":"Mind Bloom Boss Battle","floor":37.0,"turns":6.0},{"damage":7.0,"enemies":"Writhing Mass","floor":39.0,"turns":6.0},{"damage":2.0,"enemies":"Nemesis","floor":41.0,"turns":5.0},{"damage":0.0,"enemies":"Reptomancer","floor":46.0,"turns":5.0},{"damage":11.0,"enemies":"4 Shapes","floor":48.0,"turns":6.0},{"damage":3.0,"enemies":"Awakened One","floor":50.0,"turns":9.0},{"damage":19.0,"enemies":"Donu and Deca","floor":51.0,"turns":6.0},{"damage":0,"enemies":"Shield and Spear","floor":55,"turns":3},{"damage":36,"enemies":"The Heart","floor":56,"turns":9}],"seed_played":"8162185486453547482","potions_obtained":[{"floor":1.0,"key":"Block Potion"},{"floor":7.0,"key":"LiquidMemories"},{"floor":18.0,"key":"Energy Potion"},{"floor":31.0,"key":"Block Potion"},{"floor":33.0,"key":"DuplicationPotion"},{"floor":39.0,"key":"Energy Potion"},{"floor":41.0,"key":"Dexterity Potion"},{"floor":48.0,"key":"LiquidMemories"}],"is_trial":false,"path_per_floor":["M","?","?","$","M","R","M","R","T","?","M","M","R","?","R","B",null,"M","?","$","?","M","R","M","R","T","M","?","$","R","M","R","B",null,"M","M","?","?","M","R","E","$","T","T","R","E","R","M","R","B","B",null,"R","$","E","B",null],"character_chosen":"THE_SILENT","items_purchased":["Meat on the Bone","DollysMirror"],"campfire_rested":4,"item_purchase_floors":[42,54],"current_hp_per_floor":[59,48,48,48,43,43,43,43,43,34,33,33,51,56,56,32,57,48,48,48,48,37,56,40,40,40,1,1,1,20,12,31,31,57,57,57,57,57,50,50,48,48,48,48,48,48,48,37,37,34,27,56,56,56,56,32],"gold":201,"neow_bonus":"BOSS_RELIC","is_daily":false,"chose_seed":false,"campfire_upgraded":6,"win_rate":0.0,"timestamp":1610270037,"path_taken":["M","?","?","?","M","R","M","R","T","?","?","M","R","?","R","BOSS","M","?","$","?","M","R","M","R","T","M","?","?","R","M","R","BOSS","M","?","?","?","M","R","E","$","T","?","R","E","R","M","R","BOSS","BOSS","R","$","E","BOSS"],"items_purchased_type":["Relic","Relic"],"build_version":"2020-11-30","purchased_purges":5,"victory":true,"max_hp_per_floor":[66,66,60,60,60,60,60,60,60,60,60,60,60,65,65,65,65,65,65,65,65,65,65,65,65,65,65,65,65,65,65,65,65,65,65,65,65,65,65,65,65,65,65,65,65,65,65,65,65,65,65,65,65,65,65,65],"relic_stats":{"Peace Pipe":2,"Dream Catcher":4,"counters":[23,136],"Astrolabe":["Eviscerate","Calculated Gamble","Flying Knee"],"HoveringKite":[90],"Bag of Preparation":[2],"Cursed Key":0,"obtain_stats":[{"Lantern":41,"Golden Idol":3,"Astrolabe":0,"HoveringKite":17,"Bag of Preparation":55,"Cursed Key":34,"Old Coin":46,"keyreminder:keyreminder":8,"Peace Pipe":37,"Dream Catcher":2,"DollysMirror":54,"StrikeDummy":26,"Ring of the Snake":0,"Meat on the Bone":42},{"Lantern":17,"Golden Idol":1,"Astrolabe":0,"HoveringKite":6,"Bag of Preparation":22,"Cursed Key":12,"Old Coin":18,"keyreminder:keyreminder":3,"Peace Pipe":15,"Dream Catcher":1,"DollysMirror":21,"StrikeDummy":9,"Ring of the Snake":0,"Meat on the Bone":17},{"Lantern":98,"Golden Idol":2,"Astrolabe":0,"HoveringKite":28,"Bag of Preparation":127,"Cursed Key":71,"Old Coin":103,"keyreminder:keyreminder":11,"Peace Pipe":87,"Dream Catcher":2,"DollysMirror":124,"StrikeDummy":47,"Ring of the Snake":0,"Meat on the Bone":98}],"Meat on the Bone":24},"card_choices":[{"not_picked":["Leg Sweep","Deflect","Flying Knee"],"picked":"SKIP","floor":1.0},{"not_picked":["Outmaneuver","PiercingWail"],"picked":"Underhanded Strike","floor":5.0},{"not_picked":["Deflect","Poisoned Stab","Underhanded Strike"],"picked":"SKIP","floor":7.0},{"not_picked":["Dodge and Roll","Cloak And Dagger","Deflect"],"picked":"SKIP","floor":11.0},{"not_picked":["Dodge and Roll","Eviscerate"],"picked":"Tactician","floor":12.0},{"not_picked":["Escape Plan","Outmaneuver"],"picked":"Deadly Poison","floor":13.0},{"not_picked":["Malaise","Glass Knife"],"picked":"Adrenaline","floor":16.0},{"not_picked":["Heel Hook","Terror"],"picked":"Backflip","floor":18.0},{"not_picked":["Slice","Blur","Dodge and Roll+1"],"picked":"SKIP","floor":22.0},{"not_picked":["Distraction","Deadly Poison"],"picked":"Footwork","floor":23.0},{"not_picked":["Quick Slash","Cloak And Dagger+1"],"picked":"Calculated Gamble+1","floor":24.0},{"not_picked":["Well Laid Plans","Distraction","All Out Attack"],"picked":"SKIP","floor":27.0},{"not_picked":["Flying Knee+1","Dodge and Roll"],"picked":"Backflip","floor":30.0},{"not_picked":["Dodge and Roll","Sucker Punch","Bullet Time"],"picked":"SKIP","floor":31.0},{"not_picked":["Dodge and Roll","Caltrops"],"picked":"Expertise","floor":32.0},{"not_picked":["Wraith Form v2","Burst"],"picked":"Phantasmal Killer","floor":33.0},{"not_picked":["Outmaneuver","Noxious Fumes+1"],"picked":"Predator","floor":35.0},{"not_picked":["Blade Dance+1","Calculated Gamble","Dagger Throw"],"picked":"SKIP","floor":36.0},{"not_picked":["Blade Dance+1","Calculated Gamble","Dagger Throw"],"picked":"SKIP","floor":36.0},{"not_picked":["Catalyst","Heel Hook","Deflect+1"],"picked":"SKIP","floor":39.0},{"not_picked":["Deflect","Blur","Endless Agony+1"],"picked":"SKIP","floor":41.0},{"not_picked":["Deflect","Endless Agony+1"],"picked":"Blur","floor":41.0},{"not_picked":["Deadly Poison+1","Slice","Deflect"],"picked":"SKIP","floor":46.0},{"not_picked":["Flying Knee","Bouncing Flask+1","Choke+1"],"picked":"SKIP","floor":48.0},{"not_picked":["Deadly Poison+1","Footwork+1"],"picked":"Well Laid Plans+1","floor":55}],"player_experience":809059,"relics_obtained":[{"floor":26.0,"key":"StrikeDummy"},{"floor":37.0,"key":"Peace Pipe"},{"floor":41.0,"key":"Lantern"},{"floor":46.0,"key":"Old Coin"},{"floor":55,"key":"Bag of Preparation"}],"event_choices":[{"damage_healed":0.0,"max_hp_gain":0.0,"max_hp_loss":0.0,"gold_gain":0.0,"event_name":"Scrap Ooze","player_choice":"Success","floor":2.0,"gold_loss":0.0,"damage_taken":11.0,"relics_obtained":["Dream Catcher"]},{"damage_healed":0.0,"max_hp_gain":0.0,"max_hp_loss":6.0,"gold_gain":0.0,"event_name":"Golden Idol","player_choice":"Lose Max HP","floor":3.0,"gold_loss":0.0,"damage_taken":0.0,"relics_obtained":["Golden Idol"]},{"damage_healed":0.0,"max_hp_gain":0.0,"max_hp_loss":0.0,"gold_gain":0.0,"event_name":"Wheel of Change","player_choice":"Damaged","floor":10.0,"gold_loss":0.0,"damage_taken":9.0},{"damage_healed":0.0,"max_hp_gain":5.0,"max_hp_loss":0.0,"gold_gain":0.0,"event_name":"Big Fish","player_choice":"Donut","floor":14.0,"gold_loss":0.0,"damage_taken":0.0},{"cards_removed":["Strike_G"],"damage_healed":0.0,"max_hp_gain":0.0,"max_hp_loss":0.0,"gold_gain":0.0,"event_name":"Beggar","player_choice":"Gave Gold","floor":19.0,"gold_loss":75.0,"damage_taken":0.0},{"damage_healed":0.0,"max_hp_gain":0.0,"max_hp_loss":0.0,"gold_gain":50.0,"event_name":"Nest","player_choice":"Stole From Cult","floor":21.0,"gold_loss":0.0,"damage_taken":0.0},{"damage_healed":0.0,"max_hp_gain":0.0,"max_hp_loss":0.0,"gold_gain":0.0,"event_name":"The Library","player_choice":"Read","floor":28.0,"gold_loss":0.0,"damage_taken":0.0,"cards_obtained":["Acrobatics"]},{"damage_healed":0.0,"max_hp_gain":0.0,"max_hp_loss":0.0,"gold_gain":0.0,"event_name":"MindBloom","player_choice":"Fight","floor":37.0,"gold_loss":0.0,"damage_taken":0.0},{"damage_healed":0.0,"max_hp_gain":0.0,"max_hp_loss":0.0,"gold_gain":333.0,"event_name":"The Moai Head","player_choice":"Gave Idol","floor":38.0,"relics_lost":["Golden Idol"],"gold_loss":0.0,"damage_taken":0.0}],"is_beta":false,"boss_relics":[{"not_picked":["Runic Dome","energizedSpire:HugeHouse"],"picked":"HoveringKite"},{"not_picked":["Fusion Hammer","energizedSpire:EnergizedDie"],"picked":"Cursed Key"}],"items_purged_floors":[4,20,29,42,54],"is_endless":false,"potions_floor_spawned":[1,7,18,31,33,39,41,48],"ascension_level":20}}