{"host":"qljev0q3rb9h3k1a","time":1610314430,"event":{"mods":["AchievementEnabler","Ascension Unlocker","BaseMod","Colored Map","Minty Spire (QoL Compilation)","Permanent Neow","Quick Restart","Relic Filter","StSLib","SuperFastMode"],"gold_per_floor":[113,125,300,300,315,315,315,315,340,355,355,57,74,24,24,24,24],"floor_reached":16,"playtime":288,"items_purged":[],"score":90,"play_id":"ef2a63b9-58cb-4a69-99cd-12b801487051","local_time":"20210110163350","is_ascension_mode":false,"campfire_choices":[{"data":"1","floor":6.0,"key":"LIFT"},{"data":"2","floor":8.0,"key":"LIFT"},{"data":"3","floor":15.0,"key":"LIFT"}],"circlet_count":0,"master_deck":["Strike_G","Strike_G+1","Strike_G","Defend_G","Defend_G","Defend_G","Defend_G+1","Defend_G","Survivor","Neutralize","Backflip","Backstab"],"relics":["Ring of the Snake","Girya","Nunchaku","TungstenRod"],"acts_visited":["Exordium"],"potions_floor_usage":[16],"damage_taken":[{"damage":4.0,"enemies":"Jaw Worm","floor":1.0,"turns":7.0},{"damage":1.0,"enemies":"Small Slimes","floor":2.0,"turns":3.0},{"damage":0.0,"enemies":"2 Louse","floor":5.0,"turns":2.0},{"damage":0.0,"enemies":"2 Fungi Beasts","floor":10.0,"turns":3.0},{"damage":0.0,"enemies":"Looter","floor":13.0,"turns":2.0},{"damage":0,"enemies":"Slime Boss","floor":16,"turns":5}],"seed_played":"392918495162016455","potions_obtained":[{"floor":1.0,"key":"Energy Potion"},{"floor":2.0,"key":"Energy Potion"},{"floor":10.0,"key":"Explosive Potion"}],"is_trial":false,"path_per_floor":["M","M","?","?","M","R","?","R","T","M","?","$","M","?","R","B"],"character_chosen":"THE_SILENT","items_purchased":["TungstenRod"],"campfire_rested":0,"item_purchase_floors":[12],"current_hp_per_floor":[66,65,65,62,62,62,55,55,55,55,41,41,41,41,41,41,41],"gold":24,"neow_bonus":"TRANSFORM_CARD","is_daily":false,"chose_seed":false,"campfire_upgraded":0,"win_rate":0.0,"timestamp":1610314430,"path_taken":["M","M","?","?","M","R","?","R","T","M","?","$","M","?","R","BOSS"],"items_purchased_type":["Relic"],"build_version":"2020-12-22","purchased_purges":0,"victory":false,"max_hp_per_floor":[70,70,70,70,70,70,70,70,70,70,70,70,70,70,70,70,70],"card_choices":[{"not_picked":["Infinite Blades","Backflip"],"picked":"Backstab","floor":1.0},{"not_picked":["Underhanded Strike","Caltrops","Flying Knee"],"picked":"SKIP","floor":2.0},{"not_picked":["Dash","Dagger Throw","Endless Agony"],"picked":"SKIP","floor":5.0},{"not_picked":["Flechettes","Outmaneuver","Deflect"],"picked":"SKIP","floor":10.0},{"not_picked":["PiercingWail","Dodge and Roll","Flying Knee"],"picked":"SKIP","floor":13.0}],"player_experience":2222,"relics_obtained":[{"floor":9.0,"key":"Nunchaku"}],"event_choices":[{"damage_healed":0.0,"max_hp_gain":0.0,"max_hp_loss":0.0,"gold_gain":175.0,"event_name":"Liars Game","player_choice":"AGREE","floor":3.0,"gold_loss":0.0,"damage_taken":0.0,"cards_obtained":["Doubt"]},{"damage_healed":0.0,"max_hp_gain":0.0,"max_hp_loss":0.0,"gold_gain":0.0,"event_name":"Scrap Ooze","player_choice":"Success","floor":4.0,"gold_loss":0.0,"damage_taken":3.0,"relics_obtained":["Girya"]},{"cards_removed":["Doubt"],"damage_healed":0.0,"max_hp_gain":0.0,"max_hp_loss":0.0,"gold_gain":0.0,"event_name":"Golden Wing","player_choice":"Card Removal","floor":7.0,"gold_loss":0.0,"damage_taken":7.0},{"damage_healed":0.0,"max_hp_gain":0.0,"max_hp_loss":0.0,"gold_gain":0.0,"event_name":"Shining Light","player_choice":"Entered Light","floor":11.0,"gold_loss":0.0,"damage_taken":14.0,"cards_upgraded":["Strike_G","Defend_G"]},{"cards_removed":["Strike_G"],"damage_healed":0.0,"max_hp_gain":0.0,"max_hp_loss":0.0,"gold_gain":0.0,"event_name":"The Cleric","player_choice":"Card Removal","floor":14.0,"gold_loss":50.0,"damage_taken":0.0}],"is_beta":false,"boss_relics":[],"items_purged_floors":[],"is_endless":false,"potions_floor_spawned":[1,2,10],"killed_by":"Slime Boss","ascension_level":0}}