{"host":"s41rn2jhghpwfrvz","time":1610273979,"event":{"mods":["BaseMod","Minty Spire (QoL Compilation)","Quick Restart","Relic Stats","SuperFastMode"],"gold_per_floor":[119,129,54,66,86,118,118,181,227,227,258,258,274,290,290,366,366,386,405,424,440,455,488,488,518,518,418,452,452,482,500,500,577,577,588,314,339,339,352,379,379,404,483,483,513,526,543,558,558,558,558,558,558,221,250,250],"floor_reached":57,"playtime":2026,"items_purged":["Well Laid Plans","Go for the Eyes","Well Laid Plans","Quick Slash+1"],"score":3568,"play_id":"dc6fd272-ea7a-4817-89d2-bf34c45e2890","local_time":"20210110121939","daily_mods":["SealedDeck","Vintage","Diverse"],"is_ascension_mode":true,"campfire_choices":[{"data":"Blade Dance","floor":7,"key":"SMITH"},{"data":"Reinforced Body","floor":10,"key":"SMITH"},{"data":"Acrobatics","floor":12,"key":"SMITH"},{"data":"White Noise","floor":15,"key":"SMITH"},{"data":"Offering","floor":24,"key":"SMITH"},{"floor":29,"key":"RECALL"},{"data":"Coolheaded","floor":32,"key":"SMITH"},{"floor":41,"key":"DIG"},{"floor":44,"key":"DIG"},{"floor":49,"key":"DIG"},{"floor":53,"key":"DIG"}],"circlet_count":0,"master_deck":["AscendersBane","Reinforced Body+1","Beam Cell+1","White Noise+1","Blade Dance+1","Acrobatics+1","Offering+1","Backflip+1","Panacea+1","Reflex+1"],"relics":["Burning Blood","Frozen Egg 2","Bag of Marbles","Whetstone","White Beast Statue","Calipers","Centennial Puzzle","Anchor","Paper Frog","Art of War","MealTicket","Coffee Dripper","Strawberry","Toxic Egg 2","Oddly Smooth Stone","Toy Ornithopter","Pen Nib","Pocketwatch","Lantern","Kunai","Happy Flower","Bronze Scales","Runic Pyramid","Regal Pillow","Membership Card","Shovel","Question Card","Smiling Mask","Girya","PreservedInsect","Mercury Hourglass","Bag of Preparation","War Paint","Darkstone Periapt","Akabeko","Pantograph","Gremlin Horn","Champion Belt","Nunchaku","Eternal Feather"],"acts_visited":["Exordium","TheCity","TheBeyond","TheEnding"],"potions_floor_usage":[35,56,56],"damage_taken":[{"damage":0,"enemies":"2 Louse","floor":1,"turns":3},{"damage":12,"enemies":"Jaw Worm","floor":2,"turns":2},{"damage":0,"enemies":"Cultist","floor":4,"turns":3},{"damage":19,"enemies":"Large Slime","floor":5,"turns":3},{"damage":8,"enemies":"Gremlin Nob","floor":6,"turns":3},{"damage":18,"enemies":"3 Sentries","floor":8,"turns":6},{"damage":4,"enemies":"Lagavulin","floor":11,"turns":5},{"damage":0,"enemies":"Lots of Slimes","floor":13,"turns":4},{"damage":4,"enemies":"Gremlin Gang","floor":14,"turns":2},{"damage":12,"enemies":"Hexaghost","floor":16,"turns":9},{"damage":6,"enemies":"2 Thieves","floor":18,"turns":2},{"damage":6,"enemies":"3 Byrds","floor":19,"turns":3},{"damage":6,"enemies":"Snecko","floor":20,"turns":4},{"damage":6,"enemies":"Centurion and Healer","floor":21,"turns":4},{"damage":6,"enemies":"3 Cultists","floor":22,"turns":2},{"damage":6,"enemies":"Gremlin Leader","floor":23,"turns":3},{"damage":6,"enemies":"Slavers","floor":25,"turns":2},{"damage":9,"enemies":"Book of Stabbing","floor":28,"turns":2},{"damage":6,"enemies":"Slavers","floor":30,"turns":2},{"damage":6,"enemies":"Shelled Parasite and Fungi","floor":31,"turns":1},{"damage":6,"enemies":"Automaton","floor":33,"turns":5},{"damage":6,"enemies":"Orb Walker","floor":35,"turns":1},{"damage":6,"enemies":"Mind Bloom Boss Battle","floor":37,"turns":2},{"damage":6,"enemies":"3 Shapes","floor":39,"turns":2},{"damage":8,"enemies":"Nemesis","floor":40,"turns":3},{"damage":6,"enemies":"Reptomancer","floor":42,"turns":2},{"damage":6,"enemies":"Nemesis","floor":45,"turns":1},{"damage":6,"enemies":"Spire Growth","floor":46,"turns":2},{"damage":6,"enemies":"3 Darklings","floor":47,"turns":2},{"damage":6,"enemies":"Transient","floor":48,"turns":6},{"damage":19,"enemies":"Donu and Deca","floor":50,"turns":9},{"damage":6,"enemies":"Awakened One","floor":51,"turns":10},{"damage":6,"enemies":"Shield and Spear","floor":55,"turns":2},{"damage":12,"enemies":"The Heart","floor":56,"turns":7}],"seed_played":"448160178487882916","potions_obtained":[{"floor":1,"key":"SkillPotion"},{"floor":6,"key":"CultistPotion"},{"floor":13,"key":"Strength Potion"},{"floor":20,"key":"SteroidPotion"},{"floor":33,"key":"Fruit Juice"},{"floor":35,"key":"SteroidPotion"},{"floor":40,"key":"PowerPotion"},{"floor":47,"key":"Ancient Potion"}],"is_trial":true,"path_per_floor":["M","M","$","M","M","E","R","?","T","R","E","R","M","M","R","B",null,"M","M","M","M","M","E","R","E","T","$","E","R","E","M","R","B",null,"M","$","?","?","M","E","R","E","T","R","E","M","M","M","R","B","B",null,"R","$","E","B",null],"character_chosen":"IRONCLAD","items_purchased":["Membership Card","Panacea+1","Champion Belt","Nunchaku","Reflex+1"],"campfire_rested":0,"item_purchase_floors":[36,36,54,54,54],"current_hp_per_floor":[74,68,68,74,61,59,59,47,47,47,49,49,55,57,57,51,69,76,76,76,76,76,76,76,76,76,82,79,79,79,79,79,79,81,87,87,87,87,87,85,85,85,85,85,85,85,85,85,85,74,87,87,87,87,87,81],"gold":250,"neow_bonus":"","is_daily":false,"chose_seed":false,"campfire_upgraded":6,"win_rate":0.0,"timestamp":1610273979,"path_taken":["M","M","$","M","M","E","R","?","T","R","E","R","M","M","R","BOSS","M","M","M","M","M","E","R","E","T","$","E","R","E","M","R","BOSS","M","$","?","?","M","E","R","E","T","R","E","M","?","M","R","BOSS","BOSS","R","$","E","BOSS"],"items_purchased_type":["Relic","Card","Relic","Relic","Card"],"build_version":"2020-12-22","purchased_purges":4,"victory":true,"max_hp_per_floor":[75,75,75,75,75,75,75,75,75,75,75,75,75,75,75,75,75,82,82,82,82,82,82,82,82,82,82,82,82,82,82,82,82,82,87,87,87,87,87,87,87,87,87,87,87,87,87,87,87,87,87,87,87,87,87,87],"relic_stats":{"Darkstone Periapt":0,"Regal Pillow":0,"Gremlin Horn":[1,1],"Bag of Preparation":[14],"Whetstone":["Quick Slash","Beam Cell"],"Smiling Mask":25,"Burning Blood":204,"Centennial Puzzle":[81],"Nunchaku":[8],"Shovel":4,"Pantograph":15,"MealTicket":6,"Kunai":[170],"Happy Flower":[19],"counters":[34,119],"Eternal Feather":0,"Pen Nib":[60],"PreservedInsect":127,"War Paint":[],"Question Card":4,"Mercury Hourglass":[119],"Bronze Scales":[224],"Art of War":[2],"Champion Belt":[17],"obtain_stats":[{"Darkstone Periapt":47,"Lantern":25,"Regal Pillow":35,"Calipers":6,"Gremlin Horn":53,"Bag of Preparation":45,"Whetstone":4,"Smiling Mask":40,"Burning Blood":0,"Centennial Puzzle":8,"Nunchaku":54,"Shovel":37,"Strawberry":18,"Pantograph":49,"MealTicket":14,"Kunai":26,"Toxic Egg 2":19,"Paper Frog":11,"Runic Pyramid":34,"Girya":41,"Happy Flower":28,"Oddly Smooth Stone":20,"Eternal Feather":55,"Pen Nib":22,"PreservedInsect":42,"Frozen Egg 2":1,"War Paint":46,"Question Card":39,"White Beast Statue":5,"Akabeko":48,"Mercury Hourglass":44,"Anchor":9,"Bronze Scales":30,"Bag of Marbles":2,"Art of War":13,"Coffee Dripper":17,"Membership Card":36,"Champion Belt":54,"Toy Ornithopter":21,"Pocketwatch":23},{"Darkstone Periapt":29,"Lantern":17,"Regal Pillow":22,"Calipers":5,"Gremlin Horn":32,"Bag of Preparation":27,"Whetstone":3,"Smiling Mask":25,"Burning Blood":0,"Centennial Puzzle":6,"Nunchaku":32,"Shovel":23,"Strawberry":11,"Pantograph":30,"MealTicket":9,"Kunai":17,"Toxic Egg 2":12,"Paper Frog":7,"Runic Pyramid":21,"Girya":25,"Happy Flower":18,"Oddly Smooth Stone":13,"Eternal Feather":33,"Pen Nib":15,"PreservedInsect":26,"Frozen Egg 2":1,"War Paint":28,"Question Card":24,"White Beast Statue":4,"Akabeko":30,"Mercury Hourglass":26,"Anchor":6,"Bronze Scales":19,"Bag of Marbles":2,"Art of War":8,"Coffee Dripper":10,"Membership Card":22,"Champion Belt":32,"Toy Ornithopter":14,"Pocketwatch":16},{"Darkstone Periapt":85,"Lantern":60,"Regal Pillow":71,"Calipers":14,"Gremlin Horn":110,"Bag of Preparation":81,"Whetstone":8,"Smiling Mask":78,"Burning Blood":0,"Centennial Puzzle":20,"Nunchaku":110,"Shovel":73,"Strawberry":42,"Pantograph":91,"MealTicket":31,"Kunai":60,"Toxic Egg 2":45,"Paper Frog":25,"Runic Pyramid":70,"Girya":78,"Happy Flower":62,"Oddly Smooth Stone":49,"Eternal Feather":112,"Pen Nib":55,"PreservedInsect":80,"Frozen Egg 2":3,"War Paint":83,"Question Card":75,"White Beast Statue":11,"Akabeko":91,"Mercury Hourglass":80,"Anchor":20,"Bronze Scales":64,"Bag of Marbles":5,"Art of War":29,"Coffee Dripper":40,"Membership Card":71,"Champion Belt":110,"Toy Ornithopter":53,"Pocketwatch":58}],"Toy Ornithopter":1,"Pocketwatch":[0]},"card_choices":[{"not_picked":["Indignation","Sword Boomerang","Catalyst"],"picked":"SKIP","floor":6},{"not_picked":["PiercingWail","EmptyFist","Conserve Battery"],"picked":"SKIP","floor":11},{"not_picked":["Devotion+1","Limit Break"],"picked":"Offering","floor":16},{"not_picked":["Aggregate+1","Heavy Blade"],"picked":"Backflip+1","floor":23},{"not_picked":["Rip and Tear","Stack+1","Leap+1"],"picked":"SKIP","floor":25},{"not_picked":["Blade Dance+1","White Noise+1","CutThroughFate"],"picked":"SKIP","floor":28},{"not_picked":["ThirdEye+1","Inflame+1","Redo+1"],"picked":"SKIP","floor":30},{"not_picked":["Bludgeon","Perfected Strike+1","Hello World+1","Anger"],"picked":"SKIP","floor":40},{"not_picked":["Crippling Poison+1","MentalFortress+1","JustLucky","Double Energy+1"],"picked":"SKIP","floor":42},{"not_picked":["PiercingWail+1","Twin Strike+1","Leap+1","Dropkick"],"picked":"SKIP","floor":45},{"not_picked":["Thunderclap","FlurryOfBlows+1","Iron Wave+1","Sweeping Beam"],"picked":"SKIP","floor":55}],"player_experience":1705823,"relics_obtained":[{"floor":1,"key":"Frozen Egg 2"},{"floor":2,"key":"Bag of Marbles"},{"floor":4,"key":"Whetstone"},{"floor":5,"key":"White Beast Statue"},{"floor":6,"key":"Calipers"},{"floor":8,"key":"Centennial Puzzle"},{"floor":9,"key":"Anchor"},{"floor":11,"key":"Paper Frog"},{"floor":13,"key":"Art of War"},{"floor":14,"key":"MealTicket"},{"floor":18,"key":"Strawberry"},{"floor":19,"key":"Toxic Egg 2"},{"floor":20,"key":"Oddly Smooth Stone"},{"floor":21,"key":"Toy Ornithopter"},{"floor":22,"key":"Pen Nib"},{"floor":23,"key":"Pocketwatch"},{"floor":25,"key":"Lantern"},{"floor":26,"key":"Kunai"},{"floor":28,"key":"Happy Flower"},{"floor":30,"key":"Bronze Scales"},{"floor":35,"key":"Regal Pillow"},{"floor":37,"key":"Shovel"},{"floor":39,"key":"Question Card"},{"floor":40,"key":"Smiling Mask"},{"floor":41,"key":"Girya"},{"floor":42,"key":"PreservedInsect"},{"floor":44,"key":"Mercury Hourglass"},{"floor":45,"key":"Bag of Preparation"},{"floor":46,"key":"War Paint"},{"floor":47,"key":"Darkstone Periapt"},{"floor":48,"key":"Akabeko"},{"floor":49,"key":"Pantograph"},{"floor":53,"key":"Gremlin Horn"},{"floor":55,"key":"Eternal Feather"}],"event_choices":[{"damage_healed":0,"gold_gain":0,"player_choice":"Searched \u00271\u0027 times","damage_taken":0,"max_hp_gain":0,"max_hp_loss":0,"event_name":"Dead Adventurer","floor":8,"gold_loss":0},{"damage_healed":0,"gold_gain":0,"player_choice":"Fight","damage_taken":0,"max_hp_gain":0,"max_hp_loss":0,"event_name":"MindBloom","floor":37,"gold_loss":0},{"cards_removed":["Coolheaded"],"damage_healed":0,"gold_gain":0,"player_choice":"Purged","damage_taken":0,"max_hp_gain":0,"max_hp_loss":0,"event_name":"Purifier","floor":38,"gold_loss":0}],"is_beta":false,"boss_relics":[{"not_picked":["Black Star","Black Blood"],"picked":"Coffee Dripper"},{"not_picked":["Calling Bell","Astrolabe"],"picked":"Runic Pyramid"}],"items_purged_floors":[3,27,36,54],"is_endless":false,"potions_floor_spawned":[1,6,8,11,13,14,16,18,19,20,21,22,23,25,28,30,31,33,35,37,39,40,42,45,46,47,48,55],"ascension_level":20}}