{"host":"ucb2bgl3b4dpz2q7","time":1610264370,"event":{"mods":["Act Like it!","BaseMod","Custom Start","Gensokyo","Hallownest","Hermit","Koishi","Lobotomy","LobotomyExtend","Marisa£®ÏF”Í°°ƒß¿Ì…≥£©","Minty Spire (QoL Compilation)","Reimu£®≤©¿ˆ¡È√Œ£©","Remilia£®¿Ÿ√◊¿Ú—«£©","StSLib","The Administrix","The Bug Knight","The Servant 0.9.4","Waifu the Spire","Yakumo Yukari mod","Youmu£®ªÍ∆«—˝√Œ£©"],"gold_per_floor":[131,30,47,59,19,33,64,64,64,77,97,97,110,120,120,219,219,234,268,268,278,278,288,314,339,339,339,339],"floor_reached":27,"playtime":1882,"items_purged":["AT_purpleEX"],"score":237,"play_id":"f080ac99-b86b-426a-8f03-99118134b4c2","local_time":"20210110153930","is_ascension_mode":false,"campfire_choices":[{"data":"EighthInstrument_OneDividesIntoTwo_purple","floor":15,"key":"SMITH"}],"circlet_count":0,"master_deck":["AT_purpleEX","AT_purpleEX","AT_purpleEX","Defend_purpleEX","Defend_purpleEX","Defend_purpleEX","Observe_purple_1","Observe_purple_2","WatchEChange_purple+1","Charmbait_purple","DarkRealmRedLine_purple","EighthInstrument_OneDividesIntoTwo_purple+1","DimensionStaggered_purple","Monsters_DoubleDeathButterfly_purple","MeetDecomposer_purple+1","StretchesForeverDream_purple","MeetDecomposer_purple","Human_Monster_Realm_purple"],"relics":["Boundary_crack","Memoryfragments_purpleEX","NeowsBlessing","LetterFromLob","PaintedHorse:ReiMu","Ancient Tea Set","Philosopher\u0027s Stone","Red Mask","Gambling Chip","Orichalcum","Turnip"],"acts_visited":["Exordium","TheCity"],"potions_floor_usage":[14,16,19],"damage_taken":[{"damage":0.0,"enemies":"Small Slimes","floor":1.0,"turns":1.0},{"damage":0.0,"enemies":"Cultist","floor":3.0,"turns":1.0},{"damage":0.0,"enemies":"2 Louse","floor":4.0,"turns":1.0},{"damage":19.0,"enemies":"Gremlin Gang","floor":6.0,"turns":6.0},{"damage":23.0,"enemies":"3 Sentries","floor":7.0,"turns":5.0},{"damage":0.0,"enemies":"2 Fungi Beasts","floor":10.0,"turns":2.0},{"damage":2.0,"enemies":"Looter","floor":11.0,"turns":3.0},{"damage":9.0,"enemies":"3 Louse","floor":13.0,"turns":2.0},{"damage":5,"enemies":"Exordium Thugs","floor":14,"turns":4},{"damage":25,"enemies":"Hexaghost","floor":16,"turns":8},{"damage":25,"enemies":"2 Thieves","floor":18,"turns":3},{"damage":0,"enemies":"Masked Bandits","floor":19,"turns":1},{"damage":14,"enemies":"Shell Parasite","floor":21,"turns":7},{"damage":24,"enemies":"Snecko","floor":23,"turns":8},{"damage":31,"enemies":"HollowMod:Nosk","floor":24,"turns":15},{"damage":9,"enemies":"Book of Stabbing","floor":27,"turns":2}],"seed_played":"6893363752493903592","potions_obtained":[{"floor":4.0,"key":"DistilledChaos"},{"floor":6.0,"key":"PowerPotion"},{"floor":7.0,"key":"FearPotion"},{"floor":14,"key":"BlessingOfTheForge"},{"floor":18,"key":"AttackPotion"},{"floor":24,"key":"MagicPotion:ReiMu"}],"is_trial":false,"path_per_floor":["M","$","M","M","?","M","E","?","T","M","M","?","M","M","R","B",null,"M","?","?","M","?","M","E","T","T","E"],"character_chosen":"Youkari","items_purchased":["Charmbait_purple"],"campfire_rested":0,"item_purchase_floors":[2],"current_hp_per_floor":[70,70,70,70,70,52,32,32,32,33,35,35,29,32,32,11,70,49,50,50,43,43,28,3,3,3,0,0],"gold":339,"neow_bonus":"THREE_ENEMY_KILL","is_daily":false,"chose_seed":false,"campfire_upgraded":1,"win_rate":0.0,"timestamp":1610264370,"path_taken":["M","$","M","M","?","M","E","?","T","?","?","?","?","M","R","BOSS","M","?","?","M","?","M","E","?","T","E"],"items_purchased_type":["Card"],"build_version":"2020-12-22","purchased_purges":1,"victory":false,"max_hp_per_floor":[70,70,70,70,70,70,70,70,70,70,70,70,70,70,70,70,70,70,70,70,70,70,70,70,70,70,70,70],"card_choices":[{"not_picked":["DimensionStaggered_purple","CommonSense_AntiCommonSense_purple"],"picked":"WatchEChange_purple","floor":1.0},{"not_picked":["Umbrella_purple","Shallow_ocean_purpleEX"],"picked":"DarkRealmRedLine_purple","floor":3.0},{"not_picked":["StateDuplicate_purple","Boundary_LightAndDark_purple","AdvanceAttack_purple"],"picked":"SKIP","floor":4.0},{"not_picked":["OmniscientAndOmnipotent_Monster_purple","Extrememeaning_purpleEX"],"picked":"EighthInstrument_OneDividesIntoTwo_purple","floor":6.0},{"not_picked":["RealityDreamConfluencek_purple","SfantasyHide_purple"],"picked":"DimensionStaggered_purple","floor":7.0},{"not_picked":["Mirror_FormAndEmptin_purple","PurpleNeedle_purple","Mirror_Drifter_purple"],"picked":"SKIP","floor":10.0},{"not_picked":["SfantasyHide_purple","Know_ledgeAbilityRealm_purple","CommonSense_AntiCommonSense_purple"],"picked":"SKIP","floor":11.0},{"not_picked":["Mirror_WaveAndshot_purple","OmniscientAndOmnipotent_Monster_purple"],"picked":"Boundary_of_Extermination_purpleEX","floor":13.0},{"not_picked":["Realm_recovery_purpleEX","DimensionStaggered_purple"],"picked":"Shallow_ocean_purpleEX","floor":14},{"not_picked":["Human_Monster_Realm_purple","ProofOfUnderstanding_purple"],"picked":"Monsters_DoubleDeathButterfly_purple","floor":16},{"not_picked":["Realm_recovery_purpleEX+1","AdvanceAttack_purple","Extrememeaning_purpleEX+1"],"picked":"SKIP","floor":18},{"not_picked":["StateErode_purple+1","Charmbait_purple"],"picked":"MeetDecomposer_purple+1","floor":19},{"not_picked":["StateDuplicate_purple","Boundary_LightAndDark_purple","RealityDreamConfluencek_purple"],"picked":"SKIP","floor":21},{"not_picked":["SharpContractionReality_purple+1","Line_surface_state_purple","Anti_communist_purple+1"],"picked":"SKIP","floor":23},{"not_picked":["Umbrella_purple+1","Boundary_LightAndDark_purple+1"],"picked":"Human_Monster_Realm_purple","floor":24}],"player_experience":596516,"relics_obtained":[{"floor":1.0,"key":"LetterFromLob"},{"floor":7.0,"key":"Ancient Tea Set"},{"floor":19,"key":"Red Mask"},{"floor":24,"key":"Gambling Chip"},{"floor":25,"key":"Orichalcum"},{"floor":26,"key":"Turnip"}],"event_choices":[{"damage_healed":0.0,"max_hp_gain":0.0,"max_hp_loss":0.0,"gold_gain":0.0,"event_name":"yidonshenshe","player_choice":"»˚«Æ","floor":5.0,"gold_loss":40.0,"damage_taken":0.0,"relics_obtained":["PaintedHorse:ReiMu"]},{"damage_healed":0.0,"max_hp_gain":0.0,"max_hp_loss":0.0,"gold_gain":0.0,"event_name":"Upgrade Shrine","player_choice":"Upgraded","floor":8.0,"gold_loss":0.0,"damage_taken":0.0,"cards_upgraded":["WatchEChange_purple"]},{"cards_removed":["Defend_purpleEX"],"damage_healed":0.0,"max_hp_gain":0.0,"max_hp_loss":0.0,"gold_gain":0.0,"event_name":"Bonfire Elementals","player_choice":"Offered Basic","floor":12.0,"gold_loss":0.0,"damage_taken":0.0},{"damage_healed":0,"gold_gain":0,"player_choice":"Fought Bandits","damage_taken":0,"max_hp_gain":0,"max_hp_loss":0,"event_name":"Masked Bandits","floor":19,"gold_loss":0},{"damage_healed":0,"gold_gain":0,"cards_transformed":["Shallow_ocean_purpleEX","Boundary_of_Extermination_purpleEX"],"player_choice":"Became Test Subject","damage_taken":0,"max_hp_gain":0,"max_hp_loss":0,"event_name":"Drug Dealer","floor":20,"gold_loss":0,"cards_obtained":["StretchesForeverDream_purple","MeetDecomposer_purple"]},{"damage_healed":0,"gold_gain":0,"player_choice":"Ignored","damage_taken":0,"max_hp_gain":0,"max_hp_loss":0,"event_name":"Vampires","floor":22,"gold_loss":0}],"is_beta":false,"boss_relics":[{"not_picked":["Runic Pyramid","Tiny House"],"picked":"Philosopher\u0027s Stone"}],"items_purged_floors":[2],"is_endless":false,"potions_floor_spawned":[4,6,7,14,18,24],"killed_by":"Book of Stabbing","ascension_level":0}}