{"host":"hcmbbnq9kugrt4gl","time":1610288728,"event":{"mods":["AchievementEnabler","BaseMod","Minty Spire (QoL Compilation)","Permanent Neow","Quick Restart","Relic Stats","Synergy Search","slay the spire mod where everything is the same but ironclad has a cowboy hat"],"gold_per_floor":[119,129,37,52,127,162,181,197,224,224,239,253,280,26,26,127,127,144,144,144,108,108,138,138,150,150,150,178,178,188,138,138,236,236,256,256,270,270,30,58,58,86,86,141,156,184,184,200,200,200,200,200,21,56,56,56],"floor_reached":55,"playtime":3640,"items_purged":[],"score":828,"play_id":"8eaef69d-e832-470d-9ec7-dba5ea368363","local_time":"20210110152528","is_ascension_mode":false,"campfire_choices":[{"floor":10,"key":"REST"},{"data":"Infernal Blade","floor":15,"key":"SMITH"},{"data":"Metallicize","floor":24,"key":"SMITH"},{"floor":29,"key":"REST"},{"data":"Brutality","floor":32,"key":"SMITH"},{"data":"Demon Form","floor":41,"key":"SMITH"},{"floor":47,"key":"RECALL"},{"floor":49,"key":"REST"},{"data":"1","floor":52,"key":"LIFT"}],"circlet_count":0,"master_deck":["Bash","Shrug It Off","Blood for Blood","Burning Pact+1","Flex+1","Infernal Blade+1","Metallicize+1","Thunderclap","Bloodletting","Inflame","Demon Form+1","Bandage Up","Brutality+1","Havoc+1","Shockwave","Flex+1","Wild Strike","Flame Barrier+1","Exhume+1","Dropkick","Exhume+1","Fire Breathing","Shockwave+1","Uppercut","Inflame","Hemokinesis","Wild Strike","Disarm+1","Armaments+1","Infernal Blade+1","Enlightenment+1","Apotheosis+1","Intimidate+1","Rupture+1","Heavy Blade","Immolate","Dark Embrace","Feel No Pain","Jack Of All Trades+1","Double Tap+1"],"relics":["Burning Blood","Torii","Potion Belt","War Paint","Lantern","Lee\u0027s Waffle","Runic Cube","Juzu Bracelet","Pen Nib","Pocketwatch","Toxic Egg 2","Blood Vial","Pandora\u0027s Box","Champion Belt","Question Card","StoneCalendar","Girya","Oddly Smooth Stone"],"acts_visited":["Exordium","TheCity","TheBeyond","TheEnding"],"potions_floor_usage":[16,16,16,30,45,50,50,50,54,55,55],"damage_taken":[{"damage":7,"enemies":"2 Louse","floor":1,"turns":4},{"damage":3,"enemies":"Jaw Worm","floor":2,"turns":4},{"damage":0,"enemies":"Small Slimes","floor":4,"turns":4},{"damage":50,"enemies":"Gremlin Nob","floor":6,"turns":5},{"damage":7,"enemies":"Exordium Thugs","floor":7,"turns":5},{"damage":3,"enemies":"Blue Slaver","floor":8,"turns":4},{"damage":2,"enemies":"Exordium Wildlife","floor":11,"turns":5},{"damage":2,"enemies":"3 Louse","floor":12,"turns":3},{"damage":37,"enemies":"3 Sentries","floor":13,"turns":9},{"damage":18,"enemies":"Slime Boss","floor":16,"turns":8},{"damage":20,"enemies":"Shell Parasite","floor":18,"turns":5},{"damage":12,"enemies":"Book of Stabbing","floor":23,"turns":5},{"damage":5,"enemies":"Spheric Guardian","floor":25,"turns":3},{"damage":35,"enemies":"Gremlin Leader","floor":28,"turns":5},{"damage":20,"enemies":"Centurion and Healer","floor":30,"turns":2},{"damage":51,"enemies":"Collector","floor":33,"turns":6},{"damage":12,"enemies":"Orb Walker","floor":35,"turns":3},{"damage":27,"enemies":"3 Darklings","floor":37,"turns":4},{"damage":8,"enemies":"Nemesis","floor":40,"turns":5},{"damage":7,"enemies":"Giant Head","floor":42,"turns":3},{"damage":26,"enemies":"2 Orb Walkers","floor":44,"turns":2},{"damage":22,"enemies":"Sphere and 2 Shapes","floor":45,"turns":3},{"damage":16,"enemies":"Nemesis","floor":46,"turns":7},{"damage":23,"enemies":"Maw","floor":48,"turns":5},{"damage":42,"enemies":"Donu and Deca","floor":50,"turns":5},{"damage":26,"enemies":"Shield and Spear","floor":54,"turns":2},{"damage":89,"enemies":"The Heart","floor":55,"turns":6}],"seed_played":"1250541229014153288","potions_obtained":[{"floor":2,"key":"Swift Potion"},{"floor":4,"key":"SpeedPotion"},{"floor":11,"key":"LiquidMemories"},{"floor":12,"key":"SteroidPotion"},{"floor":16,"key":"Energy Potion"},{"floor":23,"key":"FairyPotion"},{"floor":25,"key":"Regen Potion"},{"floor":30,"key":"Explosive Potion"},{"floor":33,"key":"Swift Potion"},{"floor":35,"key":"BlessingOfTheForge"},{"floor":44,"key":"DistilledChaos"},{"floor":48,"key":"Weak Potion"},{"floor":54,"key":"LiquidBronze"}],"is_trial":false,"path_per_floor":["M","M","$","M","?","E","M","M","T","R","M","M","E","$","R","B",null,"M","?","?","$","?","E","R","M","T","?","E","R","M","?","R","B",null,"M","?","M","?","$","E","R","E","T","?","M","E","R","M","R","B",null,"R","$","E","B"],"character_chosen":"IRONCLAD","items_purchased":["Burning Pact","Flex","Lee\u0027s Waffle","Bandage Up","Shockwave","Apotheosis+1","Intimidate+1","Feel No Pain","Jack Of All Trades+1","AttackPotion"],"campfire_rested":3,"item_purchase_floors":[3,3,14,14,21,39,39,53,53,53],"current_hp_per_floor":[71,72,72,72,61,17,16,19,19,40,44,48,17,79,79,70,79,65,65,65,65,65,63,63,68,68,68,43,66,59,59,59,20,79,73,73,58,58,58,64,64,71,71,53,43,41,41,32,55,27,79,79,79,59,0,0],"gold":56,"neow_bonus":"ONE_RARE_RELIC","is_daily":false,"chose_seed":false,"campfire_upgraded":4,"win_rate":0.0,"timestamp":1610288728,"path_taken":["M","M","$","M","?","E","M","M","T","R","M","M","E","$","R","BOSS","M","?","?","$","?","E","R","M","T","?","E","R","M","?","R","BOSS","M","?","M","?","$","E","R","E","T","?","M","E","R","M","R","BOSS","R","$","E","BOSS"],"items_purchased_type":["Card","Card","Relic","Card","Card","Card","Card","Card","Card","Potion"],"build_version":"2020-12-22","purchased_purges":0,"victory":false,"max_hp_per_floor":[72,72,72,72,72,72,72,72,72,72,72,72,72,79,79,79,79,79,79,79,79,79,79,79,79,79,79,79,79,79,79,79,79,79,79,79,79,79,79,79,79,79,79,79,79,79,79,79,79,79,79,79,79,79,79,79],"relic_stats":{"Lee\u0027s Waffle":62,"Torii":94,"counters":[27,122],"StoneCalendar":[0],"Pen Nib":[14],"Juzu Bracelet":1,"War Paint":["Flex","Burning Pact"],"Question Card":5,"Burning Blood":148,"Blood Vial":22,"Pandora\u0027s Box":["Dropkick","Exhume","Fire Breathing","Shockwave","Uppercut","Inflame","Hemokinesis","Wild Strike","Disarm"],"Champion Belt":[21],"obtain_stats":[{"Potion Belt":6,"Girya":46,"Lantern":13,"Lee\u0027s Waffle":14,"Torii":0,"Oddly Smooth Stone":54,"StoneCalendar":44,"Pen Nib":22,"Juzu Bracelet":20,"War Paint":9,"Question Card":42,"Burning Blood":0,"Blood Vial":28,"Pandora\u0027s Box":34,"Champion Belt":40,"Toxic Egg 2":26,"Runic Cube":17,"Pocketwatch":23},{"Potion Belt":4,"Girya":23,"Lantern":9,"Lee\u0027s Waffle":9,"Torii":0,"Oddly Smooth Stone":26,"StoneCalendar":21,"Pen Nib":11,"Juzu Bracelet":11,"War Paint":6,"Question Card":20,"Burning Blood":0,"Blood Vial":14,"Pandora\u0027s Box":16,"Champion Belt":19,"Toxic Egg 2":13,"Runic Cube":10,"Pocketwatch":12},{"Potion Belt":17,"Girya":104,"Lantern":43,"Lee\u0027s Waffle":43,"Torii":0,"Oddly Smooth Stone":116,"StoneCalendar":94,"Pen Nib":56,"Juzu Bracelet":56,"War Paint":26,"Question Card":92,"Burning Blood":0,"Blood Vial":69,"Pandora\u0027s Box":77,"Champion Belt":89,"Toxic Egg 2":64,"Runic Cube":51,"Pocketwatch":61}],"Runic Cube":[141],"Pocketwatch":[30]},"card_choices":[{"not_picked":["Havoc","Warcry"],"picked":"Shrug It Off","floor":1},{"not_picked":["Twin Strike","Wild Strike"],"picked":"Blood for Blood","floor":2},{"not_picked":["Twin Strike","Sever Soul"],"picked":"Infernal Blade","floor":4},{"not_picked":["Perfected Strike","Rampage"],"picked":"Metallicize","floor":6},{"not_picked":["Searing Blow","Reckless Charge"],"picked":"Thunderclap","floor":7},{"not_picked":["Spot Weakness","Twin Strike"],"picked":"Bloodletting","floor":8},{"not_picked":["Heavy Blade","Sword Boomerang"],"picked":"Inflame","floor":11},{"not_picked":["Combust","Body Slam","Dual Wield"],"picked":"SKIP","floor":12},{"not_picked":["Sword Boomerang","Rampage"],"picked":"Demon Form","floor":13},{"not_picked":["Immolate","Impervious"],"picked":"Brutality","floor":16},{"not_picked":["True Grit","Bloodletting"],"picked":"Havoc+1","floor":18},{"not_picked":["Sever Soul","Flame Barrier"],"picked":"Flex+1","floor":23},{"not_picked":["Power Through","Clothesline"],"picked":"Wild Strike","floor":25},{"not_picked":["Second Wind+1","Wild Strike","Flex+1"],"picked":"SKIP","floor":28},{"not_picked":["Twin Strike","Pommel Strike+1"],"picked":"Flame Barrier+1","floor":30},{"not_picked":["Offering+1","Limit Break+1"],"picked":"Exhume+1","floor":33},{"not_picked":["Shrug It Off+1","Spot Weakness+1"],"picked":"Armaments+1","floor":35},{"not_picked":["Shrug It Off+1","Ghostly Armor+1"],"picked":"Infernal Blade+1","floor":37},{"not_picked":["Mind Blast","Panache"],"picked":"Enlightenment+1","floor":38},{"not_picked":["Metallicize","Sword Boomerang"],"picked":"Rupture+1","floor":40},{"not_picked":["Sever Soul+1","Iron Wave"],"picked":"Heavy Blade","floor":42},{"not_picked":["Cleave+1","Pummel+1","Dropkick"],"picked":"Immolate","floor":45},{"not_picked":["Dropkick+1","Twin Strike","Clothesline","Pommel Strike+1"],"picked":"SKIP","floor":46},{"not_picked":["Thunderclap+1","Heavy Blade","Sword Boomerang+1"],"picked":"Dark Embrace","floor":48},{"not_picked":["Shrug It Off+1","Havoc+1","Whirlwind+1"],"picked":"Double Tap+1","floor":54}],"player_experience":180825,"relics_obtained":[{"floor":6,"key":"Potion Belt"},{"floor":9,"key":"War Paint"},{"floor":13,"key":"Lantern"},{"floor":23,"key":"Pocketwatch"},{"floor":26,"key":"Toxic Egg 2"},{"floor":28,"key":"Blood Vial"},{"floor":40,"key":"Champion Belt"},{"floor":42,"key":"Question Card"},{"floor":44,"key":"StoneCalendar"},{"floor":46,"key":"Girya"},{"floor":54,"key":"Oddly Smooth Stone"}],"event_choices":[{"damage_healed":0,"gold_gain":75,"player_choice":"Gather Gold","damage_taken":11,"max_hp_gain":0,"max_hp_loss":0,"event_name":"World of Goop","floor":5,"gold_loss":0},{"damage_healed":0,"gold_gain":0,"player_choice":"Ignored","damage_taken":0,"max_hp_gain":0,"max_hp_loss":0,"event_name":"Beggar","floor":19,"gold_loss":0},{"damage_healed":0,"gold_gain":0,"player_choice":"Opened","damage_taken":0,"relics_obtained":["Juzu Bracelet"],"max_hp_gain":0,"max_hp_loss":0,"event_name":"The Mausoleum","floor":20,"gold_loss":0},{"damage_healed":0,"gold_gain":0,"player_choice":"Gave Potion","damage_taken":0,"relics_obtained":["Pen Nib"],"max_hp_gain":0,"max_hp_loss":0,"event_name":"WeMeetAgain","floor":22,"gold_loss":0},{"damage_healed":0,"gold_gain":0,"player_choice":"Ignored","damage_taken":0,"max_hp_gain":0,"max_hp_loss":0,"event_name":"Ghosts","floor":27,"gold_loss":0},{"damage_healed":0,"gold_gain":0,"player_choice":"Bet on Murderer","damage_taken":0,"max_hp_gain":0,"max_hp_loss":0,"event_name":"The Joust","floor":31,"gold_loss":50},{"damage_healed":0,"gold_gain":0,"player_choice":"Ignored","damage_taken":0,"max_hp_gain":0,"max_hp_loss":0,"event_name":"Tomb of Lord Red Mask","floor":36,"gold_loss":0},{"damage_healed":0,"gold_gain":0,"player_choice":"Memory 1","damage_taken":0,"max_hp_gain":0,"max_hp_loss":0,"event_name":"SensoryStone","floor":38,"gold_loss":0},{"damage_healed":0,"gold_gain":0,"player_choice":"Fight","damage_taken":0,"max_hp_gain":0,"max_hp_loss":0,"event_name":"Mysterious Sphere","floor":44,"gold_loss":0}],"is_beta":false,"boss_relics":[{"not_picked":["Coffee Dripper","Runic Pyramid"],"picked":"Runic Cube"},{"not_picked":["Sozu","SlaversCollar"],"picked":"Pandora\u0027s Box"}],"items_purged_floors":[],"is_endless":false,"potions_floor_spawned":[2,4,11,12,16,23,25,30,33,35,42,44,48,54],"killed_by":"The Heart","ascension_level":0}}