{"host":"e7upbuhwuqf8lf45","time":1610315232,"event":{"mods":["AchievementEnabler","BaseMod","Better Third Choice","Colored Map","Colored Powertips","GifTheSpireLib","Minty Spire (QoL Compilation)","Relic Sorter","StSLib"],"gold_per_floor":[119,119,0,18,34,34,34,6,51,68,85,32,32,32,32,130,130,149,169,189,189,208,208,220,231,254,271,271,271,271,291,291,291,291],"floor_reached":33,"playtime":1260,"items_purged":[],"score":266,"play_id":"37b25a1a-a8ea-407b-97f3-900db2f90fcb","local_time":"20210110164712","is_ascension_mode":false,"campfire_choices":[{"floor":6,"key":"RECALL"},{"data":"Armaments","floor":13,"key":"SMITH"},{"data":"Armaments","floor":15,"key":"SMITH"},{"data":"Enlightenment","floor":23,"key":"SMITH"},{"floor":30,"key":"REST"},{"floor":32,"key":"REST"}],"circlet_count":0,"master_deck":["Strike_R","Strike_R","Strike_R","Strike_R","Strike_R","Defend_R","Defend_R","Defend_R","Defend_R","Bash","Enlightenment+1","Thunderclap","Spot Weakness","Flex","Armaments+1","Armaments+1","Bludgeon","CurseOfTheBell","Flame Barrier","Anger","Metallicize","Clothesline","Spot Weakness","Inflame","Cleave+1","Limit Break"],"relics":["Burning Blood","betterThird:SlimedRelic","Strawberry","Kunai","Calling Bell","Ancient Tea Set","StrikeDummy","CaptainsWheel","betterThird:NestCultRelic"],"acts_visited":["Exordium","TheCity"],"potions_floor_usage":[20,22,27,27,27,31,33],"damage_taken":[{"damage":19,"enemies":"Small Slimes","floor":1,"turns":5},{"damage":0,"enemies":"2 Louse","floor":4,"turns":3},{"damage":1,"enemies":"Cultist","floor":5,"turns":3},{"damage":5,"enemies":"2 Fungi Beasts","floor":10,"turns":4},{"damage":15,"enemies":"Looter","floor":11,"turns":3},{"damage":42,"enemies":"Hexaghost","floor":16,"turns":12},{"damage":10,"enemies":"Spheric Guardian","floor":18,"turns":4},{"damage":6,"enemies":"Chosen","floor":19,"turns":5},{"damage":22,"enemies":"3 Cultists","floor":20,"turns":6},{"damage":0,"enemies":"Snecko","floor":22,"turns":4},{"damage":17,"enemies":"Shelled Parasite and Fungi","floor":24,"turns":8},{"damage":26,"enemies":"Centurion and Healer","floor":25,"turns":9},{"damage":43,"enemies":"Cultist and Chosen","floor":27,"turns":8},{"damage":52,"enemies":"Chosen and Byrds","floor":31,"turns":9},{"damage":91,"enemies":"Collector","floor":33,"turns":7}],"seed_played":"695307597609957385","potions_obtained":[{"floor":0,"key":"EntropicBrew"},{"floor":0,"key":"FairyPotion"},{"floor":0,"key":"Explosive Potion"},{"floor":20,"key":"AttackPotion"},{"floor":27,"key":"GamblersBrew"},{"floor":31,"key":"AttackPotion"}],"is_trial":false,"path_per_floor":["M","?","?","M","M","R","?","?","T","M","M","$","R","T","R","B",null,"M","M","M","?","M","R","M","M","T","M","?","?","R","M","R","B"],"character_chosen":"IRONCLAD","items_purchased":["Armaments"],"campfire_rested":2,"item_purchase_floors":[12],"current_hp_per_floor":[67,67,73,79,84,84,89,78,85,86,77,77,77,77,77,41,98,94,94,78,78,84,84,73,53,53,16,16,16,45,35,64,0,0],"gold":291,"neow_bonus":"THREE_SMALL_POTIONS","is_daily":false,"chose_seed":false,"campfire_upgraded":3,"win_rate":0.0,"timestamp":1610315232,"path_taken":["M","?","?","M","M","R","?","?","T","M","M","$","R","?","R","BOSS","M","?","M","?","M","R","M","M","T","M","?","?","R","M","R","BOSS"],"items_purchased_type":["Card"],"build_version":"2020-12-22","purchased_purges":0,"victory":false,"max_hp_per_floor":[80,80,86,86,86,86,91,91,98,98,98,98,98,98,98,98,98,98,98,98,98,98,98,98,98,98,98,98,98,98,98,98,98,98],"card_choices":[{"not_picked":["Sever Soul","Second Wind","Twin Strike"],"picked":"SKIP","floor":1},{"not_picked":["Iron Wave","Sword Boomerang"],"picked":"Thunderclap","floor":4},{"not_picked":["Impervious","True Grit"],"picked":"Spot Weakness","floor":5},{"not_picked":["Fire Breathing","Clash"],"picked":"Flex","floor":10},{"not_picked":["Iron Wave","Dark Embrace"],"picked":"Armaments","floor":11},{"not_picked":["Impervious","Fiend Fire"],"picked":"Bludgeon","floor":16},{"not_picked":["Armaments","Disarm"],"picked":"Flame Barrier","floor":18},{"not_picked":["Feel No Pain","Havoc"],"picked":"Anger","floor":19},{"not_picked":["Seeing Red","Havoc"],"picked":"Metallicize","floor":20},{"not_picked":["Havoc","Armaments"],"picked":"Clothesline","floor":22},{"not_picked":["Shrug It Off","Body Slam"],"picked":"Spot Weakness","floor":24},{"not_picked":["Searing Blow","Sentinel"],"picked":"Inflame","floor":25},{"not_picked":["Armaments","Shockwave"],"picked":"Cleave+1","floor":27},{"not_picked":["Havoc","Pommel Strike"],"picked":"Limit Break","floor":31}],"player_experience":309905,"relics_obtained":[{"floor":9,"key":"Strawberry"},{"floor":14,"key":"Kunai"},{"floor":17,"key":"Ancient Tea Set"},{"floor":17,"key":"StrikeDummy"},{"floor":17,"key":"CaptainsWheel"}],"event_choices":[{"damage_healed":0,"gold_gain":0,"player_choice":"Ignored","damage_taken":0,"max_hp_gain":0,"max_hp_loss":0,"event_name":"Golden Wing","floor":2,"gold_loss":0},{"damage_healed":0,"gold_gain":0,"player_choice":"RENOUNCE","damage_taken":119,"max_hp_gain":0,"max_hp_loss":0,"event_name":"betterThird:BetterSerpent","floor":3,"gold_loss":119,"cards_obtained":["Enlightenment"]},{"damage_healed":0,"gold_gain":0,"player_choice":"Donut","damage_taken":0,"max_hp_gain":5,"max_hp_loss":0,"event_name":"Big Fish","floor":7,"gold_loss":0},{"damage_healed":0,"gold_gain":0,"player_choice":"Slimed","damage_taken":11,"max_hp_gain":0,"max_hp_loss":0,"event_name":"betterThird:BetterGoop","floor":8,"gold_loss":28},{"damage_healed":0,"gold_gain":0,"player_choice":"Ignored","damage_taken":0,"max_hp_gain":0,"max_hp_loss":0,"event_name":"Cursed Tome","floor":21,"gold_loss":0},{"damage_healed":0,"gold_gain":0,"player_choice":"Madness","damage_taken":0,"relics_obtained":["betterThird:NestCultRelic"],"max_hp_gain":0,"max_hp_loss":0,"event_name":"betterThird:BetterNest","floor":28,"gold_loss":0},{"damage_healed":0,"gold_gain":0,"player_choice":"Ignored","damage_taken":0,"max_hp_gain":0,"max_hp_loss":0,"event_name":"The Mausoleum","floor":29,"gold_loss":0}],"is_beta":false,"boss_relics":[{"not_picked":["Astrolabe","Black Star"],"picked":"Calling Bell"}],"items_purged_floors":[],"is_endless":false,"potions_floor_spawned":[4,10,11,16,19,20,27,31],"killed_by":"Collector","ascension_level":0}}