{"host":"2tgyrzvaa7l04o2e","time":1610295907,"event":{"mods":["BaseMod","Highlight Path","Minty Spire (QoL Compilation)","Permanent Neow","Relic Stats"],"gold_per_floor":[109,109,184,196,215,215,215],"floor_reached":6,"playtime":153,"items_purged":[],"score":54,"play_id":"85f6bf35-f0d4-43e5-b8ca-f17c63de36ef","local_time":"20210110172507","is_ascension_mode":true,"campfire_choices":[],"circlet_count":0,"master_deck":["AscendersBane","Strike_B","Strike_B","Strike_B+1","Strike_B+1","Defend_B","Defend_B","Defend_B","Defend_B","Zap","Dualcast","Coolheaded","Coolheaded","Cold Snap"],"relics":["Cracked Core","Whetstone","Tiny Chest"],"acts_visited":["Exordium"],"potions_floor_usage":[],"damage_taken":[{"damage":7,"enemies":"2 Louse","floor":1,"turns":3},{"damage":0,"enemies":"Small Slimes","floor":4,"turns":3},{"damage":1,"enemies":"Cultist","floor":5,"turns":3},{"damage":0,"enemies":"Lagavulin","floor":6,"turns":3}],"seed_played":"-7972162002204026869","potions_obtained":[{"floor":5,"key":"SneckoOil"}],"is_trial":false,"path_per_floor":["M","?","?","M","M","E"],"character_chosen":"DEFECT","items_purchased":[],"campfire_rested":0,"item_purchase_floors":[],"current_hp_per_floor":[61,28,17,17,16,16,16],"gold":215,"neow_bonus":"RANDOM_COMMON_RELIC","is_daily":false,"chose_seed":false,"campfire_upgraded":0,"win_rate":0.0,"timestamp":1610295907,"path_taken":["M","?","?","M","M","E"],"items_purchased_type":[],"build_version":"2020-12-22","purchased_purges":0,"victory":false,"max_hp_per_floor":[75,75,75,75,75,75,75],"relic_stats":{"counters":[4,12],"Tiny Chest":0,"Whetstone":["Strike_B","Strike_B"],"obtain_stats":[{"Tiny Chest":2,"Whetstone":0,"Cracked Core":0},{"Tiny Chest":1,"Whetstone":0,"Cracked Core":0},{"Tiny Chest":3,"Whetstone":0,"Cracked Core":0}]},"card_choices":[{"not_picked":["Conserve Battery","Sweeping Beam"],"picked":"Coolheaded","floor":1},{"not_picked":["Lockon","Go for the Eyes"],"picked":"Coolheaded","floor":4},{"not_picked":["Go for the Eyes","Reprogram"],"picked":"Cold Snap","floor":5}],"player_experience":574284,"relics_obtained":[],"event_choices":[{"damage_healed":0,"gold_gain":0,"player_choice":"Success","damage_taken":33,"relics_obtained":["Tiny Chest"],"max_hp_gain":0,"max_hp_loss":0,"event_name":"Scrap Ooze","floor":2,"gold_loss":0},{"damage_healed":0,"gold_gain":75,"player_choice":"Gather Gold","damage_taken":11,"max_hp_gain":0,"max_hp_loss":0,"event_name":"World of Goop","floor":3,"gold_loss":0}],"is_beta":false,"boss_relics":[],"items_purged_floors":[],"is_endless":false,"potions_floor_spawned":[5],"killed_by":"Lagavulin","ascension_level":10}}