{"host":"k9ocgmchziz83yjl","time":1610287469,"event":{"mods":["BaseMod","Friendly Minions","KinomotoSakuraMod(木之本樱)","Marisa（F雨　魔理沙）","Minty Spire (QoL Compilation)","MostiFishMod","Quick Restart","Replay The Spire","RumiaBox-露米娅的神秘盒子","Spicy Shops","StSLib","The Cursed","The Servant 0.9.4","[IsaacMod]以撒尖塔","【功能Mod】混沌之环修复补丁"],"gold_per_floor":[115,203,203,218,236,271,290,300,327,68,68,68,78,106,106,185,185,198,198,98,110,110,138,138,167,167,167,183,793,793,90,90,1307,1307,1917,1967,193,810,1420,1420,221,857,857,1487,1507,1507,1524,1642,1642,1582,1522],"floor_reached":52,"playtime":4089,"items_purged":["Defend_B","Strike_B","Blizzard","ReplayTheSpireMod:Calculation Training","Rainbow","Streamline"],"score":2649,"play_id":"be41847f-5419-4401-b45f-49f8e4e733af","local_time":"20210110220429","is_ascension_mode":true,"campfire_choices":[{"data":"Jack Of All Trades","floor":11.0,"key":"SMITH"},{"data":"EpicFetus","floor":15.0,"key":"SMITH"},{"floor":24,"key":"REST"},{"data":"Hyperbeam","floor":27,"key":"SMITH"},{"data":"MostiFishMod:FluxCapactior","floor":30,"key":"SMITH"},{"floor":32,"key":"REST"},{"data":"Seek","floor":40,"key":"SMITH"},{"floor":49,"key":"DIG"}],"circlet_count":0,"master_deck":["AscendersBane","Zap","Dualcast","EpicFetus+1","Jack Of All Trades+1","Heatsinks","White Noise","Streamline+1","MostiFishMod:DeathFromBelow","BootSequence","Skim","Recycle","Storm+1","Storm","Gash","Gash+1","Hyperbeam+1","MostiFishMod:Overload","MostiFishMod:Overload","MostiFishMod:FluxCapactior+1","MostiFishMod:StoryBook","Seek+1","MostiFishMod:FluxCapactior","MostiFishMod:ReadyAimFire"],"relics":["FrozenCore","DaveBox","HushsDoor","EGODaCapo","Chaos","SynthV:TestCard","Emotion Chip","The Courier","Habit","Pandora\u0027s Box","Prayer Wheel","AddBug","DollysMirror","Runic Capacitor","Divine Protection","MagicDraw1","Prayer Wheel","Vampiric Spirits","BookofShadows","Torii","Regal Pillow","Boot","DianDianMeat","NightmareShop","Matryoshka","Shovel","OrangePellets","GuppysHead","Orichalcum","CaptainsWheel","Membership Card","OriginationStaff","Smiling Mask","The Courier","MomsKnife","DianDianMeat","Mercury Hourglass"],"acts_visited":["Exordium","TheCity","TheBeyond"],"potions_floor_usage":[23,42,42,51],"damage_taken":[{"damage":4.0,"enemies":"Cultist","floor":1.0,"turns":3.0},{"damage":3.0,"enemies":"Small Slimes","floor":4.0,"turns":3.0},{"damage":4.0,"enemies":"Jaw Worm","floor":5.0,"turns":4.0},{"damage":12.0,"enemies":"3 Sentries","floor":6.0,"turns":5.0},{"damage":0.0,"enemies":"Looter","floor":7.0,"turns":3.0},{"damage":11.0,"enemies":"Red Slaver","floor":8.0,"turns":3.0},{"damage":0.0,"enemies":"2 Fungi Beasts","floor":13.0,"turns":2.0},{"damage":0.0,"enemies":"Gremlin Nob","floor":14.0,"turns":4.0},{"damage":0.0,"enemies":"Fading Forest","floor":16.0,"turns":13.0},{"damage":2.0,"enemies":"Chosen","floor":18.0,"turns":5.0},{"damage":21.0,"enemies":"Spheric Guardian","floor":21.0,"turns":4.0},{"damage":11,"enemies":"Slavers","floor":23,"turns":3},{"damage":0,"enemies":"Gremlin Leader","floor":25,"turns":5},{"damage":0,"enemies":"Centurion and Healer","floor":28,"turns":4},{"damage":21,"enemies":"Sentry and Sphere","floor":29,"turns":4},{"damage":0,"enemies":"Collector","floor":33,"turns":4},{"damage":0,"enemies":"3 Shapes","floor":35,"turns":3},{"damage":0,"enemies":"2 Orb Walkers","floor":36,"turns":3},{"damage":0,"enemies":"Orb Walker","floor":38,"turns":1},{"damage":0,"enemies":"3 Darklings","floor":39,"turns":1},{"damage":0,"enemies":"Nemesis","floor":42,"turns":3},{"damage":0,"enemies":"Giant Head","floor":44,"turns":2},{"damage":0,"enemies":"4 Shapes","floor":45,"turns":2},{"damage":0,"enemies":"Spire Growth","floor":47,"turns":4},{"damage":0,"enemies":"Transient","floor":48,"turns":3},{"damage":0,"enemies":"Awakened One","floor":50,"turns":3},{"damage":0,"enemies":"Time Eater","floor":51,"turns":6}],"seed_played":"-5071031150342042301","potions_obtained":[{"floor":7.0,"key":"Milkshake"},{"floor":8.0,"key":"SkillPotion"},{"floor":14.0,"key":"Explosive Potion"},{"floor":18.0,"key":"FocusPotion"},{"floor":25,"key":"Dexterity Potion"},{"floor":29,"key":"PowerPotion"},{"floor":35,"key":"PowerPotion"},{"floor":42,"key":"FocusPotion"},{"floor":44,"key":"SpeedPotion"},{"floor":46,"key":"Block Potion"}],"is_trial":false,"path_per_floor":["M","?","$","M","M","E","M","M","T","$","R","$","M","E","R","B",null,"M","?","$","M","$","E","R","E","T","R","M","M","R","$","R","B",null,"M","?","$","M","M","R","$","E","T","E","M","?","M","M","R","B","B",null],"character_chosen":"DEFECT","items_purchased":["Habit","Streamline+1","MostiFishMod:StoryBook","Divine Protection","MagicDraw1","Torii","Regal Pillow","Boot","DianDianMeat","NightmareShop","Matryoshka","Shovel","OrangePellets","GuppysHead","Orichalcum","CaptainsWheel"],"campfire_rested":2,"item_purchase_floors":[10,10,31,31,31,37,37,37,37,37,37,41,41,41,41,41],"current_hp_per_floor":[60,45,45,42,38,26,26,15,15,15,15,15,19,19,19,53,67,65,45,45,24,24,13,35,35,35,35,35,14,14,14,36,36,66,66,72,72,72,76,76,76,76,76,76,76,76,78,78,78,78,78],"gold":1522,"neow_bonus":"RANDOM_COLORLESS","is_daily":false,"chose_seed":false,"campfire_upgraded":5,"win_rate":0.0,"timestamp":1610287469,"path_taken":["M","?","$","M","M","E","?","M","T","?","R","$","M","E","R","BOSS","M","?","?","M","$","E","R","E","T","R","M","M","R","$","R","BOSS","M","?","$","M","?","R","$","E","T","E","M","?","M","M","R","BOSS","BOSS"],"items_purchased_type":["Relic","Card","Card","Relic","Relic","Relic","Relic","Relic","Relic","Relic","Relic","Relic","Relic","Relic","Relic","Relic"],"build_version":"2020-12-22","purchased_purges":6,"victory":true,"max_hp_per_floor":[71,71,71,71,71,71,71,71,71,71,71,71,71,71,71,71,71,71,76,76,76,76,76,76,76,76,76,76,76,76,76,76,76,76,76,76,76,76,76,76,76,76,76,76,76,76,78,78,78,78,78],"card_choices":[{"not_picked":[],"picked":"EpicFetus","floor":0.0},{"not_picked":["ReplayTheSpireMod:Trickstab","Specialist"],"picked":"Jack Of All Trades","floor":0.0},{"not_picked":["Redo","Static Discharge","Glacier"],"picked":"SKIP","floor":1.0},{"not_picked":["MostiFishMod:PushDownKick","Static Discharge","Rip and Tear","Darkness"],"picked":"Heatsinks","floor":4.0},{"not_picked":["Rebound","Hologram","Turbo","Reprogram","Conserve Battery"],"picked":"SKIP","floor":5.0},{"not_picked":["Coolheaded","Ball Lightning","Streamline","Conserve Battery"],"picked":"White Noise","floor":6.0},{"not_picked":["Hologram","Defragment","Cancel","Capacitor","Streamline"],"picked":"SKIP","floor":7.0},{"not_picked":["Static Discharge","Rebound","Leap","Fusion"],"picked":"Streamline","floor":8.0},{"not_picked":["Conserve Battery","ElectricPowerLearning","Pulse","Leap","Tempest"],"picked":"SKIP","floor":13.0},{"not_picked":["Leap","FTL","BasicCrystalCard","White Noise"],"picked":"MostiFishMod:DeathFromBelow","floor":14.0},{"not_picked":["Thunder Strike","MostiFishMod:DawningShadow","Multi-Cast","Electrodynamics"],"picked":"ReplayTheSpireMod:Fabricate Wheel","floor":16.0},{"not_picked":["Lockon","BasicCrystalCard","Go for the Eyes","Distribution"],"picked":"Storm+1","floor":18.0},{"not_picked":["Doom and Gloom","Heatsinks","Lockon","FIFO Queue"],"picked":"Storm","floor":18.0},{"not_picked":["Recycle","Defragment","Darkness+1","Turbo"],"picked":"Gash","floor":21.0},{"not_picked":["Steam","ReplaySort","Pulse","Ball Lightning"],"picked":"Gash+1","floor":21.0},{"not_picked":["Leap","Steam Power","Cold Snap","Hologram+1"],"picked":"Hyperbeam","floor":23},{"not_picked":["Go for the Eyes","Coolheaded","Steam","Steam Power"],"picked":"MostiFishMod:Overload","floor":25},{"not_picked":["Compile Driver","Hologram","Go for the Eyes","Time Bomb"],"picked":"MostiFishMod:FluxCapactior","floor":28},{"not_picked":["Storm","Stack+1","Panic Button","Coolheaded","MostiFishMod:PushDownKick"],"picked":"SKIP","floor":28},{"not_picked":["Turbo","Static Discharge","Conserve Battery","MostiFishMod:PushDownKick","Defragment"],"picked":"SKIP","floor":29},{"not_picked":["Conserve Battery","Beam Cell","Cold Snap","Hologram","Undo"],"picked":"SKIP","floor":29},{"not_picked":["Amplify","Core Surge","ReplayTheSpireMod:Fabricate Wheel","MostiFishMod:Exploitation"],"picked":"Seek","floor":33},{"not_picked":["Cold Snap","Sweeping Beam","Steam Power","Leap+1","Hologram"],"picked":"SKIP","floor":35},{"not_picked":["Skim","Compile Driver","ReplayTheSpireMod:Repulse","Panic Button+1","Steam Power"],"picked":"SKIP","floor":35},{"not_picked":["Fusion","Self Repair","Glacier","MostiFishMod:LinkProtocol","Gash"],"picked":"SKIP","floor":35},{"not_picked":["Capacitor","BasicCrystalCard","ReplayTheSpireMod:Repulse","Hologram"],"picked":"MostiFishMod:FluxCapactior","floor":36},{"not_picked":["Steam","Compile Driver","ReplayTheSpireMod:System Scan","Barrage+1","Darkness+1"],"picked":"SKIP","floor":38},{"not_picked":["Panic Button","Melter","Defragment","Cold Snap+1","Conserve Battery+1"],"picked":"SKIP","floor":38},{"not_picked":["Sweeping Beam","Reinforced Body","Turbo","Meteor Strike","Coolheaded"],"picked":"SKIP","floor":38},{"not_picked":["Leap","Static Discharge+1","Lockon","BootSequence","Scrape"],"picked":"SKIP","floor":39},{"not_picked":["Double Energy+1","Defragment","Coolheaded+1","ReplayTheSpireMod:System Scan","Storm"],"picked":"SKIP","floor":39},{"not_picked":["Hologram","Stack","Self Repair","Coolheaded","BasicCrystalCard+1"],"picked":"SKIP","floor":39},{"not_picked":["Barrage","Pulse","MostiFishMod:Distribution","BasicCrystalCard","Turbo+1"],"picked":"SKIP","floor":42},{"not_picked":["Fan","Conserve Battery","FTL","Multi-Cast","Beam Cell"],"picked":"SKIP","floor":44},{"not_picked":["ReplayTheSpireMod:Reroute Power","Sweeping Beam","MostiFishMod:PushDownKick","Ball Lightning","Pulse+1"],"picked":"SKIP","floor":45},{"not_picked":["Compile Driver+1","Hologram","Redo","Cold Snap","Steam"],"picked":"SKIP","floor":45},{"not_picked":["Redo+1","Reprogram","Coolheaded","Steam","Stack"],"picked":"SKIP","floor":45},{"not_picked":["Turbo","BootSequence","Beam Cell+1","Heatsinks"],"picked":"MostiFishMod:ReadyAimFire","floor":47},{"not_picked":["Hello World+1","Streamline","Barrage","Recycle","Beam Cell"],"picked":"SKIP","floor":47},{"not_picked":["Consume+1","Barrage","Rip and Tear","Redo","Conserve Battery"],"picked":"SKIP","floor":47},{"not_picked":["Reprogram","Stack","Beam Cell","Go for the Eyes","Streamline"],"picked":"SKIP","floor":48},{"not_picked":["Undo","Streamline","ReplaySort","Reboot","Reinforced Body"],"picked":"SKIP","floor":48},{"not_picked":["Static Discharge+1","Hologram","Force Field+1","Stack","Sweeping Beam+1"],"picked":"SKIP","floor":48}],"player_experience":795325,"relics_obtained":[{"floor":1.0,"key":"SynthV:TestCard"},{"floor":6.0,"key":"Emotion Chip"},{"floor":9.0,"key":"The Courier"},{"floor":14.0,"key":"Pandora\u0027s Box"},{"floor":23,"key":"AddBug"},{"floor":25,"key":"HushsDoor"},{"floor":25,"key":"DollysMirror"},{"floor":26,"key":"Runic Capacitor"},{"floor":33,"key":"Prayer Wheel"},{"floor":36,"key":"BookofShadows"},{"floor":42,"key":"Membership Card"},{"floor":43,"key":"OriginationStaff"},{"floor":43,"key":"Smiling Mask"},{"floor":44,"key":"The Courier"},{"floor":44,"key":"MomsKnife"},{"floor":47,"key":"DianDianMeat"},{"floor":49,"key":"Mercury Hourglass"}],"event_choices":[{"damage_healed":0.0,"max_hp_gain":5.0,"max_hp_loss":0.0,"gold_gain":0.0,"event_name":"Forgotten Altar","player_choice":"Shed Blood","floor":19.0,"gold_loss":0.0,"damage_taken":25.0},{"damage_healed":0,"gold_gain":0,"player_choice":"Fight","damage_taken":0,"max_hp_gain":0,"max_hp_loss":0,"event_name":"Mysterious Sphere","floor":36,"gold_loss":0},{"damage_healed":0,"gold_gain":0,"player_choice":"Got Potions","damage_taken":0,"max_hp_gain":0,"max_hp_loss":0,"event_name":"Lab","floor":46,"gold_loss":0}],"is_beta":false,"boss_relics":[{"not_picked":["Ccalipers","Dream Catcher"],"picked":"FrozenCore"},{"not_picked":[]},{"not_picked":["Coffee Dripper","Pet Ghost"],"picked":"Vampiric Spirits"},{"not_picked":[]}],"items_purged_floors":[10,10,20,31,37,41],"is_endless":false,"potions_floor_spawned":[7,8,13,14,18,25,29,35,38,42,44,45],"ascension_level":20}}