{"host":"g8a0qo0vjtg6u5wv","time":1610244989,"event":{"mods":["BaseMod","Colored Map","Custom Start","KOR Keyword Fix","Minty Spire (QoL Compilation)","StSLib","SuperFastMode"],"gold_per_floor":[117,128,53,53,72,98,98,130,130,130,143,243,46,63,63,164,164,178,191,206,106,106,106,117,147,147,147],"floor_reached":26,"playtime":794,"items_purged":["Strike_P","Defend_P","Strike_P"],"score":286,"play_id":"110fcb80-bf0c-4762-84c5-9a3bb8449b1d","local_time":"20210110111629","is_ascension_mode":true,"campfire_choices":[{"data":"Eruption","floor":7.0,"key":"SMITH"},{"floor":10.0,"key":"REST"},{"data":"TalkToTheHand","floor":15.0,"key":"SMITH"},{"data":"SashWhip","floor":23.0,"key":"SMITH"}],"circlet_count":0,"master_deck":["Strike_P","Strike_P","Defend_P","Eruption+1","Vigilance","DeceiveReality","SashWhip+1","PathToVictory","TalkToTheHand+1","Evaluate","EmptyFist","FollowUp","EmptyBody","SpiritShield","Crescendo+1","FearNoEvil","Adaptation"],"relics":["PureWater","Matryoshka","Pantograph","The Courier","PreservedInsect","Strawberry","Sozu","Peace Pipe","Gambling Chip","Regal Pillow"],"acts_visited":["Exordium","TheCity"],"potions_floor_usage":[25],"damage_taken":[{"damage":0.0,"enemies":"Cultist","floor":1.0,"turns":2.0},{"damage":0.0,"enemies":"Jaw Worm","floor":2.0,"turns":4.0},{"damage":2.0,"enemies":"Small Slimes","floor":5.0,"turns":2.0},{"damage":8.0,"enemies":"Gremlin Nob","floor":6.0,"turns":3.0},{"damage":46.0,"enemies":"3 Sentries","floor":8.0,"turns":7.0},{"damage":13.0,"enemies":"Blue Slaver","floor":11.0,"turns":2.0},{"damage":2.0,"enemies":"2 Fungi Beasts","floor":14.0,"turns":2.0},{"damage":14.0,"enemies":"The Guardian","floor":16.0,"turns":13.0},{"damage":8.0,"enemies":"Chosen","floor":18.0,"turns":7.0},{"damage":14.0,"enemies":"3 Byrds","floor":19.0,"turns":8.0},{"damage":10.0,"enemies":"Centurion and Healer","floor":20.0,"turns":5.0},{"damage":21.0,"enemies":"Sentry and Sphere","floor":24.0,"turns":6.0},{"damage":15,"enemies":"Gremlin Leader","floor":25,"turns":6}],"seed_played":"1098881756754860084","potions_obtained":[{"floor":2.0,"key":"CultistPotion"},{"floor":11.0,"key":"Dexterity Potion"},{"floor":14.0,"key":"Regen Potion"},{"floor":16.0,"key":"SpeedPotion"}],"is_trial":false,"path_per_floor":["M","M","$","?","M","E","R","E","T","R","M","?","$","M","R","B",null,"M","M","M","$","?","R","M","E","T"],"character_chosen":"WATCHER","items_purchased":["Strawberry"],"campfire_rested":1,"item_purchase_floors":[13],"current_hp_per_floor":[72,72,72,72,70,62,62,16,16,37,24,24,31,29,29,55,79,71,57,47,47,47,47,26,11,11,11],"gold":147,"neow_bonus":"TRANSFORM_CARD","is_daily":false,"chose_seed":false,"campfire_upgraded":3,"win_rate":0.0,"timestamp":1610244989,"path_taken":["M","M","?","?","?","E","R","E","T","R","M","?","$","M","R","BOSS","M","M","?","$","?","R","M","E","T"],"items_purchased_type":["Relic"],"build_version":"2020-12-22","purchased_purges":3,"victory":false,"max_hp_per_floor":[72,72,72,72,72,72,72,72,72,72,72,72,79,79,79,79,79,79,79,79,79,79,79,79,79,79,79],"card_choices":[{"not_picked":["Protect","FlyingSleeves"],"picked":"SashWhip","floor":1.0},{"not_picked":["CutThroughFate","ThirdEye"],"picked":"PathToVictory","floor":2.0},{"not_picked":["Wireheading","JustLucky"],"picked":"TalkToTheHand","floor":5.0},{"not_picked":["ThirdEye","Worship"],"picked":"Evaluate","floor":6.0},{"not_picked":["JustLucky","EmptyMind"],"picked":"EmptyFist","floor":8.0},{"not_picked":["Study","EmptyMind"],"picked":"FollowUp","floor":11.0},{"not_picked":["SashWhip","CrushJoints"],"picked":"EmptyBody","floor":14.0},{"not_picked":["MasterReality","Establishment"],"picked":"SpiritShield","floor":16.0},{"not_picked":["Protect","Prostrate","WindmillStrike"],"picked":"SKIP","floor":18.0},{"not_picked":["SashWhip","Blasphemy"],"picked":"Crescendo+1","floor":19.0},{"not_picked":["Wireheading","Crescendo","SashWhip"],"picked":"SKIP","floor":20.0},{"not_picked":["Study","ForeignInfluence"],"picked":"FearNoEvil","floor":24.0},{"not_picked":["Weave","WreathOfFlame"],"picked":"Adaptation","floor":25}],"player_experience":559195,"relics_obtained":[{"floor":6.0,"key":"Matryoshka"},{"floor":8.0,"key":"Pantograph"},{"floor":9.0,"key":"The Courier"},{"floor":9.0,"key":"PreservedInsect"},{"floor":25,"key":"Peace Pipe"},{"floor":26,"key":"Gambling Chip"},{"floor":26,"key":"Regal Pillow"}],"event_choices":[{"cards_removed":["Defend_P"],"damage_healed":0.0,"max_hp_gain":0.0,"max_hp_loss":0.0,"gold_gain":0.0,"event_name":"Bonfire Elementals","player_choice":"Offered Basic","floor":4.0,"gold_loss":0.0,"damage_taken":0.0},{"damage_healed":0.0,"max_hp_gain":0.0,"max_hp_loss":0.0,"gold_gain":100.0,"event_name":"Wheel of Change","player_choice":"Gold","floor":12.0,"gold_loss":0.0,"damage_taken":0.0},{"damage_healed":0.0,"max_hp_gain":0.0,"max_hp_loss":0.0,"gold_gain":0.0,"event_name":"Cursed Tome","player_choice":"Ignored","floor":22.0,"gold_loss":0.0,"damage_taken":0.0}],"is_beta":false,"boss_relics":[{"not_picked":["SlaversCollar","Tiny House"],"picked":"Sozu"}],"items_purged_floors":[3,13,21],"is_endless":false,"potions_floor_spawned":[2,11,14,16,24,25],"ascension_level":4}}