{"host":"6qo42zgaknezulyg","time":1610265242,"event":{"mods":["2.2 Compatiblity","BaseMod","Downfall","Keyboard Shortcuts","Minty Spire (QoL Compilation)","Permanent Neow","Quick Restart","StSLib","SuperFastMode"],"gold_per_floor":[349,359,379,379,211,230,230,245,257,257,285,301,301,336,355,455,455,380,397,415,68,68,100,100,112,112,131,143,143,143,143,161,257,257,257,257,257,257],"floor_reached":36,"playtime":1515,"items_purged":["hexamod:Strike"],"score":386,"play_id":"f432f13b-e183-4577-8228-63fb867ad905","local_time":"20210110165402","is_ascension_mode":false,"campfire_choices":[{"data":"hexamod:Sear","floor":1.0,"key":"SMITH"},{"floor":10.0,"key":"REST"},{"floor":13.0,"key":"REST"},{"data":"hexamod:EmpoweringStance","floor":18.0,"key":"SMITH"},{"floor":26.0,"key":"REST"},{"floor":30.0,"key":"REST"},{"floor":35.0,"key":"RECALL"}],"circlet_count":0,"master_deck":["hexamod:Defend","hexamod:Defend+1","hexamod:Defend","hexamod:Sear+1","hexamod:Float","hexamod:FlamesFromBeyond","hexamod:GhostflameBarrier+1","hexamod:GhostflameBarrier","hexamod:Incineration","hexamod:SuperheatedStrike","hexamod:ThirdSeal","hexamod:ThirdSeal","hexamod:Hexaguard","hexamod:PhantomCloak","hexamod:Toasty","hexamod:EmpoweringStance+1","hexamod:HeatMetal+1","hexamod:FlamesFromBeyond+1","hexamod:CrushingStance+1","hexamod:TimeOfNeed","hexamod:HeatCrush","hexamod:HeatShield","hexamod:GhostOfSpirePast","hexamod:Hexaguard+1","hexamod:Hexaguard+1","hexamod:ApocalypticArmor","hexamod:SixthSeal","hexamod:SearingWound","CurseOfTheBell"],"relics":["hexamod:SpiritBrand","Du-Vu Doll","Kunai","Odd Mushroom","Blue Candle","Astrolabe","downfall:HeartBlessingGreen","Sundial","hexamod:MatchstickCase","Darkstone Periapt","MutagenicStrength","Calling Bell","War Paint","hexamod:CandleOfCauterizing","Guardian:GemstoneGun"],"acts_visited":["Exordium","TheCity","TheBeyond"],"potions_floor_usage":[],"damage_taken":[{"damage":5.0,"enemies":"2 Louse","floor":2.0,"turns":3.0},{"damage":1.0,"enemies":"Jaw Worm","floor":3.0,"turns":3.0},{"damage":0.0,"enemies":"downfall:FleeingMerchant","floor":5.0,"turns":4.0},{"damage":0.0,"enemies":"Small Slimes","floor":6.0,"turns":4.0},{"damage":0.0,"enemies":"Blue Slaver","floor":8.0,"turns":3.0},{"damage":19.0,"enemies":"Gremlin Gang","floor":9.0,"turns":4.0},{"damage":4.0,"enemies":"The Mushroom Lair","floor":11.0,"turns":4.0},{"damage":14.0,"enemies":"Exordium Thugs","floor":12.0,"turns":4.0},{"damage":16.0,"enemies":"Lagavulin","floor":14.0,"turns":9.0},{"damage":4.0,"enemies":"2 Fungi Beasts","floor":15.0,"turns":4.0},{"damage":18.0,"enemies":"downfall:Watcher","floor":16.0,"turns":10.0},{"damage":7.0,"enemies":"Shell Parasite","floor":19.0,"turns":4.0},{"damage":5.0,"enemies":"Spheric Guardian","floor":20.0,"turns":4.0},{"damage":5.0,"enemies":"downfall:FleeingMerchant","floor":21.0,"turns":4.0},{"damage":29.0,"enemies":"Slavers","floor":23.0,"turns":7.0},{"damage":2.0,"enemies":"Centurion and Healer","floor":25.0,"turns":5.0},{"damage":17.0,"enemies":"Sentry and Sphere","floor":27.0,"turns":6.0},{"damage":19.0,"enemies":"Chosen and Byrds","floor":28.0,"turns":6.0},{"damage":2.0,"enemies":"3 Cultists","floor":32.0,"turns":4.0},{"damage":10.0,"enemies":"downfall:Defect","floor":33.0,"turns":8.0},{"damage":0,"enemies":"3 Shapes","floor":36,"turns":1}],"seed_played":"-2881669071551836912","potions_obtained":[{"floor":2.0,"key":"DistilledChaos"},{"floor":8.0,"key":"BlessingOfTheForge"},{"floor":11.0,"key":"LiquidBronze"},{"floor":28.0,"key":"ColorlessPotion"},{"floor":32.0,"key":"Energy Potion"}],"is_trial":false,"path_per_floor":["R","M","M","?","$","M","T","M","M","R","?","M","R","E","M","B",null,"R","M","M","$","?","E","T","M","R","M","M","?","R","?","M","B",null,"R","M"],"character_chosen":"THE_SPIRIT","items_purchased":["hexamod:Incineration","Sundial","hexamod:HeatCrush"],"campfire_rested":4,"item_purchase_floors":[5,21,21],"current_hp_per_floor":[49,44,43,36,36,36,36,36,17,38,34,20,41,25,21,3,70,70,63,58,53,53,24,24,22,43,26,7,7,28,28,26,16,76,76,76,76,76],"gold":257,"neow_bonus":"TWO_FIFTY_GOLD","is_daily":false,"chose_seed":false,"campfire_upgraded":2,"win_rate":0.0,"timestamp":1610265242,"path_taken":["R","M","M","?","$","M","T","M","M","R","?","M","R","E","M","BOSS","R","M","M","$","?","E","T","M","R","M","M","?","R","?","M","BOSS","R","?"],"items_purchased_type":["Card","Relic","Card"],"build_version":"2020-12-22","purchased_purges":1,"victory":false,"max_hp_per_floor":[70,70,70,70,70,70,70,70,70,70,70,70,70,70,70,70,70,70,70,70,70,70,70,70,70,70,70,70,70,70,70,70,70,76,76,76,76,76],"card_choices":[{"not_picked":["hexamod:RecurringNightmare","hexamod:ShieldOfDarkness"],"picked":"hexamod:FlamesFromBeyond","floor":2.0},{"not_picked":["hexamod:HauntingEcho","hexamod:NightmareGuise"],"picked":"hexamod:GhostflameBarrier","floor":3.0},{"not_picked":["hexamod:BurningTouch","hexamod:Firestarter"],"picked":"hexamod:GhostflameBarrier","floor":5.0},{"not_picked":["hexamod:NightmareStrike","hexamod:DynamicBlow"],"picked":"hexamod:SuperheatedStrike","floor":6.0},{"not_picked":["hexamod:AdvancingGuard","hexamod:ShieldOfDarkness"],"picked":"hexamod:ThirdSeal","floor":8.0},{"not_picked":["hexamod:FastForward","hexamod:AdvancingGuard","hexamod:BurningTouch"],"picked":"SKIP","floor":9.0},{"not_picked":["hexamod:HauntingEcho","hexamod:SpectersWail"],"picked":"hexamod:ThirdSeal","floor":11.0},{"not_picked":["hexamod:Firestarter","hexamod:ShieldOfDarkness","hexamod:Again"],"picked":"SKIP","floor":12.0},{"not_picked":["hexamod:UnleashSpirits","hexamod:GhostLash","hexamod:InspiringFlames"],"picked":"SKIP","floor":14.0},{"not_picked":["hexamod:FlamesFromBeyond","hexamod:RainOfEmbers","hexamod:SpectersWail"],"picked":"SKIP","floor":14.0},{"not_picked":["hexamod:GhostflameBarrier","hexamod:SpectralSpark","hexamod:ThermalTransfer"],"picked":"SKIP","floor":14.0},{"not_picked":["hexamod:BurningTouch","hexamod:NightmareGuise"],"picked":"hexamod:Hexaguard","floor":15.0},{"not_picked":["hexamod:ThirdSeal","hexamod:DynamicBlow"],"picked":"hexamod:PhantomCloak","floor":15.0},{"not_picked":["hexamod:HauntingEcho","hexamod:FastForward","hexamod:GhostLash"],"picked":"SKIP","floor":15.0},{"not_picked":["hexamod:TimeOfNeed","hexamod:UnleashSpirits"],"picked":"hexamod:Toasty","floor":16.0},{"not_picked":["hexamod:HexaLevel","hexamod:Toasty"],"picked":"hexamod:EmpoweringStance","floor":16.0},{"not_picked":["hexamod:GhostLash+1","hexamod:BacktrackSmack","hexamod:Firestarter+1"],"picked":"SKIP","floor":19.0},{"not_picked":["hexamod:FastForward","hexamod:PhantomFireball+1","hexamod:BurningTouch"],"picked":"SKIP","floor":19.0},{"not_picked":["hexamod:GhostShield+1","hexamod:NightmareStrike","hexamod:NightmareGuise"],"picked":"SKIP","floor":19.0},{"not_picked":["hexamod:BurningTouch","hexamod:FastForward","hexamod:Incineration"],"picked":"SKIP","floor":20.0},{"not_picked":["hexamod:SpectersWail","hexamod:StepThrough+1","hexamod:GhostOfSpireFuture"],"picked":"SKIP","floor":20.0},{"not_picked":["hexamod:BacktrackSmack+1","hexamod:FastForward","hexamod:InspiringFlames"],"picked":"SKIP","floor":20.0},{"not_picked":["hexamod:HauntingEcho","hexamod:SpectralAdrenaline"],"picked":"hexamod:TimeOfNeed","floor":21.0},{"not_picked":["hexamod:BacktrackSmack","hexamod:ChargedBarrage+1","hexamod:BurningTouch"],"picked":"SKIP","floor":21.0},{"not_picked":["hexamod:ThirdSeal","hexamod:FlamesFromBeyond+1","hexamod:GhostOfSpirePresent"],"picked":"SKIP","floor":23.0},{"not_picked":["hexamod:ThirdSeal","hexamod:FlamesFromBeyond+1","hexamod:GhostOfSpirePresent"],"picked":"SKIP","floor":23.0},{"not_picked":["hexamod:InspiringFlames+1","hexamod:ShieldOfDarkness"],"picked":"hexamod:HeatShield","floor":25.0},{"not_picked":["hexamod:BurningTouch","hexamod:NightmareGuise+1"],"picked":"hexamod:GhostOfSpirePast","floor":25.0},{"not_picked":["hexamod:InspiringFlames","hexamod:BurningTouch","hexamod:GhostLash"],"picked":"SKIP","floor":25.0},{"not_picked":["hexamod:FourthSeal","hexamod:InspiringFlames+1","hexamod:AdvancingGuard"],"picked":"SKIP","floor":27.0},{"not_picked":["hexamod:GhostShield","hexamod:FourthSeal","hexamod:SwordOfDarkness"],"picked":"SKIP","floor":27.0},{"not_picked":["hexamod:Hexaguard","hexamod:GhostShield","hexamod:GhostOfSpirePresent"],"picked":"SKIP","floor":27.0},{"not_picked":["hexamod:GhostLash+1","hexamod:BacktrackSmack","hexamod:HeatCrush"],"picked":"SKIP","floor":28.0},{"not_picked":["hexamod:SecondSeal","hexamod:NecessarySacrifice+1"],"picked":"hexamod:Hexaguard+1","floor":32.0},{"not_picked":["hexamod:SpectersWail+1","hexamod:GhostLash"],"picked":"hexamod:Hexaguard+1","floor":32.0},{"not_picked":["hexamod:SecondSeal","hexamod:NightmareGuise","hexamod:ExtraCrispy"],"picked":"SKIP","floor":32.0},{"not_picked":["hexamod:TimeOfNeed","hexamod:SearingWound"],"picked":"hexamod:ApocalypticArmor","floor":33.0},{"not_picked":["hexamod:ApocalypseNow","hexamod:TimeWarp"],"picked":"hexamod:SixthSeal","floor":33.0},{"not_picked":["hexamod:EmpoweringStance","hexamod:TimeOfNeed"],"picked":"hexamod:SearingWound","floor":33.0}],"player_experience":1108705,"relics_obtained":[{"floor":7.0,"key":"Kunai"},{"floor":11.0,"key":"Odd Mushroom"},{"floor":14.0,"key":"Blue Candle"},{"floor":23.0,"key":"hexamod:MatchstickCase"},{"floor":24.0,"key":"Darkstone Periapt"},{"floor":34.0,"key":"War Paint"},{"floor":34.0,"key":"hexamod:CandleOfCauterizing"},{"floor":34.0,"key":"Guardian:GemstoneGun"}],"event_choices":[{"damage_healed":0.0,"max_hp_gain":0.0,"max_hp_loss":0.0,"gold_gain":0.0,"event_name":"Scrap Ooze","player_choice":"Success","floor":4.0,"gold_loss":0.0,"damage_taken":7.0,"relics_obtained":["Du-Vu Doll"]},{"damage_healed":0.0,"max_hp_gain":0.0,"max_hp_loss":0.0,"gold_gain":0.0,"event_name":"Mushrooms","player_choice":"Fought Mushrooms","floor":11.0,"gold_loss":0.0,"damage_taken":0.0},{"cards_removed":["hexamod:Defend"],"damage_healed":0.0,"max_hp_gain":0.0,"max_hp_loss":0.0,"gold_gain":0.0,"event_name":"Back to Basics","player_choice":"Elegance","floor":22.0,"gold_loss":0.0,"damage_taken":0.0},{"damage_healed":0.0,"max_hp_gain":0.0,"max_hp_loss":0.0,"gold_gain":0.0,"event_name":"Drug Dealer","player_choice":"Inject Mutagens","floor":29.0,"gold_loss":0.0,"damage_taken":0.0,"relics_obtained":["MutagenicStrength"]}],"is_beta":false,"boss_relics":[{"not_picked":["Pandora\u0027s Box","Runic Pyramid"],"picked":"Astrolabe"},{"not_picked":["Coffee Dripper","SacredBark"],"picked":"Calling Bell"}],"items_purged_floors":[5],"is_endless":false,"potions_floor_spawned":[2,8,11,15,16,28,32],"killed_by":"3 Shapes","ascension_level":0}}