{"host":"jyuuog6ydc2s7nd8","time":1610258229,"event":{"mods":["BaseMod","Better Vampires","Minty Spire (QoL Compilation)","Shop Mod","StSLib","The Hierophant","The Servant 0.9.4","TheBandit","[IsaacMod]ÒÔÈö¼âËþ"],"gold_per_floor":[111,111,126,226,237,237,267,267,267,278,294,294,294,294,294,370,370,370,370],"floor_reached":18,"playtime":343,"items_purged":["Strike_R"],"score":520,"play_id":"1baf4455-f169-42c8-a435-5beebb6d2216","local_time":"20210110135709","is_ascension_mode":true,"campfire_choices":[{"data":"EpicFetus","floor":6.0,"key":"SMITH"},{"data":"Immolate","floor":8.0,"key":"SMITH"},{"data":"Bash","floor":12.0,"key":"SMITH"},{"data":"Burning Pact","floor":15,"key":"SMITH"}],"circlet_count":0,"master_deck":["AscendersBane","Strike_R","Strike_R","Strike_R","Strike_R","Defend_R","Defend_R","Defend_R","Defend_R","Bash+1","Bomb","EpicFetus+1","Burning Pact+1","Immolate+1","Bloodletting","True Grit+1","Fiend Fire","Barricade"],"relics":["HushsDoor","SlaversCollar","HowToJump","Pantograph","Coffee Dripper","GuppysCollar","BelialBook"],"acts_visited":["Exordium","TheCity"],"potions_floor_usage":[],"damage_taken":[{"damage":0.0,"enemies":"Small Slimes","floor":1.0,"turns":4.0},{"damage":12.0,"enemies":"Cultist","floor":3.0,"turns":4.0},{"damage":10.0,"enemies":"2 Louse","floor":5.0,"turns":2.0},{"damage":27.0,"enemies":"Lagavulin","floor":7.0,"turns":6.0},{"damage":0.0,"enemies":"Lots of Slimes","floor":10.0,"turns":1.0},{"damage":0.0,"enemies":"Gremlin Gang","floor":11.0,"turns":3.0},{"damage":38,"enemies":"Slime Boss","floor":16,"turns":5},{"damage":42,"enemies":"Chosen","floor":18,"turns":5}],"seed_played":"7573448174758279404","potions_obtained":[{"floor":1.0,"key":"AttackPotion"},{"floor":2.0,"key":"Energy Potion"}],"is_trial":false,"path_per_floor":["M","?","M","?","M","R","E","R","T","M","M","R","?","?","R","B",null,"M"],"character_chosen":"IRONCLAD","items_purchased":["GuppysCollar","BelialBook","Barricade"],"campfire_rested":0,"item_purchase_floors":[17,17,17],"current_hp_per_floor":[68,68,56,56,46,46,19,19,19,19,19,19,19,19,19,6,35,0,0],"gold":370,"neow_bonus":"BOSS_RELIC","is_daily":false,"chose_seed":false,"campfire_upgraded":4,"win_rate":0.0,"timestamp":1610258229,"path_taken":["M","?","M","?","M","R","E","R","T","M","M","R","?","?","R","BOSS","M"],"items_purchased_type":["Relic","Relic","Card"],"build_version":"2020-12-22","purchased_purges":1,"victory":false,"max_hp_per_floor":[75,75,75,75,75,75,75,75,75,75,75,75,75,75,75,75,44,44,44],"card_choices":[{"not_picked":[],"picked":"Bomb","floor":0.0},{"not_picked":[],"picked":"EpicFetus","floor":0.0},{"not_picked":["Dual Wield","Blood for Blood","Evolve"],"picked":"SKIP","floor":1.0},{"not_picked":["Searing Blow","Rampage"],"picked":"Burning Pact","floor":3.0},{"not_picked":["Headbutt","Rampage"],"picked":"Immolate","floor":4.0},{"not_picked":["Clash","Rupture","Thunderclap"],"picked":"SKIP","floor":5.0},{"not_picked":["Armaments","Evolve"],"picked":"Bloodletting","floor":7.0},{"not_picked":["True Grit","Sentinel","Clash"],"picked":"SKIP","floor":10.0},{"not_picked":["Sentinel","Clash"],"picked":"True Grit","floor":10.0},{"not_picked":["Intimidate","Twin Strike","Armaments"],"picked":"SKIP","floor":11.0},{"not_picked":["Double Tap","Brutality"],"picked":"Fiend Fire","floor":16}],"player_experience":1805703,"relics_obtained":[{"floor":7.0,"key":"Pantograph"}],"event_choices":[{"damage_healed":0.0,"max_hp_gain":0.0,"max_hp_loss":0.0,"gold_gain":0.0,"event_name":"Lab","player_choice":"Got Potions","floor":2.0,"gold_loss":0.0,"damage_taken":0.0},{"damage_healed":0,"gold_gain":0,"player_choice":"Fled","damage_taken":0,"max_hp_gain":0,"max_hp_loss":0,"event_name":"Scrap Ooze","floor":13,"gold_loss":0},{"damage_healed":0,"gold_gain":0,"player_choice":"Upgraded","damage_taken":0,"max_hp_gain":0,"max_hp_loss":0,"event_name":"Upgrade Shrine","floor":14,"gold_loss":0,"cards_upgraded":["True Grit"]}],"is_beta":false,"boss_relics":[{"not_picked":["Empty Cage","Busted Crown"],"picked":"Coffee Dripper"},{"not_picked":[]}],"items_purged_floors":[17],"is_endless":false,"potions_floor_spawned":[1,10],"killed_by":"Chosen","ascension_level":20}}