{"host":"6749gst1gzuv21qf","time":1610242842,"event":{"mods":["Aspiration","BaseMod","Better Altar","Better Match","Better Note","Better Sensory Stone","Better Skull","Better Third Choice","BetterRewards","Colored Map","Colored Powertips","Downfall","Highlight Path","Minty Spire (QoL Compilation)","Permanent Neow","Replay The Spire","Shop Mod","Spicy Shops","StSLib","The Cursed","Wandering Minibosses"],"gold_per_floor":[99,114,124,124,34,51,51,84,97,97,114,114,114,114],"floor_reached":12,"playtime":1045,"items_purged":["Guardian:Strike_Guardian"],"score":80,"play_id":"a0c8b38e-5340-4457-9354-70c90e1e6cc6","local_time":"20210109204042","is_ascension_mode":false,"campfire_choices":[{"floor":10,"key":"RECALL"}],"circlet_count":0,"master_deck":["Guardian:Strike_Guardian","Guardian:Strike_Guardian","Guardian:Defend_Guardian","Guardian:Defend_Guardian","Guardian:Defend_Guardian","Guardian:Defend_Guardian","Guardian:CurlUp","Guardian:TwinSlam","Transmutation","Guardian:TwinSlam","Guardian:Clone","Guardian:PrimingBeam","Guardian:RefractedBeam","Guardian:MultiBeam","Guardian:Reroute","Guardian:BronzeOrb","Guardian:WalkerClaw","Guardian:Incinerate"],"relics":["Guardian:ModeShifter","Unceasing Top"],"acts_visited":["Exordium"],"potions_floor_usage":[],"damage_taken":[{"damage":12,"enemies":"Small Slimes","floor":2,"turns":3},{"damage":4,"enemies":"2 Louse","floor":3,"turns":3},{"damage":5,"enemies":"downfall:FleeingMerchant","floor":5,"turns":4},{"damage":1,"enemies":"Cultist","floor":6,"turns":3},{"damage":16,"enemies":"Gremlin Nob","floor":8,"turns":4},{"damage":4,"enemies":"Exordium Thugs","floor":9,"turns":5},{"damage":11,"enemies":"Blue Slaver","floor":11,"turns":7},{"damage":21,"enemies":"Lagavulin","floor":12,"turns":4}],"seed_played":"-5663349264106248763","potions_obtained":[{"floor":2,"key":"AttackPotion"},{"floor":9,"key":"Dexterity Potion"}],"is_trial":false,"path_per_floor":["R_BF","M","M","?","$","M","T","E","M","R","M","E"],"character_chosen":"GUARDIAN","items_purchased":[],"campfire_rested":0,"item_purchase_floors":[],"current_hp_per_floor":[72,60,56,56,51,50,50,34,30,30,19,0,0,0],"gold":114,"neow_bonus":"RANDOM_COLORLESS_2","is_daily":false,"chose_seed":false,"campfire_upgraded":0,"win_rate":0.0,"timestamp":1610242842,"path_taken":["R_BF","M","M","?","?","M","T","E","M","R","M","E"],"items_purchased_type":[],"build_version":"2020-12-22","purchased_purges":1,"victory":false,"max_hp_per_floor":[72,72,72,72,72,72,72,72,72,72,72,72,72,72],"card_choices":[{"not_picked":["Secret Weapon","Magnetism"],"picked":"Transmutation","floor":0},{"not_picked":["Guardian:VentSteam","Guardian:Emergency"],"picked":"Guardian:Clone","floor":2},{"not_picked":["Guardian:Gem_Lightblue","Guardian:RollAttack"],"picked":"Guardian:PrimingBeam","floor":3},{"not_picked":["Guardian:Recover","Guardian:Gem_Red"],"picked":"Guardian:MultiBeam","floor":5},{"not_picked":["Guardian:ChargeCore","Guardian:CrystalBeam"],"picked":"Guardian:Reroute","floor":6},{"not_picked":["Guardian:CrystalBeam","Guardian:Planning"],"picked":"Guardian:BronzeOrb","floor":8},{"not_picked":["Guardian:PrismaticBeam","Guardian:Incinerate"],"picked":"Guardian:WalkerClaw","floor":9},{"not_picked":["Guardian:ChargeCore","Guardian:Suspension"],"picked":"Guardian:Incinerate","floor":11}],"player_experience":612948,"relics_obtained":[{"floor":8,"key":"Unceasing Top"}],"event_choices":[{"damage_healed":0,"gold_gain":1,"player_choice":"4","damage_taken":0,"max_hp_gain":0,"max_hp_loss":0,"event_name":"betterStone:BetterStone","floor":1,"gold_loss":0,"cards_obtained":["Guardian:TwinSlam"]},{"damage_healed":0,"gold_gain":0,"cards_transformed":["Guardian:Strike_Guardian"],"player_choice":"Transformed","damage_taken":0,"max_hp_gain":0,"max_hp_loss":0,"event_name":"Transmorgrifier","floor":4,"gold_loss":0,"cards_obtained":["Guardian:RefractedBeam"]}],"is_beta":false,"boss_relics":[],"items_purged_floors":[5],"is_endless":false,"potions_floor_spawned":[2,9],"killed_by":"Lagavulin","ascension_level":0}}