{"host":"6749gst1gzuv21qf","time":1610308006,"event":{"mods":["Aspiration","BaseMod","Better Altar","Better Match","Better Note","Better Sensory Stone","Better Skull","Better Third Choice","BetterRewards","Colored Map","Colored Powertips","Downfall","Highlight Path","Minty Spire (QoL Compilation)","Permanent Neow","Replay The Spire","Shop Mod","Spicy Shops","StSLib","The Cursed"],"gold_per_floor":[99,24,42,61,61,73,73,86,106,140,140,140,157,184,201,303,303,78,89,102,120,145,164,191,208,234,234,234,245,21,46,71,175,275,275,288,374,374,392,392,392,407,407,407,422,422,568,568,578,578,578,613,554,554,554],"floor_reached":56,"playtime":7931,"items_purged":[],"score":1469,"play_id":"f9926dcd-f179-4165-9477-0993cd4d63d4","local_time":"20210110144646","is_ascension_mode":false,"campfire_choices":[{"data":"hexamod:Float","floor":1,"key":"SMITH"},{"floor":12,"key":"RECALL"},{"floor":27,"key":"REST"},{"data":"hexamod:HeatShield","floor":35,"key":"SMITH"},{"data":"hexamod:FastForward","floor":54,"key":"SMITH"}],"circlet_count":0,"master_deck":["hexamod:Strike","hexamod:Strike+1","hexamod:Defend+1","hexamod:Defend+1","hexamod:Defend+1","hexamod:Sear","hexamod:Float+1","hexamod:BurningTouch+1","hexamod:ThermalTransfer","hexamod:Firestarter+1","hexamod:TimeOfNeed","hexamod:ExtraCrispy","hexamod:GhostflameInferno+1","hexamod:Hexaguard+1","hexamod:RainOfEmbers","hexamod:RadiantFlame","hexamod:GhostShield","hexamod:TimeWarp+1","hexamod:Rewind","hexamod:InspiringFlames","hexamod:ThermalTransfer","hexamod:SpectersWail","hexamod:EmpoweredFlame+1","hexamod:TimeWarp","hexamod:FastForward+1","hexamod:NecessarySacrifice","hexamod:HauntingEcho","hexamod:GhostLash","hexamod:HeatShield","hexamod:HeatShield+1","hexamod:TurnItUp","hexamod:ParanormalForm","hexamod:GhostflameBarrier","hexamod:Hexaguard+1","hexamod:GhostOfSpirePast","hexamod:ThermalTransfer+1","hexamod:WildfireWeapon","hexamod:GhostOfSpirePresent","hexamod:SoulSteal","hexamod:RadiantFlame+1","expansioncontent:AwakenDeath","expansioncontent:FaceSlap","Replay:SS_hec_1","hexamod:HeatMetal","Sadistic Nature","hexamod:RainOfEmbers+1","hexamod:Firestarter+1","expansioncontent:TimeRipple"],"relics":["hexamod:SpiritBrand","Ginger","aspiration:PoetsPen_weak","downfall:HeartBlessingBlue","downfall:HeartBlessingGreen","downfall:HeartBlessingRed","hexamod:MatchstickCase","hexamod:TheBrokenSeal","Replay:Wanted Poster","Sozu","MerchantsRug","aspiration:ArtOfWarUpgrade","aspiration:HatOfInfinitePower","Vajra","Turnip","Mirror"],"acts_visited":["Exordium","TheCity","TheBeyond","TheEnding"],"potions_floor_usage":[19,20,25,25,29,29],"damage_taken":[{"damage":0,"enemies":"Cultist","floor":3,"turns":4},{"damage":0,"enemies":"2 Louse","floor":4,"turns":3},{"damage":1,"enemies":"Jaw Worm","floor":6,"turns":3},{"damage":1,"enemies":"2 Fungi Beasts","floor":8,"turns":4},{"damage":12,"enemies":"Exordium Wildlife","floor":9,"turns":5},{"damage":21,"enemies":"3 Sentries","floor":10,"turns":9},{"damage":0,"enemies":"Blue Slaver","floor":13,"turns":3},{"damage":36,"enemies":"Gremlin Nob","floor":14,"turns":6},{"damage":0,"enemies":"2 Fungi Beasts","floor":15,"turns":4},{"damage":21,"enemies":"downfall:Silent","floor":16,"turns":12},{"damage":8,"enemies":"Spheric Guardian","floor":19,"turns":4},{"damage":26,"enemies":"3 Byrds","floor":20,"turns":8},{"damage":18,"enemies":"3 Cultists","floor":21,"turns":5},{"damage":10,"enemies":"Shelled Parasite and Fungi","floor":22,"turns":7},{"damage":5,"enemies":"Cultist and Chosen","floor":23,"turns":6},{"damage":2,"enemies":"Snake Plant","floor":25,"turns":4},{"damage":6,"enemies":"Snecko","floor":26,"turns":6},{"damage":0,"enemies":"Sentry and Sphere","floor":29,"turns":4},{"damage":4,"enemies":"downfall:FleeingMerchant","floor":30,"turns":4},{"damage":25,"enemies":"Shelled Parasite and Fungi","floor":31,"turns":7},{"damage":24,"enemies":"Snake Plant","floor":32,"turns":8},{"damage":0,"enemies":"downfall:Defect","floor":33,"turns":6},{"damage":8,"enemies":"3 Darklings","floor":36,"turns":4},{"damage":0,"enemies":"downfall:FleeingMerchant","floor":37,"turns":4},{"damage":5,"enemies":"3 Shapes","floor":39,"turns":5},{"damage":27,"enemies":"Sphere and 2 Shapes","floor":42,"turns":7},{"damage":0,"enemies":"Maw","floor":45,"turns":6},{"damage":0,"enemies":"downfall:FleeingMerchant","floor":47,"turns":3},{"damage":0,"enemies":"Transient","floor":49,"turns":5},{"damage":11,"enemies":"downfall:Watcher","floor":50,"turns":6},{"damage":4,"enemies":"downfall:CharBossMerchant","floor":52,"turns":5},{"damage":60,"enemies":"downfall:NeowBoss","floor":55,"turns":23}],"seed_played":"-5020166685312611732","potions_obtained":[{"floor":4,"key":"Block Potion"},{"floor":6,"key":"Block Potion"},{"floor":8,"key":"GamblersBrew"},{"floor":13,"key":"FairyPotion"},{"floor":14,"key":"Guardian:BlockOnCardUsePotion"},{"floor":21,"key":"Weak Potion"},{"floor":22,"key":"Reflective Coating"},{"floor":26,"key":"EssenceOfSteel"},{"floor":29,"key":"Elixir"},{"floor":30,"key":"Dexterity Potion"},{"floor":31,"key":"Languid Potion"},{"floor":32,"key":"sneckomod:MuddlingPotion"},{"floor":33,"key":"Slimebound:ThreeZeroPotion"}],"is_trial":false,"path_per_floor":["R","?","M","M","?","M","T","M","M","E","T","R","M","E","M","B",null,"R_BF","M","M","M","M","M","T","M","M","R","?","M","$","M","M","B",null,"R","M","$","?","M","?","T","M","?","R","M","R","$","T","M","B",null,"E","$","R","B",null],"character_chosen":"THE_SPIRIT","items_purchased":["hexamod:ParanormalForm","hexamod:GhostflameBarrier","MerchantsRug","Sadistic Nature","Mirror","expansioncontent:TimeRipple"],"campfire_rested":1,"item_purchase_floors":[30,30,37,47,53,53],"current_hp_per_floor":[49,49,49,49,54,53,53,59,47,33,33,33,33,29,36,15,75,85,77,58,47,37,39,39,37,31,56,56,63,66,41,95,95,95,95,87,87,95,90,90,90,63,53,53,53,53,53,53,53,42,95,91,91,91,31],"gold":554,"neow_bonus":"ONE_RARE_RELIC","is_daily":false,"chose_seed":false,"campfire_upgraded":3,"win_rate":0.0,"timestamp":1610308006,"path_taken":["R","?","M","M","?","M","T","M","M","E","?","R","M","E","M","BOSS","R_BF","M","M","M","M","M","T","M","M","R","?","M","$","M","M","BOSS","R","M","$","?","M","?","T","M","?","R","M","R","$","?","M","BOSS","E","$","R","BOSS"],"items_purchased_type":["Card","Card","Relic","Card","Relic","Card"],"build_version":"2020-12-22","purchased_purges":0,"victory":true,"max_hp_per_floor":[70,70,70,70,75,75,75,75,75,75,75,75,75,75,75,75,75,85,85,85,85,85,85,85,85,85,85,85,85,85,85,95,95,95,95,95,95,95,95,95,95,95,95,95,95,95,95,95,95,95,95,95,95,95,95],"card_choices":[{"not_picked":["hexamod:SwordOfDarkness","hexamod:AdvancingGuard"],"picked":"hexamod:BurningTouch","floor":2},{"not_picked":["hexamod:Hexaguard","hexamod:BacktrackSmack"],"picked":"hexamod:ThermalTransfer","floor":2},{"not_picked":["hexamod:SwordOfDarkness","hexamod:ThermalTransfer"],"picked":"hexamod:Firestarter","floor":3},{"not_picked":["hexamod:SpectersWail","hexamod:NightmareGuise"],"picked":"hexamod:TimeOfNeed","floor":4},{"not_picked":["hexamod:FastForward","hexamod:RainOfEmbers"],"picked":"hexamod:FirstSeal","floor":6},{"not_picked":["hexamod:InspiringFlames","hexamod:BurningTouch"],"picked":"hexamod:ExtraCrispy","floor":8},{"not_picked":["hexamod:BacktrackSmack","hexamod:FastForward"],"picked":"hexamod:GhostflameInferno","floor":9},{"not_picked":["hexamod:NightmareStrike","hexamod:NightmareGuise"],"picked":"hexamod:Hexaguard","floor":10},{"not_picked":["hexamod:GhostShield","hexamod:UnleashSpirits"],"picked":"hexamod:RainOfEmbers","floor":13},{"not_picked":["hexamod:Hexaguard","hexamod:GhostLash"],"picked":"hexamod:RadiantFlame","floor":14},{"not_picked":["hexamod:SwordOfDarkness","hexamod:FirstSeal"],"picked":"hexamod:GhostShield","floor":15},{"not_picked":["hexamod:WildfireWeapon","hexamod:SearingWound"],"picked":"hexamod:FifthSeal","floor":16},{"not_picked":["hexamod:SecondSeal","hexamod:FourthSeal"],"picked":"hexamod:SixthSeal","floor":19},{"not_picked":["hexamod:SpectersWail","hexamod:NecessarySacrifice"],"picked":"hexamod:InspiringFlames","floor":19},{"not_picked":["hexamod:FourthSeal","hexamod:SixthSeal"],"picked":"hexamod:SecondSeal","floor":20},{"not_picked":["hexamod:RetreatToShadows","hexamod:RainOfEmbers"],"picked":"hexamod:ThermalTransfer","floor":20},{"not_picked":["hexamod:ThermalTransfer","hexamod:NightmareStrike"],"picked":"hexamod:SpectersWail","floor":21},{"not_picked":["hexamod:ThermalTransfer","hexamod:ChargedBarrage+1"],"picked":"hexamod:EmpoweredFlame","floor":22},{"not_picked":["hexamod:GhostShield+1","hexamod:SwordOfDarkness"],"picked":"hexamod:TimeWarp","floor":23},{"not_picked":["hexamod:FourthSeal","hexamod:SecondSeal"],"picked":"hexamod:ThirdSeal","floor":25},{"not_picked":["hexamod:ChargedBarrage","hexamod:HauntingEcho+1"],"picked":"hexamod:FastForward","floor":25},{"not_picked":["hexamod:NightmareGuise","hexamod:BacktrackSmack"],"picked":"hexamod:NecessarySacrifice","floor":26},{"not_picked":["hexamod:FirstSeal","hexamod:SixthSeal"],"picked":"hexamod:FourthSeal","floor":26},{"not_picked":["hexamod:ExtraCrispy","hexamod:NightmareStrike"],"picked":"hexamod:HauntingEcho","floor":26},{"not_picked":["hexamod:NightmareStrike+1","hexamod:HauntingEcho"],"picked":"hexamod:GhostLash","floor":29},{"not_picked":["hexamod:Hexaguard","hexamod:BacktrackSmack"],"picked":"hexamod:HeatShield","floor":29},{"not_picked":["hexamod:NightmareGuise","hexamod:FastForward"],"picked":"hexamod:HeatShield","floor":30},{"not_picked":["hexamod:NightmareStrike","hexamod:GhostShield"],"picked":"hexamod:TurnItUp","floor":30},{"not_picked":["hexamod:ThermalTransfer","hexamod:BurningTouch"],"picked":"hexamod:Hexaguard+1","floor":31},{"not_picked":["hexamod:GhostShield","hexamod:BurningTouch"],"picked":"hexamod:GhostOfSpirePast","floor":31},{"not_picked":["hexamod:HeatShield","hexamod:AdvancingGuard"],"picked":"hexamod:ThermalTransfer+1","floor":32},{"not_picked":["hexamod:GhostflameInferno","hexamod:UnleashSpirits"],"picked":"hexamod:WildfireWeapon","floor":33},{"not_picked":["hexamod:BacktrackSmack","hexamod:SecondSeal"],"picked":"hexamod:GhostOfSpirePresent","floor":36},{"not_picked":["hexamod:AdvancingGuard","hexamod:SwordOfDarkness+1"],"picked":"hexamod:SoulSteal","floor":37},{"not_picked":["hexamod:NightmareGuise+1","hexamod:AdvancingGuard+1"],"picked":"hexamod:RadiantFlame+1","floor":39},{"not_picked":["hexamod:SwordOfDarkness","hexamod:NecessarySacrifice","hexamod:ShieldOfDarkness+1"],"picked":"SKIP","floor":42},{"not_picked":["expansioncontent:GuardianWhirl","expansioncontent:Torchfire"],"picked":"expansioncontent:AwakenDeath","floor":43},{"not_picked":["expansioncontent:SlimeTackle","Replay:SS_hec_4"],"picked":"expansioncontent:FaceSlap","floor":43},{"not_picked":["expansioncontent:DefensiveMode","expansioncontent:DonusPower"],"picked":"Replay:SS_hec_1","floor":43},{"not_picked":["hexamod:GhostflameBarrier","hexamod:ShieldOfDarkness+1","hexamod:BacktrackSmack"],"picked":"SKIP","floor":45},{"not_picked":["hexamod:BacktrackSmack+1","hexamod:SwordOfDarkness"],"picked":"hexamod:HeatMetal","floor":47},{"not_picked":["hexamod:ThermalTransfer+1","hexamod:FastForward"],"picked":"hexamod:RainOfEmbers+1","floor":49},{"not_picked":["hexamod:NightmareGuise+1","hexamod:Rewind"],"picked":"hexamod:Firestarter+1","floor":52}],"player_experience":630823,"relics_obtained":[{"floor":7,"key":"Replay:Bottled Eggs"},{"floor":10,"key":"Blue Doll"},{"floor":14,"key":"StrikeDummy"},{"floor":24,"key":"hexamod:MatchstickCase"},{"floor":41,"key":"Art of War"},{"floor":48,"key":"aspiration:SeaSaltIceCream"},{"floor":52,"key":"Vajra"},{"floor":52,"key":"Turnip"}],"event_choices":[{"damage_healed":0,"gold_gain":0,"player_choice":"1","damage_taken":0,"max_hp_gain":0,"max_hp_loss":0,"event_name":"betterMatch:BetterMatch","floor":2,"gold_loss":0,"cards_obtained":["betterMatch:CommonCard","betterMatch:CommonCard"]},{"damage_healed":0,"gold_gain":0,"player_choice":"Donut","damage_taken":0,"max_hp_gain":5,"max_hp_loss":0,"event_name":"Big Fish","floor":5,"gold_loss":0},{"damage_healed":0,"gold_gain":0,"cards_transformed":["hexamod:Defend","hexamod:Strike"],"player_choice":"Became Test Subject","damage_taken":0,"max_hp_gain":0,"max_hp_loss":0,"event_name":"Drug Dealer","floor":18,"gold_loss":0,"cards_obtained":["hexamod:TimeWarp","hexamod:Rewind"]},{"cards_removed":["hexamod:Strike"],"damage_healed":0,"gold_gain":0,"player_choice":"Offered Basic","damage_taken":0,"max_hp_gain":0,"max_hp_loss":0,"event_name":"Bonfire Elementals","floor":28,"gold_loss":0}],"is_beta":false,"boss_relics":[{"not_picked":["ChewingGum","Velvet Choker"],"picked":"aspiration:PoetsPen_weak"},{"not_picked":["Coffee Dripper","Honey Jar"],"picked":"Replay:Grab Bag"},{"not_picked":["Replay:Bronze Core","hexamod:IceCube"],"picked":"Replay:Wanted Poster"},{"not_picked":["Runic Dome","ReplayTheSpireMod:DimensionalGlitch"],"picked":"Sozu"},{"not_picked":["Replay:Drink Me","Kintsugi"],"picked":"Black Star"}],"items_purged_floors":[],"is_endless":false,"potions_floor_spawned":[4,6,8,13,14,21,22,26,29,32,33,36,39,49],"ascension_level":0}}