{"host":"zjc1tzo4ovig5lll","time":1610296775,"event":{"mods":["AchievementEnabler","Aspiration","BaseMod","Beaked The Cultist","Better Altar","Better Match","Better Note","Better Sensory Stone","Colored Map","Colored Powertips","Conspire","Energized Spire","Friendly Minions","GifTheSpireLib","Halation","Hermit","Hubris","Minty Spire (QoL Compilation)","Rare Cards Sparkle","Replay The Spire","StSLib","The Blue Laboratory","The Bug Knight","The Construct","The Jungle","everything is the same but u backflip on backflip","vexMod"],"gold_per_floor":[116,116,48,148,166,200,200,235,235,235,249,8,22,22,22,124,124,139,79,79,79,79,79,179,190,261,261,275,275,310,310,310,411,411,427,352,369,369,4,4,33,33,33,33,33,48,48,58,58,58,58,58,17,45,45],"floor_reached":56,"playtime":2624,"items_purged":["Pain"],"score":1177,"play_id":"421beb76-4a7f-4f71-9075-ddd92d92b53e","local_time":"20210110183935","is_ascension_mode":true,"campfire_choices":[{"floor":7.0,"key":"REST"},{"floor":10.0,"key":"REST"},{"floor":15.0,"key":"REST"},{"floor":23.0,"key":"REST"},{"floor":27.0,"key":"RECALL"},{"floor":29.0,"key":"REST"},{"floor":32.0,"key":"REST"},{"data":"hermit:Snapshot","floor":40.0,"key":"SMITH"},{"floor":47.0,"key":"REST"},{"data":"hermit:LuckOfTheDraw","floor":49.0,"key":"SMITH"},{"data":"hermit:Quickdraw","floor":52.0,"key":"SMITH"}],"circlet_count":0,"master_deck":["hermit:Strike_Hermit+1","hermit:Strike_Hermit+1","hermit:Strike_Hermit+1","hermit:Strike_Hermit+1","hermit:Defend_Hermit+1","hermit:Defend_Hermit+1","hermit:Defend_Hermit+1","hermit:Defend_Hermit+1","hermit:Snapshot+1","hermit:Covet","hermit:LoneWolf+1","hermit:Determination","hermit:LuckOfTheDraw+1","hermit:Quickdraw+1","Magnetism+1","hermit:Brawl+1","hermit:Maintenance+1","hermit:HighNoon+1","hermit:Quickdraw","hermit:BodyArmor+1","Replay:Bootleg Shield Generator+1","hermit:LoneWolf+1","Parasite","hermit:Maintenance+1"],"relics":["hermit:Momento","aspiration:Nostalgia","Sizzling Blood","WarpedTongs","Frozen Egg 2","Du-Vu Doll","The Courier","Philosopher\u0027s Stone","hubris:Towel","vexMod:Dragonfruit","vexMod:InvisibilityCloak","vexMod:BigBerry","Calipers","Anchor","Singing Bowl","Nunchaku"],"acts_visited":["Exordium","TheCity","TheBeyond","TheEnding"],"potions_floor_usage":[55,55,55],"damage_taken":[{"damage":12.0,"enemies":"Jaw Worm","floor":1.0,"turns":3.0},{"damage":6.0,"enemies":"Cultist","floor":5.0,"turns":4.0},{"damage":35.0,"enemies":"Lagavulin","floor":6.0,"turns":8.0},{"damage":53.0,"enemies":"Gremlin Nob","floor":8.0,"turns":5.0},{"damage":3.0,"enemies":"Small Slimes","floor":11.0,"turns":4.0},{"damage":6.0,"enemies":"2 Fungi Beasts","floor":13.0,"turns":5.0},{"damage":30.0,"enemies":"Hexaghost","floor":16.0,"turns":7.0},{"damage":54.0,"enemies":"3 Byrds","floor":18.0,"turns":6.0},{"damage":14.0,"enemies":"Spheric Guardian","floor":25.0,"turns":4.0},{"damage":12.0,"enemies":"Shelled Parasite and Fungi","floor":28.0,"turns":7.0},{"damage":39.0,"enemies":"Slavers","floor":30.0,"turns":5.0},{"damage":24.0,"enemies":"hubris:MusketHawk","floor":33.0,"turns":9.0},{"damage":1.0,"enemies":"Orb Walker","floor":35.0,"turns":4.0},{"damage":23.0,"enemies":"3 Darklings","floor":37.0,"turns":5.0},{"damage":0.0,"enemies":"Giant Head","floor":41.0,"turns":8.0},{"damage":47.0,"enemies":"Transient","floor":46.0,"turns":5.0},{"damage":8.0,"enemies":"Writhing Mass","floor":48.0,"turns":7.0},{"damage":8.0,"enemies":"Replay:Hell Engine","floor":50.0,"turns":11.0},{"damage":67,"enemies":"Shield and Spear","floor":54,"turns":8},{"damage":23,"enemies":"The Heart","floor":55,"turns":13}],"seed_played":"4398958839170059572","potions_obtained":[{"floor":11.0,"key":"Explosive Potion"},{"floor":25.0,"key":"blueLaboratory:FruitPunch"},{"floor":30.0,"key":"Explosive Potion"}],"is_trial":false,"path_per_floor":["M","?","$","?","M","E","R","E","T","R","M","$","M","?","R","B",null,"M","?","?","$","?","R","?","M","T","R","M","R","E","?","R","B",null,"M","?","M","?","$","R","E","$","T","$","$","M","R","M","R","B",null,"R","$","E","B",null],"character_chosen":"HERMIT","items_purchased":["hermit:Determination","Magnetism+1","hermit:Brawl+1","Calipers","Anchor","Weak Potion"],"campfire_rested":7,"item_purchase_floors":[3,12,12,39,39,53],"current_hp_per_floor":[71,71,71,71,69,38,61,12,12,35,36,36,34,34,57,31,79,29,29,29,29,29,52,52,42,47,47,39,64,29,29,54,34,114,114,114,95,95,95,95,101,101,101,101,101,60,95,93,93,89,120,120,120,57,40],"gold":45,"neow_bonus":"NOSTALGIA","is_daily":false,"chose_seed":false,"campfire_upgraded":3,"win_rate":0.0,"timestamp":1610296775,"path_taken":["M","?","?","?","?","E","R","E","T","R","M","$","M","?","R","BOSS","M","?","?","$","?","R","?","?","T","R","M","R","E","?","R","BOSS","M","?","?","?","$","R","E","?","T","?","$","M","R","M","R","BOSS","R","$","E","BOSS"],"items_purchased_type":["Card","Card","Card","Relic","Relic","Potion"],"build_version":"2020-12-22","purchased_purges":1,"victory":true,"max_hp_per_floor":[79,79,79,79,79,79,79,79,79,79,79,79,79,79,79,79,79,79,79,79,79,79,79,79,79,84,84,84,84,84,84,84,84,114,114,114,114,114,114,114,116,116,116,116,116,118,118,120,120,120,120,120,120,120,122],"card_choices":[{"not_picked":["hermit:Glare","hermit:Roulette"],"picked":"hermit:LoneWolf","floor":1.0},{"not_picked":["hermit:ShadowCloak","hermit:HoleUp","hermit:TakeAim"],"picked":"SKIP","floor":5.0},{"not_picked":["hermit:SprayPray","hermit:BodyArmor"],"picked":"hermit:LuckOfTheDraw","floor":6.0},{"not_picked":["hermit:LowProfile","hermit:Dive"],"picked":"hermit:Quickdraw","floor":8.0},{"not_picked":["hermit:WideOpen","hermit:EyeOfTheStorm","hermit:Grudge"],"picked":"SKIP","floor":11.0},{"not_picked":["hermit:Spite","hermit:Headshot"],"picked":"hermit:Maintenance","floor":13.0},{"not_picked":["hermit:EternalForm+1","hermit:Roughhouse"],"picked":"hermit:HighNoon+1","floor":16.0},{"not_picked":["hermit:Ricochet+1","hermit:Coalescence"],"picked":"hermit:Quickdraw","floor":18.0},{"not_picked":["hermit:WideOpen+1","hermit:Snipe+1"],"picked":"hermit:BodyArmor+1","floor":25.0},{"not_picked":["hermit:Midnight","hermit:LuckOfTheDraw","hermit:Feint+1"],"picked":"SKIP","floor":28.0},{"not_picked":["hermit:CursedWeapon","hermit:Shortfuse","hermit:TakeAim+1"],"picked":"SKIP","floor":30.0},{"not_picked":["hermit:CursedWeapon","hermit:Scavenge","hermit:Cheat"],"picked":"SKIP","floor":35.0},{"not_picked":["Mind Blast+1","Jack Of All Trades+1"],"picked":"Replay:Bootleg Shield Generator+1","floor":36.0},{"not_picked":["hermit:Showdown","hermit:LowProfile"],"picked":"hermit:LoneWolf+1","floor":37.0},{"not_picked":["hermit:Misfire","hermit:Manifest+1","hermit:BigShot+1"],"picked":"Singing Bowl","floor":41.0},{"not_picked":["hermit:WideOpen","hermit:Roughhouse","hermit:SprayPray+1"],"picked":"Singing Bowl","floor":46.0},{"not_picked":["hermit:ItchyTrigger","hermit:DeadMansHand","hermit:Glare+1"],"picked":"Singing Bowl","floor":48.0},{"not_picked":["hermit:CursedWeapon+1","hermit:Scavenge"],"picked":"hermit:Maintenance+1","floor":54}],"player_experience":650607,"relics_obtained":[{"floor":6.0,"key":"Frozen Egg 2"},{"floor":8.0,"key":"Du-Vu Doll"},{"floor":9.0,"key":"The Courier"},{"floor":26.0,"key":"vexMod:Dragonfruit"},{"floor":30.0,"key":"vexMod:InvisibilityCloak"},{"floor":41.0,"key":"Singing Bowl"},{"floor":54,"key":"Nunchaku"}],"event_choices":[{"damage_healed":0.0,"max_hp_gain":0.0,"max_hp_loss":0.0,"gold_gain":0.0,"event_name":"Accursed Blacksmith","player_choice":"Rummage","floor":2.0,"gold_loss":0.0,"damage_taken":0.0,"relics_obtained":["WarpedTongs"],"cards_obtained":["Pain"]},{"damage_healed":0.0,"max_hp_gain":0.0,"max_hp_loss":0.0,"gold_gain":100.0,"event_name":"Wheel of Change","player_choice":"Gold","floor":4.0,"gold_loss":0.0,"damage_taken":0.0},{"damage_healed":0.0,"max_hp_gain":0.0,"max_hp_loss":0.0,"gold_gain":0.0,"event_name":"Back to Basics","player_choice":"Simplicity","floor":20.0,"gold_loss":0.0,"damage_taken":0.0,"cards_upgraded":["hermit:Strike_Hermit","hermit:Strike_Hermit","hermit:Strike_Hermit","hermit:Strike_Hermit","hermit:Defend_Hermit","hermit:Defend_Hermit","hermit:Defend_Hermit","hermit:Defend_Hermit"]},{"damage_healed":0.0,"max_hp_gain":0.0,"max_hp_loss":0.0,"gold_gain":100.0,"event_name":"Golden Shrine","player_choice":"Pray","floor":24.0,"gold_loss":0.0,"damage_taken":0.0},{"damage_healed":0.0,"max_hp_gain":0.0,"max_hp_loss":0.0,"gold_gain":0.0,"event_name":"The Woman in Blue","player_choice":"Bought 0 Potions","floor":31.0,"gold_loss":0.0,"damage_taken":0.0},{"damage_healed":0.0,"max_hp_gain":0.0,"max_hp_loss":0.0,"gold_gain":0.0,"event_name":"betterMatch:BetterMatch","player_choice":"2","floor":36.0,"gold_loss":0.0,"damage_taken":0.0,"cards_obtained":["betterMatch:ColorlessUncommonCard"]},{"damage_healed":0.0,"max_hp_gain":0.0,"max_hp_loss":0.0,"gold_gain":0.0,"event_name":"Upgrade Shrine","player_choice":"Upgraded","floor":38.0,"gold_loss":0.0,"damage_taken":0.0,"cards_upgraded":["hermit:LoneWolf"]}],"is_beta":false,"boss_relics":[{"not_picked":["Cursed Key","halation:SmartPhone"],"picked":"Philosopher\u0027s Stone"},{"not_picked":["Tiny House","vexMod:CursedCompass"],"picked":"vexMod:BigBerry"}],"items_purged_floors":[12],"is_endless":false,"potions_floor_spawned":[1,11,13,25,30,41,54],"ascension_level":3}}