{"host":"cimxalwyqyblhb3d","time":1610316925,"event":{"mods":["AchievementEnabler","BaseMod","Colored Powertips","Evolution","Minty Spire (QoL Compilation)","Quick Restart","StSLib"],"gold_per_floor":[112,131,141,161,85,85,120,120,144,144,162,40,40,72,72,170,170,152,169,184,43,43,43,43,43,69,69,79,79,179,193,193,289,289,302,31,31,45,90,90,115,126,126,144,144,159,159,175,175,175,175],"floor_reached":50,"playtime":2021,"items_purged":[],"score":604,"play_id":"43da4837-2090-49a6-832d-2b04f6aca2a5","local_time":"20210110231525","is_ascension_mode":true,"campfire_choices":[{"data":"Self Repair","floor":6,"key":"SMITH"},{"data":"Redo","floor":8,"key":"SMITH"},{"data":"White Noise","floor":13,"key":"SMITH"},{"data":"Barrage","floor":15,"key":"SMITH"},{"data":"Core Surge","floor":23,"key":"SMITH"},{"data":"Chill","floor":25,"key":"SMITH"},{"data":"Storm","floor":29,"key":"SMITH"},{"floor":32,"key":"REST"},{"data":"Electrodynamics","floor":40,"key":"SMITH"},{"floor":49,"key":"REST"}],"circlet_count":0,"master_deck":["Cold Snap","Cold Snap","Cold Snap","Leap","Leap+1","Defend_B","Defend_B","Dualcast","Melter","Redo+1","Self Repair+1","White Noise+1","Glacier+1","Amplify","Barrage+1","CurseOfTheBell","Chill+1","Electrodynamics+1","Core Surge+1","Necronomicurse","Storm+1","Static Discharge","Storm","Parasite","White Noise+1","Chill+1","Redo+1","Amplify"],"relics":["Cracked Core","EVO:Axolotl","StoneCalendar","Regal Pillow","Juzu Bracelet","War Paint","Calling Bell","Centennial Puzzle","Singing Bowl","CaptainsWheel","MutagenicStrength","Orichalcum","Necronomicon","Busted Crown","Membership Card","PreservedInsect","Prayer Wheel","Pantograph","Pear","StrikeDummy"],"acts_visited":["Exordium","TheCity","TheBeyond"],"potions_floor_usage":[16,16,16,31,33,38,41,44,46,50],"damage_taken":[{"damage":0,"enemies":"Cultist","floor":1,"turns":3},{"damage":4,"enemies":"2 Louse","floor":2,"turns":2},{"damage":5,"enemies":"Jaw Worm","floor":3,"turns":2},{"damage":0,"enemies":"Looter","floor":4,"turns":3},{"damage":5,"enemies":"Lagavulin","floor":7,"turns":7},{"damage":8,"enemies":"2 Fungi Beasts","floor":11,"turns":3},{"damage":9,"enemies":"3 Sentries","floor":14,"turns":7},{"damage":30,"enemies":"Hexaghost","floor":16,"turns":8},{"damage":20,"enemies":"2 Thieves","floor":18,"turns":4},{"damage":11,"enemies":"Shell Parasite","floor":19,"turns":7},{"damage":12,"enemies":"Sentry and Sphere","floor":20,"turns":4},{"damage":1,"enemies":"Shelled Parasite and Fungi","floor":28,"turns":5},{"damage":13,"enemies":"Centurion and Healer","floor":31,"turns":3},{"damage":57,"enemies":"Collector","floor":33,"turns":9},{"damage":0,"enemies":"Orb Walker","floor":35,"turns":3},{"damage":3,"enemies":"3 Darklings","floor":38,"turns":3},{"damage":22,"enemies":"2 Orb Walkers","floor":39,"turns":4},{"damage":51,"enemies":"Giant Head","floor":41,"turns":7},{"damage":27,"enemies":"Jaw Worm Horde","floor":42,"turns":4},{"damage":14,"enemies":"Writhing Mass","floor":44,"turns":6},{"damage":4,"enemies":"Transient","floor":46,"turns":5},{"damage":0,"enemies":"4 Shapes","floor":48,"turns":4},{"damage":109,"enemies":"Donu and Deca","floor":50,"turns":11}],"seed_played":"-4391120399235806822","potions_obtained":[{"floor":1,"key":"LiquidBronze"},{"floor":2,"key":"Explosive Potion"},{"floor":7,"key":"PotionOfCapacity"},{"floor":16,"key":"Fire Potion"},{"floor":19,"key":"SpeedPotion"},{"floor":28,"key":"SkillPotion"},{"floor":33,"key":"SmokeBomb"},{"floor":35,"key":"EntropicBrew"},{"floor":38,"key":"Dexterity Potion"},{"floor":42,"key":"SteroidPotion"}],"is_trial":false,"path_per_floor":["M","M","M","M","$","R","E","R","T","?","M","$","R","E","R","B",null,"M","M","M","$","?","R","?","R","T","?","M","R","?","M","R","B",null,"M","$","?","M","?","R","E","M","T","M","?","M","T","M","R","B"],"character_chosen":"DEFECT","items_purchased":["Self Repair","Amplify","Barrage","Core Surge","Membership Card","Storm","PreservedInsect","PowerPotion"],"campfire_rested":2,"item_purchase_floors":[5,12,12,21,36,36,36,36],"current_hp_per_floor":[54,50,45,45,45,45,50,50,50,50,52,52,52,63,63,53,75,65,66,64,64,64,64,64,64,64,48,57,57,57,46,79,34,81,81,81,81,80,70,70,31,18,28,26,28,34,34,46,93,0,0],"gold":175,"neow_bonus":"ONE_RARE_RELIC","is_daily":false,"chose_seed":false,"campfire_upgraded":8,"win_rate":0.0,"timestamp":1610316925,"path_taken":["M","M","M","M","$","R","E","R","T","?","M","?","R","E","R","BOSS","M","M","M","$","?","R","?","R","T","?","M","R","?","M","R","BOSS","M","$","?","M","?","R","E","M","T","M","?","M","?","M","R","BOSS"],"items_purchased_type":["Card","Card","Card","Card","Relic","Card","Relic","Potion"],"build_version":"2020-12-22","purchased_purges":0,"victory":false,"max_hp_per_floor":[75,75,75,75,75,75,75,75,75,75,75,75,75,75,75,75,75,75,77,77,77,77,77,77,77,77,77,77,77,77,79,79,81,81,81,81,81,83,85,85,87,91,101,103,105,105,105,107,107,107,107],"card_choices":[{"not_picked":["Hologram","Hello World"],"picked":"Melter","floor":1},{"not_picked":["Go for the Eyes","Streamline","Steam Power"],"picked":"SKIP","floor":2},{"not_picked":["Turbo","Reinforced Body","Static Discharge"],"picked":"SKIP","floor":3},{"not_picked":["Compile Driver","White Noise"],"picked":"Redo","floor":4},{"not_picked":["Streamline","Multi-Cast"],"picked":"White Noise","floor":7},{"not_picked":["Lockon","Steam"],"picked":"Glacier","floor":11},{"not_picked":["Biased Cognition","Force Field","Conserve Battery"],"picked":"SKIP","floor":14},{"not_picked":["Hologram","Force Field+1"],"picked":"Chill","floor":18},{"not_picked":["Gash","Ball Lightning","Consume"],"picked":"Singing Bowl","floor":19},{"not_picked":["Rebound","Recycle"],"picked":"Electrodynamics","floor":20},{"not_picked":["Gash","Steam+1"],"picked":"Storm","floor":28},{"not_picked":["Reprogram","Fusion","Steam+1"],"picked":"Singing Bowl","floor":31},{"not_picked":["Rainbow","Buffer","Meteor Strike"],"picked":"Singing Bowl","floor":33},{"not_picked":[],"picked":"Static Discharge","floor":35},{"not_picked":["Rebound"],"picked":"Singing Bowl","floor":38},{"not_picked":["Coolheaded+1"],"picked":"Singing Bowl","floor":39},{"not_picked":["Stack+1"],"picked":"Singing Bowl","floor":41},{"not_picked":["Cold Snap"],"picked":"Singing Bowl","floor":42},{"not_picked":["Steam"],"picked":"Singing Bowl","floor":42},{"not_picked":[],"picked":"White Noise+1","floor":44},{"not_picked":["Rebound"],"picked":"Singing Bowl","floor":44},{"not_picked":["Discovery"],"picked":"Singing Bowl","floor":45},{"not_picked":[],"picked":"Chill+1","floor":46},{"not_picked":[],"picked":"Redo+1","floor":46},{"not_picked":["Lockon+1"],"picked":"Singing Bowl","floor":48},{"not_picked":[],"picked":"Amplify","floor":48}],"player_experience":494161,"relics_obtained":[{"floor":7,"key":"Regal Pillow"},{"floor":9,"key":"Juzu Bracelet"},{"floor":14,"key":"War Paint"},{"floor":17,"key":"Centennial Puzzle"},{"floor":17,"key":"Singing Bowl"},{"floor":17,"key":"CaptainsWheel"},{"floor":26,"key":"Orichalcum"},{"floor":27,"key":"Necronomicon"},{"floor":39,"key":"Prayer Wheel"},{"floor":41,"key":"Pantograph"},{"floor":43,"key":"Pear"},{"floor":47,"key":"StrikeDummy"}],"event_choices":[{"cards_removed":["Zap"],"damage_healed":0,"gold_gain":0,"player_choice":"Purged","damage_taken":0,"max_hp_gain":0,"max_hp_loss":0,"event_name":"Purifier","floor":10,"gold_loss":0},{"damage_healed":0,"gold_gain":0,"player_choice":"Ignored","damage_taken":0,"max_hp_gain":0,"max_hp_loss":0,"event_name":"Vampires","floor":22,"gold_loss":0},{"damage_healed":0,"gold_gain":0,"player_choice":"Inject Mutagens","damage_taken":0,"relics_obtained":["MutagenicStrength"],"max_hp_gain":0,"max_hp_loss":0,"event_name":"Drug Dealer","floor":24,"gold_loss":0},{"damage_healed":0,"gold_gain":0,"player_choice":"Obtained Book","damage_taken":16,"max_hp_gain":0,"max_hp_loss":0,"event_name":"Cursed Tome","floor":27,"gold_loss":0},{"damage_healed":0,"gold_gain":100,"player_choice":"Pray","damage_taken":0,"max_hp_gain":0,"max_hp_loss":0,"event_name":"Golden Shrine","floor":30,"gold_loss":0},{"cards_removed":["Cold Snap"],"damage_healed":0,"gold_gain":0,"player_choice":"Removed Attack","damage_taken":0,"max_hp_gain":0,"max_hp_loss":0,"event_name":"Falling","floor":37,"gold_loss":0},{"damage_healed":0,"gold_gain":0,"player_choice":"Fight","damage_taken":0,"max_hp_gain":0,"max_hp_loss":0,"event_name":"Mysterious Sphere","floor":39,"gold_loss":0},{"damage_healed":0,"gold_gain":0,"player_choice":"Memory 1","damage_taken":0,"max_hp_gain":0,"max_hp_loss":0,"event_name":"SensoryStone","floor":45,"gold_loss":0}],"is_beta":false,"boss_relics":[{"not_picked":["SlaversCollar","Astrolabe"],"picked":"Calling Bell"},{"not_picked":["Runic Pyramid","FrozenCore"],"picked":"Busted Crown"}],"items_purged_floors":[],"is_endless":false,"potions_floor_spawned":[1,2,7,16,19,28,33,35,38,39,42],"killed_by":"Donu and Deca","ascension_level":3}}