{"host":"a70birb7gb03c330","time":1610311584,"event":{"mods":["Act Like it!","Aspiration","BaseMod","Beaked The Cultist","Better Vampires","Clawfect","Conspire","Disable Question Mark Monsters","Displayed Cursed Tome","Downfall","Energized Spire","GungeonMod","Hallownest","Hubris","Infinite Spire","Marked Mod","Minty Spire (QoL Compilation)","Permanent Neow","Replay The Spire","Robot Space Explorer","Spicy Shops","Spikes Relics","StSLib","The Blue Laboratory","The Bug Knight","The Construct","The Jungle","UnlockEverythingMod","Wandering Minibosses"],"gold_per_floor":[210,210,221,0,0,0,0,25,25,25,25,25,39,57,57,57,57],"floor_reached":16,"playtime":585,"items_purged":[],"score":90,"play_id":"94ef39d0-b91b-4368-816a-1c5946464a8d","local_time":"20210110124624","is_ascension_mode":false,"campfire_choices":[{"data":"construct:Strike_Gold","floor":6,"key":"SMITH"},{"data":"construct:AttackMode","floor":6,"key":"SMITH"},{"data":"construct:CreateCores","floor":10,"key":"SMITH"},{"data":"construct:CreateCores+1","floor":10,"key":"SMITH"},{"floor":15,"key":"REST"}],"circlet_count":0,"master_deck":["construct:Strike_Gold","construct:Strike_Gold","construct:Strike_Gold","construct:Strike_Gold+1","construct:Defend_Gold","construct:Defend_Gold","construct:Defend_Gold","construct:Defend_Gold","construct:Defend_Gold","construct:AttackMode+1","construct:DefenseMode+1","construct:CreateCores+2"],"relics":["construct:ClockworkPhoenix","aspiration:BabyByrd","Replay:Arrowhead","Replay:Baseball","Golden Idol","conspire:GiftBox"],"acts_visited":["Exordium"],"potions_floor_usage":[16,16],"damage_taken":[{"damage":7,"enemies":"2 Louse","floor":1,"turns":4},{"damage":6,"enemies":"Small Slimes","floor":3,"turns":4},{"damage":6,"enemies":"Cultist","floor":8,"turns":3},{"damage":12,"enemies":"Lots of Slimes","floor":13,"turns":3},{"damage":9,"enemies":"Blue Slaver","floor":14,"turns":5},{"damage":32,"enemies":"Hexaghost","floor":16,"turns":12}],"seed_played":"-5341907755900728763","potions_obtained":[{"floor":3,"key":"Dexterity Potion"},{"floor":8,"key":"Weak Potion"}],"is_trial":false,"path_per_floor":["M","?","M","$","?","R","$","M","T","R","?","?","M","M","R","B"],"character_chosen":"THE_CONSTRUCT_MOD","items_purchased":["Replay:Arrowhead","Replay:Baseball"],"campfire_rested":1,"item_purchase_floors":[4,4],"current_hp_per_floor":[78,78,72,72,51,51,51,45,45,45,28,28,16,7,32,0,0],"gold":57,"neow_bonus":"HUNDRED_GOLD","is_daily":false,"chose_seed":false,"campfire_upgraded":4,"win_rate":0.0,"timestamp":1610311584,"path_taken":["M","?","M","$","?","R","$","M","T","R","?","?","?","M","R","BOSS"],"items_purchased_type":["Relic","Relic"],"build_version":"2020-12-22","purchased_purges":0,"victory":false,"max_hp_per_floor":[85,85,85,85,85,85,85,85,85,85,85,85,85,85,85,85,85],"card_choices":[{"not_picked":["construct:Hazardproof","construct:SyphonStrike","construct:VentSteam"],"picked":"SKIP","floor":1},{"not_picked":["construct:Backfire","construct:SweepLaser","construct:ShiftGuard"],"picked":"SKIP","floor":3},{"not_picked":["construct:Synchronize","construct:PhosphorStorm"],"picked":"construct:CreateCores","floor":8},{"not_picked":["construct:Analyze","construct:ElectricArmor","construct:ClusterMines"],"picked":"SKIP","floor":13},{"not_picked":["construct:SpinDrive","construct:ElectricArmor","construct:VentSteam"],"picked":"SKIP","floor":14}],"player_experience":48879,"relics_obtained":[{"floor":9,"key":"conspire:GiftBox"}],"event_choices":[{"damage_healed":0,"gold_gain":0,"player_choice":"Take Damage","damage_taken":21,"relics_obtained":["Golden Idol"],"max_hp_gain":0,"max_hp_loss":0,"event_name":"Golden Idol","floor":5,"gold_loss":0},{"damage_healed":0,"gold_gain":0,"player_choice":"Entered Light","damage_taken":17,"max_hp_gain":0,"max_hp_loss":0,"event_name":"Shining Light","floor":11,"gold_loss":0,"cards_upgraded":["construct:DefenseMode","construct:Strike_Gold"]},{"cards_removed":["construct:Strike_Gold"],"damage_healed":0,"gold_gain":0,"player_choice":"Offered Basic","damage_taken":0,"max_hp_gain":0,"max_hp_loss":0,"event_name":"Bonfire Elementals","floor":12,"gold_loss":0}],"is_beta":false,"boss_relics":[],"items_purged_floors":[],"is_endless":false,"potions_floor_spawned":[3,8],"killed_by":"Hexaghost","ascension_level":0}}