{"host":"j7au2ovow4c9pz79","time":1610303403,"event":{"mods":["AchievementEnabler","BaseMod","Better Third Choice","BetterRewards","Colored Powertips","Defuse TimeMaze Blight","Energized Spire","Googly Eyes","Hubris","Infinite Spire","Minty Spire (QoL Compilation)","Quick Restart","Replay The Spire","Spicy Shops","StSLib","SuperFastMode","Transform Curses"],"gold_per_floor":[112,29,48,60,76,76,86,101,126,126,152,170,187,201,201,303,303,314,314,331,331,341,341,359,378,378,378,378,378],"floor_reached":28,"playtime":1274,"items_purged":[],"score":228,"play_id":"7859d509-9374-4d4d-ad9d-72fd345fb607","local_time":"20210110193003","is_ascension_mode":false,"campfire_choices":[{"data":"infinitespire:OneForAll","floor":6,"key":"SMITH"},{"data":"Replay:Undeath\u0027s Touch","floor":10,"key":"SMITH"},{"floor":15,"key":"RECALL"},{"data":"Flex","floor":23,"key":"SMITH"}],"circlet_count":0,"master_deck":["Strike_R","Strike_R","Strike_R","Strike_R","Strike_R","Defend_R","Defend_R","Defend_R","Defend_R","Bash","Corruption","Flex+1","Uppercut","Replay:Undeath\u0027s Touch+1","infinitespire:OneForAll+1","Headbutt","Twin Strike","Flame Barrier","Pommel Strike","Clothesline","Clash","hubris:StunningStrike","Writhe","Zap","Impervious","Trip","infinitespire:FinalStrike","Flex","Clothesline","Thunderclap+1","Thunderclap","Carnage"],"relics":["Burning Blood","Pet Ghost","Vajra","ReplayTheSpireMod:SealedPack","CultistMask","infinitespire:BottledMercury","Singing Bowl"],"acts_visited":["Exordium","TheCity"],"potions_floor_usage":[7,8,16,16],"damage_taken":[{"damage":4,"enemies":"Jaw Worm","floor":1,"turns":7},{"damage":0,"enemies":"Cultist","floor":3,"turns":3},{"damage":7,"enemies":"infinitespire:Voidling","floor":4,"turns":4},{"damage":8,"enemies":"Large Slime","floor":5,"turns":4},{"damage":12,"enemies":"Lots of Slimes","floor":7,"turns":5},{"damage":18,"enemies":"Blue Slaver","floor":8,"turns":4},{"damage":24,"enemies":"3 Sentries","floor":11,"turns":7},{"damage":6,"enemies":"Exordium Thugs","floor":12,"turns":4},{"damage":0,"enemies":"Looter","floor":13,"turns":2},{"damage":0,"enemies":"Exordium Wildlife","floor":14,"turns":2},{"damage":43,"enemies":"Fading Forest","floor":16,"turns":11},{"damage":10,"enemies":"Chosen","floor":18,"turns":4},{"damage":10,"enemies":"Shell Parasite","floor":20,"turns":3},{"damage":27,"enemies":"Shelled Parasite and Fungi","floor":22,"turns":5},{"damage":21,"enemies":"Snake Plant","floor":24,"turns":3},{"damage":30,"enemies":"3 Cultists","floor":25,"turns":5},{"damage":22,"enemies":"Slavers","floor":28,"turns":1}],"seed_played":"6762597652855775556","potions_obtained":[{"floor":4,"key":"Regen Potion"},{"floor":5,"key":"SteroidPotion"},{"floor":7,"key":"ColorlessPotion"},{"floor":8,"key":"FearPotion"},{"floor":14,"key":"GamblersBrew"},{"floor":16,"key":"Strength Potion"},{"floor":18,"key":"Swift Potion"}],"is_trial":false,"path_per_floor":["M","?","M","M","M","R","M","M","T","R","E","M","M","M","R","B",null,"M","?","M","AVR","M","R","M","M","T","?","E"],"character_chosen":"IRONCLAD","items_purchased":[],"campfire_rested":0,"item_purchase_floors":[],"current_hp_per_floor":[80,80,80,79,77,77,71,68,68,68,50,50,56,62,62,35,80,76,76,72,72,51,51,36,12,12,12,0,0],"gold":378,"neow_bonus":"ONE_RANDOM_RARE_CARD","is_daily":false,"chose_seed":false,"campfire_upgraded":3,"win_rate":0.0,"timestamp":1610303403,"path_taken":["M","?","?","M","M","R","?","M","T","R","E","M","M","M","R","BOSS","M","?","M","AVR","M","R","?","M","T","?","E"],"items_purchased_type":[],"build_version":"2020-12-22","purchased_purges":0,"victory":false,"max_hp_per_floor":[80,80,80,80,80,80,80,80,80,80,80,80,80,80,80,80,80,80,80,80,80,80,80,80,80,80,80,80,80],"card_choices":[{"not_picked":["ReplayTheSpireMod:Corrosion Curse","Sword Boomerang"],"picked":"Flex","floor":1},{"not_picked":["Burning Pact","True Grit"],"picked":"Uppercut","floor":3},{"not_picked":["Warcry","hubris:ReadiedAction"],"picked":"Replay:Undeath\u0027s Touch","floor":4},{"not_picked":["ReplayTheSpireMod:Stacked","Dual Wield"],"picked":"infinitespire:OneForAll","floor":5},{"not_picked":["Rupture","Abandon"],"picked":"Headbutt","floor":7},{"not_picked":["ReplayTheSpireMod:Strike From Hell","Replay:Undeath\u0027s Touch"],"picked":"Twin Strike","floor":8},{"not_picked":["Twin Strike","Infernal Blade"],"picked":"Flame Barrier","floor":11},{"not_picked":["Combust","Massacre"],"picked":"Pommel Strike","floor":12},{"not_picked":["Sword Boomerang","Flex"],"picked":"Clothesline","floor":13},{"not_picked":["Demon Form","Defy Death"],"picked":"Clash","floor":14},{"not_picked":["Berserk","Demonic Infusion"],"picked":"hubris:StunningStrike","floor":16},{"not_picked":["Vigilance","Dualcast"],"picked":"Zap","floor":17},{"not_picked":["Corruption","Barricade"],"picked":"Impervious","floor":17},{"not_picked":["Forethought","hubris:Ssssneak"],"picked":"Trip","floor":17},{"not_picked":["ReplayTheSpireMod:Echoes of Time","hubris:InfiniteBlow"],"picked":"infinitespire:FinalStrike","floor":17},{"not_picked":["Sword Boomerang","Second Wind"],"picked":"Flex","floor":18},{"not_picked":["Shrug It Off","Sword Boomerang"],"picked":"Clothesline","floor":20},{"not_picked":["Burning Pact","Dropkick"],"picked":"Thunderclap+1","floor":22},{"not_picked":["ReplayTheSpireMod:LeadingStrike","Infernal Blade"],"picked":"Thunderclap","floor":24},{"not_picked":["Flex","Dark Embrace"],"picked":"Carnage","floor":25}],"player_experience":1883633,"relics_obtained":[{"floor":11,"key":"Vajra"},{"floor":26,"key":"Singing Bowl"}],"event_choices":[{"damage_healed":0,"gold_gain":0,"player_choice":"Paid Gold","damage_taken":0,"relics_obtained":["Pet Ghost"],"max_hp_gain":0,"max_hp_loss":0,"event_name":"WeMeetAgain","floor":2,"gold_loss":83},{"damage_healed":0,"gold_gain":0,"player_choice":"Trade","damage_taken":0,"relics_obtained":["CultistMask"],"max_hp_gain":0,"max_hp_loss":0,"event_name":"FaceTrader","floor":19,"gold_loss":0},{"damage_healed":0,"gold_gain":0,"player_choice":"Bought 0 Potions","damage_taken":0,"max_hp_gain":0,"max_hp_loss":0,"event_name":"The Woman in Blue","floor":27,"gold_loss":0}],"is_beta":false,"boss_relics":[{"not_picked":["hubris:BlackHole","Cursed Key"],"picked":"ReplayTheSpireMod:SealedPack"}],"items_purged_floors":[],"is_endless":false,"potions_floor_spawned":[4,5,7,8,14,16,18,24,25],"killed_by":"Slavers","ascension_level":0}}