{"host":"yptvp0rjza9g9li7","time":1610281956,"event":{"mods":["AchievementEnabler","BaseMod","Colored Map","Colored Powertips","DeckTracker","Minty Spire (QoL Compilation)","SuperFastMode"],"gold_per_floor":[118,134,150,225,237,266,281,281,281,281,309,309,309,309],"floor_reached":13,"playtime":556,"items_purged":[],"score":85,"play_id":"3c4ad0e7-0c48-4b7b-9535-9b5d4013fb3d","local_time":"20210110213236","is_ascension_mode":false,"campfire_choices":[{"data":"Fire Breathing","floor":8,"key":"SMITH"}],"circlet_count":0,"master_deck":["Strike_R","Strike_R","Strike_R","Strike_R","Defend_R","Defend_R","Defend_R","Defend_R","Bash","Shrug It Off","Second Wind","Shrug It Off","Fire Breathing+1","Feel No Pain","Second Wind","Rage","Dual Wield"],"relics":["Burning Blood","Unceasing Top","InkBottle","Odd Mushroom"],"acts_visited":["Exordium"],"potions_floor_usage":[7,11,13],"damage_taken":[{"damage":7,"enemies":"Jaw Worm","floor":1,"turns":5},{"damage":5,"enemies":"Small Slimes","floor":2,"turns":4},{"damage":5,"enemies":"2 Louse","floor":3,"turns":3},{"damage":4,"enemies":"Looter","floor":5,"turns":5},{"damage":11,"enemies":"3 Sentries","floor":6,"turns":5},{"damage":17,"enemies":"Large Slime","floor":7,"turns":7},{"damage":31,"enemies":"The Mushroom Lair","floor":11,"turns":9},{"damage":42,"enemies":"Gremlin Nob","floor":13,"turns":5}],"seed_played":"-8455894084607232667","potions_obtained":[{"floor":2,"key":"DuplicationPotion"},{"floor":3,"key":"DistilledChaos"},{"floor":11,"key":"ElixirPotion"}],"is_trial":false,"path_per_floor":["M","M","M","?","M","E","M","R","T","?","?","?","E"],"character_chosen":"IRONCLAD","items_purchased":[],"campfire_rested":0,"item_purchase_floors":[],"current_hp_per_floor":[79,80,80,69,71,66,55,55,55,60,35,28,0,0],"gold":309,"neow_bonus":"THREE_CARDS","is_daily":false,"chose_seed":false,"campfire_upgraded":1,"win_rate":0.0,"timestamp":1610281956,"path_taken":["M","M","M","?","M","E","M","R","T","?","?","?","E"],"items_purchased_type":[],"build_version":"2020-12-22","purchased_purges":0,"victory":false,"max_hp_per_floor":[80,80,80,80,80,80,80,80,80,85,85,85,85,85],"card_choices":[{"not_picked":["Headbutt","Twin Strike"],"picked":"Shrug It Off","floor":0.0},{"not_picked":["Warcry","Anger"],"picked":"Second Wind","floor":1},{"not_picked":["Heavy Blade","Clothesline"],"picked":"Shrug It Off","floor":2},{"not_picked":["Perfected Strike","Dropkick"],"picked":"Fire Breathing","floor":3},{"not_picked":["Armaments","Brutality"],"picked":"Feel No Pain","floor":5},{"not_picked":["Clothesline","Iron Wave"],"picked":"Second Wind","floor":6},{"not_picked":["Ghostly Armor","Pommel Strike"],"picked":"Rage","floor":7},{"not_picked":["Cleave","Wild Strike"],"picked":"Dual Wield","floor":11}],"player_experience":192075,"relics_obtained":[{"floor":6,"key":"Unceasing Top"},{"floor":9,"key":"InkBottle"},{"floor":11,"key":"Odd Mushroom"}],"event_choices":[{"damage_healed":0,"gold_gain":75,"player_choice":"Gather Gold","damage_taken":11,"max_hp_gain":0,"max_hp_loss":0,"event_name":"World of Goop","floor":4,"gold_loss":0},{"damage_healed":0,"gold_gain":0,"player_choice":"Donut","damage_taken":0,"max_hp_gain":5,"max_hp_loss":0,"event_name":"Big Fish","floor":10,"gold_loss":0},{"damage_healed":0,"gold_gain":0,"player_choice":"Fought Mushrooms","damage_taken":0,"max_hp_gain":0,"max_hp_loss":0,"event_name":"Mushrooms","floor":11,"gold_loss":0},{"cards_removed":["Strike_R"],"damage_healed":0,"gold_gain":0,"player_choice":"Card Removal","damage_taken":7,"max_hp_gain":0,"max_hp_loss":0,"event_name":"Golden Wing","floor":12,"gold_loss":0}],"is_beta":false,"boss_relics":[],"items_purged_floors":[],"is_endless":false,"potions_floor_spawned":[2,3,11],"killed_by":"Gremlin Nob","ascension_level":0}}