{"host":"l7l2v2zs4hqku4vk","time":1610252122,"event":{"mods":["Act Like it!","BaseMod","Colored Powertips","Highlight Path","Minty Spire (QoL Compilation)","Replay The Spire","RumiaBox-露米娅的神秘盒子","StSLib","TestMod","The Servant 0.9.4","篝火指南"],"gold_per_floor":[114,61,61,76,76,106,106,136,161,176,191,191,206,236,236,381,381,441,441,441,456,471,471,501,516,541,541,541,556,631,406,406,505,505,519,429,79,93,107,107,121,121,121,150,150,25,25,25,25,25],"floor_reached":51,"playtime":1885,"items_purged":["Amnesia","Strike_G","Strike_G"],"score":683,"play_id":"770dcce8-45c4-47f5-a1a4-c8438b6ae4d0","local_time":"20210110121522","daily_mods":["Specialized","Diverse","Night Terrors"],"is_ascension_mode":false,"campfire_choices":[{"data":"Acrobatics","floor":7,"key":"SMITH"},{"data":"Cleave","floor":15,"key":"SMITH"},{"data":"Survivor","floor":23,"key":"SMITH"},{"data":"Perseverance","floor":27,"key":"SMITH"},{"data":"ReplayTheSpireMod:Omega Cannon","floor":32,"key":"SMITH"},{"data":"Echo Form","floor":40,"key":"SMITH"},{"data":"Defend_G+1","floor":42,"key":"SMITH"},{"data":"Immolate","floor":45,"key":"SMITH"},{"data":"Madness","floor":49,"key":"SMITH"}],"circlet_count":0,"master_deck":["Strike_G","Strike_G+1","Defend_G","Defend_G","Defend_G","Defend_G","Defend_G+2","Survivor+1","Neutralize","Replay:BluntJabs","Replay:BluntJabs","Replay:BluntJabs","Replay:BluntJabs+1","Replay:BluntJabs","Turbo+1","Acrobatics+1","Cleave+1","Barricade","Echo Form+1","Perseverance+1","Expertise+1","ReplayTheSpireMod:Omega Cannon+1","Static Discharge+1","BottledTime","Immolate+1","Madness+1"],"relics":["Ring of the Snake","testmod-TestBox","testmod-EnergyCheck","MagicDraw1","Eternal Feather","Bag of Marbles","Strawberry","ReplayTheSpireMod:Ring of Challenge","ReplayFunnel","testmod-Fanaticism","Dream Catcher","Simple Rune","ZombieArmy","testmod-ArcanaOfDestiny","testmod-Charity","ChewingGum","testmod-Justice","Lantern","testmod-Antiphasic"],"acts_visited":["Exordium","TheCity","TheBeyond"],"potions_floor_usage":[6,14,14,16,33,50],"damage_taken":[{"damage":0,"enemies":"2 Louse","floor":1,"turns":1},{"damage":0,"enemies":"Cultist","floor":4,"turns":2},{"damage":5,"enemies":"Gremlin Nob","floor":6,"turns":3},{"damage":16,"enemies":"Replay:BlueRogue","floor":8,"turns":5},{"damage":0,"enemies":"Small Slimes","floor":10,"turns":2},{"damage":0,"enemies":"2 Fungi Beasts","floor":11,"turns":1},{"damage":0,"enemies":"3 Louse","floor":13,"turns":2},{"damage":6,"enemies":"Lagavulin","floor":14,"turns":5},{"damage":31,"enemies":"Fading Forest","floor":16,"turns":11},{"damage":16,"enemies":"2 Thieves","floor":18,"turns":4},{"damage":4,"enemies":"Chosen","floor":21,"turns":3},{"damage":29,"enemies":"Snake Plant","floor":22,"turns":2},{"damage":64,"enemies":"Slavers","floor":24,"turns":4},{"damage":6,"enemies":"Cultist and Chosen","floor":25,"turns":3},{"damage":0,"enemies":"Centurion and Healer","floor":29,"turns":2},{"damage":23,"enemies":"Gremlin Leader","floor":30,"turns":7},{"damage":70,"enemies":"Champ","floor":33,"turns":7},{"damage":0,"enemies":"3 Shapes","floor":35,"turns":1},{"damage":0,"enemies":"3 Darklings","floor":38,"turns":2},{"damage":0,"enemies":"Spire Growth","floor":39,"turns":2},{"damage":7,"enemies":"4 Shapes","floor":41,"turns":1},{"damage":0,"enemies":"Giant Head","floor":44,"turns":2},{"damage":35,"enemies":"Replay:Hell Engine","floor":50,"turns":6}],"seed_played":"-956745095108410897","potions_obtained":[{"floor":1,"key":"Explosive Potion"},{"floor":10,"key":"Dexterity Potion"},{"floor":11,"key":"BlessingOfTheForge"},{"floor":14,"key":"LiquidMemories"},{"floor":21,"key":"SteroidPotion"},{"floor":24,"key":"Poison Potion"},{"floor":29,"key":"AttackPotion"},{"floor":33,"key":"Explosive Potion"},{"floor":35,"key":"SkillPotion"}],"is_trial":false,"path_per_floor":["M","$","?","M","?","E","R","E","T","M","M","?","M","E","R","B",null,"M","?","?","M","M","R","E","M","T","R","?","M","E","$","R","B",null,"M","?","$","M","M","R","M","R","T","E","R","$","?","?","R","B",null],"character_chosen":"THE_SILENT","items_purchased":["Turbo","testmod-Charity","testmod-Justice"],"campfire_rested":0,"item_purchase_floors":[2,31,37],"current_hp_per_floor":[70,70,70,70,63,58,67,51,58,58,58,58,58,52,64,43,77,74,60,60,56,57,69,81,77,77,82,82,82,79,79,82,75,83,84,84,84,85,86,86,80,87,87,88,88,88,77,77,88,93],"gold":25,"neow_bonus":"","is_daily":true,"chose_seed":false,"campfire_upgraded":9,"win_rate":0.0,"timestamp":1610252122,"path_taken":["M","$","?","?","?","E","R","E","T","M","M","?","M","E","R","BOSS","M","?","?","M","M","R","E","M","T","R","?","M","E","$","R","BOSS","M","?","?","M","M","R","?","R","T","E","R","$","?","?","R","BOSS"],"items_purchased_type":["Card","Relic","Relic"],"build_version":"2020-12-22","purchased_purges":3,"victory":true,"max_hp_per_floor":[70,70,70,70,70,70,70,70,77,77,77,77,77,77,77,77,77,77,82,82,82,82,82,82,82,82,82,82,82,82,82,82,83,83,84,84,84,85,86,86,87,87,87,88,88,88,88,88,88,93],"card_choices":[{"not_picked":["Orbit","Massacre","Deflect"],"picked":"SKIP","floor":1},{"not_picked":["Reinforced Body","Flying Knee"],"picked":"Acrobatics","floor":4},{"not_picked":["Leap","Underhanded Strike","ShatteredReality"],"picked":"SKIP","floor":6},{"not_picked":["ReplayTheSpireMod:Strike From Hell","Sabotage"],"picked":"Cleave","floor":8},{"not_picked":["Time Bomb","Replay:AtTheReady","InstantArmor"],"picked":"SKIP","floor":10},{"not_picked":["Anger","Unruled","Rupture"],"picked":"SKIP","floor":11},{"not_picked":["ReplayTheSpireMod:System Scan","FlurryOfBlows"],"picked":"Barricade","floor":13},{"not_picked":["Perfected Strike","Worship","Flying Knee"],"picked":"SKIP","floor":14},{"not_picked":["All For One","Double Tap"],"picked":"Echo Form","floor":16},{"not_picked":["Swivel","FlyingSleeves","Havoc"],"picked":"SKIP","floor":18},{"not_picked":["Clash","ReplayTheSpireMod:Muscle Training+1","Evaluate+1"],"picked":"SKIP","floor":21},{"not_picked":["Double Energy","Replay:Undeath\u0027s Touch","Sucker Punch"],"picked":"SKIP","floor":22},{"not_picked":["Panic Button+1","Perseverance","Pray+1"],"picked":"SKIP","floor":24},{"not_picked":["Panic Button+1","Pray+1"],"picked":"Perseverance","floor":24},{"not_picked":["Unruled","BootSequence"],"picked":"Expertise+1","floor":25},{"not_picked":["Sneak Up","Collapse","Replace"],"picked":"SKIP","floor":29},{"not_picked":["Compile Driver","Replay:Anticipation","Consecrate"],"picked":"SKIP","floor":30},{"not_picked":["ClearTheMind","Underhanded Strike"],"picked":"Static Discharge+1","floor":35},{"not_picked":["Blizzard","Well Laid Plans"],"picked":"BottledTime","floor":38},{"not_picked":["EmptyFist","Fusion+1","Hidden Blade"],"picked":"SKIP","floor":39},{"not_picked":["Replace+1","PiercingWail","Ricochet"],"picked":"SKIP","floor":41},{"not_picked":["Pummel","Shockwave+1"],"picked":"Immolate","floor":44}],"player_experience":1690178,"relics_obtained":[{"floor":6,"key":"Eternal Feather"},{"floor":8,"key":"Bag of Marbles"},{"floor":9,"key":"Strawberry"},{"floor":12,"key":"ReplayTheSpireMod:Ring of Challenge"},{"floor":14,"key":"ReplayFunnel"},{"floor":24,"key":"Simple Rune"},{"floor":26,"key":"ZombieArmy"},{"floor":30,"key":"testmod-ArcanaOfDestiny"},{"floor":43,"key":"Lantern"},{"floor":44,"key":"testmod-Antiphasic"}],"event_choices":[{"damage_healed":0,"gold_gain":0,"player_choice":"Upgraded","damage_taken":0,"max_hp_gain":0,"max_hp_loss":0,"event_name":"Upgrade Shrine","floor":3,"gold_loss":0,"cards_upgraded":["Turbo"]},{"damage_healed":0,"gold_gain":0,"player_choice":"Success","damage_taken":7,"relics_obtained":["MagicDraw1"],"max_hp_gain":0,"max_hp_loss":0,"event_name":"Scrap Ooze","floor":5,"gold_loss":0},{"damage_healed":0,"gold_gain":0,"player_choice":"Shed Blood","damage_taken":19,"max_hp_gain":5,"max_hp_loss":0,"event_name":"Forgotten Altar","floor":19,"gold_loss":0},{"damage_healed":0,"gold_gain":0,"player_choice":"Opened","damage_taken":0,"relics_obtained":["Dream Catcher"],"max_hp_gain":0,"max_hp_loss":0,"event_name":"The Mausoleum","floor":20,"gold_loss":0},{"damage_healed":0,"gold_gain":0,"player_choice":"Read","damage_taken":0,"max_hp_gain":0,"max_hp_loss":0,"event_name":"The Library","floor":28,"gold_loss":0,"cards_obtained":["ReplayTheSpireMod:Omega Cannon"]},{"cards_removed":["Strike_G"],"damage_healed":0,"gold_gain":0,"player_choice":"Upgrade and Remove","damage_taken":0,"max_hp_gain":0,"max_hp_loss":0,"event_name":"Designer","floor":36,"gold_loss":90,"cards_upgraded":["Replay:BluntJabs"]},{"damage_healed":0,"gold_gain":0,"player_choice":"Embrace Madness","damage_taken":11,"max_hp_gain":0,"max_hp_loss":0,"event_name":"Winding Halls","floor":47,"gold_loss":0,"cards_obtained":["Madness","Madness"]},{"cards_removed":["Madness"],"damage_healed":0,"gold_gain":0,"player_choice":"Removed Skill","damage_taken":0,"max_hp_gain":0,"max_hp_loss":0,"event_name":"Falling","floor":48,"gold_loss":0}],"is_beta":false,"boss_relics":[{"not_picked":["Empty Cage","Calling Bell"],"picked":"testmod-Fanaticism"},{"not_picked":["Snecko Scales","Fusion Hammer"],"picked":"ChewingGum"}],"items_purged_floors":[31,37,46],"is_endless":false,"potions_floor_spawned":[1,10,11,14,21,24,29,33,35,41],"ascension_level":0}}