{"host":"yvxwvf4t2vu8n8lg","time":1610284609,"event":{"mods":["BaseMod","Downfall","Hermit","Marisa£®ÏF”Í°°ƒß¿Ì…≥£©","Minty Spire (QoL Compilation)","Prisma Mod","Reimu£®≤©¿ˆ¡È√Œ£©","Remilia£®¿Ÿ√◊¿Ú—«£©","Replay The Spire","StSLib","The Alterego","The Cursed","The Servant 0.9.4","WarShipGirlsR/’ΩΩ¢…Ÿ≈ÆR mod","Yakumo Yukari mod","Youmu£®ªÍ∆«—˝√Œ£©","Yuyuko"],"gold_per_floor":[116,132,132,57,57,96,112,112,112,126,126,126,150,166,166,285,285,301,150,191,241,93,93,107,140,163,163,38,38,63,87,87,213,213,236,261,279,129,148,148,162,196,196,216,279,279,323,337,337,337],"floor_reached":51,"playtime":4511,"items_purged":["Defend_S","Strike_S","Strike_S","Defend_S"],"score":779,"play_id":"8fca1b65-6471-4ba2-b014-904923d7f629","local_time":"20210110211649","is_ascension_mode":false,"campfire_choices":[{"floor":8.0,"key":"REST"},{"data":"WasteNot","floor":12.0,"key":"SMITH"},{"floor":15.0,"key":"REST"},{"data":"FlawlessForm","floor":23.0,"key":"SMITH"},{"floor":27.0,"key":"REST"},{"data":"Ricochet","floor":29.0,"key":"SMITH"},{"floor":32.0,"key":"REST"},{"data":"KillingDoll","floor":40.0,"key":"SMITH"},{"floor":46.0,"key":"REST"},{"data":"FloweringNight","floor":49.0,"key":"SMITH"}],"circlet_count":0,"master_deck":["Strike_S","Strike_S","Defend_S","Defend_S","KidneyShot","Exchange","Comet","Comet+1","Solidify+1","Ricochet+1","WasteNot+1","FloweringNight+1","Sabotage","Solidify+1","Replace+1","BottledTime+1","BottledTime+1","FlawlessForm+1","Rearm+1","KillingDoll+1","Shuttle+1","StarChef","Initiator","SpecialFormula+1","DoubleEdge","Duplication+1","GearUp+1","Parasite","SpecialFormula+1"],"relics":["Uniform","Golden Idol","Toxic Egg 2","Potion Belt","MysterySword","Red Mask","Lantern","Centennial Puzzle","Runic Dome","Ancient Tea Set","Mirror","Pocketwatch","Iron Hammer"],"acts_visited":["Exordium","TheCity","TheBeyond"],"potions_floor_usage":[50,50,50],"damage_taken":[{"damage":9.0,"enemies":"2 Louse","floor":1.0,"turns":3.0},{"damage":0.0,"enemies":"Cultist","floor":2.0,"turns":3.0},{"damage":19.0,"enemies":"3 Sentries","floor":6.0,"turns":9.0},{"damage":0.0,"enemies":"Small Slimes","floor":7.0,"turns":3.0},{"damage":0.0,"enemies":"Exordium Thugs","floor":10.0,"turns":3.0},{"damage":11.0,"enemies":"Looter","floor":13.0,"turns":4.0},{"damage":7.0,"enemies":"2 Fungi Beasts","floor":14.0,"turns":2.0},{"damage":41.0,"enemies":"Fading Forest","floor":16.0,"turns":11.0},{"damage":21.0,"enemies":"Spheric Guardian","floor":18.0,"turns":4.0},{"damage":23.0,"enemies":"Masked Bandits","floor":20.0,"turns":4.0},{"damage":8.0,"enemies":"3 Byrds","floor":24.0,"turns":4.0},{"damage":0.0,"enemies":"Gremlin Leader","floor":25.0,"turns":4.0},{"damage":0.0,"enemies":"Shelled Parasite and Fungi","floor":30.0,"turns":5.0},{"damage":5.0,"enemies":"Snake Plant","floor":31.0,"turns":5.0},{"damage":35.0,"enemies":"Pondfish","floor":33.0,"turns":11.0},{"damage":27.0,"enemies":"3 Darklings","floor":35.0,"turns":5.0},{"damage":0.0,"enemies":"Orb Walker","floor":36.0,"turns":2.0},{"damage":0.0,"enemies":"Spire Growth","floor":37.0,"turns":3.0},{"damage":46.0,"enemies":"3 Darklings","floor":39.0,"turns":3.0},{"damage":2.0,"enemies":"Maw","floor":41.0,"turns":4.0},{"damage":0.0,"enemies":"Nemesis","floor":42.0,"turns":5.0},{"damage":0.0,"enemies":"Writhing Mass","floor":44.0,"turns":3.0},{"damage":19.0,"enemies":"Mind Bloom Boss Battle","floor":45.0,"turns":5.0},{"damage":0.0,"enemies":"Giant Head","floor":47.0,"turns":4.0},{"damage":13.0,"enemies":"Jaw Worm Horde","floor":48.0,"turns":3.0},{"damage":4,"enemies":"Replay:Hell Engine","floor":50,"turns":7}],"seed_played":"4522621591257221274","potions_obtained":[{"floor":1.0,"key":"Explosive Potion"},{"floor":7.0,"key":"Toxic Potion"},{"floor":10.0,"key":"Explosive Potion"},{"floor":16.0,"key":"champ:CounterPotion"},{"floor":18.0,"key":"Elixir"},{"floor":20.0,"key":"Cursed Concoction"},{"floor":30.0,"key":"SmokeBomb"},{"floor":36.0,"key":"DuplicationPotion"},{"floor":41.0,"key":"LiquidMemories"},{"floor":45.0,"key":"Ancient Potion"},{"floor":48.0,"key":"Milkshake"}],"is_trial":false,"path_per_floor":["M","M","?","$","?","E","M","R","T","M","?","R","M","M","R","B",null,"M","$","?","?","$","R","M","E","T","R","$","R","M","M","R","B",null,"M","M","M","$","M","R","M","E","T","M","?","R","E","M","R","B",null],"character_chosen":"THE_SERVANT","items_purchased":["BottledTime+1","FlawlessForm"],"campfire_rested":5,"item_purchase_floors":[19,22],"current_hp_per_floor":[62,62,62,62,45,26,26,47,47,47,47,47,36,29,50,19,71,50,50,27,27,27,27,19,19,19,40,40,40,40,35,56,21,71,44,52,60,60,22,22,28,44,44,52,41,62,70,58,58,70],"gold":337,"neow_bonus":"TEN_PERCENT_HP_BONUS","is_daily":false,"chose_seed":false,"campfire_upgraded":5,"win_rate":0.0,"timestamp":1610284609,"path_taken":["M","M","?","?","?","E","M","R","T","M","?","R","M","M","R","BOSS","M","$","?","?","$","R","M","E","T","R","$","R","M","?","R","BOSS","M","?","M","$","M","R","M","E","T","M","?","R","E","M","R","BOSS"],"items_purchased_type":["Card","Card"],"build_version":"2020-12-22","purchased_purges":4,"victory":true,"max_hp_per_floor":[71,71,71,71,71,71,71,71,71,71,71,71,71,71,71,71,71,71,71,71,71,71,71,71,71,71,71,71,71,71,71,71,71,71,71,71,71,71,71,71,71,71,71,71,71,71,71,71,71,71],"card_choices":[{"not_picked":["Revamp","Alleviate"],"picked":"Comet","floor":1.0},{"not_picked":["Ricochet","DoubleEdge"],"picked":"Comet","floor":2.0},{"not_picked":["Duplication+1","DualDimension+1"],"picked":"Solidify+1","floor":6.0},{"not_picked":["Spin","Alleviate+1"],"picked":"Ricochet","floor":7.0},{"not_picked":["Potential","Defy+1"],"picked":"WasteNot","floor":10.0},{"not_picked":["FanOfKnives","Ricochet"],"picked":"FloweringNight","floor":13.0},{"not_picked":["RealityMarble","Reset+1"],"picked":"Sabotage","floor":14.0},{"not_picked":["Dilation+1","Sunlight"],"picked":"Solidify+1","floor":16.0},{"not_picked":["WasteNot","Alleviate+1"],"picked":"Replace+1","floor":18.0},{"not_picked":["Potential","Defy+1"],"picked":"BottledTime+1","floor":20.0},{"not_picked":["FastForward+1","Sabotage"],"picked":"Rearm+1","floor":24.0},{"not_picked":["Sabotage","StarChef+1"],"picked":"KillingDoll","floor":25.0},{"not_picked":["Rearm+1","Sabotage"],"picked":"Shuttle+1","floor":30.0},{"not_picked":["Starlight","Defy+1"],"picked":"StarChef","floor":31.0},{"not_picked":["Solidify+1","KillingDoll"],"picked":"Initiator","floor":33.0},{"not_picked":["TimeWarp+1","ShiftingGears+1"],"picked":"SpecialFormula+1","floor":35.0},{"not_picked":["FastForward+1","ShatteredReality+1"],"picked":"DoubleEdge","floor":36.0},{"not_picked":["Starlight+1","Defy+1","Revamp+1"],"picked":"SKIP","floor":37.0},{"not_picked":["Defy+1","Spin+1"],"picked":"Duplication+1","floor":39.0},{"not_picked":["Misdirection+1","Replace+1"],"picked":"GearUp+1","floor":41.0},{"not_picked":["WasteNot+1","ReturningBlade","DualDimension+1"],"picked":"SKIP","floor":42.0},{"not_picked":["Defy+1","Unruled","Starlight"],"picked":"SKIP","floor":44.0},{"not_picked":["DoubleEdge+1","TimeWarp+1","Alleviate+1"],"picked":"SKIP","floor":47.0},{"not_picked":["SurpressingFire","ShatteredReality+1"],"picked":"SpecialFormula+1","floor":48.0}],"player_experience":12638,"relics_obtained":[{"floor":6.0,"key":"Toxic Egg 2"},{"floor":9.0,"key":"Potion Belt"},{"floor":20.0,"key":"Red Mask"},{"floor":25.0,"key":"Lantern"},{"floor":26.0,"key":"Centennial Puzzle"},{"floor":42.0,"key":"Ancient Tea Set"},{"floor":43.0,"key":"Mirror"},{"floor":45.0,"key":"Pocketwatch"},{"floor":47.0,"key":"Iron Hammer"}],"event_choices":[{"damage_healed":0.0,"max_hp_gain":0.0,"max_hp_loss":0.0,"gold_gain":0.0,"event_name":"Upgrade Shrine","player_choice":"Upgraded","floor":3.0,"gold_loss":0.0,"damage_taken":0.0,"cards_upgraded":["Comet"]},{"damage_healed":0.0,"max_hp_gain":0.0,"max_hp_loss":0.0,"gold_gain":0.0,"event_name":"Golden Idol","player_choice":"Take Damage","floor":5.0,"gold_loss":0.0,"damage_taken":17.0,"relics_obtained":["Golden Idol"]},{"damage_healed":0.0,"max_hp_gain":0.0,"max_hp_loss":0.0,"gold_gain":0.0,"event_name":"Masked Bandits","player_choice":"Fought Bandits","floor":20.0,"gold_loss":0.0,"damage_taken":0.0},{"damage_healed":0.0,"max_hp_gain":0.0,"max_hp_loss":0.0,"gold_gain":100.0,"event_name":"The Joust","player_choice":"Bet on Murderer","floor":21.0,"gold_loss":50.0,"damage_taken":0.0},{"damage_healed":0.0,"max_hp_gain":0.0,"max_hp_loss":0.0,"gold_gain":0.0,"event_name":"MindBloom","player_choice":"Fight","floor":45.0,"gold_loss":0.0,"damage_taken":0.0}],"is_beta":false,"boss_relics":[{"not_picked":["SlaversCollar","Calling Bell"],"picked":"MysterySword"},{"not_picked":["Cursed Key","Velvet Choker"],"picked":"Runic Dome"}],"items_purged_floors":[4,19,28,38],"is_endless":false,"potions_floor_spawned":[1,7,10,16,18,20,30,36,41,45,48],"ascension_level":0}}