{"host":"6rmw1q50jy0xmvyl","time":1610290005,"event":{"mods":["BaseMod","BetterRewards","Clockwork Mod","Colored Map","Duelist Mod","Infinite Spire","Minty Spire (QoL Compilation)","Remove Card Discount Mod","StSLib","thorton","??????REMEMod"],"gold_per_floor":[144,167,267,9,9,27,45,45,71,71,88,121,132,145,145,222,222,252,252,167,272,272,312,327,327,327,3,28,65,65,89,89,203,203,224,245,245,245],"floor_reached":37,"playtime":2269,"items_purged":["theDuelist:CastleWalls","theDuelist:CastleWalls","theDuelist:Sparks","theDuelist:Sparks","theDuelist:Deskbot004","theDuelist:Deskbot004","theDuelist:VampireCurse"],"score":1128,"play_id":"39792c48-2626-4ad5-9b04-9db0bad26d1d","local_time":"20210110154645","is_ascension_mode":true,"campfire_choices":[{"floor":8,"key":"REST"},{"data":"theDuelist:ShortCircuit","floor":10,"key":"SMITH"},{"data":"theDuelist:DianKeto","floor":15,"key":"SMITH"},{"data":"theDuelist:MetalDragon","floor":30,"key":"SMITH"},{"floor":32,"key":"REST"}],"circlet_count":0,"master_deck":["theDuelist:YellowGadget","theDuelist:MetalDragon+1","theDuelist:CardsFromTheSky","theDuelist:AncientGearChimera","theDuelist:OrbMetronome","theDuelist:OutriggerExtension","theDuelist:PlatinumGadget","theDuelist:RedEyes","theDuelist:Biofalcon","theDuelist:SparkBlaster","theDuelist:ShortCircuit+1","theDuelist:Deskbot005","theDuelist:Deskbot005","theDuelist:GreenGadget","AscendersBane"],"relics":["theDuelist:MillenniumPuzzle","theDuelist:CardPoolRelic","theDuelist:CardPoolBasicRelic","theDuelist:BoosterPackPoolRelic","theDuelist:CardPoolAddRelic","theDuelist:CardPoolMinusRelic","theDuelist:CardPoolSaveRelic","theDuelist:CardPoolOptionsRelic","REME_ComplimentaryCards","theDuelist:RouletteWheel","Vajra","Sling","Orichalcum","theDuelist:MillenniumCoin","theDuelist:BoosterPackHealer","Regal Pillow","Prayer Wheel","thethorton:GreedFountain","Bag of Preparation","Bottled Lightning","theDuelist:MillenniumRod","Tingsha","Gremlin Horn","Membership Card","infinitespire:Beetle Shell","Black Star"],"acts_visited":["Exordium","TheCity","TheBeyond"],"potions_floor_usage":[12,12,13,16,23,31,31,37],"damage_taken":[{"damage":0,"enemies":"Cultist","floor":1,"turns":4},{"damage":0,"enemies":"Small Slimes","floor":6,"turns":4},{"damage":0,"enemies":"Jaw Worm","floor":7,"turns":2},{"damage":0,"enemies":"2 Fungi Beasts","floor":11,"turns":3},{"damage":11,"enemies":"3 Sentries","floor":12,"turns":4},{"damage":0,"enemies":"Large Slime","floor":13,"turns":2},{"damage":2,"enemies":"Looter","floor":14,"turns":2},{"damage":8,"enemies":"The Guardian","floor":16,"turns":6},{"damage":0,"enemies":"Chosen","floor":18,"turns":2},{"damage":8,"enemies":"theDuelist:KaibaA2","floor":23,"turns":4},{"damage":0,"enemies":"3 Byrds","floor":24,"turns":4},{"damage":2,"enemies":"Shelled Parasite and Fungi","floor":28,"turns":2},{"damage":0,"enemies":"REME_1_Revenger","floor":29,"turns":2},{"damage":14,"enemies":"Snake Plant","floor":31,"turns":3},{"damage":11,"enemies":"Automaton","floor":33,"turns":5},{"damage":17,"enemies":"3 Shapes","floor":35,"turns":2},{"damage":57,"enemies":"3 Darklings","floor":36,"turns":4},{"damage":9,"enemies":"Spire Growth","floor":37,"turns":1}],"seed_played":"8866396009001282236","potions_obtained":[{"floor":6,"key":"LiquidBronze"},{"floor":7,"key":"Explosive Potion"},{"floor":12,"key":"CunningPotion"},{"floor":13,"key":"theDuelist:VoidBottle"},{"floor":18,"key":"theDuelist:OrbBottle"},{"floor":28,"key":"Swift Potion"},{"floor":29,"key":"SkillPotion"},{"floor":33,"key":"SteroidPotion"}],"is_trial":false,"path_per_floor":["M","T","?","$","?","M","M","R","T","R","M","E","M","M","R","B",null,"M","?","?","T","?","E","M","T","T","$","M","E","R","M","R","B",null,"M","M","M"],"character_chosen":"THE_DUELIST","items_purchased":["theDuelist:RouletteWheel","Vajra","Sling","theDuelist:BoosterPackHealer","theDuelist:OrbMetronome","Membership Card"],"campfire_rested":2,"item_purchase_floors":[0,0,0,4,27,27],"current_hp_per_floor":[43,43,43,43,36,36,40,61,61,61,61,50,54,52,52,66,69,70,57,57,57,57,49,53,53,53,53,59,63,63,49,75,64,72,59,6,0,0],"gold":245,"neow_bonus":"","is_daily":false,"chose_seed":false,"campfire_upgraded":3,"win_rate":0.0,"timestamp":1610290005,"path_taken":["M","?","?","$","?","?","M","R","T","R","M","E","M","M","R","BOSS","M","?","?","?","?","E","M","?","T","?","M","E","R","?","R","BOSS","M","M","M"],"items_purchased_type":["Relic","Relic","Relic","Relic","Card","Relic"],"build_version":"2020-12-22","purchased_purges":7,"victory":false,"max_hp_per_floor":[70,70,70,70,70,70,70,70,70,70,70,70,70,70,70,70,70,70,75,75,75,75,75,75,75,75,75,75,75,75,75,75,75,75,75,75,75,75],"card_choices":[{"not_picked":["theDuelist:Hinotama","theDuelist:Sangan","theDuelist:Kuriboh","theDuelist:StrayLambs","theDuelist:MagicalStone"],"picked":"SKIP","floor":1},{"not_picked":["theDuelist:GenexAllyBirdman","theDuelist:Deskbot005","theDuelist:Deskbot003","theDuelist:PortableBatteryPack"],"picked":"theDuelist:AncientGearChimera","floor":6},{"not_picked":["theDuelist:WonderGarage","theDuelist:ImperialOrder","theDuelist:ArtifactSanctum","theDuelist:Overworked"],"picked":"theDuelist:ShortCircuit","floor":7},{"not_picked":["theDuelist:DoubleTool","theDuelist:JunkKuriboh","theDuelist:AncientGearBox","theDuelist:CannonSoldier"],"picked":"theDuelist:SparkBlaster","floor":11},{"not_picked":["theDuelist:Apoqliphort","theDuelist:SatelliteCannon","theDuelist:GoldGadget","theDuelist:Deskbot007"],"picked":"theDuelist:PlatinumGadget","floor":12},{"not_picked":["theDuelist:DoubleTool","theDuelist:Deskbot005","theDuelist:Deskbot004","theDuelist:CoreBlaster"],"picked":"theDuelist:YellowGadget","floor":13},{"not_picked":["Apotheosis","Enlightenment","Good Instincts","Secret Technique"],"picked":"SKIP","floor":13},{"not_picked":["theDuelist:BigFire","theDuelist:Terraforming","theDuelist:BattleFootballer","theDuelist:ChangeHeart"],"picked":"theDuelist:DianKeto","floor":14},{"not_picked":["theDuelist:BigFire","theDuelist:LightningDarts","theDuelist:JunkSpeeder","theDuelist:PowerGiant","theDuelist:SeismicShockwave"],"picked":"SKIP","floor":14},{"not_picked":["theDuelist:BarrelDragon","theDuelist:AncientGearReactorDragon+1","theDuelist:AncientGearGadjiltron","theDuelist:MegafleetDragon"],"picked":"theDuelist:MetalDragon","floor":18},{"not_picked":["theDuelist:WonderGarage","theDuelist:CatapultTurtle","theDuelist:ArtifactSanctum"],"picked":"theDuelist:OutriggerExtension","floor":18},{"not_picked":["theDuelist:GearGigant","theDuelist:Factory100Machines","theDuelist:Deskbot003","theDuelist:GenexAllyBirdman"],"picked":"theDuelist:CardsFromTheSky","floor":23},{"not_picked":["theDuelist:Apoqliphort+1","theDuelist:SwordsConcealing","theDuelist:SlotMachine","theDuelist:SevenCompleted","theDuelist:PineappleBlast"],"picked":"SKIP","floor":24},{"not_picked":["theDuelist:Oilman","theDuelist:AncientGearChimera","theDuelist:ElectromagneticTurtle","theDuelist:AncientGearBox","theDuelist:ChaosAncientGearGiant"],"picked":"SKIP","floor":24},{"not_picked":["theDuelist:Geargiauger","theDuelist:DoubleTool","theDuelist:Factory100Machines","theDuelist:Deskbot005+1","theDuelist:Deskbot006+1"],"picked":"SKIP","floor":28},{"not_picked":["theDuelist:GadgetSoldier","theDuelist:Deskbot008","theDuelist:ElectromagneticTurtle","theDuelist:CyberRaider","theDuelist:JumboDrill"],"picked":"SKIP","floor":28},{"not_picked":["theDuelist:GravityBlaster","theDuelist:AncientGearFist","theDuelist:MachineDuplication","theDuelist:AncientGearWorkshop","theDuelist:Geartown"],"picked":"SKIP","floor":29},{"not_picked":["theDuelist:GravityBlaster","theDuelist:Deskbot006","theDuelist:YellowGadget","theDuelist:CardsFromTheSky","theDuelist:RedGadget+1"],"picked":"SKIP","floor":31},{"not_picked":["theDuelist:GravityBlaster","theDuelist:BreakDraw","theDuelist:DarkFactory","theDuelist:AncientGearExplosive","theDuelist:SevenCompleted+1"],"picked":"SKIP","floor":31},{"not_picked":["theDuelist:SparkBlaster+1","theDuelist:ParallelPortArmor","theDuelist:DoubleTool+1","theDuelist:AncientGearFist+1","theDuelist:MagicalStone+1"],"picked":"SKIP","floor":35},{"not_picked":["theDuelist:BlockGolem","theDuelist:GemElephant","theDuelist:LabyrinthWall","theDuelist:LostGuardian","theDuelist:PowerGiant"],"picked":"SKIP","floor":35},{"not_picked":["theDuelist:Geargiauger","theDuelist:GreenGadget","theDuelist:Deskbot003+1","theDuelist:FrontlineObserver","theDuelist:BlastAsmodian"],"picked":"SKIP","floor":36},{"not_picked":["theDuelist:TokenVacuum","theDuelist:PortableBatteryPack","theDuelist:MetalDetector+1","theDuelist:BlastingFuse+1","theDuelist:ArtifactSanctum"],"picked":"SKIP","floor":36}],"player_experience":703436,"relics_obtained":[{"floor":2,"key":"Orichalcum"},{"floor":9,"key":"Regal Pillow"},{"floor":12,"key":"Prayer Wheel"},{"floor":21,"key":"Bottled Lightning"},{"floor":23,"key":"theDuelist:MillenniumRod"},{"floor":25,"key":"Tingsha"},{"floor":26,"key":"Gremlin Horn"},{"floor":29,"key":"infinitespire:Beetle Shell"}],"event_choices":[{"damage_healed":0,"gold_gain":0,"player_choice":"Took item - Received: Millennium Coin","duelist":true,"damage_taken":0,"max_hp_gain":0,"max_hp_loss":0,"event_name":"Millennium Items","floor":3,"gold_loss":0},{"damage_healed":0,"gold_gain":0,"player_choice":"Damaged","damage_taken":7,"max_hp_gain":0,"max_hp_loss":0,"event_name":"Wheel of Change","floor":5,"gold_loss":0},{"damage_healed":0,"gold_gain":0,"player_choice":"Shed Blood","damage_taken":18,"max_hp_gain":5,"max_hp_loss":0,"event_name":"Forgotten Altar","floor":19,"gold_loss":0},{"damage_healed":0,"gold_gain":0,"player_choice":"Obtained Relic","damage_taken":0,"relics_obtained":["Bag of Preparation"],"max_hp_gain":0,"max_hp_loss":0,"event_name":"Addict","floor":20,"gold_loss":85},{"damage_healed":0,"gold_gain":0,"player_choice":"Leave","duelist":true,"damage_taken":0,"max_hp_gain":0,"max_hp_loss":0,"event_name":"Battle City","floor":22,"gold_loss":0}],"is_beta":false,"boss_relics":[{"not_picked":["theDuelist:MillenniumKey","Sozu"],"picked":"thethorton:GreedFountain"},{"not_picked":["theDuelist:HauntedRelic","REME_DemonsWealth"],"picked":"Black Star"}],"items_purged_floors":[0,0,0,0,0,0,4],"is_endless":false,"potions_floor_spawned":[6,7,12,13,18,28,29,33],"killed_by":"Spire Growth","ascension_level":14}}