{"host":"qkbnayyek6fga752","time":1610259530,"event":{"mods":["2.2 Compatiblity","Arknights The Spire","Aspiration","Astrologer","BaseMod","Beaked The Cultist","Better Altar","Better Match","Better Note","Better Sensory Stone","Better Skull","Better Third Choice","CCEM","CapriCore","ChefMod","Clockwork Mod","Conspire","Ekko","Energized Spire","Evolution","Glutton Mod","Hermit","Hubris","Humility","Jedi Mod","Koishi","Mad Scientist","Marisa????????","Minty Spire (QoL Compilation)","Quarter Circle Forward PUNCH!","Random Character Mod","Replay The Spire","Robot Space Explorer","SIMod","Spicy Shops","StSLib","The Administrix","The Alterego","The Blackbeard","The Blue Laboratory","The Bug Knight","The Construct","The Cursed","The Death Knight","The Disciple","The Druid","The Exalted","The Forsaken","The Gatherer","The Hayseed","The Hierophant","The Immortal","The Juggle","The Marked","The Necromancer","The Problem Sleuth","The Runesmith","The Sage","The Senshi","The Vixen","TheArtist","TheLocksmith","TheSwordswoman","TheVacant","TheVelvet","TheWitcher","Trackpad","Yuri Mod","thorton","vexMod"],"gold_per_floor":[118,138,152,152,152,152,180,180,180,190,208,241,55,89,89,191,191,209,229,243,243,67,67,95,95,170,201,212,246,246,258,258,363,363,374,724,736,736,766,800,800,830,830,830,841,869,884,32,32,32],"floor_reached":51,"playtime":3378,"items_purged":["Normality"],"score":1093,"play_id":"8e02da0e-ff84-4989-afd3-c6d8316b99b7","local_time":"20210110011850","daily_mods":["SealedDeck","Heirloom","DeadlyEvents","Elite Swarm","Uncertain Future"],"is_ascension_mode":false,"campfire_choices":[{"data":"Summon_Undead","floor":6,"key":"SMITH"},{"data":"Summon_Death_Knight","floor":8,"key":"SMITH"},{"data":"Summon_Vampire_Lady","floor":15,"key":"SMITH"},{"data":"Summon_Death_Knight","floor":23,"key":"SMITH"},{"data":"Summon_Vampire_Lady","floor":30,"key":"SMITH"},{"data":"Summon_Death_Knight","floor":32,"key":"SMITH"},{"data":"Summon_Vampire_Lady","floor":41,"key":"SMITH"},{"data":"Blood_Magic","floor":44,"key":"SMITH"},{"data":"Summon_Death_Knight","floor":49,"key":"SMITH"}],"circlet_count":0,"master_deck":["Bone_Armor","Bone_Armor","Summon_Undead+1","Summon_Undead+1","Stop_Heart","Bones_to_Steel","Pandemic","Acid_Javelin","Bone_Armory","Summon_Undead_Army","Summon_Lich","Toxic_Smoke_Screen","Bone_Prison","Summon_Death_Knight+1","Toxic_Smoke_Screen","Plague_Bolt","Summon_Vampire_Lady+1","Sadistic Nature","Summon_Death_Knight+1","Skeleton_Dragon+1","Bone_Armory+1","Bone_Armory+1","construct:FlameCore+1","Bone_Armory","Clumsy","Summon_Vampire_Lady+1","Summon_Death_Knight+1","Toxic_Smoke_Screen","Summon_Death_Knight+1","Necrotic_Claws+1","CommonCold","Shame","jedi:thedog","Corrupt+1","Blood_Magic+1","Summon_Vampire_Lady+1","Cloudkill","Blood_Curse+1","Skeleton_Dragon","Bone_Armor+1","Summon_Death_Knight+1","Bones_to_Steel","Bones_to_Steel"],"relics":["Vampire_Amulet","qcfpunch:Spiky_Bracers","qcfpunch:White_Boots","qcfpunch:Handcuffs","EVO:Axolotl","Incense Burner","Pen Nib","Smiling Mask","ReplayTheSpireMod:Lightbulb","Pet Ghost","Runic Dome","aspiration:VileToxins","qcfpunch:Wrestler\u0027s_Cloak","conspire:Flyswatter","Gremlin Food","theForsaken:Lifeblossom","Painkiller Herb","Ring of Chaos","Ring of Greed","Replay:Wax Seal","Old Coin","aspiration:SeaSaltIceCream","aspiration:Nostalgia","TheVixenMod:BurningStick","Bromod:ArcaneTempo","Regal Pillow","Ornamental Fan","White Beast Statue","qcfpunch:Primary_Brush","Guide Book","trackpad:CultistFigurine","thethorton:BrokenCalculator","Bag of Preparation"],"acts_visited":["Exordium","TheCity","TheBeyond"],"potions_floor_usage":[20,27,50,50,50],"damage_taken":[{"damage":0,"enemies":"2 Louse","floor":1,"turns":3},{"damage":9,"enemies":"Jaw Worm","floor":2,"turns":3},{"damage":6,"enemies":"Cultist","floor":3,"turns":3},{"damage":46,"enemies":"Gremlin Nob","floor":7,"turns":6},{"damage":1,"enemies":"Exordium Wildlife","floor":10,"turns":3},{"damage":0,"enemies":"2 Fungi Beasts","floor":11,"turns":3},{"damage":4,"enemies":"Lagavulin","floor":12,"turns":6},{"damage":12,"enemies":"Gremlin Nob","floor":14,"turns":4},{"damage":0,"enemies":"Fading Forest","floor":16,"turns":11},{"damage":0,"enemies":"3 Byrds","floor":18,"turns":3},{"damage":3,"enemies":"Shell Parasite","floor":19,"turns":3},{"damage":4,"enemies":"Centurion and Healer","floor":20,"turns":3},{"damage":0,"enemies":"HollowMod:Nosk","floor":24,"turns":5},{"damage":43,"enemies":"Gremlin Leader","floor":27,"turns":6},{"damage":17,"enemies":"3 Cultists","floor":28,"turns":4},{"damage":8,"enemies":"conspire:SneckoGhost","floor":29,"turns":5},{"damage":24,"enemies":"Sentry and Sphere","floor":31,"turns":6},{"damage":27,"enemies":"Collector","floor":33,"turns":7},{"damage":15,"enemies":"3 Shapes","floor":35,"turns":4},{"damage":28,"enemies":"3 Darklings","floor":37,"turns":5},{"damage":13,"enemies":"R_Hoarder","floor":39,"turns":7},{"damage":35,"enemies":"Nemesis","floor":40,"turns":7},{"damage":20,"enemies":"Reptomancer","floor":42,"turns":7},{"damage":25,"enemies":"Writhing Mass","floor":45,"turns":6},{"damage":52,"enemies":"Giant Head","floor":46,"turns":9},{"damage":11,"enemies":"Spire Growth","floor":47,"turns":5},{"damage":31,"enemies":"conspire:OrnateMirror","floor":50,"turns":7}],"seed_played":"2684502688176591502","potions_obtained":[{"floor":1,"key":"jedi:wingpotion"},{"floor":7,"key":"Fire Potion"},{"floor":10,"key":"SneckoOil"},{"floor":16,"key":"blueLaboratory:FruitPreserves"},{"floor":27,"key":"jedi:holywater"},{"floor":28,"key":"blueLaboratory:BubblePotion"},{"floor":33,"key":"Regen Potion"},{"floor":46,"key":"blueLaboratory:Moonshine"},{"floor":47,"key":"blueLaboratory:FrostheartPotion"}],"is_trial":true,"path_per_floor":["M","M","M","?","?","R","E","R","T","M","M","E","$","E","R","B",null,"M","M","M","?","$","R","E","?","T","E","M","E","R","M","R","B",null,"?","?","?","?","E","E","T","E","T","T","?","E","?","T","T","B",null],"character_chosen":"NECROMANCER","items_purchased":["Sadistic Nature","Bone_Armory","aspiration:VileToxins","Guide Book","Summon_Death_Knight","trackpad:CultistFigurine","thethorton:BrokenCalculator","Bag of Preparation","Bones_to_Steel"],"campfire_rested":0,"item_purchase_floors":[13,22,22,48,48,48,48,48,48],"current_hp_per_floor":[75,74,70,70,75,75,47,47,47,59,63,73,73,67,67,80,80,80,80,80,80,80,80,80,80,80,66,64,67,67,68,68,79,80,80,80,69,69,69,78,78,78,78,78,80,57,66,66,66,52],"gold":32,"neow_bonus":"","is_daily":false,"chose_seed":false,"campfire_upgraded":9,"win_rate":0.0,"timestamp":1610259530,"path_taken":["M","M","M","?","?","R","E","R","T","M","?","E","$","E","R","BOSS","M","M","M","?","$","R","E","?","T","E","?","E","R","M","R","BOSS","?","?","?","?","?","E","T","E","T","T","?","E","?","T","T","BOSS"],"items_purchased_type":["Card","Card","Relic","Relic","Card","Relic","Relic","Relic","Card"],"build_version":"2020-12-22","purchased_purges":1,"victory":true,"max_hp_per_floor":[75,75,75,75,80,80,80,80,80,80,80,80,80,80,80,80,80,80,80,80,80,80,80,80,80,80,80,80,80,80,80,80,80,80,80,80,80,80,80,80,80,80,80,80,80,80,80,80,80,80],"card_choices":[{"not_picked":["Negative_Energy_Shield","Death_Knell"],"picked":"Summon_Lich","floor":1},{"not_picked":["Bone_Bullets","Bone_Shift"],"picked":"Toxic_Smoke_Screen","floor":2},{"not_picked":["Corrupt","Bone_Bullets"],"picked":"Bone_Prison","floor":3},{"not_picked":["Negative_Energy_Bomb","Reap_The_Weak"],"picked":"Summon_Death_Knight","floor":7},{"not_picked":["Shackles_Of_Pain","Bones_to_Steel"],"picked":"Toxic_Smoke_Screen","floor":10},{"not_picked":["Stop_Heart","Blood_Is_Power"],"picked":"Plague_Bolt","floor":11},{"not_picked":["Reap_The_Weak","Blood_Magic"],"picked":"Summon_Vampire_Lady","floor":12},{"not_picked":["Reap_The_Weak","Blood_Magic"],"picked":"Summon_Death_Knight","floor":14},{"not_picked":["Hellfire","Summon_Death_Knight"],"picked":"Skeleton_Dragon","floor":16},{"not_picked":["Summon_Undead_Army","Bone_Bullets"],"picked":"Bone_Armory+1","floor":18},{"not_picked":["Bone_Armor","Vampiric_Strike","Chill_Blood"],"picked":"SKIP","floor":19},{"not_picked":["Finger_Of_Death","Summon_Undead+1"],"picked":"Bone_Armory+1","floor":20},{"not_picked":["Hellfire","Detonate_Bones"],"picked":"Summon_Vampire_Lady","floor":24},{"not_picked":["Detonate_Bones","Reap_The_Weak"],"picked":"Summon_Death_Knight","floor":27},{"not_picked":["Bone_Shift+1","Chill_Blood"],"picked":"Toxic_Smoke_Screen","floor":28},{"not_picked":["Cloudkill","Blood_Wake"],"picked":"Summon_Death_Knight","floor":29},{"not_picked":["Deaths_Shadow+1","Bone_Spikes","Finger_Of_Death+1"],"picked":"SKIP","floor":31},{"not_picked":["Bone_Armor","Blood_Curse"],"picked":"Necrotic_Claws+1","floor":35},{"not_picked":["Finger_Of_Death+1","Flesh_Made_Foul"],"picked":"Corrupt+1","floor":37},{"not_picked":["Grasp_Heart","Hellfire"],"picked":"Blood_Magic","floor":39},{"not_picked":["Blood_Magic","Grasp_Heart"],"picked":"Summon_Vampire_Lady","floor":40},{"not_picked":["Negative_Energy_Bomb","Requiem"],"picked":"Cloudkill","floor":42},{"not_picked":["Shackles_Of_Pain","Blood_Shield"],"picked":"Blood_Curse+1","floor":45},{"not_picked":["Requiem","Hellfire"],"picked":"Skeleton_Dragon","floor":46},{"not_picked":["Negative_Energy_Sphere+1","Finger_Of_Death+1"],"picked":"Bone_Armor+1","floor":47}],"player_experience":356917,"relics_obtained":[{"floor":7,"key":"Pen Nib"},{"floor":9,"key":"Smiling Mask"},{"floor":12,"key":"ReplayTheSpireMod:Lightbulb"},{"floor":14,"key":"Pet Ghost"},{"floor":24,"key":"qcfpunch:Wrestler\u0027s_Cloak"},{"floor":26,"key":"conspire:Flyswatter"},{"floor":27,"key":"Gremlin Food"},{"floor":29,"key":"theForsaken:Lifeblossom"},{"floor":36,"key":"Ring of Chaos"},{"floor":36,"key":"Ring of Greed"},{"floor":36,"key":"Replay:Wax Seal"},{"floor":36,"key":"Old Coin"},{"floor":38,"key":"aspiration:SeaSaltIceCream"},{"floor":39,"key":"Bromod:ArcaneTempo"},{"floor":40,"key":"Regal Pillow"},{"floor":42,"key":"Ornamental Fan"},{"floor":43,"key":"White Beast Statue"},{"floor":46,"key":"qcfpunch:Primary_Brush"}],"event_choices":[{"damage_healed":0,"gold_gain":0,"player_choice":"Grow","damage_taken":0,"max_hp_gain":0,"max_hp_loss":0,"event_name":"Living Wall","floor":4,"gold_loss":0,"cards_upgraded":["Summon_Undead"]},{"damage_healed":0,"gold_gain":0,"player_choice":"Donut","damage_taken":0,"max_hp_gain":5,"max_hp_loss":0,"event_name":"Big Fish","floor":5,"gold_loss":0},{"cards_removed":["Summon_Vampire_Lady"],"damage_healed":0,"gold_gain":0,"player_choice":"Take \u0026 Give","damage_taken":0,"max_hp_gain":0,"max_hp_loss":0,"event_name":"betterNote:BetterNote","floor":21,"gold_loss":0,"cards_obtained":["construct:FlameCore"]},{"damage_healed":0,"gold_gain":0,"player_choice":"Relic","damage_taken":0,"max_hp_gain":0,"max_hp_loss":0,"event_name":"Wheel of Change","floor":38,"gold_loss":0}],"is_beta":false,"boss_relics":[{"not_picked":["energizedSpire:HugeHouse","Tiny House"],"picked":"Runic Dome"},{"not_picked":["Calling Bell","Snecko Heart"],"picked":"Painkiller Herb"}],"items_purged_floors":[48],"is_endless":false,"potions_floor_spawned":[1,7,10,11,16,27,28,33,35,37,45,46,47],"ascension_level":0}}