{"host":"uc9rcmnrswh1l0kc","time":1610303268,"event":{"mods":["2.2 Compatiblity","A Magickal Journey","Aspiration","BaseMod","Bestiary","Better Altar","Better Third Choice","BetterRewards","Block Reminder","Colorless Booster Pack","Conspire","Defective Defect","Defuse TimeMaze Blight","Displayed Cursed Tome","Ekko","Energized Spire","GifTheSpireLib","Infinite Spire","Ironclad Rager","Minty Spire (QoL Compilation)","Rare Cards Sparkle","Red Circlet Mod","Relic Stats","Replay The Spire","SacredBarkPlus","Shop Mod","Spicy Shops","StSLib","Stuff the Spire","The Blackbeard","The Bladedancer","The Blue Laboratory","The Cursed","The Death Knight","The Edgeheg","The Necromancer","Uncapped","Watcher Patcher","everything is the same but u backflip on backflip","vexMod"],"gold_per_floor":[116,133,133,152,152,152,152],"floor_reached":6,"playtime":197,"items_purged":[],"score":36,"play_id":"26f9defa-c2e5-4f84-956e-de2258d94371","local_time":"20210110132748","is_ascension_mode":false,"campfire_choices":[],"circlet_count":0,"master_deck":["blademaster:Strike","blademaster:Strike","blademaster:Strike","blademaster:Strike","blademaster:Defend","blademaster:Defend","blademaster:Defend","blademaster:Defend","blademaster:RagingBlow","blademaster:HighVoltage","blademaster:Quickstep+1","blademaster:ChargingUp","blademaster:Stability"],"relics":["blademaster:DancersAmulet","Simple Rune"],"acts_visited":["Exordium"],"potions_floor_usage":[],"damage_taken":[{"damage":0,"enemies":"infinitespire:Voidling","floor":1,"turns":3},{"damage":0,"enemies":"Small Slimes","floor":2,"turns":5},{"damage":2,"enemies":"conspire:RoseBush","floor":4,"turns":2},{"damage":99,"enemies":"Gremlin Nob","floor":6,"turns":7}],"seed_played":"5451449585234073293","potions_obtained":[{"floor":1,"key":"Languid Potion"}],"is_trial":false,"path_per_floor":["M","M","?","M","?","E"],"character_chosen":"THE_BLADEMASTER","items_purchased":[],"campfire_rested":0,"item_purchase_floors":[],"current_hp_per_floor":[75,75,75,73,73,0,0],"gold":152,"neow_bonus":"RANDOM_COMMON_RELIC","is_daily":false,"chose_seed":false,"campfire_upgraded":0,"win_rate":0.0,"timestamp":1610303268,"path_taken":["M","?","?","M","?","E"],"items_purchased_type":[],"build_version":"2020-12-22","purchased_purges":0,"victory":false,"max_hp_per_floor":[75,75,75,75,75,75,75],"relic_stats":{"counters":[4,17],"obtain_stats":[{"Simple Rune":0,"blademaster:DancersAmulet":0},{"Simple Rune":0,"blademaster:DancersAmulet":0},{"Simple Rune":0,"blademaster:DancersAmulet":0}]},"card_choices":[{"not_picked":["blademaster:ChargingUp","blademaster:ThunderSlash"],"picked":"blademaster:Quickstep","floor":1},{"not_picked":["blademaster:Rupture","blademaster:Thrust"],"picked":"blademaster:ChargingUp","floor":2},{"not_picked":["blademaster:SharpBlades","blademaster:Rupture"],"picked":"blademaster:Stability","floor":4}],"player_experience":457724,"relics_obtained":[],"event_choices":[{"damage_healed":0,"gold_gain":0,"player_choice":"Disagree","damage_taken":0,"max_hp_gain":0,"max_hp_loss":0,"event_name":"conspire:LoneGhost","floor":5,"gold_loss":0}],"is_beta":false,"boss_relics":[],"items_purged_floors":[],"is_endless":false,"potions_floor_spawned":[1],"killed_by":"Gremlin Nob","ascension_level":0}}