{"host":"2p2urjtdoqk7wfo5","time":1610322971,"event":{"mods":["AchievementEnabler","BaseMod","Colored Powertips","Minty Spire (QoL Compilation)"],"gold_per_floor":[214,214,234,247,261,295,308,308,308,308,327,327,327,327],"floor_reached":13,"playtime":1128,"items_purged":[],"score":87,"play_id":"10ba622e-b58a-40c8-b2f3-a37a91dadfc8","local_time":"20210110155611","is_ascension_mode":false,"campfire_choices":[{"floor":8,"key":"REST"}],"circlet_count":0,"master_deck":["Strike_B","Strike_B","Strike_B","Strike_B","Defend_B","Defend_B","Defend_B","Defend_B","Zap+1","Dualcast","BootSequence","Redo","Double Energy","Defragment","Gash","Fission"],"relics":["Cracked Core","Gremlin Horn","Molten Egg 2","Bottled Flame","Golden Idol"],"acts_visited":["Exordium"],"potions_floor_usage":[],"damage_taken":[{"damage":0,"enemies":"Small Slimes","floor":1,"turns":3},{"damage":1,"enemies":"Cultist","floor":3,"turns":3},{"damage":0,"enemies":"2 Louse","floor":4,"turns":2},{"damage":4,"enemies":"Exordium Wildlife","floor":5,"turns":3},{"damage":59,"enemies":"Gremlin Nob","floor":6,"turns":5},{"damage":0,"enemies":"Blue Slaver","floor":7,"turns":2},{"damage":2,"enemies":"Large Slime","floor":11,"turns":5},{"damage":33,"enemies":"3 Sentries","floor":13,"turns":6}],"seed_played":"2229392409391314892","potions_obtained":[{"floor":4,"key":"Swift Potion"},{"floor":11,"key":"DuplicationPotion"}],"is_trial":false,"path_per_floor":["M","?","M","M","M","E","M","R","T","T","M","?","E"],"character_chosen":"DEFECT","items_purchased":[],"campfire_rested":1,"item_purchase_floors":[],"current_hp_per_floor":[75,75,74,74,70,11,11,33,33,33,31,31,0,0],"gold":327,"neow_bonus":"HUNDRED_GOLD","is_daily":false,"chose_seed":false,"campfire_upgraded":0,"win_rate":0.0,"timestamp":1610322971,"path_taken":["M","?","?","M","M","E","M","R","T","?","M","?","E"],"items_purchased_type":[],"build_version":"2020-12-22","purchased_purges":0,"victory":false,"max_hp_per_floor":[75,75,75,75,75,75,75,75,75,75,75,69,69,69],"card_choices":[{"not_picked":["Ball Lightning","Leap"],"picked":"BootSequence","floor":1},{"not_picked":["Cold Snap","Leap"],"picked":"Redo","floor":3},{"not_picked":["Steam","Cold Snap"],"picked":"Double Energy","floor":4},{"not_picked":["Ball Lightning","Compile Driver"],"picked":"Defragment","floor":5},{"not_picked":["Steam","Consume","Barrage"],"picked":"SKIP","floor":6},{"not_picked":["Rebound","Redo"],"picked":"Gash","floor":7},{"not_picked":["Chaos","Static Discharge"],"picked":"Fission","floor":11}],"player_experience":99668,"relics_obtained":[{"floor":6,"key":"Gremlin Horn"},{"floor":9,"key":"Molten Egg 2"},{"floor":10,"key":"Bottled Flame"}],"event_choices":[{"damage_healed":0,"gold_gain":0,"player_choice":"Upgraded","damage_taken":0,"max_hp_gain":0,"max_hp_loss":0,"event_name":"Upgrade Shrine","floor":2,"gold_loss":0,"cards_upgraded":["Zap"]},{"damage_healed":0,"gold_gain":0,"player_choice":"Lose Max HP","damage_taken":0,"relics_obtained":["Golden Idol"],"max_hp_gain":0,"max_hp_loss":6,"event_name":"Golden Idol","floor":12,"gold_loss":0}],"is_beta":false,"boss_relics":[],"items_purged_floors":[],"is_endless":false,"potions_floor_spawned":[4,11],"killed_by":"3 Sentries","ascension_level":0}}