{"host":"ayh4nqhr0ddw4ozv","time":1610254288,"event":{"mods":["BaseMod","Minty Spire (QoL Compilation)","Relic Stats","Replay The Spire","Robot Space Explorer","StSLib"],"gold_per_floor":[114,39,51,51,51,51,82,82,82,92,119,119,145,158,158,232,232,251,269,269,280,195,230,230,230,230,230,261,15,15,31,31,105,105,116,127,127,127,27,57,57,74,129,157,182,57,91,104,104,104,104,104,4,33,33],"floor_reached":56,"playtime":4098,"items_purged":["RobotSpaceExplorer:Defend","Amnesia","RobotSpaceExplorer:Defend"],"score":2357,"play_id":"669bd3d5-fce9-4e61-952e-f7fc330d512d","local_time":"20210109205128","is_ascension_mode":true,"campfire_choices":[{"data":"RobotSpaceExplorer:StunGrenade","floor":6.0,"key":"SMITH"},{"data":"RobotSpaceExplorer:DoubleBlock","floor":8.0,"key":"SMITH"},{"floor":12.0,"key":"REST"},{"data":"RobotSpaceExplorer:Strike","floor":15.0,"key":"PURGE"},{"data":"RobotSpaceExplorer:StarLightning","floor":24.0,"key":"SMITH"},{"data":"RobotSpaceExplorer:PlasmaMissile","floor":27.0,"key":"SMITH"},{"data":"RobotSpaceExplorer:ShockMissile","floor":30.0,"key":"SMITH"},{"data":"RobotSpaceExplorer:Strike","floor":32.0,"key":"PURGE"},{"floor":49.0,"key":"RECALL"},{"data":"RobotSpaceExplorer:ChargingLaser","floor":52.0,"key":"SMITH"}],"circlet_count":0,"master_deck":["AscendersBane","RobotSpaceExplorer:Strike","RobotSpaceExplorer:Strike","RobotSpaceExplorer:Defend+1","RobotSpaceExplorer:Defend","RobotSpaceExplorer:Scan","RobotSpaceExplorer:MiniLasers","RobotSpaceExplorer:ShovelStrike+1","RobotSpaceExplorer:DoubleBlock+1","RobotSpaceExplorer:PlasmaMissile+1","RobotSpaceExplorer:StarLightning+1","RobotSpaceExplorer:FranticSearch+1","RobotSpaceExplorer:ShockMissile+1","RobotSpaceExplorer:Calculate+1","RobotSpaceExplorer:RigExplosive+1","RobotSpaceExplorer:ScrapToss","RobotSpaceExplorer:FranticSearch+1","RobotSpaceExplorer:IronShell+1","RobotSpaceExplorer:Autoloader","RobotSpaceExplorer:Jetpack+1","RobotSpaceExplorer:Jetpack+1","RobotSpaceExplorer:ScrapShield+1","RobotSpaceExplorer:GearShield+1","RobotSpaceExplorer:ChargingLaser+1","RobotSpaceExplorer:RigExplosive+1","RobotSpaceExplorer:Fix+1","Replay:Bootleg Shield Generator+1"],"relics":["RobotSpaceExplorer:RoboCore","NeowsBlessing","Mirror","Art of War","Prayer Wheel","Divine Protection","Toxic Egg 2","Coffee Dripper","Gremlin Food","Blue Candle","Sundial","RobotSpaceExplorer:BottledGravity","DollysMirror","RobotSpaceExplorer:SearchSpecs","Ring of Fury","Toy Ornithopter","Onion Ring","Replay:PocketPolymizer","Bottled Flame","Boot"],"acts_visited":["Exordium","TheCity","TheBeyond","TheEnding"],"potions_floor_usage":[54,55,55,55,55],"damage_taken":[{"damage":0.0,"enemies":"Cultist","floor":1.0,"turns":1.0},{"damage":0.0,"enemies":"2 Louse","floor":3.0,"turns":1.0},{"damage":0.0,"enemies":"Gremlin Nob","floor":7.0,"turns":1.0},{"damage":0.0,"enemies":"Small Slimes","floor":10.0,"turns":3.0},{"damage":5.0,"enemies":"3 Sentries","floor":11.0,"turns":10.0},{"damage":0.0,"enemies":"Gremlin Nob","floor":13.0,"turns":4.0},{"damage":0.0,"enemies":"Looter","floor":14.0,"turns":2.0},{"damage":37.0,"enemies":"Fading Forest","floor":16.0,"turns":11.0},{"damage":0.0,"enemies":"3 Byrds","floor":18.0,"turns":5.0},{"damage":0.0,"enemies":"Shell Parasite","floor":19.0,"turns":6.0},{"damage":0.0,"enemies":"Centurion and Healer","floor":21.0,"turns":6.0},{"damage":0.0,"enemies":"Gremlin Leader","floor":23.0,"turns":10.0},{"damage":0.0,"enemies":"Replay:Snechameleon","floor":28.0,"turns":6.0},{"damage":3.0,"enemies":"Snecko","floor":31.0,"turns":6.0},{"damage":11.0,"enemies":"Champ","floor":33.0,"turns":10.0},{"damage":0.0,"enemies":"Orb Walker","floor":35.0,"turns":2.0},{"damage":0.0,"enemies":"3 Darklings","floor":36.0,"turns":7.0},{"damage":0.0,"enemies":"R_Hoarder","floor":40.0,"turns":7.0},{"damage":0.0,"enemies":"Writhing Mass","floor":42.0,"turns":5.0},{"damage":21.0,"enemies":"Reptomancer","floor":44.0,"turns":10.0},{"damage":0.0,"enemies":"Mind Bloom Boss Battle","floor":45.0,"turns":6.0},{"damage":5.0,"enemies":"Giant Head","floor":47.0,"turns":7.0},{"damage":14.0,"enemies":"Sphere and 2 Shapes","floor":48.0,"turns":4.0},{"damage":22.0,"enemies":"Donu and Deca","floor":50.0,"turns":9.0},{"damage":0,"enemies":"Shield and Spear","floor":54,"turns":6},{"damage":60,"enemies":"The Heart","floor":55,"turns":10}],"seed_played":"3939478022396435226","potions_obtained":[{"floor":10.0,"key":"AttackPotion"},{"floor":13.0,"key":"SpeedPotion"},{"floor":19.0,"key":"Strength Potion"},{"floor":33.0,"key":"RobotSpaceExplorer:PlasmaFlask"},{"floor":35.0,"key":"Languid Potion"},{"floor":45.0,"key":"Languid Potion"},{"floor":47.0,"key":"Reflective Coating"},{"floor":54,"key":"CultistPotion"}],"is_trial":false,"path_per_floor":["M","$","M","?","?","R","E","R","T","M","E","R","E","M","R","B",null,"M","M","?","M","?","E","R","?","T","R","E","$","R","M","R","B",null,"M","M","?","?","$","E","?","M","T","E","?","$","E","M","R","B",null,"R","$","E","B",null],"character_chosen":"RobotSpaceExplorer","items_purchased":["RobotSpaceExplorer:Jetpack+1","DollysMirror","Replay:Bootleg Shield Generator+1"],"campfire_rested":1,"item_purchase_floors":[29,29,53],"current_hp_per_floor":[64,64,64,43,25,25,25,25,25,25,20,41,41,41,41,4,54,54,54,54,54,54,54,54,54,54,54,54,54,54,51,51,40,63,63,63,63,63,63,63,63,67,67,46,61,61,62,65,65,54,64,64,64,67,17],"gold":33,"neow_bonus":"THREE_ENEMY_KILL","is_daily":false,"chose_seed":false,"campfire_upgraded":6,"win_rate":0.0,"timestamp":1610254288,"path_taken":["M","?","M","?","?","R","E","R","T","M","E","R","E","M","R","BOSS","M","M","?","M","?","E","R","?","T","R","E","$","R","M","R","BOSS","M","M","?","?","?","E","?","M","T","E","?","?","E","M","R","BOSS","R","$","E","BOSS"],"items_purchased_type":["Card","Relic","Card"],"build_version":"2020-12-22","purchased_purges":3,"victory":true,"max_hp_per_floor":[71,71,71,71,71,71,71,71,71,71,71,71,71,71,71,71,71,71,71,71,71,71,71,71,71,71,71,71,71,71,71,71,71,71,71,71,71,71,71,71,67,67,67,67,67,67,67,67,67,67,67,67,67,67,67],"relic_stats":{"counters":[26,155],"Sundial":[14],"Blue Candle":[0],"Prayer Wheel":10,"Art of War":[6],"Boot":[0],"obtain_stats":[{"Gremlin Food":22,"Divine Protection":11,"Replay:PocketPolymizer":45,"NeowsBlessing":0,"Blue Candle":23,"RobotSpaceExplorer:RoboCore":0,"Boot":54,"Bottled Flame":47,"Sundial":26,"RobotSpaceExplorer:BottledGravity":28,"DollysMirror":29,"Prayer Wheel":9,"Ring of Fury":38,"Onion Ring":44,"Art of War":7,"Coffee Dripper":17,"RobotSpaceExplorer:SearchSpecs":34,"Toxic Egg 2":13,"Mirror":5,"Toy Ornithopter":40},{"Gremlin Food":11,"Divine Protection":5,"Replay:PocketPolymizer":21,"NeowsBlessing":0,"Blue Candle":12,"RobotSpaceExplorer:RoboCore":0,"Boot":25,"Bottled Flame":22,"Sundial":12,"RobotSpaceExplorer:BottledGravity":13,"DollysMirror":13,"Prayer Wheel":3,"Ring of Fury":17,"Onion Ring":20,"Art of War":3,"Coffee Dripper":8,"RobotSpaceExplorer:SearchSpecs":15,"Toxic Egg 2":6,"Mirror":2,"Toy Ornithopter":18},{"Gremlin Food":50,"Divine Protection":16,"Replay:PocketPolymizer":119,"NeowsBlessing":0,"Blue Candle":60,"RobotSpaceExplorer:RoboCore":0,"Boot":145,"Bottled Flame":126,"Sundial":60,"RobotSpaceExplorer:BottledGravity":66,"DollysMirror":66,"Prayer Wheel":3,"Ring of Fury":91,"Onion Ring":113,"Art of War":3,"Coffee Dripper":33,"RobotSpaceExplorer:SearchSpecs":82,"Toxic Egg 2":20,"Mirror":2,"Toy Ornithopter":98}],"Toy Ornithopter":58},"card_choices":[{"not_picked":["RobotSpaceExplorer:Smokescreen","RobotSpaceExplorer:Ammunition"],"picked":"RobotSpaceExplorer:StunGrenade","floor":1.0},{"not_picked":["RobotSpaceExplorer:LaserBurst","RobotSpaceExplorer:Blitz"],"picked":"RobotSpaceExplorer:ShovelStrike","floor":3.0},{"not_picked":["RobotSpaceExplorer:ImprovisedAttack","RobotSpaceExplorer:TrailblazerForm"],"picked":"RobotSpaceExplorer:DoubleBlock","floor":7.0},{"not_picked":["RobotSpaceExplorer:GearShield","RobotSpaceExplorer:MiniDrones"],"picked":"RobotSpaceExplorer:PlasmaMissile","floor":10.0},{"not_picked":["RobotSpaceExplorer:ImprovisedAttack","RobotSpaceExplorer:StunGrenade","RobotSpaceExplorer:Pulsar"],"picked":"SKIP","floor":10.0},{"not_picked":["RobotSpaceExplorer:Ammunition","RobotSpaceExplorer:GlueShot","RobotSpaceExplorer:SelfCleaning"],"picked":"SKIP","floor":11.0},{"not_picked":["RobotSpaceExplorer:FreezeRay","RobotSpaceExplorer:PowerCollector"],"picked":"RobotSpaceExplorer:StarLightning","floor":13.0},{"not_picked":["RobotSpaceExplorer:Counterblock+1","RobotSpaceExplorer:ScrapMissile"],"picked":"RobotSpaceExplorer:FranticSearch+1","floor":14.0},{"not_picked":["RobotSpaceExplorer:ScrapMissile","RobotSpaceExplorer:SurgingStrike","RobotSpaceExplorer:MetalStrike"],"picked":"SKIP","floor":14.0},{"not_picked":["RobotSpaceExplorer:Asteroid","RobotSpaceExplorer:Multitool"],"picked":"RobotSpaceExplorer:ShockMissile","floor":16.0},{"not_picked":["RobotSpaceExplorer:Pulsar+1","RobotSpaceExplorer:FranticSearch+1"],"picked":"RobotSpaceExplorer:Calculate+1","floor":18.0},{"not_picked":["RobotSpaceExplorer:ImprovisedAttack","RobotSpaceExplorer:Probe"],"picked":"RobotSpaceExplorer:RigExplosive+1","floor":18.0},{"not_picked":["RobotSpaceExplorer:ToxicBomb+1","RobotSpaceExplorer:StunGrenade"],"picked":"RobotSpaceExplorer:ScrapToss","floor":19.0},{"not_picked":["RobotSpaceExplorer:SwiftStep+1","RobotSpaceExplorer:PowerCollector"],"picked":"RobotSpaceExplorer:FranticSearch+1","floor":19.0},{"not_picked":["RobotSpaceExplorer:ImprovisedAttack","RobotSpaceExplorer:SurgingStrike"],"picked":"RobotSpaceExplorer:IronShell+1","floor":21.0},{"not_picked":["RobotSpaceExplorer:PowerCollector","RobotSpaceExplorer:SwiftStep+1","RobotSpaceExplorer:ShockKick"],"picked":"SKIP","floor":21.0},{"not_picked":["RobotSpaceExplorer:MiniBoosters","RobotSpaceExplorer:ShockKick"],"picked":"RobotSpaceExplorer:Autoloader","floor":23.0},{"not_picked":["RobotSpaceExplorer:Autoloader","RobotSpaceExplorer:LaserBurst","RobotSpaceExplorer:SwiftStep+1"],"picked":"SKIP","floor":28.0},{"not_picked":["RobotSpaceExplorer:SurgingShield+1","RobotSpaceExplorer:Pulsar+1"],"picked":"RobotSpaceExplorer:ScrapShield+1","floor":31.0},{"not_picked":["RobotSpaceExplorer:ShovelStrike","RobotSpaceExplorer:PlasmaMissile"],"picked":"RobotSpaceExplorer:GearShield+1","floor":31.0},{"not_picked":["RobotSpaceExplorer:Wormhole+1","RobotSpaceExplorer:BlastShield+1"],"picked":"RobotSpaceExplorer:ChargingLaser","floor":33.0},{"not_picked":["RobotSpaceExplorer:Probe+1","RobotSpaceExplorer:SwiftStep+1","RobotSpaceExplorer:PowerGlove"],"picked":"SKIP","floor":35.0},{"not_picked":["RobotSpaceExplorer:ImprovisedAttack+1","RobotSpaceExplorer:Electroshield+1","RobotSpaceExplorer:FranticSearch+1"],"picked":"SKIP","floor":35.0},{"not_picked":["RobotSpaceExplorer:ScrapShield+1","RobotSpaceExplorer:SurgingShield+1","RobotSpaceExplorer:Jetpack+1"],"picked":"SKIP","floor":36.0},{"not_picked":["RobotSpaceExplorer:Probe","RobotSpaceExplorer:SurgingShield+1","RobotSpaceExplorer:Smokescreen+1"],"picked":"SKIP","floor":36.0},{"not_picked":["RobotSpaceExplorer:Accelerator","RobotSpaceExplorer:SurgingStrike+1","RobotSpaceExplorer:Counterblock+1"],"picked":"SKIP","floor":40.0},{"not_picked":["RobotSpaceExplorer:Ammunition+1","RobotSpaceExplorer:Jetpack+1"],"picked":"RobotSpaceExplorer:RigExplosive+1","floor":42.0},{"not_picked":["RobotSpaceExplorer:ScrapMissile","RobotSpaceExplorer:StunGrenade","RobotSpaceExplorer:FranticSearch+1"],"picked":"SKIP","floor":42.0},{"not_picked":["RobotSpaceExplorer:Smokescreen+1","RobotSpaceExplorer:PowerGlove","RobotSpaceExplorer:ScrapMissile+1"],"picked":"SKIP","floor":44.0},{"not_picked":["RobotSpaceExplorer:DoubleBlock+1","RobotSpaceExplorer:ToxicBomb+1"],"picked":"RobotSpaceExplorer:Fix+1","floor":45.0},{"not_picked":["RobotSpaceExplorer:Reload+1","RobotSpaceExplorer:GlueShot+1","RobotSpaceExplorer:StunGrenade"],"picked":"SKIP","floor":47.0},{"not_picked":["RobotSpaceExplorer:SwiftStep+1","RobotSpaceExplorer:DualCore+1","RobotSpaceExplorer:DroneSwarm"],"picked":"SKIP","floor":48.0},{"not_picked":["RobotSpaceExplorer:ScrapMissile","RobotSpaceExplorer:GlueShot+1","RobotSpaceExplorer:SelfCleaning+1"],"picked":"SKIP","floor":48.0},{"not_picked":["RobotSpaceExplorer:ShovelStrike","RobotSpaceExplorer:MiniBoosters+1","RobotSpaceExplorer:Counterblock+1"],"picked":"SKIP","floor":54}],"player_experience":319893,"relics_obtained":[{"floor":7.0,"key":"Art of War"},{"floor":9.0,"key":"Prayer Wheel"},{"floor":11.0,"key":"Divine Protection"},{"floor":13.0,"key":"Toxic Egg 2"},{"floor":23.0,"key":"Blue Candle"},{"floor":26.0,"key":"Sundial"},{"floor":28.0,"key":"RobotSpaceExplorer:BottledGravity"},{"floor":38.0,"key":"Ring of Fury"},{"floor":40.0,"key":"Toy Ornithopter"},{"floor":44.0,"key":"Onion Ring"},{"floor":45.0,"key":"Replay:PocketPolymizer"},{"floor":47.0,"key":"Bottled Flame"},{"floor":54,"key":"Boot"}],"event_choices":[{"damage_healed":0.0,"max_hp_gain":0.0,"max_hp_loss":0.0,"gold_gain":0.0,"event_name":"Shining Light","player_choice":"Entered Light","floor":4.0,"gold_loss":0.0,"damage_taken":21.0,"cards_upgraded":["RobotSpaceExplorer:Defend","RobotSpaceExplorer:ShovelStrike"]},{"damage_healed":0.0,"max_hp_gain":0.0,"max_hp_loss":0.0,"gold_gain":0.0,"event_name":"Scrap Ooze","player_choice":"Success","floor":5.0,"gold_loss":0.0,"damage_taken":18.0,"relics_obtained":["Mirror"]},{"damage_healed":0.0,"max_hp_gain":0.0,"max_hp_loss":0.0,"gold_gain":0.0,"event_name":"The Mausoleum","player_choice":"Ignored","floor":20.0,"gold_loss":0.0,"damage_taken":0.0},{"damage_healed":0.0,"max_hp_gain":0.0,"max_hp_loss":0.0,"gold_gain":0.0,"event_name":"Addict","player_choice":"Obtained Relic","floor":22.0,"gold_loss":85.0,"damage_taken":0.0,"relics_obtained":["Gremlin Food"]},{"damage_healed":0.0,"max_hp_gain":0.0,"max_hp_loss":0.0,"gold_gain":0.0,"event_name":"Ghosts","player_choice":"Ignored","floor":25.0,"gold_loss":0.0,"damage_taken":0.0},{"cards_removed":["RobotSpaceExplorer:StunGrenade"],"damage_healed":0.0,"max_hp_gain":0.0,"max_hp_loss":0.0,"gold_gain":0.0,"event_name":"Falling","player_choice":"Removed Attack","floor":37.0,"gold_loss":0.0,"damage_taken":0.0},{"damage_healed":0.0,"max_hp_gain":0.0,"max_hp_loss":4.0,"gold_gain":0.0,"event_name":"Winding Halls","player_choice":"Max HP","floor":41.0,"gold_loss":0.0,"damage_taken":0.0},{"damage_healed":0.0,"max_hp_gain":0.0,"max_hp_loss":0.0,"gold_gain":0.0,"event_name":"MindBloom","player_choice":"Fight","floor":45.0,"gold_loss":0.0,"damage_taken":0.0}],"is_beta":false,"boss_relics":[{"not_picked":["Ectoplasm","Black Star"],"picked":"Coffee Dripper"},{"not_picked":["Busted Crown","Snecko Eye"],"picked":"RobotSpaceExplorer:SearchSpecs"}],"items_purged_floors":[2,39,46],"is_endless":false,"potions_floor_spawned":[10,13,19,21,33,35,42,45,47,54],"ascension_level":17}}