{"host":"Connor","time":1610240041,"event":{"mods":["Aspiration","BaseMod","Downfall","Hubris","Marisa????????","Minty Spire (QoL Compilation)","Replay The Spire","StSLib","The Cursed","The Jungle","The Servant 0.9.4"],"gold_per_floor":[112,112,127,138,155,185,7,7,7,7,22,39,55,84,84,157,157,173,173,19,19,36,36,65,76,100,100,8,59,79,79,79,153,153,166,163,176,25,37,72,89,119,168,42,42,67,67,86,86,86,86,86,8,41,41],"floor_reached":56,"playtime":2140,"items_purged":["Strike_R"],"score":1965,"play_id":"c3e5364e-3be0-458a-9661-519f70f7c5b8","local_time":"20210109165401","is_ascension_mode":true,"campfire_choices":[{"floor":8,"key":"RECALL"},{"data":"Bash","floor":10,"key":"SMITH"},{"data":"Metallicize","floor":15,"key":"SMITH"},{"data":"Limit Break","floor":23,"key":"SMITH"},{"data":"Inflame","floor":32,"key":"SMITH"},{"data":"Replay:SS_hec_2","floor":47,"key":"SMITH"},{"floor":49,"key":"REST"},{"data":"Corruption","floor":52,"key":"SMITH"}],"circlet_count":0,"master_deck":["AscendersBane","Strike_R","Strike_R","Strike_R","Strike_R","Defend_R","Defend_R","Defend_R","Defend_R","Bash+1","Metallicize+1","True Grit","Feel No Pain","Limit Break+1","expansioncontent:DashGenerateEvil+1","ReplayTheSpireMod:Strike From Hell","Fire Breathing","Spot Weakness","Intimidate","Offering+1","Inflame+1","RitualDagger","Pommel Strike+1","Armaments+1","hubris:ReadiedAction+1","Heavy Blade","Offering","CurseOfTheBell","Rupture+1","ReplayTheSpireMod:Muscle Training+1","Heavy Blade","Corruption+1","Evolve+1","Parasite","Armaments","Rage+1","Replay:SS_hec_2+1","Inflame+1","Shrug It Off","expansioncontent:StudyTheSpire","Feel No Pain","Warcry+1"],"relics":["Burning Blood","Replay:Baseball","Blue Doll","ReplayTheSpireMod:TigerMarble","Painkiller Herb","Pen Nib","aspiration:FetidBarrel","Blood Vial","hubris:Icosahedron","ReplayTheSpireMod:Spearhead","Calling Bell","Replay:Wax Seal","Question Card","hubris:CuriousFeather","CatCart","Membership Card","Happy Flower","ReplayTheSpireMod:Lightbulb","aspiration:ChemicalBlood","aspiration:SeaSaltIceCream","aspiration:Nostalgia","Guardian:ModeShifter","hubris:BundleOfHerbs","King of Hearts"],"acts_visited":["Exordium","TheCity","TheBeyond","TheEnding"],"potions_floor_usage":[5,6,14,16,24,25,41,50,50,54,54,55,55,55,55,55],"damage_taken":[{"damage":6,"enemies":"Cultist","floor":1,"turns":3},{"damage":9,"enemies":"2 Louse","floor":3,"turns":3},{"damage":1,"enemies":"Small Slimes","floor":4,"turns":3},{"damage":13,"enemies":"Blue Slaver","floor":5,"turns":3},{"damage":42,"enemies":"Lagavulin","floor":6,"turns":8},{"damage":0,"enemies":"Exordium Wildlife","floor":11,"turns":3},{"damage":8,"enemies":"Large Slime","floor":12,"turns":4},{"damage":0,"enemies":"Blue Slaver","floor":13,"turns":2},{"damage":21,"enemies":"Gremlin Nob","floor":14,"turns":5},{"damage":20,"enemies":"Slime Boss","floor":16,"turns":8},{"damage":11,"enemies":"Shell Parasite","floor":18,"turns":4},{"damage":18,"enemies":"3 Byrds","floor":22,"turns":6},{"damage":35,"enemies":"Slavers","floor":24,"turns":2},{"damage":15,"enemies":"Cultist and Chosen","floor":25,"turns":5},{"damage":8,"enemies":"Snecko","floor":30,"turns":4},{"damage":27,"enemies":"Automaton","floor":33,"turns":7},{"damage":6,"enemies":"3 Darklings","floor":35,"turns":5},{"damage":31,"enemies":"Orin","floor":36,"turns":6},{"damage":21,"enemies":"3 Shapes","floor":37,"turns":3},{"damage":42,"enemies":"3 Darklings","floor":39,"turns":4},{"damage":20,"enemies":"R_Hoarder","floor":40,"turns":6},{"damage":8,"enemies":"Writhing Mass","floor":41,"turns":5},{"damage":86,"enemies":"Nemesis","floor":42,"turns":7},{"damage":2,"enemies":"Mind Bloom Boss Battle","floor":46,"turns":4},{"damage":15,"enemies":"Transient","floor":48,"turns":5},{"damage":47,"enemies":"Time Eater","floor":50,"turns":7},{"damage":19,"enemies":"Shield and Spear","floor":54,"turns":5},{"damage":77,"enemies":"The Heart","floor":55,"turns":8}],"seed_played":"3505266128011880011","potions_obtained":[{"floor":4,"key":"Regen Potion"},{"floor":5,"key":"Fruit Juice"},{"floor":6,"key":"Reflective Coating"},{"floor":16,"key":"Fruit Juice"},{"floor":18,"key":"Adrenaline Potion"},{"floor":30,"key":"SteroidPotion"},{"floor":33,"key":"BlessingOfTheForge"},{"floor":37,"key":"FairyPotion"},{"floor":40,"key":"BloodPotion"},{"floor":48,"key":"Energy Potion"},{"floor":50,"key":"Strength Potion"},{"floor":54,"key":"DistilledChaos"},{"floor":54,"key":"champ:CounterPotion"}],"is_trial":false,"path_per_floor":["M","?","M","M","M","E","$","R","T","R","M","M","M","E","R","B",null,"?","?","T","?","?","T","E","?","T","?","T","T","?","?","T","B",null,"?","?","?","T","?","E","?","E","T","T","?","?","T","?","T","B",null,"T","T","E","B",null],"character_chosen":"IRONCLAD","items_purchased":["expansioncontent:DashGenerateEvil+1","BloodPotion","Pen Nib","Heavy Blade","Membership Card","Heavy Blade","aspiration:SeaSaltIceCream","expansioncontent:StudyTheSpire","Feel No Pain"],"campfire_rested":1,"item_purchase_floors":[7,7,20,28,38,38,44,53,53],"current_hp_per_floor":[75,70,67,72,70,49,49,49,49,49,55,53,59,44,44,35,78,73,78,78,72,60,60,31,40,40,40,40,40,40,40,40,21,74,76,53,40,40,33,21,39,29,29,29,29,35,35,34,61,37,78,78,78,73,20],"gold":41,"neow_bonus":"TEN_PERCENT_HP_BONUS","is_daily":false,"chose_seed":false,"campfire_upgraded":6,"win_rate":0.0,"timestamp":1610240041,"path_taken":["M","?","M","M","M","E","$","R","T","R","M","M","M","E","R","BOSS","?","?","T","?","?","T","E","?","T","?","T","?","?","?","T","BOSS","?","?","?","T","?","E","?","E","T","T","?","?","T","?","T","BOSS","T","T","E","BOSS"],"items_purchased_type":["Card","Potion","Relic","Card","Relic","Card","Relic","Card","Card"],"build_version":"2020-12-18","purchased_purges":1,"victory":true,"max_hp_per_floor":[82,82,82,82,87,87,87,87,87,87,87,87,87,87,87,92,92,92,92,92,92,92,92,92,92,92,92,92,92,92,92,92,92,92,92,92,92,92,92,92,92,92,92,92,92,92,92,92,92,92,92,92,92,92,92],"card_choices":[{"not_picked":["ReplayTheSpireMod:Strike From Hell","Clothesline"],"picked":"Metallicize","floor":1},{"not_picked":["hubris:ReadiedAction","Wild Strike"],"picked":"True Grit","floor":3},{"not_picked":["Flex","ReplayTheSpireMod:Limb From Limb","Headbutt"],"picked":"SKIP","floor":4},{"not_picked":["ReplayTheSpireMod:Corrosion Curse","Headbutt"],"picked":"Feel No Pain","floor":5},{"not_picked":["Heavy Blade","Replay:Undeath\u0027s Touch"],"picked":"Limit Break","floor":6},{"not_picked":["Body Slam","Whirlwind"],"picked":"ReplayTheSpireMod:Strike From Hell","floor":11},{"not_picked":["Perfected Strike","Cleave"],"picked":"Fire Breathing","floor":12},{"not_picked":["ReplayTheSpireMod:Strike From Hell","Twin Strike"],"picked":"Spot Weakness","floor":13},{"not_picked":["Massacre","Power Through"],"picked":"Intimidate","floor":14},{"not_picked":["Corruption","Feed"],"picked":"Offering","floor":16},{"not_picked":["Evolve","Intimidate"],"picked":"Inflame","floor":18},{"not_picked":["ReplayTheSpireMod:LeadingStrike","Armaments"],"picked":"Pommel Strike+1","floor":22},{"not_picked":["Clothesline","hubris:ReadiedAction"],"picked":"Armaments+1","floor":24},{"not_picked":["Reckless Charge","Havoc"],"picked":"hubris:ReadiedAction+1","floor":25},{"not_picked":["Clash","Replay:Undeath\u0027s Touch","Twin Strike"],"picked":"SKIP","floor":30},{"not_picked":["Juggernaut","Limit Break"],"picked":"Offering","floor":33},{"not_picked":["ReplayTheSpireMod:LeadingStrike+1","Headbutt","Body Slam"],"picked":"Rupture+1","floor":35},{"not_picked":["Twin Strike","Thunderclap","Reckless Charge"],"picked":"ReplayTheSpireMod:Muscle Training+1","floor":37},{"not_picked":["Armaments+1","Searing Blow+1","Sever Soul"],"picked":"Corruption","floor":39},{"not_picked":["Heavy Blade","Massacre+1","Flex"],"picked":"Evolve+1","floor":40},{"not_picked":["Clash","Spot Weakness","Bloodletting"],"picked":"Armaments","floor":41},{"not_picked":["ReplayTheSpireMod:Strike From Hell","Headbutt+1","Entrench"],"picked":"Rage+1","floor":42},{"not_picked":["ReplayTheSpireMod:Trickstab","Forethought","expansioncontent:CaCaw"],"picked":"Replay:SS_hec_2","floor":45},{"not_picked":["Dark Embrace","Shockwave+1","hubris:ReadiedAction+1"],"picked":"Inflame+1","floor":46},{"not_picked":["Searing Blow","Intimidate","ReplayTheSpireMod:Strike From Hell"],"picked":"Shrug It Off","floor":48},{"not_picked":["Rampage","Shockwave","Clash"],"picked":"Warcry+1","floor":54}],"player_experience":577147,"relics_obtained":[{"floor":6,"key":"Blue Doll"},{"floor":14,"key":"ReplayTheSpireMod:TigerMarble"},{"floor":24,"key":"aspiration:FetidBarrel"},{"floor":26,"key":"Blood Vial"},{"floor":29,"key":"ReplayTheSpireMod:Spearhead"},{"floor":34,"key":"Replay:Wax Seal"},{"floor":34,"key":"Question Card"},{"floor":34,"key":"hubris:CuriousFeather"},{"floor":36,"key":"CatCart"},{"floor":40,"key":"Happy Flower"},{"floor":42,"key":"ReplayTheSpireMod:Lightbulb"},{"floor":43,"key":"aspiration:ChemicalBlood"},{"floor":46,"key":"hubris:BundleOfHerbs"},{"floor":54,"key":"King of Hearts"}],"event_choices":[{"damage_healed":0,"gold_gain":0,"player_choice":"Success","damage_taken":5,"relics_obtained":["Replay:Baseball"],"max_hp_gain":0,"max_hp_loss":0,"event_name":"Scrap Ooze","floor":2,"gold_loss":0},{"damage_healed":0,"gold_gain":0,"player_choice":"Joined the Cult","damage_taken":6,"max_hp_gain":0,"max_hp_loss":0,"event_name":"Nest","floor":21,"gold_loss":0,"cards_obtained":["RitualDagger"]},{"damage_healed":0,"gold_gain":0,"player_choice":"Fight","damage_taken":0,"max_hp_gain":0,"max_hp_loss":0,"event_name":"OrinTheCat","floor":36,"gold_loss":0},{"damage_healed":0,"gold_gain":0,"player_choice":"Memory 1","damage_taken":0,"max_hp_gain":0,"max_hp_loss":0,"event_name":"SensoryStone","floor":45,"gold_loss":0},{"damage_healed":0,"gold_gain":0,"player_choice":"Fight","damage_taken":0,"max_hp_gain":0,"max_hp_loss":0,"event_name":"MindBloom","floor":46,"gold_loss":0}],"is_beta":true,"boss_relics":[{"not_picked":["Tiny House","Pandora\u0027s Box"],"picked":"Painkiller Herb"},{"not_picked":["Runic Cube","hubris:HollowSoul"],"picked":"Calling Bell"}],"items_purged_floors":[28],"is_endless":false,"potions_floor_spawned":[4,5,6,16,18,30,33,35,37,40,48,54],"ascension_level":15}}