{"host":"b3qi48j7z53ln4gi","time":1610291635,"event":{"mods":["100% Spire Juice","2.2 Compatiblity","AchievementEnabler","Act Like it!","Aspiration","BaseMod","Better Note","Better Third Choice","BetterRewards","CapriCore","Card Forge","Colored Powertips","Curses Come First","Dota2Spire","Friendly Minions","Gensokyo","Gold Saver","GungeonMod","HololiveMod","Infinite Spire","Koishi","Minty Spire (QoL Compilation)","Permanent Neow","Prisma Mod","Reimu£¨ÚÏ???£©","Relic Stats","Remilia£¨?Ú·×é?£©","Remove Card Discount Mod","Say the Spire","Shade Mod","Shop Mod","Spicy Shops","StSLib","Td1madao Mod","The Administrix","The Construct","The Dragon Tamer","The Immortal","The Jungle","The Saiyan","The Senshi","The Servant 0.9.4","Yakumo Yukari mod","Yohane!","¡¼?Úª?ø«¡½REMEMod"],"gold_per_floor":[121,139,157,157,155,155,228,262,312,312,329,344,344,355,355,455,455,455],"floor_reached":17,"playtime":1228,"items_purged":["AdministrixMod:Strike_Administrix","AdministrixMod:Strike_Administrix","AdministrixMod:Defend_Administrix","AdministrixMod:Defend_Administrix","Leg Sweep"],"score":182,"play_id":"127c530d-c23e-4669-b2b9-26623dedef1a","local_time":"20210111001355","is_ascension_mode":false,"campfire_choices":[{"floor":6,"key":"RECALL"},{"floor":13,"key":"REST"},{"data":"AdministrixMod:NewbornDivinity","floor":15,"key":"SMITH"}],"circlet_count":0,"master_deck":["AdministrixMod:RedCloak+1","AdministrixMod:Defend_Administrix+1","AdministrixMod:BlueCloak+1","AdministrixMod:ShadowPlay+1","AdministrixMod:PassageOfAges+1","AdministrixMod:ChooseYourEnd+1","infinitespire:FutureSight+1","infinitespire:NeuralNetwork+1","AdministrixMod:WickedPunishment+1","Die Die Die+1","REME_ShadowStrike+1","AdministrixMod:StarSwordSoul+1","Die Die Die+1","AdministrixMod:NewbornDivinity+1","AdministrixMod:ImmortalClarity"],"relics":["AdministrixMod:ConductorRitualBaton","Hammer of Thor","Seething Fire","Anvil of the Gods","REME_ComplimentaryCards","DemoMod:SerJunkan","Hololive_LightStick","RuthlessExorcism:ReiMu","DemoMod:Junk","aspiration:Lifesprig","DemoMod:GlassGuonStoneRelic","Dota2Spire:RefresherOrb"],"acts_visited":["Exordium","TheCity"],"potions_floor_usage":[16,16],"damage_taken":[{"damage":0,"enemies":"Jaw Worm","floor":1,"turns":2},{"damage":0,"enemies":"2 Louse","floor":2,"turns":1},{"damage":0,"enemies":"Small Slimes","floor":3,"turns":1},{"damage":0,"enemies":"Lagavulin","floor":8,"turns":2},{"damage":8,"enemies":"Exordium Wildlife","floor":11,"turns":2},{"damage":0,"enemies":"2 Fungi Beasts","floor":12,"turns":2},{"damage":0,"enemies":"3 Louse","floor":14,"turns":1},{"damage":13,"enemies":"The Guardian","floor":16,"turns":4}],"seed_played":"2382410055224629452","potions_obtained":[{"floor":3,"key":"CultistPotion"},{"floor":11,"key":"Weak Potion"},{"floor":12,"key":"Dota2Spire:HealingSalve"}],"is_trial":false,"path_per_floor":["M","M","M","?","$","R","?","E","T","?","M","M","R","M","R","B",null],"character_chosen":"TheAdministrix","items_purchased":["DemoMod:SerJunkan","Hololive_LightStick","AdministrixMod:ShadowPlay","RuthlessExorcism:ReiMu"],"campfire_rested":1,"item_purchase_floors":[0,0,0,0],"current_hp_per_floor":[65,65,65,65,65,65,65,65,65,65,57,57,65,65,65,52,65,65],"gold":455,"neow_bonus":"","is_daily":false,"chose_seed":false,"campfire_upgraded":1,"win_rate":0.0,"timestamp":1610291635,"path_taken":["M","M","M","?","$","R","?","E","T","?","M","M","R","M","R","BOSS"],"items_purchased_type":["Relic","Relic","Card","Relic"],"build_version":"2020-12-22","purchased_purges":5,"victory":false,"max_hp_per_floor":[65,65,65,65,65,65,65,65,65,65,65,65,65,65,65,65,65,65],"relic_stats":{"counters":[8,15],"obtain_stats":[{"DemoMod:Junk":8,"aspiration:Lifesprig":9,"aspiration:Nostalgia":0,"Hammer of Thor":0,"DemoMod:GlassGuonStoneRelic":1,"AdministrixMod:ConductorRitualBaton":11,"Dota2Spire:RefresherOrb":17,"Seething Fire":0,"ScarletHat":0,"Hololive_LightStick":0,"Anvil of the Gods":0,"construct:Cogwheel":0,"DemoMod:SerJunkan":0,"REME_ComplimentaryCards":0,"RuthlessExorcism:ReiMu":0},{"DemoMod:Junk":4,"aspiration:Lifesprig":4,"aspiration:Nostalgia":0,"Hammer of Thor":0,"DemoMod:GlassGuonStoneRelic":1,"AdministrixMod:ConductorRitualBaton":5,"Dota2Spire:RefresherOrb":8,"Seething Fire":0,"ScarletHat":0,"Hololive_LightStick":0,"Anvil of the Gods":0,"construct:Cogwheel":0,"DemoMod:SerJunkan":0,"REME_ComplimentaryCards":0,"RuthlessExorcism:ReiMu":0},{"DemoMod:Junk":6,"aspiration:Lifesprig":6,"aspiration:Nostalgia":0,"Hammer of Thor":0,"DemoMod:GlassGuonStoneRelic":2,"AdministrixMod:ConductorRitualBaton":7,"Dota2Spire:RefresherOrb":15,"Seething Fire":0,"ScarletHat":0,"Hololive_LightStick":0,"Anvil of the Gods":0,"construct:Cogwheel":0,"DemoMod:SerJunkan":0,"REME_ComplimentaryCards":0,"RuthlessExorcism:ReiMu":0}]},"card_choices":[{"not_picked":["AdministrixMod:Transition","AdministrixMod:SealAway"],"picked":"AdministrixMod:PassageOfAges","floor":1},{"not_picked":["AdministrixMod:UnstableVigor","AdministrixMod:LightOfYourLife"],"picked":"AdministrixMod:ChooseYourEnd","floor":2},{"not_picked":["AdministrixMod:Transition","AdministrixMod:DiversionaryTactic"],"picked":"AdministrixMod:WickedPunishment","floor":3},{"not_picked":["AdministrixMod:Transition","AdministrixMod:ReachToHeaven"],"picked":"AdministrixMod:StarSwordSoul","floor":8},{"not_picked":["AdministrixMod:Transcension","AdministrixMod:ShadowPlay","AdministrixMod:PlateOfAntiquity"],"picked":"SKIP","floor":11},{"not_picked":["AdministrixMod:RebukeDesires","AdministrixMod:Metempsychosis","AdministrixMod:LightOfYourLife"],"picked":"SKIP","floor":12},{"not_picked":["AdministrixMod:SealAway","AdministrixMod:PlateOfAntiquity"],"picked":"AdministrixMod:NewbornDivinity","floor":14},{"not_picked":["AdministrixMod:HopeInTheDark","AdministrixMod:GirlsDoItBetter"],"picked":"AdministrixMod:ImmortalClarity","floor":16}],"player_experience":125425,"relics_obtained":[{"floor":8,"key":"DemoMod:Junk"},{"floor":9,"key":"aspiration:Lifesprig"}],"event_choices":[{"damage_healed":0,"gold_gain":73,"player_choice":"Gained Gold","damage_taken":0,"max_hp_gain":0,"max_hp_loss":0,"event_name":"Golden Wing","floor":7,"gold_loss":0},{"damage_healed":65,"gold_gain":0,"player_choice":"Leave","damage_taken":0,"max_hp_gain":0,"max_hp_loss":65,"event_name":"betterThird:BetterShining","floor":10,"gold_loss":0}],"is_beta":false,"boss_relics":[{"not_picked":["AdministrixMod:ElixirOfImmorality","Philosopher\u0027s Stone"],"picked":"Dota2Spire:RefresherOrb"}],"items_purged_floors":[0,0,0,0,5],"is_endless":false,"potions_floor_spawned":[3,11,12],"ascension_level":0}}