{"host":"lj6f9xx8vphisbmi","time":1610275111,"event":{"mods":["AchievementEnabler","Act Like it!","Arknights The Spire","BaseMod","Colored Powertips","Decade(Õı–°√˜)","Downfall","Friendly Minions","Gensokyo","KinomotoSakuraMod(ƒæ÷Æ±æ”£)","Marisa£®ÏF”Í°°ƒß¿Ì…≥£©","Minty Spire (QoL Compilation)","Reimu£®≤©¿ˆ¡È√Œ£©","StSLib","Youmu£®ªÍ∆«—˝√Œ£©","noobMod"],"gold_per_floor":[99,99,99,99,99,99,178,203,215,212,235,232,19,45,76,188,200,212,224,221,233,262,286,298,641,669,681,707,719,746,782,809,919,931,943,955,980,1007,1032,684,684,704,704,724,755,773,787,36,50,50,50,81,47,47,47],"floor_reached":56,"playtime":1914,"items_purged":[],"score":1424,"play_id":"704c1808-1638-497d-a380-6f8549b619b3","local_time":"20210110183831","is_ascension_mode":false,"campfire_choices":[{"floor":1,"key":"RECALL"},{"data":"Guardian:CrystalBeam","floor":13,"key":"SMITH"},{"data":"Guardian:WalkerClaw","floor":18,"key":"SMITH"},{"data":"Guardian:HyperBeam_Guardian","floor":27,"key":"SMITH"},{"data":"Guardian:StasisStrike","floor":35,"key":"SMITH"},{"data":"Guardian:PolyBeam","floor":43,"key":"SMITH"},{"data":"Guardian:DonusPower","floor":54,"key":"SMITH"}],"circlet_count":0,"master_deck":["Guardian:Strike_Guardian","Guardian:Strike_Guardian+1","Guardian:Strike_Guardian+1","Guardian:Strike_Guardian+1","Guardian:Defend_Guardian","Guardian:Defend_Guardian","Guardian:Defend_Guardian","Guardian:Defend_Guardian","Guardian:CurlUp","Guardian:TwinSlam","Regret","Regret","Guardian:DonusPower+1","Guardian:CrystalBeam+1","Guardian:Repulse+1","Guardian:WalkerClaw+1","Guardian:GuardianWhirl+1","Guardian:HyperBeam_Guardian+1","Guardian:Reroute+1","Guardian:VentSteam","Guardian:Incinerate+1","Guardian:RollAttack","Guardian:PrimingBeam","Guardian:Incinerate","Guardian:BronzeOrb+1","Guardian:StasisStrike+1","Guardian:WalkerClaw+1","Guardian:TimeCapacitor+1","Guardian:ExploitGems","Guardian:FloatingOrbs+1","Guardian:PolyBeam+1","Guardian:SpikerProtocol+1","Guardian:WalkerClaw+1","Guardian:Gem_Green","Guardian:BronzeArmor+1"],"relics":["Guardian:ModeShifter","ice","downfall:HeartsMalice","Mercury Hourglass","MawBank","Frozen Egg 2","downfall:HeartBlessingGreen","downfall:HeartBlessingRed","downfall:HeartBlessingBlue","Black Star","Question Card","Old Coin","Ancient Tea Set","Omamori","Calling Bell","Lantern","Tea:ReiMu","Gambling Chip","Potion Belt","ClockworkSouvenir","Bottled Tornado","Whetstone","Centennial Puzzle","Strawberry","Pantograph","TentaclePot:ReiMu","Mango","Shuriken","Bronze Scales"],"acts_visited":["Exordium","TheCity","TheBeyond","TheEnding"],"potions_floor_usage":[23],"damage_taken":[{"damage":0,"enemies":"Small Slimes","floor":2,"turns":1},{"damage":0,"enemies":"Jaw Worm","floor":5,"turns":1},{"damage":0,"enemies":"Gremlin Nob","floor":8,"turns":1},{"damage":10,"enemies":"downfall:FleeingMerchant","floor":10,"turns":4},{"damage":0,"enemies":"2 Louse","floor":11,"turns":1},{"damage":15,"enemies":"downfall:FleeingMerchant","floor":12,"turns":4},{"damage":30,"enemies":"Gremlin Gang","floor":14,"turns":4},{"damage":13,"enemies":"Lots of Slimes","floor":15,"turns":3},{"damage":46,"enemies":"downfall:Defect","floor":16,"turns":7},{"damage":0,"enemies":"Chosen","floor":19,"turns":1},{"damage":22,"enemies":"downfall:FleeingMerchant","floor":20,"turns":4},{"damage":42,"enemies":"Snecko","floor":22,"turns":5},{"damage":3,"enemies":"Cultist and Chosen","floor":23,"turns":4},{"damage":39,"enemies":"Gremlin Leader","floor":25,"turns":5},{"damage":2,"enemies":"Sentry and Sphere","floor":26,"turns":3},{"damage":0,"enemies":"Shelled Parasite and Fungi","floor":28,"turns":1},{"damage":2,"enemies":"Centurion and Healer","floor":30,"turns":2},{"damage":1,"enemies":"Cultist and Chosen","floor":32,"turns":2},{"damage":8,"enemies":"downfall:Silent","floor":33,"turns":4},{"damage":0,"enemies":"Orb Walker","floor":37,"turns":2},{"damage":3,"enemies":"3 Shapes","floor":38,"turns":2},{"damage":0,"enemies":"Maw","floor":39,"turns":3},{"damage":25,"enemies":"downfall:FleeingMerchant","floor":40,"turns":3},{"damage":0,"enemies":"Writhing Mass","floor":42,"turns":3},{"damage":0,"enemies":"Spire Growth","floor":44,"turns":2},{"damage":13,"enemies":"Giant Head","floor":45,"turns":3},{"damage":7,"enemies":"Maw","floor":46,"turns":3},{"damage":6,"enemies":"Sphere and 2 Shapes","floor":47,"turns":2},{"damage":0,"enemies":"3 Darklings","floor":49,"turns":3},{"damage":3,"enemies":"downfall:Ironclad","floor":50,"turns":3},{"damage":48,"enemies":"downfall:CharBossMerchant","floor":52,"turns":4},{"damage":30,"enemies":"downfall:NeowBoss","floor":55,"turns":13}],"seed_played":"-1424457921908285353","potions_obtained":[{"floor":8,"key":"AttackPotion"},{"floor":14,"key":"Fire Potion"},{"floor":15,"key":"champ:CounterPotion"},{"floor":22,"key":"DistilledChaos"},{"floor":30,"key":"SpeedPotion"},{"floor":42,"key":"SpeedPotion"},{"floor":45,"key":"AttackPotion"}],"is_trial":false,"path_per_floor":["R","M","?","?","M","?","T","E","T","$","M","$","R","M","M","B",null,"R","M","$","?","M","M","T","E","M","R","M","?","M","T","M","B",null,"R","?","M","M","M","$","T","M","R","M","E","M","M","$","M","B",null,"E","$","R","B",null],"character_chosen":"GUARDIAN","items_purchased":["Potion Belt","ClockworkSouvenir","Bottled Tornado","Guardian:Gem_Purple","Guardian:Gem_Green","Guardian:FloatingOrbs+1","Pantograph","TentaclePot:ReiMu","Mango","Guardian:Gem_Green","Guardian:Gem_White"],"campfire_rested":0,"item_purchase_floors":[40,40,40,40,40,40,48,48,48,48,53],"current_hp_per_floor":[80,80,80,80,80,80,80,80,80,70,70,55,65,35,22,61,101,101,101,79,79,37,34,34,110,108,108,108,108,106,106,105,97,132,132,132,132,129,129,104,104,104,104,104,98,91,85,99,99,121,176,128,128,182,152],"gold":47,"neow_bonus":"THREE_ENEMY_KILL","is_daily":false,"chose_seed":false,"campfire_upgraded":6,"win_rate":0.0,"timestamp":1610275111,"path_taken":["R","M","?","?","M","?","T","E","?","$","?","$","R","M","M","BOSS","R","M","?","?","M","?","T","E","M","R","M","?","M","?","M","BOSS","R","?","M","M","M","$","T","?","R","M","E","M","?","$","M","BOSS","E","$","R","BOSS"],"items_purchased_type":["Relic","Relic","Relic","Card","Card","Card","Relic","Relic","Relic","Card","Card"],"build_version":"2020-12-22","purchased_purges":0,"victory":true,"max_hp_per_floor":[80,80,80,80,80,80,80,80,80,80,80,80,90,90,90,101,101,101,101,106,106,109,112,112,120,121,121,121,121,122,122,124,132,132,132,132,133,135,136,141,141,145,145,145,153,154,157,171,173,176,176,182,182,182,189],"card_choices":[{"not_picked":["Guardian:Reroute","Guardian:TemporalStrike"],"picked":"Guardian:Gem_Fragmented","floor":2},{"not_picked":["Guardian:BronzeOrb","Guardian:ChargeUp"],"picked":"Guardian:Gem_Red","floor":5},{"not_picked":["Guardian:ShieldCharger","Guardian:DecasProtection"],"picked":"Guardian:DonusPower","floor":8},{"not_picked":["Guardian:StasisField","Guardian:BronzeArmor"],"picked":"Guardian:CrystalBeam","floor":10},{"not_picked":["Guardian:CrystalBeam","Guardian:PrimingBeam"],"picked":"Guardian:Repulse+1","floor":11},{"not_picked":["Guardian:CrystalBeam","Guardian:RollAttack"],"picked":"Guardian:WalkerClaw","floor":12},{"not_picked":["Guardian:DecasProtection","Guardian:VentSteam"],"picked":"Guardian:Gem_Cyan","floor":14},{"not_picked":["Guardian:BronzeOrb","Guardian:DonusPower"],"picked":"Guardian:GuardianWhirl","floor":15},{"not_picked":["Guardian:Gem_Synthetic","Guardian:StasisField"],"picked":"Guardian:HyperBeam_Guardian","floor":16},{"not_picked":["Guardian:Recover","Guardian:Clone+1"],"picked":"Guardian:Reroute+1","floor":19},{"not_picked":["Guardian:TemporalShield","Guardian:Gem_Lightblue"],"picked":"Guardian:VentSteam","floor":20},{"not_picked":["Guardian:TemporalShield","Guardian:Planning"],"picked":"Guardian:Incinerate","floor":22},{"not_picked":["Guardian:PrimingBeam","Guardian:ArmoredProtocol+1"],"picked":"Guardian:Gem_Cyan","floor":23},{"not_picked":["Guardian:TemporalShield+1","Guardian:RefractedBeam","Guardian:DonusPower"],"picked":"Guardian:RollAttack","floor":25},{"not_picked":["Guardian:StasisField","Guardian:ChargeCore","Guardian:Recover"],"picked":"Guardian:PrimingBeam","floor":26},{"not_picked":["Guardian:WalkerClaw","Guardian:Gem_Lightblue","Guardian:BronzeArmor"],"picked":"Guardian:Gem_White","floor":28},{"not_picked":["Guardian:StasisField","Guardian:DonusPower","Guardian:TemporalShield"],"picked":"Guardian:Incinerate","floor":30},{"not_picked":["Guardian:VentSteam","Guardian:TemporalStrike","Guardian:CrystalBeam+1"],"picked":"Guardian:BronzeOrb+1","floor":32},{"not_picked":["Guardian:HyperBeam_Guardian","Guardian:ConstructionForm+1","Guardian:StasisField"],"picked":"Guardian:StasisStrike","floor":33},{"not_picked":["Guardian:TemporalShield+1","Guardian:BronzeArmor+1","Guardian:Gem_Green"],"picked":"Guardian:Gem_White","floor":37},{"not_picked":["Guardian:Recover+1","Guardian:Gem_Lightblue","Guardian:Incinerate+1"],"picked":"Guardian:TimeCapacitor+1","floor":38},{"not_picked":["Guardian:BronzeOrb","Guardian:CrystalBeam+1","Guardian:ChargeUp"],"picked":"Guardian:Gem_Green","floor":39},{"not_picked":["Guardian:Reroute+1","Guardian:DecasProtection","Guardian:ChargeCore+1"],"picked":"Guardian:ExploitGems","floor":40},{"not_picked":["Guardian:Incinerate","Guardian:Suspension+1","Guardian:Reroute+1"],"picked":"Guardian:PolyBeam","floor":42},{"not_picked":["Guardian:PrismaticBarrier+1","Guardian:TimeCapacitor+1","Guardian:Gem_Lightblue"],"picked":"Guardian:Gem_Green","floor":44},{"not_picked":["Guardian:RollAttack+1","Guardian:ShieldCharger+1","Guardian:DecasProtection"],"picked":"Guardian:SpikerProtocol+1","floor":45},{"not_picked":["Guardian:FastForward","Guardian:BronzeOrb","Guardian:DecasProtection+1"],"picked":"Guardian:WalkerClaw+1","floor":46},{"not_picked":["Guardian:Repulse+1","Guardian:Clone","Guardian:TemporalStrike"],"picked":"Guardian:Gem_Red","floor":47},{"not_picked":["Guardian:TimeCapacitor+1","Guardian:Recover","Guardian:TemporalShield"],"picked":"Guardian:BronzeArmor+1","floor":49},{"not_picked":["Guardian:Incinerate","Guardian:ShieldCharger","Guardian:Recover"],"picked":"Guardian:Gem_Red","floor":52}],"player_experience":10263,"relics_obtained":[{"floor":8,"key":"MawBank"},{"floor":9,"key":"Frozen Egg 2"},{"floor":24,"key":"Question Card"},{"floor":25,"key":"Old Coin"},{"floor":25,"key":"Ancient Tea Set"},{"floor":31,"key":"Omamori"},{"floor":34,"key":"Lantern"},{"floor":34,"key":"Tea:ReiMu"},{"floor":34,"key":"Gambling Chip"},{"floor":41,"key":"Whetstone"},{"floor":45,"key":"Centennial Puzzle"},{"floor":45,"key":"Strawberry"},{"floor":52,"key":"Shuriken"},{"floor":52,"key":"Bronze Scales"}],"event_choices":[{"damage_healed":0,"gold_gain":0,"player_choice":"Box","damage_taken":0,"relics_obtained":["Mercury Hourglass"],"max_hp_gain":0,"max_hp_loss":0,"event_name":"Big Fish","floor":4,"gold_loss":0,"cards_obtained":["Regret"]},{"damage_healed":0,"gold_gain":0,"player_choice":"Ignored","damage_taken":0,"max_hp_gain":0,"max_hp_loss":0,"event_name":"Vampires","floor":29,"gold_loss":0},{"damage_healed":0,"gold_gain":0,"player_choice":"Copied","damage_taken":0,"max_hp_gain":0,"max_hp_loss":0,"event_name":"Duplicator","floor":36,"gold_loss":0,"cards_obtained":["Guardian:WalkerClaw"]}],"is_beta":false,"boss_relics":[{"not_picked":["Tiny House","Astrolabe"],"picked":"Black Star"},{"not_picked":["SlaversCollar","Runic Pyramid"],"picked":"Calling Bell"}],"items_purged_floors":[],"is_endless":false,"potions_floor_spawned":[8,14,15,22,30,32,33,39,42,45,49],"ascension_level":0}}