{"host":"6qo42zgaknezulyg","time":1610270620,"event":{"mods":["2.2 Compatiblity","BaseMod","Downfall","Keyboard Shortcuts","Minty Spire (QoL Compilation)","Permanent Neow","Quick Restart","StSLib","SuperFastMode"],"gold_per_floor":[99,118,131,150,169,201,227,227,152,163,263,29,29,79,92,187,187,187,200,219,219,54,87,87,87,105,116,116,116,116,135,155,253,253,103,123,108,1107,908,926,926,946,996,996,996,1011,1011,1021,1032,1032,1032,1064,26,26,26],"floor_reached":56,"playtime":2687,"items_purged":["hexamod:Strike","hexamod:Defend","hexamod:Defend"],"score":1296,"play_id":"081a5142-ee59-4421-9df0-9ded692dd478","local_time":"20210110182340","is_ascension_mode":false,"campfire_choices":[{"data":"hexamod:Sear","floor":1.0,"key":"SMITH"},{"data":"hexamod:ParanormalForm","floor":9.0,"key":"SMITH"},{"data":"hexamod:UnleashSpirits","floor":18.0,"key":"SMITH"},{"data":"hexamod:RetreatToShadows","floor":25.0,"key":"SMITH"},{"floor":30.0,"key":"RECALL"},{"data":"hexamod:NightmareStrike","floor":35.0,"key":"SMITH"},{"floor":47.0,"key":"REST"},{"floor":54.0,"key":"REST"}],"circlet_count":0,"master_deck":["hexamod:Sear+1","hexamod:Float","hexamod:ShieldOfDarkness","hexamod:NightmareGuise","hexamod:ParanormalForm+1","hexamod:SpectersWail","hexamod:GiftsFromTheDead+1","hexamod:RetreatToShadows+1","hexamod:UnleashSpirits+1","hexamod:NightmareStrike+1","hexamod:ParanormalForm+1","hexamod:NightmareGuise","hexamod:HexaLevel","hexamod:PowerFromBeyond+1","hexamod:GhostShield+1","hexamod:NightmareStrike+1","hexamod:NightmareStrike","hexamod:RetreatToShadows+1","hexamod:GhostLash+1","hexamod:GhostShield+1"],"relics":["Snecko Eye","Centennial Puzzle","downfall:HeartBlessingGreen","Omamori","Happy Flower","Akabeko","Sozu","DollysMirror","Gremlin Horn","Empty Cage","downfall:HeartBlessingRed","downfall:HeartBlessingBlue","HandDrill","hexamod:CandleOfCauterizing","The Courier","Peace Pipe","Thread and Needle","Mummified Hand","ClockworkSouvenir","Letter Opener","Kunai","Pen Nib","Sundial","Strawberry"],"acts_visited":["Exordium","TheCity","TheBeyond","TheEnding"],"potions_floor_usage":[55,55,55],"damage_taken":[{"damage":10.0,"enemies":"Small Slimes","floor":2.0,"turns":3.0},{"damage":0.0,"enemies":"Cultist","floor":3.0,"turns":4.0},{"damage":0.0,"enemies":"2 Louse","floor":4.0,"turns":3.0},{"damage":5.0,"enemies":"Exordium Wildlife","floor":5.0,"turns":6.0},{"damage":22.0,"enemies":"Gremlin Nob","floor":6.0,"turns":5.0},{"damage":1.0,"enemies":"Blue Slaver","floor":10.0,"turns":4.0},{"damage":0.0,"enemies":"downfall:Heads","floor":11.0,"turns":7.0},{"damage":0.0,"enemies":"downfall:FleeingMerchant","floor":12.0,"turns":4.0},{"damage":0.0,"enemies":"Lots of Slimes","floor":15.0,"turns":1.0},{"damage":2.0,"enemies":"downfall:Ironclad","floor":16.0,"turns":8.0},{"damage":0.0,"enemies":"Shell Parasite","floor":19.0,"turns":4.0},{"damage":0.0,"enemies":"Spheric Guardian","floor":20.0,"turns":3.0},{"damage":0.0,"enemies":"downfall:FleeingMerchant","floor":22.0,"turns":4.0},{"damage":10.0,"enemies":"Slavers","floor":23.0,"turns":3.0},{"damage":0.0,"enemies":"Snake Plant","floor":26.0,"turns":2.0},{"damage":0.0,"enemies":"Snecko","floor":27.0,"turns":4.0},{"damage":0.0,"enemies":"Centurion and Healer","floor":31.0,"turns":2.0},{"damage":8.0,"enemies":"Snake Plant","floor":32.0,"turns":3.0},{"damage":27.0,"enemies":"downfall:Watcher","floor":33.0,"turns":10.0},{"damage":4.0,"enemies":"3 Darklings","floor":36.0,"turns":3.0},{"damage":3.0,"enemies":"downfall:FleeingMerchant","floor":37.0,"turns":4.0},{"damage":0.0,"enemies":"downfall:FleeingMerchant","floor":39.0,"turns":1.0},{"damage":0.0,"enemies":"Orb Walker","floor":40.0,"turns":2.0},{"damage":14.0,"enemies":"Jaw Worm Horde","floor":42.0,"turns":2.0},{"damage":3.0,"enemies":"2 Orb Walkers","floor":43.0,"turns":3.0},{"damage":0.0,"enemies":"Sphere and 2 Shapes","floor":46.0,"turns":2.0},{"damage":0.0,"enemies":"Writhing Mass","floor":48.0,"turns":3.0},{"damage":0.0,"enemies":"Maw","floor":49.0,"turns":4.0},{"damage":0.0,"enemies":"downfall:Silent","floor":50.0,"turns":5.0},{"damage":22.0,"enemies":"downfall:CharBossMerchant","floor":52.0,"turns":5.0},{"damage":12,"enemies":"downfall:NeowBoss","floor":55,"turns":21}],"seed_played":"2184509043552150964","potions_obtained":[{"floor":4.0,"key":"champ:CounterPotion"},{"floor":5.0,"key":"sneckomod:MuddlingPotion"},{"floor":6.0,"key":"Strength Potion"},{"floor":15.0,"key":"Explosive Potion"},{"floor":16.0,"key":"Energy Potion"}],"is_trial":false,"path_per_floor":["R","M","M","M","M","E","T","?","R","M","?","$","?","T","M","B",null,"R","M","M","?","$","E","T","R","M","M","?","T","R","M","M","B",null,"R","M","?","?","$","M","T","M","?","T","?","M","R","M","M","B",null,"E","$","R","B",null],"character_chosen":"THE_SPIRIT","items_purchased":["Omamori","DollysMirror","HandDrill","hexamod:CandleOfCauterizing","hexamod:NightmareStrike","ClockworkSouvenir","Letter Opener","Kunai","Pen Nib","Sundial","Strawberry"],"campfire_rested":2,"item_purchase_floors":[12,22,39,39,39,53,53,53,53,53,53],"current_hp_per_floor":[70,60,60,60,55,33,33,33,33,32,32,32,14,14,14,12,70,70,70,70,70,70,60,60,60,60,60,60,60,60,60,52,25,70,80,76,73,73,73,73,73,59,56,56,56,56,80,80,80,80,80,58,65,87,75],"gold":26,"neow_bonus":"BOSS_RELIC","is_daily":false,"chose_seed":false,"campfire_upgraded":5,"win_rate":0.0,"timestamp":1610270620,"path_taken":["R","M","M","M","M","E","T","?","R","?","?","$","?","?","M","BOSS","R","M","M","?","$","E","T","R","M","?","?","?","R","M","M","BOSS","R","M","?","?","$","M","T","M","?","?","?","M","R","?","M","BOSS","E","$","R","BOSS"],"items_purchased_type":["Relic","Relic","Relic","Relic","Card","Relic","Relic","Relic","Relic","Relic","Relic"],"build_version":"2020-12-22","purchased_purges":3,"victory":true,"max_hp_per_floor":[70,70,70,70,70,70,70,70,70,70,70,70,70,70,70,70,70,70,70,70,70,70,70,70,70,70,70,70,70,70,70,70,70,70,80,80,80,80,80,80,80,80,80,80,80,80,80,80,80,80,80,80,87,87,87],"card_choices":[{"not_picked":["hexamod:HauntingEcho","hexamod:Again","hexamod:InspiringFlames"],"picked":"SKIP","floor":2.0},{"not_picked":["hexamod:RainOfEmbers","hexamod:GhostLash"],"picked":"hexamod:ShieldOfDarkness","floor":3.0},{"not_picked":["hexamod:RainOfEmbers","hexamod:BacktrackSmack","hexamod:AdvancingGuard"],"picked":"SKIP","floor":4.0},{"not_picked":["hexamod:HauntingEcho","hexamod:ThermalTransfer"],"picked":"hexamod:NightmareGuise","floor":5.0},{"not_picked":["hexamod:NecessarySacrifice","hexamod:NightmareStrike"],"picked":"hexamod:ParanormalForm","floor":6.0},{"not_picked":["hexamod:FastForward","hexamod:GhostOfSpirePresent","hexamod:NightmareGuise"],"picked":"SKIP","floor":10.0},{"not_picked":["hexamod:NightmareGuise","hexamod:HeatMetal"],"picked":"hexamod:GiftsFromTheDead","floor":11.0},{"not_picked":["hexamod:GhostOfSpireFuture","hexamod:RainOfEmbers","hexamod:GhostOfSpirePresent"],"picked":"SKIP","floor":12.0},{"not_picked":["hexamod:BurningTouch","hexamod:Rewind"],"picked":"hexamod:RetreatToShadows","floor":15.0},{"not_picked":["hexamod:GiftsFromTheDead","hexamod:EmpoweringStance"],"picked":"hexamod:UnleashSpirits","floor":16.0},{"not_picked":["hexamod:BacktrackSmack+1","hexamod:ThermalTransfer+1","hexamod:HauntingEcho+1"],"picked":"SKIP","floor":19.0},{"not_picked":["hexamod:SoulSteal","hexamod:HauntingEcho+1"],"picked":"hexamod:NightmareStrike","floor":20.0},{"not_picked":["hexamod:NightmareStrike","hexamod:BurningTouch","hexamod:SwordOfDarkness"],"picked":"SKIP","floor":22.0},{"not_picked":["hexamod:BacktrackSmack","hexamod:SwordOfDarkness","hexamod:FastForward+1"],"picked":"SKIP","floor":23.0},{"not_picked":["hexamod:SkipABeat+1","hexamod:GhostLash+1","hexamod:SuperheatedStrike"],"picked":"SKIP","floor":26.0},{"not_picked":["hexamod:GhostShield","hexamod:RainOfEmbers","hexamod:AdvancingGuard"],"picked":"SKIP","floor":27.0},{"not_picked":["hexamod:AdvancingGuard","hexamod:GhostflameBarrier"],"picked":"hexamod:NightmareGuise","floor":31.0},{"not_picked":["hexamod:Again","hexamod:CrushingStance","hexamod:ThermalTransfer"],"picked":"SKIP","floor":32.0},{"not_picked":["hexamod:TimeOfNeed","hexamod:Toasty"],"picked":"hexamod:HexaLevel","floor":33.0},{"not_picked":["hexamod:SpectersWail+1","hexamod:RainOfEmbers+1"],"picked":"hexamod:PowerFromBeyond+1","floor":36.0},{"not_picked":["hexamod:ShieldOfDarkness","hexamod:GhostOfSpireFuture+1"],"picked":"hexamod:GhostShield+1","floor":37.0},{"not_picked":["hexamod:SpectersWail","hexamod:HeatMetal"],"picked":"hexamod:NightmareStrike+1","floor":39.0},{"not_picked":["hexamod:HexaLevel","hexamod:AdvancingGuard+1","hexamod:ShieldOfDarkness"],"picked":"SKIP","floor":40.0},{"not_picked":["hexamod:SpectralSpark+1","hexamod:StepThrough"],"picked":"hexamod:RetreatToShadows+1","floor":42.0},{"not_picked":["hexamod:FirstSeal","hexamod:InspiringFlames+1"],"picked":"hexamod:GhostLash+1","floor":43.0},{"not_picked":["hexamod:AdvancingGuard","hexamod:GhostOfSpirePast","hexamod:EmpoweredFlame+1"],"picked":"SKIP","floor":46.0},{"not_picked":["hexamod:BurningTouch","hexamod:SpectersWail","hexamod:SwordOfDarkness+1"],"picked":"SKIP","floor":48.0},{"not_picked":["hexamod:ChargedBarrage","hexamod:InspiringFlames+1","hexamod:BacktrackSmack+1"],"picked":"SKIP","floor":49.0},{"not_picked":["hexamod:EmpoweredFlame","hexamod:CatchUp+1"],"picked":"hexamod:GhostShield+1","floor":52.0}],"player_experience":1110296,"relics_obtained":[{"floor":6.0,"key":"Centennial Puzzle"},{"floor":14.0,"key":"Akabeko"},{"floor":24.0,"key":"Gremlin Horn"},{"floor":41.0,"key":"The Courier"},{"floor":43.0,"key":"Peace Pipe"},{"floor":44.0,"key":"Thread and Needle"},{"floor":52.0,"key":"Mummified Hand"}],"event_choices":[{"damage_healed":0.0,"max_hp_gain":0.0,"max_hp_loss":0.0,"gold_gain":0.0,"cards_transformed":["hexamod:Strike"],"event_name":"Transmorgrifier","player_choice":"Transformed","floor":8.0,"gold_loss":0.0,"damage_taken":0.0,"cards_obtained":["hexamod:Haunt"]},{"damage_healed":0.0,"max_hp_gain":0.0,"max_hp_loss":0.0,"gold_gain":0.0,"event_name":"Scrap Ooze","player_choice":"Success","floor":13.0,"gold_loss":0.0,"damage_taken":18.0,"relics_obtained":["Happy Flower"]},{"damage_healed":0.0,"max_hp_gain":0.0,"max_hp_loss":0.0,"gold_gain":0.0,"event_name":"Mysterious Sphere","player_choice":"Fight","floor":43.0,"gold_loss":0.0,"damage_taken":0.0}],"is_beta":false,"boss_relics":[{"not_picked":["Fusion Hammer","hexamod:IceCube"],"picked":"Sozu"},{"not_picked":["Runic Dome","Astrolabe"],"picked":"Empty Cage"}],"items_purged_floors":[12,39,53],"is_endless":false,"potions_floor_spawned":[4,5,6,15,16,19,26,31,32,33,40,43,46,49,52],"ascension_level":0}}