{"host":"ig7tc0uedzltt2sr","time":1610240169,"event":{"mods":["BaseMod","Better Twitch Integration","Block Reminder","Colored Map","Colored Powertips","Communication Mod","Current Relic Mod","GifTheSpireLib","HexUI Lib","Minty Spire (QoL Compilation)","Quick Restart","Random Character Button","Rare Cards Sparkle","Relic Sorter","Relic Stats","Slay the Relics Exporter","StSLib","SuperFastMode","Synergy Search","Twitch Decklist","Twitch Utils","everything is the same but u backflip on backflip","slay the spire mod where everything is the same but ironclad has a cowboy hat"],"gold_per_floor":[119,130,143,153,164,164,164,164],"floor_reached":7,"playtime":36,"items_purged":[],"score":45,"play_id":"fe229e29-1ba0-4107-a506-e5d74b650099","local_time":"20210109165609","is_ascension_mode":false,"campfire_choices":[{"data":"Strike_R","floor":6,"key":"SMITH"}],"circlet_count":0,"master_deck":["Strike_R+1","Strike_R","Strike_R","Strike_R","Strike_R","Defend_R","Defend_R","Defend_R","Defend_R","Bash"],"relics":["Burning Blood","NeowsBlessing"],"acts_visited":["Exordium"],"potions_floor_usage":[],"damage_taken":[{"damage":0,"enemies":"2 Louse","floor":1,"turns":1},{"damage":0,"enemies":"Cultist","floor":2,"turns":1},{"damage":0,"enemies":"Small Slimes","floor":3,"turns":1},{"damage":37,"enemies":"3 Louse","floor":4,"turns":5},{"damage":26,"enemies":"Blue Slaver","floor":5,"turns":4},{"damage":55,"enemies":"Gremlin Nob","floor":7,"turns":5}],"seed_played":"2593906803489328410","potions_obtained":[{"floor":1,"key":"BloodPotion"},{"floor":3,"key":"LiquidMemories"},{"floor":4,"key":"GamblersBrew"}],"is_trial":false,"path_per_floor":["M","M","M","M","M","R","E"],"character_chosen":"IRONCLAD","items_purchased":[],"campfire_rested":0,"item_purchase_floors":[],"current_hp_per_floor":[80,80,80,49,29,29,0,0],"gold":164,"neow_bonus":"THREE_ENEMY_KILL","is_daily":false,"chose_seed":false,"campfire_upgraded":1,"win_rate":0.0,"timestamp":1610240169,"path_taken":["M","M","M","M","M","R","E"],"items_purchased_type":[],"build_version":"2020-12-22","purchased_purges":0,"victory":false,"max_hp_per_floor":[80,80,80,80,80,80,80,80],"relic_stats":{"counters":[6,17],"obtain_stats":[{"NeowsBlessing":0,"Burning Blood":0},{"NeowsBlessing":0,"Burning Blood":0},{"NeowsBlessing":0,"Burning Blood":0}],"Burning Blood":12},"card_choices":[{"not_picked":["Seeing Red","Havoc","Armaments"],"picked":"SKIP","floor":1},{"not_picked":["Twin Strike","Flex","Uppercut"],"picked":"SKIP","floor":2},{"not_picked":["True Grit","Anger","Sever Soul"],"picked":"SKIP","floor":3},{"not_picked":["Body Slam","Battle Trance","Ghostly Armor"],"picked":"SKIP","floor":4},{"not_picked":["Heavy Blade","Warcry","Sentinel"],"picked":"SKIP","floor":5}],"player_experience":1478006,"relics_obtained":[],"event_choices":[],"is_beta":false,"boss_relics":[],"items_purged_floors":[],"is_endless":false,"potions_floor_spawned":[1,3,4],"killed_by":"Gremlin Nob","ascension_level":0}}