{"host":"uflv0e3ja7hvnij7","time":1610295619,"event":{"mods":["BaseMod","Better Altar","Better Match","Better Note","Better Sensory Stone","Better Skull","Better Third Choice","Marisa????????","Minty Spire (QoL Compilation)","Permanent Neow","Replay The Spire","StSLib"],"gold_per_floor":[159,334,366,405,443,443,479,131,131,166,216,216,216,246,246,246,246],"floor_reached":16,"playtime":716,"items_purged":["Doubt"],"score":125,"play_id":"0e4b0059-8bb9-4059-b0bf-1bcdbefa3e86","local_time":"20210110112019","is_ascension_mode":true,"campfire_choices":[{"floor":6,"key":"REST"},{"data":"Chaos","floor":13,"key":"SMITH"},{"data":"Strike_B","floor":15,"key":"PURGE"}],"circlet_count":0,"master_deck":["Strike_B","Strike_B","Strike_B","Defend_B","Defend_B","Defend_B","Defend_B","Zap","Dualcast","HandOfGreed","Conserve Battery","Rebound","Loop","Chaos+1","Streamline","Master of Strategy","Secret Weapon","Dramatic Entrance","Conserve Battery","ReplaySort","Cold Snap"],"relics":["Cracked Core","Juzu Bracelet","ReplayTheSpireMod:ShopPack","Lizard Tail"],"acts_visited":["Exordium"],"potions_floor_usage":[14],"damage_taken":[{"damage":5,"enemies":"Small Slimes","floor":1,"turns":3},{"damage":2,"enemies":"Jaw Worm","floor":3,"turns":3},{"damage":4,"enemies":"2 Louse","floor":4,"turns":3},{"damage":4,"enemies":"Looter","floor":5,"turns":2},{"damage":12,"enemies":"Blue Slaver","floor":7,"turns":5},{"damage":0,"enemies":"2 Fungi Beasts","floor":10,"turns":3},{"damage":0,"enemies":"Lots of Slimes","floor":11,"turns":5},{"damage":13,"enemies":"Large Slime","floor":14,"turns":2},{"damage":25,"enemies":"The Guardian","floor":16,"turns":5}],"seed_played":"8082592440340053310","potions_obtained":[{"floor":3,"key":"Death Potion"},{"floor":4,"key":"Strength Potion"},{"floor":7,"key":"AttackPotion"},{"floor":14,"key":"Energy Potion"}],"is_trial":false,"path_per_floor":["M","?","M","M","M","R","M","$","T","M","M","?","R","M","R","B"],"character_chosen":"DEFECT","items_purchased":["Juzu Bracelet","ReplayTheSpireMod:ShopPack"],"campfire_rested":1,"item_purchase_floors":[8,8],"current_hp_per_floor":[45,45,43,39,35,57,45,45,45,45,45,70,70,57,57,32,32],"gold":246,"neow_bonus":"RANDOM_COLORLESS_2","is_daily":false,"chose_seed":false,"campfire_upgraded":1,"win_rate":0.0,"timestamp":1610295619,"path_taken":["M","?","M","M","M","R","M","$","T","M","M","?","R","M","R","BOSS"],"items_purchased_type":["Relic","Relic"],"build_version":"2020-12-22","purchased_purges":1,"victory":false,"max_hp_per_floor":[75,75,75,75,75,75,75,75,75,75,75,75,75,75,75,75,75],"card_choices":[{"not_picked":["Panache","Thinking Ahead"],"picked":"HandOfGreed","floor":0},{"not_picked":["Panic Button","Sweeping Beam"],"picked":"Conserve Battery","floor":1},{"not_picked":["Chill","Leap"],"picked":"Rebound","floor":3},{"not_picked":["Reprogram","Leap"],"picked":"Loop","floor":4},{"not_picked":["Hologram","Beam Cell"],"picked":"Chaos","floor":5},{"not_picked":["Reinforced Body","ReplayGash"],"picked":"Streamline","floor":7},{"not_picked":["ReplayTheSpireMod:Brewmster","Mayhem"],"picked":"Master of Strategy","floor":8},{"not_picked":["PanicButton","Replay:Sssssssssstrike"],"picked":"Secret Weapon","floor":8},{"not_picked":["Panache","Bandage Up"],"picked":"Dramatic Entrance","floor":8},{"not_picked":["ReplayTheSpireMod:Repulse","Loop"],"picked":"Conserve Battery","floor":10},{"not_picked":["Panic Button","Crystallizer"],"picked":"ReplaySort","floor":11},{"not_picked":["Scrape","Heatsinks"],"picked":"Cold Snap","floor":14}],"player_experience":537685,"relics_obtained":[{"floor":9,"key":"Lizard Tail"}],"event_choices":[{"damage_healed":0,"gold_gain":175,"player_choice":"AGREE","damage_taken":159,"max_hp_gain":0,"max_hp_loss":0,"event_name":"betterThird:BetterSerpent","floor":2,"gold_loss":0},{"damage_healed":25,"gold_gain":0,"player_choice":"Banana","damage_taken":0,"max_hp_gain":0,"max_hp_loss":0,"event_name":"Big Fish","floor":12,"gold_loss":0}],"is_beta":false,"boss_relics":[],"items_purged_floors":[8],"is_endless":false,"potions_floor_spawned":[3,4,7,10,14],"killed_by":"The Guardian","ascension_level":6}}