{"host":"girf3bnli6r7x4ah","time":1610309426,"event":{"mods":["2.2 Compatiblity","AchievementEnabler","BaseMod","Colored Map","DeckTracker","Highlight Path","Minty Spire (QoL Compilation)","Random Character Button","Rare Cards Sparkle"],"gold_per_floor":[109,109,109,119,119,119,139,139,139,166,166,166,201,212,212,310,310,310,310,310,265,265,265,265,265,265,265,265,265,265,265,265,265,265,265,108,108,108,108,108,108,108,108,108,108,108,108,108,108,108,108,108,37,37,37,37],"floor_reached":55,"playtime":4038,"items_purged":[],"score":1016,"play_id":"76338a8d-6a47-4c13-ac67-f82d1a054057","local_time":"20210110211026","is_ascension_mode":true,"campfire_choices":[{"floor":6.0,"key":"RECALL"},{"data":"Rage","floor":8.0,"key":"SMITH"},{"floor":15.0,"key":"REST"},{"floor":28.0,"key":"REST"},{"floor":32.0,"key":"REST"},{"data":"Apotheosis","floor":40.0,"key":"SMITH"},{"floor":49.0,"key":"REST"},{"data":"Demon Form","floor":52.0,"key":"SMITH"}],"circlet_count":0,"master_deck":["Strike_R","Strike_R","Strike_R","Defend_R","Defend_R","Defend_R","Defend_R","Bash","Rage+1","Twin Strike","Thunderclap+1","Carnage+1","Clash+1","Clothesline+1","Feed+1","Shockwave","Spot Weakness+1","Cleave+1","Disarm","Heavy Blade+1","Demon Form+1","Rage+1","Seeing Red+1","Apotheosis+1","Carnage+1","Heavy Blade+1","Limit Break","Rampage+1","Offering"],"relics":["Runic Pyramid","Anchor","Molten Egg 2","Tiny Chest","Pear","Red Skull","Ectoplasm","Pantograph","Ginger","Dream Catcher","Potion Belt","Matryoshka","Tiny House","TheAbacus","Prayer Wheel","Bag of Marbles","Happy Flower","Question Card","Ancient Tea Set","MawBank","Nunchaku","Boot"],"acts_visited":["Exordium","TheCity","TheBeyond","TheEnding"],"potions_floor_usage":[55],"damage_taken":[{"damage":0.0,"enemies":"Small Slimes","floor":1.0,"turns":3.0},{"damage":1.0,"enemies":"Cultist","floor":4.0,"turns":3.0},{"damage":0.0,"enemies":"Jaw Worm","floor":7.0,"turns":4.0},{"damage":23.0,"enemies":"Lagavulin","floor":10.0,"turns":7.0},{"damage":0.0,"enemies":"3 Sentries","floor":13.0,"turns":5.0},{"damage":0.0,"enemies":"Red Slaver","floor":14.0,"turns":3.0},{"damage":37.0,"enemies":"Hexaghost","floor":16.0,"turns":9.0},{"damage":0.0,"enemies":"Spheric Guardian","floor":18.0,"turns":3.0},{"damage":2.0,"enemies":"2 Thieves","floor":21.0,"turns":3.0},{"damage":8.0,"enemies":"Snecko","floor":22.0,"turns":4.0},{"damage":13.0,"enemies":"Slavers","floor":23.0,"turns":4.0},{"damage":0.0,"enemies":"Cultist and Chosen","floor":24.0,"turns":3.0},{"damage":13.0,"enemies":"Book of Stabbing","floor":25.0,"turns":4.0},{"damage":0.0,"enemies":"Slavers","floor":27.0,"turns":3.0},{"damage":22.0,"enemies":"Book of Stabbing","floor":29.0,"turns":4.0},{"damage":8.0,"enemies":"Centurion and Healer","floor":30.0,"turns":4.0},{"damage":0.0,"enemies":"Chosen and Byrds","floor":31.0,"turns":4.0},{"damage":44.0,"enemies":"Champ","floor":33.0,"turns":8.0},{"damage":0.0,"enemies":"Orb Walker","floor":35.0,"turns":3.0},{"damage":36.0,"enemies":"2 Orb Walkers","floor":38.0,"turns":5.0},{"damage":25.0,"enemies":"3 Darklings","floor":39.0,"turns":7.0},{"damage":25.0,"enemies":"Jaw Worm Horde","floor":42.0,"turns":4.0},{"damage":14.0,"enemies":"4 Shapes","floor":44.0,"turns":4.0},{"damage":17.0,"enemies":"Giant Head","floor":46.0,"turns":6.0},{"damage":17.0,"enemies":"3 Darklings","floor":47.0,"turns":4.0},{"damage":15.0,"enemies":"Nemesis","floor":48.0,"turns":3.0},{"damage":83.0,"enemies":"Awakened One","floor":50.0,"turns":6.0},{"damage":76.0,"enemies":"Shield and Spear","floor":54.0,"turns":5.0},{"damage":113,"enemies":"The Heart","floor":55,"turns":5}],"seed_played":"1813290749622221098","potions_obtained":[{"floor":4.0,"key":"LiquidMemories"},{"floor":7.0,"key":"PowerPotion"},{"floor":14.0,"key":"FearPotion"},{"floor":18.0,"key":"ElixirPotion"},{"floor":22.0,"key":"BloodPotion"},{"floor":25.0,"key":"DistilledChaos"},{"floor":33.0,"key":"Fire Potion"},{"floor":34.0,"key":"Weak Potion"},{"floor":35.0,"key":"SneckoOil"},{"floor":38.0,"key":"Fruit Juice"},{"floor":46.0,"key":"EntropicBrew"},{"floor":48.0,"key":"DuplicationPotion"},{"floor":54.0,"key":"HeartOfIron"}],"is_trial":false,"path_per_floor":["M","?","$","M","T","R","M","R","T","E","?","?","E","M","R","B",null,"M","?","T","M","M","E","M","E","T","E","R","E","M","M","R","B",null,"M","$","?","?","M","R","?","M","T","M","T","E","M","E","R","B",null,"R","$","E","B"],"character_chosen":"IRONCLAD","items_purchased":["TheAbacus","GamblersBrew"],"campfire_rested":4,"item_purchase_floors":[36,53],"current_hp_per_floor":[80,80,80,79,79,79,79,79,79,56,54,54,54,54,81,44,90,90,90,90,92,88,79,83,74,74,78,112,94,90,94,126,86,135,135,135,135,108,111,111,111,90,90,80,80,63,51,36,83,29,161,161,161,85,0,0],"gold":37,"neow_bonus":"BOSS_RELIC","is_daily":false,"chose_seed":false,"campfire_upgraded":3,"win_rate":0.0,"timestamp":1610309426,"path_taken":["M","?","?","M","?","R","?","R","T","E","?","?","E","M","R","BOSS","M","?","?","M","M","E","M","E","T","E","R","E","M","M","R","BOSS","M","$","?","?","M","R","?","M","T","M","?","E","M","E","R","BOSS","R","$","E","BOSS"],"items_purchased_type":["Relic","Potion"],"build_version":"2020-12-22","purchased_purges":0,"victory":false,"max_hp_per_floor":[80,80,80,80,80,80,80,80,80,80,90,90,90,90,90,90,90,90,90,90,94,98,102,106,110,110,114,114,118,122,126,126,130,135,135,135,135,144,144,144,144,148,148,152,152,152,157,157,157,161,161,161,161,161,161,161],"card_choices":[{"not_picked":["Headbutt","Disarm"],"picked":"Rage","floor":1.0},{"not_picked":["Wild Strike","Whirlwind","Shrug It Off"],"picked":"SKIP","floor":4.0},{"not_picked":["Headbutt","Combust"],"picked":"Twin Strike","floor":7.0},{"not_picked":["Feel No Pain","Heavy Blade+1"],"picked":"Thunderclap+1","floor":10.0},{"not_picked":["Thunderclap+1","Shrug It Off"],"picked":"Clash+1","floor":13.0},{"not_picked":["Fire Breathing","Headbutt+1"],"picked":"Clothesline+1","floor":14.0},{"not_picked":["Limit Break","Fiend Fire+1"],"picked":"Feed+1","floor":16.0},{"not_picked":["Blood for Blood+1","Anger+1","Flex+1"],"picked":"SKIP","floor":18.0},{"not_picked":["Iron Wave+1","Second Wind"],"picked":"Spot Weakness","floor":21.0},{"not_picked":["Flex+1","Ghostly Armor"],"picked":"Cleave+1","floor":22.0},{"not_picked":["Sword Boomerang+1","Flex","Cleave+1"],"picked":"SKIP","floor":23.0},{"not_picked":["Sword Boomerang+1","Body Slam+1","Armaments"],"picked":"SKIP","floor":24.0},{"not_picked":["Headbutt+1","Anger+1","Fire Breathing+1"],"picked":"SKIP","floor":25.0},{"not_picked":["Brutality","Anger+1","Cleave+1"],"picked":"SKIP","floor":27.0},{"not_picked":["Thunderclap+1","Entrench"],"picked":"Disarm","floor":28.0},{"not_picked":["Burning Pact","Anger+1","Rupture+1"],"picked":"SKIP","floor":29.0},{"not_picked":["Thunderclap+1","Clothesline+1","Intimidate"],"picked":"SKIP","floor":30.0},{"not_picked":["Bloodletting","Pommel Strike+1"],"picked":"Heavy Blade+1","floor":31.0},{"not_picked":["Exhume","Corruption"],"picked":"Demon Form","floor":33.0},{"not_picked":["Burning Pact","Clash+1"],"picked":"Rage+1","floor":34.0},{"not_picked":["Clash+1","Feel No Pain"],"picked":"Seeing Red+1","floor":35.0},{"not_picked":["Flash of Steel+1","Magnetism"],"picked":"Apotheosis","floor":37.0},{"not_picked":["Feel No Pain+1","Fire Breathing+1","Flame Barrier+1"],"picked":"SKIP","floor":39.0},{"not_picked":["Pommel Strike+1","Sword Boomerang+1","Body Slam+1"],"picked":"SKIP","floor":39.0},{"not_picked":["Flame Barrier","Cleave+1","Whirlwind+1"],"picked":"SKIP","floor":42.0},{"not_picked":["Fire Breathing","Anger+1","Combust"],"picked":"SKIP","floor":42.0},{"not_picked":["Shrug It Off+1","Brutality"],"picked":"Carnage+1","floor":44.0},{"not_picked":["Sentinel+1","Metallicize+1","Shrug It Off"],"picked":"SKIP","floor":44.0},{"not_picked":["Flex+1","Armaments+1","Inflame"],"picked":"Heavy Blade+1","floor":46.0},{"not_picked":["Intimidate","Armaments","Seeing Red+1"],"picked":"Limit Break","floor":47.0},{"not_picked":["Warcry","True Grit+1","Fire Breathing+1","Havoc"],"picked":"SKIP","floor":47.0},{"not_picked":["Spot Weakness","Entrench","Havoc","Battle Trance"],"picked":"SKIP","floor":48.0},{"not_picked":["Cleave+1","Warcry+1","Shrug It Off+1"],"picked":"Rampage+1","floor":49.0},{"not_picked":["Twin Strike+1","Dark Embrace+1","Shrug It Off+1"],"picked":"Offering","floor":54.0}],"player_experience":145036,"relics_obtained":[{"floor":5.0,"key":"Anchor"},{"floor":9.0,"key":"Molten Egg 2"},{"floor":10.0,"key":"Tiny Chest"},{"floor":13.0,"key":"Red Skull"},{"floor":23.0,"key":"Pantograph"},{"floor":25.0,"key":"Ginger"},{"floor":26.0,"key":"Dream Catcher"},{"floor":27.0,"key":"Potion Belt"},{"floor":29.0,"key":"Matryoshka"},{"floor":38.0,"key":"Prayer Wheel"},{"floor":43.0,"key":"Bag of Marbles"},{"floor":43.0,"key":"Happy Flower"},{"floor":45.0,"key":"Question Card"},{"floor":45.0,"key":"Ancient Tea Set"},{"floor":46.0,"key":"MawBank"},{"floor":48.0,"key":"Nunchaku"},{"floor":54.0,"key":"Boot"}],"event_choices":[{"damage_healed":0.0,"max_hp_gain":0.0,"max_hp_loss":0.0,"gold_gain":0.0,"event_name":"The Woman in Blue","player_choice":"Bought 0 Potions","floor":2.0,"gold_loss":0.0,"damage_taken":0.0},{"damage_healed":0.0,"max_hp_gain":0.0,"max_hp_loss":0.0,"gold_gain":0.0,"event_name":"Scrap Ooze","player_choice":"Success","floor":11.0,"gold_loss":0.0,"damage_taken":12.0,"relics_obtained":["Pear"]},{"damage_healed":0.0,"max_hp_gain":0.0,"max_hp_loss":0.0,"gold_gain":0.0,"cards_transformed":["Strike_R"],"event_name":"Transmorgrifier","player_choice":"Transformed","floor":12.0,"gold_loss":0.0,"damage_taken":0.0,"cards_obtained":["Carnage"]},{"damage_healed":0.0,"max_hp_gain":0.0,"max_hp_loss":0.0,"gold_gain":0.0,"event_name":"The Library","player_choice":"Read","floor":19.0,"gold_loss":0.0,"damage_taken":0.0,"cards_obtained":["Shockwave"]},{"damage_healed":0.0,"max_hp_gain":0.0,"max_hp_loss":0.0,"gold_gain":0.0,"event_name":"SensoryStone","player_choice":"Memory 1","floor":37.0,"gold_loss":0.0,"damage_taken":0.0},{"damage_healed":0.0,"max_hp_gain":0.0,"max_hp_loss":0.0,"gold_gain":0.0,"event_name":"Mysterious Sphere","player_choice":"Fight","floor":38.0,"gold_loss":0.0,"damage_taken":0.0},{"cards_removed":["Strike_R"],"damage_healed":0.0,"max_hp_gain":0.0,"max_hp_loss":0.0,"gold_gain":0.0,"event_name":"Falling","player_choice":"Removed Attack","floor":41.0,"gold_loss":0.0,"damage_taken":0.0}],"is_beta":false,"boss_relics":[{"not_picked":["Velvet Choker","SlaversCollar"],"picked":"Ectoplasm"},{"not_picked":["Empty Cage","Mark of Pain"],"picked":"Tiny House"}],"items_purged_floors":[],"is_endless":false,"potions_floor_spawned":[4,7,14,18,22,25,33,35,38,46,48,54],"killed_by":"The Heart","ascension_level":3}}