{"host":"l84l8xigz5v5foa2","time":1610267845,"event":{"mods":["2.2 Compatiblity","AchievementEnabler","BaseMod","Better Note","Better Vampires","Card Filter","Colored Map","DeckTracker","Downfall","Gremlin Skip","Highlight Path","Keyboard Shortcuts","Minty Spire (QoL Compilation)","Permanent Neow","Quick Restart","Relic Filter","Relic Stats","StSLib","SuperFastMode","Transform Curses","Unknown Chances"],"gold_per_floor":[99,110,110,120,135,154,154,20,20,20,5,5,35,53,69,143,143,143,162,181,32,42,68,94,94,104,298,298,329,329,329,346,423,423,423,438,450,475,475,400,400,186,111,131,180,197,197,223,148,148,148,176,23,23,23],"floor_reached":56,"playtime":3867,"items_purged":["hexamod:Strike","hexamod:Strike","hexamod:Strike"],"score":2505,"play_id":"f7f964f7-da4c-4df3-b217-40f0f3d1eac6","local_time":"20210110173725","is_ascension_mode":true,"campfire_choices":[{"data":"hexamod:Float","floor":1.0,"key":"SMITH"},{"data":"hexamod:GiftsFromTheDead","floor":9.0,"key":"SMITH"},{"data":"hexamod:SuperheatedStrike","floor":12.0,"key":"SMITH"},{"data":"hexamod:RainOfEmbers","floor":18,"key":"SMITH"},{"data":"hexamod:Rewind","floor":28,"key":"SMITH"},{"data":"hexamod:GhostOfSpirePast","floor":30,"key":"SMITH"},{"floor":35,"key":"RECALL"},{"data":"hexamod:Rewind","floor":40,"key":"SMITH"},{"data":"hexamod:FastForward","floor":43,"key":"SMITH"},{"data":"hexamod:HeatMetal","floor":49,"key":"SMITH"},{"data":"hexamod:Rewind","floor":54,"key":"SMITH"}],"circlet_count":0,"master_deck":["AscendersBane","hexamod:Defend+1","hexamod:Defend","hexamod:Defend+1","hexamod:Defend+1","hexamod:Sear","hexamod:Float+1","hexamod:TimeWarp","hexamod:SuperheatedStrike+1","hexamod:StepThrough","hexamod:SpectersWail","hexamod:GiftsFromTheDead+1","hexamod:RainOfEmbers+1","hexamod:NightmareGuise+1","hexamod:NightmareGuise+1","hexamod:TimeOfNeed","hexamod:ShieldOfDarkness","hexamod:Rewind+1","hexamod:HeatMetal+1","hexamod:GhostOfSpirePast+1","hexamod:AdvancingGuard+1","hexamod:InspiringFlames+1","hexamod:SwordOfDarkness+1","hexamod:FastForward+1","hexamod:HauntingEcho+1","hexamod:Rewind+1","hexamod:Hexaguard","hexamod:SixthSeal","hexamod:ThirdSeal","hexamod:Rewind+1","hexamod:FirstSeal","hexamod:HeatShield+1","hexamod:StepThrough","hexamod:Rewind+1"],"relics":["hexamod:SpiritBrand","Incense Burner","MealTicket","expansioncontent:StudyCardRelic","Mango","Art of War","champ:DuelingGlove","hexamod:IceCube","Guardian:GemstoneGun","downfall:HeartBlessingRed","downfall:HeartBlessingBlue","Ginger","hexamod:TheBrokenSeal","Ancient Tea Set","downfall:HeartBlessingGreen","Toy Ornithopter"],"acts_visited":["TheCity","TheBeyond","TheEnding"],"potions_floor_usage":[16,21,23,26,29,33,33,34,38,44,45,46,46],"damage_taken":[{"damage":0.0,"enemies":"2 Louse","floor":2.0,"turns":2.0},{"damage":0.0,"enemies":"Small Slimes","floor":4.0,"turns":3.0},{"damage":0.0,"enemies":"Jaw Worm","floor":5.0,"turns":3.0},{"damage":0.0,"enemies":"Exordium Thugs","floor":6.0,"turns":3.0},{"damage":0.0,"enemies":"downfall:FleeingMerchant","floor":8.0,"turns":4.0},{"damage":0.0,"enemies":"downfall:FleeingMerchant","floor":11.0,"turns":4.0},{"damage":0.0,"enemies":"3 Sentries","floor":13.0,"turns":6.0},{"damage":0.0,"enemies":"Lots of Slimes","floor":14.0,"turns":1.0},{"damage":3.0,"enemies":"Exordium Thugs","floor":15.0,"turns":4.0},{"damage":1,"enemies":"downfall:Silent","floor":16,"turns":6},{"damage":10,"enemies":"Spheric Guardian","floor":19,"turns":4},{"damage":0,"enemies":"Snake Plant","floor":20,"turns":4},{"damage":2,"enemies":"downfall:FleeingMerchant","floor":21,"turns":4},{"damage":0,"enemies":"3 Cultists","floor":22,"turns":4},{"damage":0,"enemies":"Gremlin Leader","floor":23,"turns":5},{"damage":7,"enemies":"Cultist and Chosen","floor":26,"turns":4},{"damage":1,"enemies":"downfall:FleeingMerchant","floor":27,"turns":3},{"damage":0,"enemies":"Slavers","floor":29,"turns":5},{"damage":0,"enemies":"Sentry and Sphere","floor":32,"turns":3},{"damage":0,"enemies":"downfall:Ironclad","floor":33,"turns":5},{"damage":17,"enemies":"3 Darklings","floor":36,"turns":6},{"damage":0,"enemies":"3 Shapes","floor":37,"turns":5},{"damage":1,"enemies":"Mind Bloom Boss Battle","floor":38,"turns":5},{"damage":8,"enemies":"Transient","floor":44,"turns":6},{"damage":110,"enemies":"2 Orb Walkers","floor":45,"turns":6},{"damage":19,"enemies":"3 Darklings","floor":46,"turns":6},{"damage":0,"enemies":"Giant Head","floor":48,"turns":6},{"damage":0,"enemies":"downfall:Watcher","floor":50,"turns":7},{"damage":10,"enemies":"downfall:CharBossMerchant","floor":52,"turns":6},{"damage":11,"enemies":"downfall:NeowBoss","floor":55,"turns":23}],"seed_played":"5127637297166749030","potions_obtained":[{"floor":2.0,"key":"BlessingOfTheForge"},{"floor":11.0,"key":"hexamod:InfernoChargePotion"},{"floor":13.0,"key":"Explosive Potion"},{"floor":14.0,"key":"Dexterity Potion"},{"floor":15.0,"key":"FairyPotion"},{"floor":19,"key":"Guardian:BlockOnCardUsePotion"},{"floor":20,"key":"hexamod:EctoCoolerPotion"},{"floor":21,"key":"hexamod:InfernoChargePotion"},{"floor":22,"key":"DuplicationPotion"},{"floor":23,"key":"AttackPotion"},{"floor":26,"key":"DuplicationPotion"},{"floor":29,"key":"Dexterity Potion"},{"floor":33,"key":"Fruit Juice"},{"floor":33,"key":"Fire Potion"},{"floor":36,"key":"Weak Potion"},{"floor":38,"key":"Dexterity Potion"},{"floor":44,"key":"Slimebound:ThreeZeroPotion"},{"floor":44,"key":"Energy Potion"},{"floor":45,"key":"Weak Potion"},{"floor":46,"key":"Fruit Juice"}],"is_trial":false,"path_per_floor":["R","M","?","M","M","M","T","$","R","?","$","R","E","M","M","B",null,"R","M","M","$","M","E","T","?","M","$","R","E","R","?","M","B",null,"R","M","M","?","?","R","T","$","R","M","?","M","?","E","R","B",null,"E","$","R","B",null],"character_chosen":"THE_SPIRIT","items_purchased":["hexamod:FourthSeal","hexamod:GhostOfSpirePast","hexamod:AdvancingGuard","hexamod:HauntingEcho","hexamod:ThirdSeal","hexamod:StepThrough","hexamod:Rewind"],"campfire_rested":0,"item_purchase_floors":[8,21,21,27,42,53,53],"current_hp_per_floor":[42,42,42,42,42,42,42,42,42,42,42,42,42,42,39,38,57,57,47,47,60,60,74,74,74,67,76,76,76,76,76,76,76,82,82,65,65,64,64,64,64,79,89,81,40,107,107,107,107,107,107,104,107,107,96],"gold":23,"neow_bonus":"THREE_RARE_CARDS","is_daily":false,"chose_seed":false,"campfire_upgraded":10,"win_rate":0.0,"timestamp":1610267845,"path_taken":["R","M","?","M","M","M","T","$","R","?","?","R","E","M","M","BOSS","R","M","M","$","M","E","T","?","?","$","R","E","R","?","M","BOSS","R","M","M","?","?","R","T","$","R","M","?","M","?","E","R","BOSS","E","$","R","BOSS"],"items_purchased_type":["Card","Card","Card","Card","Card","Card","Card"],"build_version":"2020-12-22","purchased_purges":3,"victory":true,"max_hp_per_floor":[63,63,63,63,63,63,63,63,63,63,63,63,63,63,63,63,63,63,63,63,63,63,77,77,77,77,77,77,77,77,77,77,77,82,82,82,82,82,82,82,82,82,92,92,92,107,107,107,107,107,107,107,107,107,107],"relic_stats":{"counters":[30,153],"MealTicket":43,"Art of War":[13],"Ginger":[7],"obtain_stats":[{"champ:DuelingGlove":29,"downfall:HeartBlessingRed":40,"Guardian:GemstoneGun":38,"hexamod:TheBrokenSeal":46,"Mango":23,"downfall:HeartBlessingGreen":49,"Incense Burner":7,"expansioncontent:StudyCardRelic":17,"Ginger":45,"Ancient Tea Set":48,"downfall:HeartBlessingBlue":43,"MealTicket":13,"Art of War":24,"hexamod:SpiritBrand":0,"hexamod:IceCube":34,"Toy Ornithopter":52},{"champ:DuelingGlove":18,"downfall:HeartBlessingRed":23,"Guardian:GemstoneGun":23,"hexamod:TheBrokenSeal":26,"Mango":15,"downfall:HeartBlessingGreen":27,"Incense Burner":4,"expansioncontent:StudyCardRelic":10,"Ginger":25,"Ancient Tea Set":27,"downfall:HeartBlessingBlue":23,"MealTicket":7,"Art of War":15,"hexamod:SpiritBrand":0,"hexamod:IceCube":20,"Toy Ornithopter":29},{"champ:DuelingGlove":69,"downfall:HeartBlessingRed":93,"Guardian:GemstoneGun":93,"hexamod:TheBrokenSeal":111,"Mango":57,"downfall:HeartBlessingGreen":117,"Incense Burner":11,"expansioncontent:StudyCardRelic":36,"Ginger":105,"Ancient Tea Set":117,"downfall:HeartBlessingBlue":93,"MealTicket":25,"Art of War":57,"hexamod:SpiritBrand":0,"hexamod:IceCube":77,"Toy Ornithopter":130}],"Toy Ornithopter":0},"card_choices":[{"not_picked":["hexamod:CrushingStance","hexamod:EmpoweringStance"],"picked":"hexamod:TimeWarp","floor":0.0},{"not_picked":["hexamod:SwordOfDarkness","hexamod:GhostShield"],"picked":"hexamod:SuperheatedStrike","floor":2.0},{"not_picked":["hexamod:NightmareGuise","hexamod:InspiringFlames"],"picked":"hexamod:StepThrough","floor":4.0},{"not_picked":["hexamod:SwordOfDarkness","hexamod:NightmareGuise"],"picked":"hexamod:SpectersWail","floor":5.0},{"not_picked":["hexamod:GhostShield","hexamod:Hexaguard"],"picked":"hexamod:GiftsFromTheDead","floor":6.0},{"not_picked":["hexamod:GhostLash","hexamod:BurningTouch"],"picked":"hexamod:RainOfEmbers","floor":8.0},{"not_picked":["hexamod:FourthSeal","hexamod:Again"],"picked":"hexamod:NightmareGuise","floor":11.0},{"not_picked":["hexamod:NightmareStrike","hexamod:EmpoweredFlame"],"picked":"hexamod:NightmareGuise","floor":13.0},{"not_picked":["hexamod:SpectersWail","hexamod:SwordOfDarkness","hexamod:GhostLash"],"picked":"SKIP","floor":14.0},{"not_picked":["hexamod:BacktrackSmack","hexamod:ExtraCrispy","hexamod:RetreatToShadows"],"picked":"SKIP","floor":15.0},{"not_picked":["hexamod:UnleashSpirits","hexamod:GhostflameInferno"],"picked":"hexamod:TimeOfNeed","floor":16},{"not_picked":["hexamod:GhostflameBarrier","hexamod:NightmareGuise"],"picked":"hexamod:ShieldOfDarkness","floor":19},{"not_picked":["hexamod:FastForward+1","hexamod:SpectralAdrenaline"],"picked":"hexamod:Rewind","floor":20},{"not_picked":["hexamod:HauntingEcho","hexamod:Firestarter"],"picked":"hexamod:HeatMetal","floor":21},{"not_picked":["hexamod:BurningTouch+1","hexamod:GiftsFromTheDead"],"picked":"hexamod:InspiringFlames","floor":22},{"not_picked":["hexamod:ChargedBarrage","hexamod:GhostShield","hexamod:NightmareGuise"],"picked":"SKIP","floor":23},{"not_picked":["hexamod:NightmareGuise+1","hexamod:DynamicBlow"],"picked":"hexamod:SwordOfDarkness+1","floor":26},{"not_picked":["hexamod:GhostLash","hexamod:SearingWound"],"picked":"hexamod:FastForward","floor":27},{"not_picked":["hexamod:BurningTouch","hexamod:CatchUp"],"picked":"hexamod:Rewind","floor":29},{"not_picked":["hexamod:NightmareGuise","hexamod:RetreatToShadows","hexamod:BacktrackSmack"],"picked":"SKIP","floor":32},{"not_picked":["hexamod:TimeOfNeed","hexamod:Toasty"],"picked":"hexamod:FifthSeal","floor":33},{"not_picked":["hexamod:FourthSeal","hexamod:FirstSeal"],"picked":"hexamod:SixthSeal","floor":36},{"not_picked":["hexamod:PowerFromBeyond","hexamod:SpectralAdrenaline","hexamod:AdvancingGuard"],"picked":"SKIP","floor":36},{"not_picked":["hexamod:SecondSeal","hexamod:FirstSeal"],"picked":"hexamod:ThirdSeal","floor":37},{"not_picked":["hexamod:HauntingEcho","hexamod:AdvancingGuard+1","hexamod:InspiringFlames"],"picked":"SKIP","floor":37},{"not_picked":["hexamod:ThirdSeal","hexamod:FourthSeal"],"picked":"hexamod:SixthSeal","floor":38},{"not_picked":["hexamod:InspiringFlames","hexamod:GhostOfSpirePresent"],"picked":"hexamod:Rewind","floor":44},{"not_picked":["hexamod:ThirdSeal","hexamod:SecondSeal"],"picked":"hexamod:FirstSeal","floor":44},{"not_picked":["hexamod:ThirdSeal","hexamod:FlamesFromBeyond+1","hexamod:ThermalTransfer"],"picked":"SKIP","floor":44},{"not_picked":["hexamod:SpectralAdrenaline+1","hexamod:Firestarter+1","hexamod:GhostflameBarrier"],"picked":"SKIP","floor":44},{"not_picked":["hexamod:BurningTouch","hexamod:HeatCrush"],"picked":"hexamod:SecondSeal","floor":45},{"not_picked":["hexamod:PhantomCloak","hexamod:NightmareGuise+1"],"picked":"hexamod:FirstSeal","floor":46},{"not_picked":["hexamod:InspiringFlames+1","hexamod:RainOfEmbers+1","hexamod:SuperheatedStrike"],"picked":"SKIP","floor":46},{"not_picked":["hexamod:SwordOfDarkness","hexamod:FastForward","hexamod:SpectersWail"],"picked":"SKIP","floor":48},{"not_picked":["hexamod:NightmareGuise","hexamod:HauntingEcho","hexamod:PowerFromBeyond+1"],"picked":"SKIP","floor":48},{"not_picked":["hexamod:ExtraCrispy","hexamod:GhostShield"],"picked":"hexamod:HeatShield+1","floor":52},{"not_picked":["hexamod:Again","hexamod:ShieldOfDarkness","hexamod:GhostflameBarrier+1"],"picked":"SKIP","floor":52}],"player_experience":3052557,"relics_obtained":[{"floor":7.0,"key":"Incense Burner"},{"floor":13.0,"key":"MealTicket"},{"floor":23,"key":"Mango"},{"floor":24,"key":"Art of War"},{"floor":29,"key":"champ:DuelingGlove"},{"floor":38,"key":"Guardian:GemstoneGun"},{"floor":45,"key":"Ginger"},{"floor":48,"key":"Ancient Tea Set"},{"floor":52,"key":"Toy Ornithopter"}],"event_choices":[{"damage_healed":0,"gold_gain":0,"player_choice":"Got Potions","damage_taken":0,"max_hp_gain":0,"max_hp_loss":0,"event_name":"Lab","floor":25,"gold_loss":0},{"damage_healed":0,"gold_gain":0,"player_choice":"Read","damage_taken":0,"max_hp_gain":0,"max_hp_loss":0,"event_name":"The Library","floor":31,"gold_loss":0,"cards_obtained":["hexamod:Hexaguard"]},{"damage_healed":0,"gold_gain":0,"player_choice":"Fight","damage_taken":0,"max_hp_gain":0,"max_hp_loss":0,"event_name":"Mysterious Sphere","floor":45,"gold_loss":0},{"damage_healed":0,"gold_gain":0,"player_choice":"Forge","damage_taken":0,"max_hp_gain":0,"max_hp_loss":0,"event_name":"Accursed Blacksmith","floor":47,"gold_loss":0,"cards_upgraded":["hexamod:Rewind"]}],"is_beta":false,"boss_relics":[{"not_picked":["Fusion Hammer","Cursed Key"],"picked":"expansioncontent:StudyCardRelic"},{"not_picked":["SlaversCollar","Astrolabe"],"picked":"hexamod:IceCube"}],"items_purged_floors":[8,27,42],"is_endless":false,"potions_floor_spawned":[2,13,14,22,26,33,44,45],"ascension_level":20}}