{"host":"3lu18h28pc0a6dwf","time":1610318693,"event":{"mods":["2.2 Compatiblity","Act Like it!","BaseMod","Colored Map","Downfall","Jorbs\u0027s Wanderer Trilogy","Melee Mod","Minty Spire (QoL Compilation)","Rare Cards Sparkle","Replay The Spire","StSLib","The Cursed"],"gold_per_floor":[0,20,195,31,45,58,58,85,10,29,29,479,479,506,523,626,726,726,726,770,770,437,453,477,477,496,496,510,522,522,522,522,622,637,648,744,744,744,761,1036,673,689,689,689],"floor_reached":44,"playtime":2971,"items_purged":["Slimebound:Icky","Regret"],"score":468,"play_id":"edf20565-8af6-4b1d-b27b-84ef7cb30880","local_time":"20210110174453","is_ascension_mode":false,"campfire_choices":[{"floor":1,"key":"RECALL"},{"floor":9,"key":"REST"},{"data":"Poisoned Strike","floor":13,"key":"SMITH"},{"data":"sneckomod:Unknown3Cost","floor":18,"key":"SMITH"},{"floor":25,"key":"REST"},{"floor":27,"key":"REST"},{"floor":31,"key":"REST"},{"data":"sneckomod:UnknownX","floor":33,"key":"SMITH"},{"data":"sneckomod:DangerNoodle","floor":39,"key":"SMITH"}],"circlet_count":0,"master_deck":["sneckomod:Strike+1","sneckomod:Strike+1","sneckomod:Strike+1","sneckomod:Defend+1","sneckomod:Defend+1","sneckomod:Defend+1","sneckomod:TailWhip","sneckomod:SnekBite","sneckomod:Unknown","sneckomod:Unknown","Poisoned Strike+1","sneckomod:UnknownEthereal","sneckomod:ImprovisedAttack","Slimebound:Icky","Slimebound:Icky","sneckomod:SnekBeam","sneckomod:Unknown3Cost+1","sneckomod:UnknownStrike","sneckomod:UnknownCommonAttack","sneckomod:ImprovisedAttack","sneckomod:UnknownBlock","sneckomod:UnknownX+1","sneckomod:UnknownCommonSkill+1","sneckomod:SnakeSap","sneckomod:DangerNoodle+1","sneckomod:UnknownCommonAttack+1"],"relics":["sneckomod:SneckoSoul","Replay:Rubber Ducky","sneckomod:ConfusingCodex","Regal Pillow","downfall:HeartBlessingRed","Replay:Mystery Machine","Replay:Bottled Eggs","Replay:Grab Bag","Busted Crown","Replay:Wanted Poster","Ring of Chaos","Mummified Hand","Replay:Baseball","Counterbalance","Pantograph","Replay:Bronze Core","Quantum Egg"],"acts_visited":["Exordium","TheCity","TheBeyond"],"potions_floor_usage":[16,16,16,23,34,37,37,37,42],"damage_taken":[{"damage":6,"enemies":"Jaw Worm","floor":2,"turns":2},{"damage":5,"enemies":"downfall:FleeingMerchant","floor":4,"turns":4},{"damage":15,"enemies":"Small Slimes","floor":5,"turns":4},{"damage":4,"enemies":"2 Louse","floor":6,"turns":4},{"damage":16,"enemies":"Lagavulin","floor":8,"turns":4},{"damage":0,"enemies":"Large Slime","floor":10,"turns":3},{"damage":19,"enemies":"Gremlin Nob","floor":14,"turns":4},{"damage":7,"enemies":"Exordium Thugs","floor":15,"turns":4},{"damage":3,"enemies":"downfall:Defect","floor":16,"turns":2},{"damage":40,"enemies":"Shell Parasite","floor":20,"turns":6},{"damage":4,"enemies":"downfall:FleeingMerchant","floor":22,"turns":4},{"damage":8,"enemies":"Centurion and Healer","floor":23,"turns":2},{"damage":30,"enemies":"Snecko","floor":26,"turns":4},{"damage":27,"enemies":"Snake Plant","floor":28,"turns":4},{"damage":9,"enemies":"3 Cultists","floor":29,"turns":4},{"damage":30,"enemies":"downfall:Silent","floor":34,"turns":6},{"damage":0,"enemies":"Centurion and Healer","floor":35,"turns":2},{"damage":0,"enemies":"Snake Plant","floor":36,"turns":3},{"damage":52,"enemies":"downfall:Watcher","floor":37,"turns":6},{"damage":61,"enemies":"3 Shapes","floor":40,"turns":3},{"damage":16,"enemies":"downfall:FleeingMerchant","floor":42,"turns":5},{"damage":0,"enemies":"3 Darklings","floor":43,"turns":1},{"damage":47,"enemies":"Mind Bloom Boss Battle","floor":44,"turns":4}],"seed_played":"9018878635407084745","potions_obtained":[{"floor":6,"key":"SteroidPotion"},{"floor":10,"key":"Slimebound:ThreeZeroPotion"},{"floor":15,"key":"Milkshake"},{"floor":16,"key":"hexamod:EctoCoolerPotion"},{"floor":20,"key":"BlessingOfTheForge"},{"floor":26,"key":"Block Potion"},{"floor":28,"key":"Dexterity Potion"},{"floor":35,"key":"AttackPotion"},{"floor":40,"key":"Fruit Juice"}],"is_trial":false,"path_per_floor":["R","M","?","$","M","M","T","E","R","M","?","?","R","E","M","B",null,"R","?","M","?","$","M","T","R","M","R","M","M","R","?","R","?","M","M","B",null,"R","M","?","$","M","?"],"character_chosen":"THE_SNECKO","items_purchased":["Replay:Rubber Ducky","Mummified Hand","Quantum Egg"],"campfire_rested":4,"item_purchase_floors":[4,22,42],"current_hp_per_floor":[90,84,84,80,65,61,61,45,87,87,54,54,54,39,32,30,92,92,74,35,35,32,32,32,76,46,90,64,56,101,101,101,72,72,72,45,102,102,48,48,37,38,0,0],"gold":689,"neow_bonus":"RANDOM_COLORLESS_2","is_daily":false,"chose_seed":false,"campfire_upgraded":4,"win_rate":0.0,"timestamp":1610318693,"path_taken":["R","M","?","$","M","M","T","E","R","M","?","?","R","E","M","BOSS","R","?","M","?","$","M","T","R","M","R","M","?","R","?","R","?","M","M","BOSS","R","M","?","$","?","?"],"items_purchased_type":["Relic","Relic","Relic"],"build_version":"2020-12-22","purchased_purges":2,"victory":false,"max_hp_per_floor":[90,90,90,91,91,91,91,91,91,91,91,91,91,91,91,92,92,92,97,98,98,99,99,99,99,99,99,100,101,101,101,101,102,102,102,102,102,102,102,102,107,108,108,108],"card_choices":[{"not_picked":["Secret Weapon","Mayhem"],"picked":"Poisoned Strike","floor":0},{"not_picked":["sneckomod:WideSting","sneckomod:DiceCrush","sneckomod:RainOfDice"],"picked":"SKIP","floor":2},{"not_picked":["sneckomod:UnknownBlock","sneckomod:RainOfDice"],"picked":"sneckomod:UnknownEthereal","floor":4},{"not_picked":["sneckomod:UnknownClassTHE_CHAMP_GRAY","sneckomod:QuickMove","sneckomod:DiceBlock"],"picked":"SKIP","floor":5},{"not_picked":["sneckomod:UnknownBlock","sneckomod:UnknownUncommonSkill","sneckomod:DefensiveFlair"],"picked":"SKIP","floor":6},{"not_picked":["sneckomod:UnknownCommonSkill","sneckomod:UnknownVulnerable"],"picked":"sneckomod:ImprovisedAttack","floor":8},{"not_picked":["sneckomod:UnknownEthereal","sneckomod:WideSting","sneckomod:IronFang"],"picked":"SKIP","floor":10},{"not_picked":["sneckomod:Unknown2Cost","sneckomod:SerpentMind"],"picked":"sneckomod:SnekBeam","floor":14},{"not_picked":["sneckomod:Unknown1Cost","sneckomod:DiceCrush","sneckomod:ImprovisedGuard"],"picked":"SKIP","floor":15},{"not_picked":["sneckomod:Mudshield","sneckomod:DangerNoodle"],"picked":"sneckomod:Unknown3Cost","floor":16},{"not_picked":[],"picked":"sneckomod:UnknownStrike","floor":20},{"not_picked":[],"picked":"sneckomod:UnknownCommonAttack","floor":22},{"not_picked":["sneckomod:RainOfDice"],"picked":"SKIP","floor":23},{"not_picked":[],"picked":"sneckomod:ImprovisedAttack","floor":26},{"not_picked":[],"picked":"sneckomod:UnknownBlock","floor":28},{"not_picked":[],"picked":"sneckomod:UnknownX","floor":29},{"not_picked":[],"picked":"sneckomod:UnknownCommonSkill+1","floor":34},{"not_picked":["sneckomod:Unknown1Cost"],"picked":"SKIP","floor":35},{"not_picked":[],"picked":"sneckomod:SnakeSap","floor":36},{"not_picked":[],"picked":"sneckomod:DangerNoodle","floor":37},{"not_picked":["sneckomod:UnknownUncommonSkill"],"picked":"SKIP","floor":40},{"not_picked":["sneckomod:MasterEye"],"picked":"SKIP","floor":42},{"not_picked":[],"picked":"sneckomod:UnknownCommonAttack+1","floor":43}],"player_experience":241904,"relics_obtained":[{"floor":7,"key":"sneckomod:ConfusingCodex"},{"floor":8,"key":"Regal Pillow"},{"floor":14,"key":"Replay:Bottled Eggs"},{"floor":24,"key":"Replay:Baseball"},{"floor":34,"key":"Counterbalance"},{"floor":34,"key":"Pantograph"}],"event_choices":[{"damage_healed":0,"gold_gain":0,"player_choice":"Success","damage_taken":33,"relics_obtained":["Replay:Mystery Machine"],"max_hp_gain":0,"max_hp_loss":0,"event_name":"Scrap Ooze","floor":11,"gold_loss":0}],"is_beta":false,"boss_relics":[{"not_picked":["Empty Cage","Fusion Hammer"],"picked":"Replay:Grab Bag"},{"not_picked":["ReplayTheSpireMod:Onyx Gauntlets","Cursed Key"],"picked":"Busted Crown"},{"not_picked":["Coffee Dripper","Runic Dome"],"picked":"Replay:Wanted Poster"},{"not_picked":["Astrolabe","SacredBark"],"picked":"Ring of Chaos"},{"not_picked":["Tiny House","ReplayTheSpireMod:DimensionalGlitch"],"picked":"Replay:Bronze Core"}],"items_purged_floors":[22,42],"is_endless":false,"potions_floor_spawned":[6,10,15,16,20,26,28,35,40],"killed_by":"Mind Bloom Boss Battle","ascension_level":0}}