{"host":"htox8xlq8uiapwxq","time":1610286794,"event":{"mods":["ATMod(阿瑾Mod)","Act Like it!","Arknights The Spire","BaseMod","Gensokyo","KinomotoSakuraMod(木之本樱)","Koishi","Lobotomy","LobotomyExtend","Minty Spire (QoL Compilation)","Prisma Mod","Remilia（蕾米莉亚）","StSLib","The Alterego","WarShipGirlsR/战舰少女R mod","Yakumo Yukari mod","Youmu（魂魄妖梦）"],"gold_per_floor":[113,113,126,1,19,19,19,46,46,46,46,66,66,66],"floor_reached":13,"playtime":962,"items_purged":[],"score":83,"play_id":"5dc9b25c-22cf-4790-88da-6d5903d99f15","local_time":"20210110215314","is_ascension_mode":false,"campfire_choices":[],"circlet_count":0,"master_deck":["SpecialBullet","SpecialBullet","SpecialBullet","SpecialBullet","SpecialBullet","SpecialBullet","SpecialBullet","SpecialBullet","TrainingCode","ControlCode","PunishingBird","FeatherOfHonor","GreenStem","Loneliness","OSAHOGD","Lamp+3","WristCuter","SecurityCode","CUTE"],"relics":["CogitoBucket","AT_ATBox","MealTicket","LetterFromLob","Gensokyo:OccultBall","AT_TimeSand","AT_ArchangelStaff","HornCleat"],"acts_visited":["Gensokyo:Gensokyo"],"potions_floor_usage":[6],"damage_taken":[{"damage":6,"enemies":"Gensokyo:2_Kodama","floor":1,"turns":2},{"damage":12,"enemies":"Gensokyo:Gryphon","floor":3,"turns":3},{"damage":23,"enemies":"Gensokyo:3_Fairies","floor":5,"turns":4},{"damage":24,"enemies":"Gensokyo:Aya","floor":6,"turns":4},{"damage":10,"enemies":"Gensokyo:Gryphon_and_Rabbit","floor":12,"turns":3},{"damage":32,"enemies":"Gensokyo:Cirno","floor":13,"turns":4}],"seed_played":"4667517847141874035","potions_obtained":[{"floor":5,"key":"ColorlessPotion"},{"floor":12,"key":"BlessingOfTheForge"}],"is_trial":false,"path_per_floor":["M","?","M","$","M","E","?","T","T","R","?","M","E"],"character_chosen":"Angela","items_purchased":["GreenStem","Loneliness"],"campfire_rested":0,"item_purchase_floors":[4,4],"current_hp_per_floor":[64,64,52,67,46,24,24,24,24,24,24,24,0,0],"gold":66,"neow_bonus":"RANDOM_COMMON_RELIC","is_daily":false,"chose_seed":false,"campfire_upgraded":0,"win_rate":0.0,"timestamp":1610286794,"path_taken":["M","?","M","$","?","E","?","?","T","R","?","?","E"],"items_purchased_type":["Card","Card"],"build_version":"2020-12-22","purchased_purges":0,"victory":false,"max_hp_per_floor":[70,70,70,70,70,70,70,70,70,70,70,70,70,70],"card_choices":[{"not_picked":["BlueScar"],"picked":"Diffraction","floor":1},{"not_picked":["Bloodbath","Alriune"],"picked":"PunishingBird","floor":3},{"not_picked":["SomewhereSpear"],"picked":"FeatherOfHonor","floor":3},{"not_picked":["Bloodbath","Scorched"],"picked":"OSAHOGD","floor":5},{"not_picked":["Tough"],"picked":"Lamp","floor":5},{"not_picked":["RedEyes"],"picked":"WristCuter","floor":6},{"not_picked":["FourthMatchFlame"],"picked":"CUTE","floor":12}],"player_experience":360942,"relics_obtained":[{"floor":1,"key":"LetterFromLob"},{"floor":3,"key":"Gensokyo:OccultBall"},{"floor":6,"key":"AT_TimeSand"},{"floor":8,"key":"AT_ArchangelStaff"},{"floor":9,"key":"HornCleat"}],"event_choices":[],"is_beta":false,"boss_relics":[],"items_purged_floors":[],"is_endless":false,"potions_floor_spawned":[5,12],"killed_by":"Gensokyo:Cirno","ascension_level":0}}