{"host":"fm9e0lfunjlbhzxv","time":1610244418,"event":{"mods":["2.2 Compatiblity","Astrologer","BaseMod","Better Match","Better Skull","Better Third Choice","Colored Map","Colored Powertips","Downfall","Key Reminder","Marisa????????","Minty Spire (QoL Compilation)","Permanent Neow","Rare Cards Sparkle","Relic Stats","Remilia??????","Spicy Shops","StSLib","The Administrix","The Bug Knight","The Disciple","The Servant 0.9.4","The Vixen","slay the spire mod where everything is the same but ironclad has a cowboy hat"],"gold_per_floor":[99,115,127,127,127,145,145,70,88,113,131,163,88,104,122,224,224,224,240,278,278,290,320,332,376,313,343,383,395,425,437,464,476,476],"floor_reached":33,"playtime":2453,"items_purged":[],"score":381,"play_id":"8a8366ad-5cad-45f4-b241-1b58614d2029","local_time":"20210109180658","is_ascension_mode":true,"campfire_choices":[{"data":"sneckomod:SnekBite","floor":1,"key":"SMITH"},{"floor":8,"key":"RECALL"},{"data":"sneckomod:CheapStock","floor":13,"key":"SMITH"},{"data":"sneckomod:UnknownColorless","floor":18,"key":"SMITH"},{"data":"RitualDagger","floor":26,"key":"SMITH"},{"floor":29,"key":"REST"}],"circlet_count":0,"master_deck":["sneckomod:Strike","sneckomod:Strike","sneckomod:Strike","sneckomod:Defend","sneckomod:Defend","sneckomod:Defend","sneckomod:TailWhip","sneckomod:SnekBite+1","sneckomod:Unknown","sneckomod:Unknown","sneckomod:UnknownCommonSkill","sneckomod:UnknownWeak","sneckomod:UnknownCommonAttack","sneckomod:QuickMove","sneckomod:CheapStock+1","sneckomod:Unknown1Cost","sneckomod:UnknownClassASTROLOGER","sneckomod:UnknownUncommonAttack","sneckomod:UnknownClassRED","sneckomod:UnknownColorless+1","sneckomod:UnknownClassBUGKNIGHT_GRAY_COLOR","RitualDagger+1","sneckomod:UnknownStrength","sneckomod:UnknownClassASTROLOGER","sneckomod:Nope","sneckomod:UnknownClassLichGold","sneckomod:UnknownClassASTROLOGER","sneckomod:Bewildered","sneckomod:WideSting"],"relics":["sneckomod:SneckoSoul","CaptainsWheel","StoneCalendar","downfall:HeartBlessingBlue","Mummified Hand","Ornamental Fan","downfall:HeartBlessingRed","Black Star","MawBank","PreservedInsect","Lizard Tail","HornCleat","downfall:HeartBlessingGreen","Girya","Smiling Mask","sneckomod:BabySnecko"],"acts_visited":["Exordium","TheCity"],"potions_floor_usage":[14,23,25,28,32,32,33],"damage_taken":[{"damage":0,"enemies":"Small Slimes","floor":2,"turns":3},{"damage":0,"enemies":"Cultist","floor":3,"turns":4},{"damage":0,"enemies":"Jaw Worm","floor":6,"turns":4},{"damage":11,"enemies":"3 Louse","floor":9,"turns":3},{"damage":4,"enemies":"3 Sentries","floor":10,"turns":7},{"damage":5,"enemies":"2 Fungi Beasts","floor":11,"turns":5},{"damage":8,"enemies":"Gremlin Nob","floor":12,"turns":3},{"damage":8,"enemies":"3 Louse","floor":14,"turns":3},{"damage":0,"enemies":"Large Slime","floor":15,"turns":4},{"damage":23,"enemies":"downfall:Watcher","floor":16,"turns":7},{"damage":8,"enemies":"Chosen","floor":19,"turns":4},{"damage":6,"enemies":"Shell Parasite","floor":20,"turns":5},{"damage":22,"enemies":"Cultist and Chosen","floor":23,"turns":5},{"damage":33,"enemies":"Slavers","floor":25,"turns":5},{"damage":24,"enemies":"3 Cultists","floor":27,"turns":6},{"damage":18,"enemies":"Book of Stabbing","floor":28,"turns":5},{"damage":26,"enemies":"Centurion and Healer","floor":30,"turns":7},{"damage":20,"enemies":"Snake Plant","floor":32,"turns":4},{"damage":68,"enemies":"downfall:Silent","floor":33,"turns":9}],"seed_played":"6882173150538029890","potions_obtained":[{"floor":10,"key":"SmokeBomb"},{"floor":12,"key":"hexamod:EctoCoolerPotion"},{"floor":15,"key":"LiquidMemories"},{"floor":16,"key":"Explosive Potion"},{"floor":19,"key":"LiquidBronze"},{"floor":27,"key":"AttackPotion"},{"floor":28,"key":"sneckomod:OffclassReductionPotion"},{"floor":30,"key":"hexamod:EctoCoolerPotion"}],"is_trial":false,"path_per_floor":["R","M","M","?","?","M","T","R","M","E","M","E","R","M","M","B",null,"R","M","M","?","?","M","T","E","R","M","E","R","M","?","M","B"],"character_chosen":"THE_SNECKO","items_purchased":[],"campfire_rested":1,"item_purchase_floors":[],"current_hp_per_floor":[63,64,65,53,102,103,103,113,102,98,94,87,87,80,81,61,118,118,111,105,105,99,78,78,49,49,25,8,45,20,20,63,0,0],"gold":476,"neow_bonus":"ONE_RARE_RELIC","is_daily":false,"chose_seed":false,"campfire_upgraded":4,"win_rate":0.0,"timestamp":1610244418,"path_taken":["R","M","M","?","?","M","T","R","M","E","M","E","R","?","M","BOSS","R","M","M","?","?","M","T","E","R","M","E","R","M","?","M","BOSS"],"items_purchased_type":[],"build_version":"2020-12-22","purchased_purges":0,"victory":false,"max_hp_per_floor":[90,91,92,92,102,103,103,113,113,113,114,115,115,116,117,118,118,118,119,119,119,119,120,120,124,124,124,125,125,126,126,126,126,126],"relic_stats":{"Lizard Tail":63,"counters":[19,93],"Mummified Hand":[44],"Ornamental Fan":[88],"StoneCalendar":[93],"PreservedInsect":79,"Black Star":2,"MawBank":144,"Smiling Mask":0,"obtain_stats":[{"Girya":28,"downfall:HeartBlessingRed":13,"StoneCalendar":4,"downfall:HeartBlessingGreen":26,"PreservedInsect":24,"sneckomod:SneckoSoul":0,"MawBank":21,"Smiling Mask":28,"keyreminder:keyreminder":7,"sneckomod:BabySnecko":31,"CaptainsWheel":0,"Lizard Tail":25,"HornCleat":25,"downfall:HeartBlessingBlue":8,"Mummified Hand":10,"Ornamental Fan":12,"Black Star":17},{"Girya":16,"downfall:HeartBlessingRed":7,"StoneCalendar":2,"downfall:HeartBlessingGreen":14,"PreservedInsect":13,"sneckomod:SneckoSoul":0,"MawBank":12,"Smiling Mask":16,"keyreminder:keyreminder":3,"sneckomod:BabySnecko":17,"CaptainsWheel":0,"Lizard Tail":14,"HornCleat":14,"downfall:HeartBlessingBlue":3,"Mummified Hand":5,"Ornamental Fan":7,"Black Star":10},{"Girya":73,"downfall:HeartBlessingRed":29,"StoneCalendar":7,"downfall:HeartBlessingGreen":62,"PreservedInsect":57,"sneckomod:SneckoSoul":0,"MawBank":52,"Smiling Mask":73,"keyreminder:keyreminder":11,"sneckomod:BabySnecko":80,"CaptainsWheel":0,"Lizard Tail":62,"HornCleat":62,"downfall:HeartBlessingBlue":11,"Mummified Hand":21,"Ornamental Fan":29,"Black Star":43}]},"card_choices":[{"not_picked":["sneckomod:IronFang","sneckomod:DiceBlock"],"picked":"sneckomod:UnknownCommonSkill","floor":2},{"not_picked":["sneckomod:UnknownVulnerable","sneckomod:UnknownBlock"],"picked":"sneckomod:UnknownWeak","floor":3},{"not_picked":["sneckomod:SoulRoll","sneckomod:Nope"],"picked":"sneckomod:UnknownCommonAttack","floor":6},{"not_picked":["sneckomod:DiceCrush","sneckomod:SoulRoll"],"picked":"sneckomod:QuickMove","floor":9},{"not_picked":["sneckomod:Unknown2Cost","sneckomod:SoulExchange"],"picked":"sneckomod:CheapStock","floor":10},{"not_picked":["sneckomod:DiceBlock","sneckomod:UnknownWeak"],"picked":"sneckomod:Unknown1Cost","floor":11},{"not_picked":["sneckomod:QuickMove","sneckomod:UnknownCommonSkill"],"picked":"sneckomod:UnknownClassASTROLOGER","floor":12},{"not_picked":["sneckomod:DiceCrush","sneckomod:SnekBeam"],"picked":"sneckomod:UnknownUncommonAttack","floor":14},{"not_picked":["sneckomod:DiceCrush","sneckomod:UnknownWeak"],"picked":"sneckomod:UnknownClassRED","floor":15},{"not_picked":["sneckomod:Cheat","sneckomod:Mudshield"],"picked":"sneckomod:UnknownColorless","floor":16},{"not_picked":["sneckomod:Unknown2Cost","sneckomod:DiceCrush"],"picked":"sneckomod:UnknownClassBUGKNIGHT_GRAY_COLOR","floor":19},{"not_picked":["sneckomod:MixItUp","sneckomod:SoulDraw","sneckomod:RainOfDice"],"picked":"SKIP","floor":20},{"not_picked":["sneckomod:QuickMove","sneckomod:DiceCrush"],"picked":"sneckomod:UnknownStrength","floor":23},{"not_picked":["sneckomod:DefensiveFlair","sneckomod:UnknownBlock"],"picked":"sneckomod:UnknownClassASTROLOGER","floor":25},{"not_picked":["sneckomod:CheapStock","sneckomod:UnknownClassGREEN"],"picked":"sneckomod:Nope","floor":27},{"not_picked":["sneckomod:DiceBlock","sneckomod:Unknown2Cost"],"picked":"sneckomod:UnknownClassLichGold","floor":28},{"not_picked":["sneckomod:UnknownStrike","sneckomod:IronFang+1"],"picked":"sneckomod:UnknownClassASTROLOGER","floor":30},{"not_picked":["sneckomod:UnknownBlock","sneckomod:UnknownWeak"],"picked":"sneckomod:WideSting","floor":32}],"player_experience":730999,"relics_obtained":[{"floor":10,"key":"Mummified Hand"},{"floor":12,"key":"Ornamental Fan"},{"floor":24,"key":"PreservedInsect"},{"floor":25,"key":"Lizard Tail"},{"floor":25,"key":"HornCleat"},{"floor":28,"key":"Girya"},{"floor":28,"key":"Smiling Mask"}],"event_choices":[{"cards_removed":["Meteor Strike"],"damage_healed":39,"gold_gain":0,"player_choice":"Offered Rare","damage_taken":0,"max_hp_gain":10,"max_hp_loss":0,"event_name":"Bonfire Elementals","floor":5,"gold_loss":0}],"is_beta":false,"boss_relics":[{"not_picked":["Empty Cage","Philosopher\u0027s Stone"],"picked":"Black Star"}],"items_purged_floors":[],"is_endless":false,"potions_floor_spawned":[10,12,15,16,19,27,28,30],"killed_by":"downfall:Silent","ascension_level":2}}