{"host":"brd61wijv1cf72gn","time":1610263831,"event":{"mods":["Act Like it!","BaseMod","Conspire","Gensokyo","Marisa£®ÏF”Í°°ƒß¿Ì…≥£©","Minty Spire (QoL Compilation)","Replay The Spire","StSLib","The Bug Knight","The Cursed","The Runesmith","The Servant 0.9.4"],"gold_per_floor":[109,109,109,119,119,447,447,464,488,488,488],"floor_reached":10,"playtime":432,"items_purged":[],"score":91,"play_id":"f34ed603-1a0b-4020-aedb-89d0b65b4450","local_time":"20210110153031","is_ascension_mode":false,"campfire_choices":[{"data":"ReplayTheSpireMod:Dual Polarity","floor":7,"key":"SMITH"}],"circlet_count":0,"master_deck":["Strike_B","Strike_B+1","Strike_B+1","Strike_B","Defend_B","Defend_B","Defend_B","Defend_B","Zap","Dualcast","Panic Button","BasicCrystalCard","ReplayTheSpireMod:Dual Polarity+1","Time Bomb"],"relics":["Cracked Core","NeowsBlessing","Mango","Old Coin","Whetstone"],"acts_visited":["Exordium"],"potions_floor_usage":[],"damage_taken":[{"damage":0,"enemies":"Gensokyo:3_Fairies","floor":1,"turns":1},{"damage":0,"enemies":"Gensokyo:2_Kodama","floor":4,"turns":1},{"damage":0,"enemies":"Gensokyo:Cirno","floor":6,"turns":2},{"damage":6,"enemies":"Gensokyo:Python","floor":8,"turns":3},{"damage":0,"enemies":"Gensokyo:Mamizou","floor":10,"turns":4}],"seed_played":"7265559037238407176","potions_obtained":[{"floor":1,"key":"AttackPotion"},{"floor":6,"key":"FearPotion"}],"is_trial":false,"path_per_floor":["M","?","?","M","$","E","R","M","T","E"],"character_chosen":"DEFECT","items_purchased":[],"campfire_rested":0,"item_purchase_floors":[],"current_hp_per_floor":[75,68,68,68,68,68,68,62,62,62,62],"gold":488,"neow_bonus":"THREE_ENEMY_KILL","is_daily":false,"chose_seed":false,"campfire_upgraded":1,"win_rate":0.0,"timestamp":1610263831,"path_taken":["M","?","?","M","?","E","R","M","T","E"],"items_purchased_type":[],"build_version":"2020-12-22","purchased_purges":0,"victory":false,"max_hp_per_floor":[75,89,89,89,89,89,89,89,89,89,89],"card_choices":[{"not_picked":["ReplayGash","Leap"],"picked":"Panic Button","floor":1},{"not_picked":["Leap","Steam Power"],"picked":"BasicCrystalCard","floor":3},{"not_picked":["Hologram","BasicCrystalCard","Time Bomb"],"picked":"SKIP","floor":4},{"not_picked":["Leap","Double Energy"],"picked":"ReplayTheSpireMod:Dual Polarity","floor":6},{"not_picked":["Beam Cell","ReplayTheSpireMod:Reroute Power"],"picked":"Time Bomb","floor":8}],"player_experience":22643,"relics_obtained":[{"floor":6,"key":"Old Coin"},{"floor":9,"key":"Whetstone"}],"event_choices":[],"is_beta":false,"boss_relics":[],"items_purged_floors":[],"is_endless":false,"potions_floor_spawned":[1,6],"killed_by":"Gensokyo:Mamizou","ascension_level":0}}