{"host":"gsmj583br51y3r1c","time":1610261638,"event":{"mods":["AchievementEnabler","BaseMod","Better Note","Better Third Choice","Colored Map","Dark Map","Downfall","Hermit","Highlight Path","Hubris","Infinite Spire","Marisa????????","Minty Spire (QoL Compilation)","Permanent Neow","Quick Restart","StSLib","The Bug Knight","The Cursed","The Marked","The Mystic","The Servant 0.9.4","everything is the same but u backflip on backflip"],"gold_per_floor":[212,102,121,121,141,141,180,180,180,180,8,8,8,27,27,157,157,162,162],"floor_reached":18,"playtime":1329,"items_purged":["hermit:Strike_Hermit","Injury"],"score":183,"play_id":"452d86cd-db3d-4b27-a40a-550ae568c46b","local_time":"20210110085358","is_ascension_mode":false,"campfire_choices":[{"data":"hermit:Maintenance","floor":6,"key":"SMITH"},{"data":"hermit:EyeOfTheStorm","floor":8,"key":"SMITH"},{"data":"hermit:TakeCover","floor":13,"key":"SMITH"},{"data":"hermit:Scavenge","floor":15,"key":"SMITH"}],"circlet_count":0,"master_deck":["hermit:Strike_Hermit","hermit:Strike_Hermit","hermit:Strike_Hermit","hermit:Defend_Hermit","hermit:Defend_Hermit","hermit:Defend_Hermit","hermit:Snapshot","hermit:Covet","hermit:Maintenance+1","hermit:Enervate","hermit:Scavenge+1","hermit:EyeOfTheStorm+1","hermit:Determination","hermit:Scavenge","hermit:TakeCover+1","hermit:Snipe","hermit:Scavenge","hermit:EternalForm"],"relics":["hermit:Momento","Golden Idol","Ancient Tea Set","TungstenRod","Runic Pyramid"],"acts_visited":["Exordium","TheCity"],"potions_floor_usage":[16],"damage_taken":[{"damage":0,"enemies":"Small Slimes","floor":1,"turns":3},{"damage":0,"enemies":"2 Louse","floor":3,"turns":2},{"damage":2,"enemies":"Cultist","floor":5,"turns":4},{"damage":0,"enemies":"3 Sentries","floor":7,"turns":7},{"damage":2,"enemies":"Blue Slaver","floor":14,"turns":4},{"damage":24,"enemies":"Hexaghost","floor":16,"turns":15},{"damage":4,"enemies":"Spheric Guardian","floor":18,"turns":4}],"seed_played":"8722898975344678728","potions_obtained":[{"floor":3,"key":"Weak Potion"},{"floor":16,"key":"SkillPotion"}],"is_trial":false,"path_per_floor":["M","$","M","?","M","R","E","R","T","?","$","?","R","M","R","B",null,"M"],"character_chosen":"HERMIT","items_purchased":["hermit:Enervate","hermit:TakeCover"],"campfire_rested":0,"item_purchase_floors":[2,11],"current_hp_per_floor":[75,75,75,75,73,73,73,73,73,73,73,73,73,71,71,47,75,71,71],"gold":162,"neow_bonus":"HUNDRED_GOLD","is_daily":false,"chose_seed":false,"campfire_upgraded":4,"win_rate":0.0,"timestamp":1610261638,"path_taken":["M","$","M","?","M","R","E","R","T","?","$","?","R","M","R","BOSS","M"],"items_purchased_type":["Card","Card"],"build_version":"2020-12-22","purchased_purges":2,"victory":false,"max_hp_per_floor":[75,75,75,75,75,75,75,75,75,75,75,75,75,75,75,75,75,75,75],"card_choices":[{"not_picked":["hermit:LuckOfTheDraw","hermit:Virtue"],"picked":"hermit:Maintenance","floor":1},{"not_picked":["hermit:LowProfile","hermit:TrackingShot"],"picked":"hermit:Scavenge","floor":3},{"not_picked":["hermit:ItchyTrigger","hermit:TrackingShot"],"picked":"hermit:EyeOfTheStorm","floor":5},{"not_picked":["hermit:CalledShot","hermit:TrackingShot"],"picked":"hermit:Determination","floor":7},{"not_picked":["hermit:Feint","hermit:HoleUp"],"picked":"hermit:Scavenge","floor":14},{"not_picked":["hermit:Reprieve","hermit:FatalDesire"],"picked":"hermit:EternalForm","floor":16}],"player_experience":371815,"relics_obtained":[{"floor":7,"key":"Ancient Tea Set"},{"floor":9,"key":"TungstenRod"}],"event_choices":[{"damage_healed":0,"gold_gain":0,"player_choice":"Take Wound","damage_taken":0,"relics_obtained":["Golden Idol"],"max_hp_gain":0,"max_hp_loss":0,"event_name":"Golden Idol","floor":4,"gold_loss":0,"cards_obtained":["Injury"]},{"damage_healed":0,"gold_gain":0,"cards_transformed":["hermit:Defend_Hermit"],"player_choice":"Change","damage_taken":0,"max_hp_gain":0,"max_hp_loss":0,"event_name":"Living Wall","floor":12,"gold_loss":0,"cards_obtained":["hermit:Snipe"]}],"is_beta":false,"boss_relics":[{"not_picked":["Pandora\u0027s Box","hubris:CrackedHourglass"],"picked":"Runic Pyramid"}],"items_purged_floors":[2,11],"is_endless":false,"potions_floor_spawned":[3,16],"killed_by":"Spheric Guardian","ascension_level":0}}