{"host":"3a1ypf1irl30q4k8","time":1610314744,"event":{"mods":["AchievementEnabler","BaseMod","Bestiary","Colored Map","Minty Spire (QoL Compilation)","Relic Stats"],"gold_per_floor":[114,127,142,142,156,156,188,188,260,289,348,380,79,97,97,202,202,222,222,237,254,265,265,278,305,332,332,332,332,332,345,345,450,450,469,469,191,203,228,228,245,245,245,280,280,306,326,336,336,336,336,336,5,37,37,37],"floor_reached":55,"playtime":5048,"items_purged":["Strike_G","Defend_G","Writhe"],"score":804,"play_id":"85ef2e1d-deee-4c68-a467-6d199ec1a6b4","local_time":"20210110213904","is_ascension_mode":true,"campfire_choices":[{"data":"Tools of the Trade","floor":6,"key":"SMITH"},{"data":"Dash","floor":8,"key":"SMITH"},{"floor":15,"key":"REST"},{"floor":23,"key":"REST"},{"data":"Night Terror","floor":27,"key":"SMITH"},{"data":"Crippling Poison","floor":29,"key":"SMITH"},{"floor":32,"key":"REST"},{"floor":40,"key":"RECALL"},{"data":"Burst","floor":45,"key":"SMITH"},{"floor":49,"key":"REST"},{"data":"Dash","floor":52,"key":"SMITH"}],"circlet_count":0,"master_deck":["Defend_G","Defend_G","Defend_G","Defend_G","Survivor","Neutralize","Tools of the Trade+1","Slice","Predator","Dash+1","Backflip","Quick Slash","Tactician","Well Laid Plans","Noxious Fumes","Night Terror+1","Venomology","Blur","Backstab+1","Dagger Spray+1","Footwork","Crippling Poison+1","Writhe","Dash+1","Burst+1","Crippling Poison","Apotheosis","Endless Agony+1","Noxious Fumes+1","Finesse","Dark Shackles","Swift Strike","Calculated Gamble+1"],"relics":["Ring of the Snake","Blood Vial","Gremlin Horn","Pear","Happy Flower","Dead Branch","Orichalcum","Sling","Empty Cage","Tiny Chest","Ancient Tea Set","Snake Skull","Runic Pyramid","Oddly Smooth Stone","Potion Belt","Smiling Mask","Membership Card","Kunai","Mercury Hourglass"],"acts_visited":["Exordium","TheCity","TheBeyond","TheEnding"],"potions_floor_usage":[10,10,16,16,18,18,21,22,22,25,25,25,31,31,35,38,41,44,44,44,46,47,50,54,55,55],"damage_taken":[{"damage":7,"enemies":"Cultist","floor":1,"turns":4},{"damage":1,"enemies":"Jaw Worm","floor":2,"turns":5},{"damage":0,"enemies":"2 Louse","floor":3,"turns":3},{"damage":0,"enemies":"Large Slime","floor":5,"turns":5},{"damage":19,"enemies":"3 Sentries","floor":7,"turns":9},{"damage":30,"enemies":"Gremlin Nob","floor":10,"turns":4},{"damage":0,"enemies":"3 Sentries","floor":11,"turns":7},{"damage":9,"enemies":"Lagavulin","floor":12,"turns":6},{"damage":0,"enemies":"Looter","floor":14,"turns":4},{"damage":43,"enemies":"Slime Boss","floor":16,"turns":12},{"damage":4,"enemies":"2 Thieves","floor":18,"turns":4},{"damage":0,"enemies":"Chosen","floor":20,"turns":5},{"damage":20,"enemies":"Snake Plant","floor":21,"turns":5},{"damage":6,"enemies":"Shelled Parasite and Fungi","floor":22,"turns":7},{"damage":10,"enemies":"Cultist and Chosen","floor":24,"turns":5},{"damage":36,"enemies":"Book of Stabbing","floor":25,"turns":7},{"damage":14,"enemies":"Snecko","floor":31,"turns":4},{"damage":45,"enemies":"Champ","floor":33,"turns":19},{"damage":0,"enemies":"3 Shapes","floor":35,"turns":4},{"damage":5,"enemies":"3 Darklings","floor":38,"turns":4},{"damage":0,"enemies":"Jaw Worm Horde","floor":41,"turns":3},{"damage":0,"enemies":"Nemesis","floor":44,"turns":7},{"damage":11,"enemies":"Reptomancer","floor":46,"turns":7},{"damage":7,"enemies":"Writhing Mass","floor":47,"turns":6},{"damage":4,"enemies":"3 Darklings","floor":48,"turns":4},{"damage":59,"enemies":"Awakened One","floor":50,"turns":17},{"damage":6,"enemies":"Shield and Spear","floor":54,"turns":6},{"damage":104,"enemies":"The Heart","floor":55,"turns":8}],"seed_played":"-3216115899232051377","potions_obtained":[{"floor":2,"key":"SkillPotion"},{"floor":5,"key":"CultistPotion"},{"floor":7,"key":"BlessingOfTheForge"},{"floor":10,"key":"Block Potion"},{"floor":12,"key":"FearPotion"},{"floor":16,"key":"Weak Potion"},{"floor":18,"key":"SkillPotion"},{"floor":24,"key":"Regen Potion"},{"floor":25,"key":"SkillPotion"},{"floor":33,"key":"ColorlessPotion"}],"is_trial":false,"path_per_floor":["M","M","M","T","M","R","E","R","T","E","?","E","$","M","R","B",null,"M","?","M","M","M","R","M","E","T","R","?","R","?","M","R","B",null,"M","?","$","M","T","R","M","?","T","E","R","E","M","M","R","B",null,"R","$","E","B"],"character_chosen":"THE_SILENT","items_purchased":["Sling","Noxious Fumes","Apotheosis","Membership Card","Kunai"],"campfire_rested":4,"item_purchase_floors":[13,13,37,53,53],"current_hp_per_floor":[63,62,62,62,64,64,47,47,57,29,31,24,24,26,50,9,80,76,61,63,45,41,66,58,39,39,39,39,39,39,27,52,9,85,85,85,85,80,80,80,82,72,72,74,74,65,60,58,83,26,85,85,85,85,0,0],"gold":37,"neow_bonus":"THREE_RARE_CARDS","is_daily":false,"chose_seed":false,"campfire_upgraded":6,"win_rate":0.0,"timestamp":1610314744,"path_taken":["M","M","M","?","?","R","E","R","T","E","?","E","$","M","R","BOSS","M","?","M","M","M","R","M","E","T","R","?","R","?","M","R","BOSS","M","?","$","M","?","R","M","?","T","E","R","E","?","M","R","BOSS","R","$","E","BOSS"],"items_purchased_type":["Relic","Card","Card","Relic","Relic"],"build_version":"2020-12-22","purchased_purges":3,"victory":false,"max_hp_per_floor":[70,70,70,70,70,70,70,70,80,80,80,80,80,80,80,80,80,80,85,85,85,85,85,85,85,85,85,85,85,85,85,85,85,85,85,85,85,85,85,85,85,85,85,85,85,85,85,85,85,85,85,85,85,85,85,85],"relic_stats":{"Gremlin Horn":[24,23],"Happy Flower":[50],"counters":[28,181],"Dead Branch":[166],"Snake Skull":[123],"Orichalcum":[126],"Smiling Mask":13,"Mercury Hourglass":[24],"Blood Vial":40,"Tiny Chest":1,"Kunai":[6],"obtain_stats":[{"Potion Belt":44,"Pear":9,"Gremlin Horn":7,"Happy Flower":10,"Dead Branch":11,"Oddly Smooth Stone":39,"Snake Skull":30,"Orichalcum":12,"Sling":13,"Empty Cage":17,"Ancient Tea Set":26,"Smiling Mask":46,"Mercury Hourglass":54,"Blood Vial":4,"Tiny Chest":25,"Membership Card":53,"Kunai":53,"Ring of the Snake":0,"Runic Pyramid":34},{"Potion Belt":22,"Pear":5,"Gremlin Horn":5,"Happy Flower":6,"Dead Branch":7,"Oddly Smooth Stone":20,"Snake Skull":16,"Orichalcum":8,"Sling":8,"Empty Cage":10,"Ancient Tea Set":16,"Smiling Mask":23,"Mercury Hourglass":27,"Blood Vial":3,"Tiny Chest":16,"Membership Card":26,"Kunai":26,"Ring of the Snake":0,"Runic Pyramid":18},{"Potion Belt":133,"Pear":26,"Gremlin Horn":26,"Happy Flower":30,"Dead Branch":37,"Oddly Smooth Stone":123,"Snake Skull":92,"Orichalcum":43,"Sling":43,"Empty Cage":59,"Ancient Tea Set":92,"Smiling Mask":140,"Mercury Hourglass":173,"Blood Vial":12,"Tiny Chest":92,"Membership Card":167,"Kunai":167,"Ring of the Snake":0,"Runic Pyramid":115}],"Ring of the Snake":[56]},"card_choices":[{"not_picked":["Doppelganger","Storm of Steel"],"picked":"Tools of the Trade","floor":0},{"not_picked":["Masterful Stab","Escape Plan"],"picked":"Slice","floor":1},{"not_picked":["Sucker Punch","Footwork"],"picked":"Predator","floor":2},{"not_picked":["Blade Dance","Bouncing Flask"],"picked":"Dash","floor":3},{"not_picked":["Setup","Doppelganger"],"picked":"Dodge and Roll","floor":5},{"not_picked":["Masterful Stab","Blade Dance"],"picked":"Backflip","floor":7},{"not_picked":["Terror","Sucker Punch"],"picked":"Quick Slash","floor":10},{"not_picked":["Blade Dance","Dagger Spray"],"picked":"Tactician","floor":11},{"not_picked":["Deflect","Dagger Throw"],"picked":"Well Laid Plans","floor":12},{"not_picked":["Distraction","Accuracy"],"picked":"Night Terror","floor":14},{"not_picked":["Night Terror","Malaise"],"picked":"Venomology","floor":16},{"not_picked":["Bane","Acrobatics"],"picked":"Blur","floor":18},{"not_picked":["Accuracy","Masterful Stab"],"picked":"Backstab+1","floor":20},{"not_picked":["Poisoned Stab","Dagger Throw","Bane"],"picked":"SKIP","floor":21},{"not_picked":["Masterful Stab","Backstab+1","Storm of Steel"],"picked":"SKIP","floor":22},{"not_picked":["Outmaneuver","Prepared"],"picked":"Dagger Spray+1","floor":24},{"not_picked":["Dagger Throw","Flying Knee","Concentrate"],"picked":"SKIP","floor":25},{"not_picked":["Outmaneuver","Reflex"],"picked":"Dash","floor":31},{"not_picked":["Storm of Steel","Malaise"],"picked":"Burst","floor":33},{"not_picked":["Dagger Spray+1","Slice+1"],"picked":"Crippling Poison","floor":35},{"not_picked":["Expertise+1","Prepared"],"picked":"Endless Agony+1","floor":38},{"not_picked":["Prepared","Dagger Spray"],"picked":"Noxious Fumes+1","floor":41},{"not_picked":["Forethought","Master of Strategy"],"picked":"Finesse","floor":42},{"not_picked":["Forethought","Discovery"],"picked":"Dark Shackles","floor":42},{"not_picked":["Blind","Magnetism"],"picked":"Swift Strike","floor":42},{"not_picked":["Reflex+1","Deflect"],"picked":"Calculated Gamble+1","floor":44},{"not_picked":["Bane","Prepared","Riddle With Holes+1"],"picked":"SKIP","floor":46},{"not_picked":["Calculated Gamble+1","PiercingWail","Envenom"],"picked":"SKIP","floor":47},{"not_picked":["Backflip","Deadly Poison+1","Quick Slash+1"],"picked":"SKIP","floor":48},{"not_picked":["All Out Attack","Flying Knee","Underhanded Strike"],"picked":"SKIP","floor":54}],"player_experience":1015497,"relics_obtained":[{"floor":4,"key":"Blood Vial"},{"floor":7,"key":"Gremlin Horn"},{"floor":9,"key":"Pear"},{"floor":10,"key":"Happy Flower"},{"floor":11,"key":"Dead Branch"},{"floor":12,"key":"Orichalcum"},{"floor":25,"key":"Tiny Chest"},{"floor":26,"key":"Ancient Tea Set"},{"floor":39,"key":"Oddly Smooth Stone"},{"floor":44,"key":"Potion Belt"},{"floor":46,"key":"Smiling Mask"},{"floor":54,"key":"Mercury Hourglass"}],"event_choices":[{"damage_healed":0,"gold_gain":0,"player_choice":"Searched \u00271\u0027 times","damage_taken":0,"max_hp_gain":0,"max_hp_loss":0,"event_name":"Dead Adventurer","floor":11,"gold_loss":0},{"damage_healed":0,"gold_gain":0,"player_choice":"Shed Blood","damage_taken":20,"max_hp_gain":5,"max_hp_loss":0,"event_name":"Forgotten Altar","floor":19,"gold_loss":0},{"damage_healed":0,"gold_gain":0,"cards_transformed":["Strike_G","Strike_G"],"player_choice":"Became Test Subject","damage_taken":0,"max_hp_gain":0,"max_hp_loss":0,"event_name":"Drug Dealer","floor":28,"gold_loss":0,"cards_obtained":["Footwork","Crippling Poison"]},{"damage_healed":0,"gold_gain":0,"player_choice":"Opened","damage_taken":0,"relics_obtained":["Snake Skull"],"max_hp_gain":0,"max_hp_loss":0,"event_name":"The Mausoleum","floor":30,"gold_loss":0,"cards_obtained":["Writhe"]},{"cards_removed":["Dodge and Roll"],"damage_healed":0,"gold_gain":0,"player_choice":"Removed Skill","damage_taken":0,"max_hp_gain":0,"max_hp_loss":0,"event_name":"Falling","floor":36,"gold_loss":0},{"damage_healed":0,"gold_gain":0,"player_choice":"Memory 3","damage_taken":10,"max_hp_gain":0,"max_hp_loss":0,"event_name":"SensoryStone","floor":42,"gold_loss":0}],"is_beta":false,"boss_relics":[{"not_picked":["Velvet Choker","Philosopher\u0027s Stone"],"picked":"Empty Cage"},{"not_picked":["Ring of the Serpent","Fusion Hammer"],"picked":"Runic Pyramid"}],"items_purged_floors":[13,37,53],"is_endless":false,"potions_floor_spawned":[2,5,7,10,12,16,18,21,24,25,33,35,41],"killed_by":"The Heart","ascension_level":1}}