{"host":"yii5it3292r9xs7s","time":1610252947,"event":{"mods":["ATMod(°¢èªMod)","Act Like it!","BaseMod","Better Vampires","Colored Powertips","Energized Spire","Hallownest","Minty Spire (QoL Compilation)","Red Circlet Mod","Relic Stats","StSLib","The Bug Knight","noobMod","¡¾¹¦ÄÜMod¡¿»ìãçÖ®»·ÐÞ¸´²¹¶¡","¡¾ÒÅÎï¿¨ÅÆ¡¿REMEMod","óô»ðÖ¸ÄÏ"],"gold_per_floor":[114,114,114,114,131,131,146,146,195,195,293,293,304,35,35,35,35,35,35,35,85,5,573,573,584,584,584,681,681,696,711,711,711,724,724,724,783,837,603,283,283,300,460,140,140],"floor_reached":46,"playtime":4167,"items_purged":["Hallownest:curseDreamersLament","Hallownest:curseDreamersLament"],"score":748,"play_id":"574fc30e-ff0d-4e0f-9ca8-6bc67104eeb3","local_time":"20210110122907","is_ascension_mode":false,"campfire_choices":[{"data":"REME_ACTH","floor":6,"key":"SMITH"},{"data":"REME_SpectralBlade","floor":18,"key":"SMITH"},{"data":"AT_ArcaneSupremacy","floor":20,"key":"SMITH"},{"data":"Hallownest:skillCityofTearsMap","floor":27,"key":"SMITH"},{"data":"AT_ThistleTea","floor":35,"key":"SMITH"}],"circlet_count":0,"master_deck":["Strike_G","Strike_G","Strike_G","Strike_G","Strike_G","Survivor","Neutralize","AT_FamilyPortrait+1","REME_ACTH+1","REME_GreenPollution","Hallownest:curseDreamersLament","Hallownest:skillLeafShield","Hallownest:skillLeafShield","Hallownest:skillLeafShield","Hallownest:skillLeafShield","Hallownest:skillLeafShield","REME_GreenPollution","AT_KneejerkReflex+1","REME_SpectralBlade+1","REME_GreenPollution","REME_MawOfCthun","AT_ArcaneSupremacy+1","Doubt","Hallownest:skillCityofTearsMap+1","Crippling Poison+1","Hallownest:pwrSporeShroom","Night Terror","Noxious Fumes+1","AT_ThistleTea+1","AT_ArcaneSupremacy","AT_Desolate","Crippling Poison","Calculated Gamble","REME_ProfessionalPlagiarism","HollowMod:PerfectDash+1","REME_Flogging","Distraction"],"relics":["Ring of the Snake","REME_ComplimentaryCards","ice","AT_ATBox","Juzu Bracelet","Membership Card","Potion Belt","HoveringKite","Hallownest:BlackEggRelic","Hallownest:HeavyBlowRelic","Peace Pipe","Anchor","Dream Catcher","PrismaticShard","Strange Spoon","Ancient Tea Set","Hallownest:KingsIdolRelic","Hallownest:GodTamersBeastRelic","Unceasing Top"],"acts_visited":["Hallownest:Greenpath","Hallownest:CityofTears","Hallownest:KingdomsEdge"],"potions_floor_usage":[42],"damage_taken":[{"damage":11,"enemies":"Hallownest:2_MossCreeps","floor":1,"turns":6},{"damage":5,"enemies":"Hallownest:2_Tiktiks_and_1_Crawlid","floor":5,"turns":2},{"damage":2,"enemies":"Hallownest:2_Baldur","floor":7,"turns":3},{"damage":13,"enemies":"Hallownest:BossBrokenVessel","floor":11,"turns":9},{"damage":10,"enemies":"Hallownest:2_Mistakes","floor":13,"turns":4},{"damage":16,"enemies":"Hallownest:Guard_and_Sentry","floor":25,"turns":3},{"damage":52,"enemies":"Hallownest:BossSoulMaster","floor":28,"turns":14},{"damage":14,"enemies":"Hallownest:Shield_Heavy","floor":30,"turns":5},{"damage":11,"enemies":"Hallownest:3_Siblings","floor":31,"turns":6},{"damage":44,"enemies":"Hallownest:Slobbering_and_Violent","floor":34,"turns":7},{"damage":133,"enemies":"Hallownest:2_Primals","floor":37,"turns":5},{"damage":4,"enemies":"Hallownest:Xero_Hu_Marmu","floor":42,"turns":4},{"damage":1,"enemies":"Hallownest:Xero_Hu_Marmu","floor":43,"turns":3},{"damage":4,"enemies":"Hallownest:Xero_Hu_Marmu","floor":43,"turns":5},{"damage":2,"enemies":"Hallownest:Xero_Hu_Marmu","floor":43,"turns":2},{"damage":3,"enemies":"Hallownest:Xero_Hu_Marmu","floor":43,"turns":2},{"damage":21,"enemies":"Hallownest:BossGreyPrinceZote","floor":45,"turns":5}],"seed_played":"12127833693679718","potions_obtained":[{"floor":7,"key":"EssenceOfSteel"},{"floor":13,"key":"DistilledChaos"},{"floor":28,"key":"GamblersBrew"},{"floor":42,"key":"REME_GoldPotion"}],"is_trial":false,"path_per_floor":["M","?","?","?","M","R","M","$","T","?","B",null,"M","$","?","?","?","R","?","R","T","?","?","?","M","?","R","B",null,"M","M","?","?","M","R","?","?","T","$","R","?","M","?","R","B",null],"character_chosen":"THE_SILENT","items_purchased":["Membership Card","REME_MawOfCthun","AT_ArcaneSupremacy","Dream Catcher","PrismaticShard","DuplicationPotion","AT_Desolate","Crippling Poison","Calculated Gamble","Strange Spoon","Ancient Tea Set","REME_ProfessionalPlagiarism","REME_Flogging","Distraction","Unceasing Top"],"campfire_rested":0,"item_purchase_floors":[14,14,14,39,39,39,39,39,40,40,40,40,44,44,44],"current_hp_per_floor":[66,66,66,66,64,64,62,62,62,62,49,80,70,70,70,70,70,70,70,70,70,70,70,70,54,50,50,79,80,66,65,65,80,36,36,36,6,6,6,6,6,2,128,128,141],"gold":140,"neow_bonus":"TEN_PERCENT_HP_BONUS","is_daily":false,"chose_seed":false,"campfire_upgraded":5,"win_rate":0.0,"timestamp":1610252947,"path_taken":["M","?","?","?","?","R","M","$","T","?","BOSS","M","$","?","?","?","R","?","R","T","?","?","?","M","?","R","BOSS","M","M","?","?","M","R","?","?","T","?","R","?","M","?","R","BOSS"],"items_purchased_type":["Relic","Card","Card","Relic","Relic","Potion","Card","Card","Card","Relic","Relic","Card","Card","Card","Relic"],"build_version":"2020-12-22","purchased_purges":2,"victory":true,"max_hp_per_floor":[77,77,77,77,80,80,80,80,80,80,80,80,80,80,80,80,80,80,80,80,80,80,80,80,80,80,80,80,80,87,91,91,91,97,97,97,120,120,120,120,120,125,128,128,257],"relic_stats":{"Peace Pipe":0,"Strange Spoon":[45],"Dream Catcher":0,"counters":[17,85],"HoveringKite":[20],"Juzu Bracelet":3,"obtain_stats":[{"Potion Belt":21,"AT_ATBox":0,"HoveringKite":29,"ice":0,"Juzu Bracelet":9,"Hallownest:HeavyBlowRelic":36,"Hallownest:KingsIdolRelic":41,"energizedSpire:DeadBattery":12,"PrismaticShard":39,"Ancient Tea Set":40,"Hallownest:GodTamersBeastRelic":43,"Peace Pipe":37,"Strange Spoon":40,"Hallownest:WatcherSealRelic":19,"Hallownest:BlackEggRelic":32,"Anchor":38,"Dream Catcher":39,"Membership Card":14,"Hallownest:TeacherSealRelic":2,"Unceasing Top":44,"Ring of the Snake":0,"REME_ComplimentaryCards":0,"Hallownest:BeastSealRelic":32},{"Potion Belt":5,"AT_ATBox":0,"HoveringKite":7,"ice":0,"Juzu Bracelet":3,"Hallownest:HeavyBlowRelic":10,"Hallownest:KingsIdolRelic":11,"energizedSpire:DeadBattery":4,"PrismaticShard":11,"Ancient Tea Set":11,"Hallownest:GodTamersBeastRelic":16,"Peace Pipe":11,"Strange Spoon":11,"Hallownest:WatcherSealRelic":5,"Hallownest:BlackEggRelic":9,"Anchor":11,"Dream Catcher":11,"Membership Card":5,"Hallownest:TeacherSealRelic":1,"Unceasing Top":16,"Ring of the Snake":0,"REME_ComplimentaryCards":0,"Hallownest:BeastSealRelic":9},{"Potion Belt":24,"AT_ATBox":0,"HoveringKite":41,"ice":0,"Juzu Bracelet":11,"Hallownest:HeavyBlowRelic":59,"Hallownest:KingsIdolRelic":64,"energizedSpire:DeadBattery":20,"PrismaticShard":64,"Ancient Tea Set":64,"Hallownest:GodTamersBeastRelic":80,"Peace Pipe":64,"Strange Spoon":64,"Hallownest:WatcherSealRelic":24,"Hallownest:BlackEggRelic":52,"Anchor":64,"Dream Catcher":64,"Membership Card":24,"Hallownest:TeacherSealRelic":6,"Unceasing Top":80,"Ring of the Snake":0,"REME_ComplimentaryCards":0,"Hallownest:BeastSealRelic":52}],"Unceasing Top":[5],"Ring of the Snake":[34]},"card_choices":[{"not_picked":["Acrobatics","Crippling Poison"],"picked":"REME_GreenPollution","floor":1},{"not_picked":["Underhanded Strike","Terror"],"picked":"REME_GreenPollution","floor":5},{"not_picked":["Dodge and Roll","Sucker Punch"],"picked":"AT_KneejerkReflex","floor":7},{"not_picked":["Die Die Die","Doppelganger"],"picked":"REME_SpectralBlade","floor":11},{"not_picked":["Backflip","Flying Knee+1"],"picked":"REME_GreenPollution","floor":13},{"not_picked":["Bouncing Flask","Caltrops+1"],"picked":"Crippling Poison+1","floor":25},{"not_picked":["Die Die Die","REME_GrazeFinale"],"picked":"Night Terror","floor":28},{"not_picked":["Blade Dance+1","Dagger Spray","Riddle With Holes+1"],"picked":"SKIP","floor":30},{"not_picked":["Quick Slash","AT_KneejerkReflex"],"picked":"Noxious Fumes+1","floor":31},{"not_picked":["Outmaneuver","Poisoned Stab+1","Bouncing Flask"],"picked":"AT_ThistleTea","floor":34},{"not_picked":["Deflect","Prepared"],"picked":"AT_ArcaneSupremacy","floor":37},{"not_picked":["Warcry","Dropkick"],"picked":"HollowMod:PerfectDash+1","floor":42}],"player_experience":11183,"relics_obtained":[{"floor":9,"key":"Juzu Bracelet"},{"floor":21,"key":"Potion Belt"},{"floor":37,"key":"Peace Pipe"},{"floor":38,"key":"Anchor"}],"event_choices":[],"is_beta":false,"boss_relics":[{"not_picked":["REME_DuelDisc","Runic Dome"],"picked":"energizedSpire:DeadBattery"},{"not_picked":["Busted Crown","Black Star"],"picked":"HoveringKite"}],"items_purged_floors":[40,44],"is_endless":false,"potions_floor_spawned":[7,13,28,42,43],"ascension_level":0}}