{"host":"5waj3nq586zfb9qv","time":1610285057,"event":{"mods":["BaseMod","Better Vampires","Colored Map","Colored Powertips","GifTheSpireLib","Highlight Path","Minty Spire (QoL Compilation)","Quick Restart","Shop Mod","StSLib","SuperFastMode","Waifu the Spire"],"gold_per_floor":[114,69,88,88,38,68,80,92,104,146,178,209,237,265,277,393,405,432,301,318,328,328,328,328,328],"floor_reached":24,"playtime":929,"items_purged":["Strike_G"],"score":233,"play_id":"eca3bd8d-fea5-44e8-b067-2a0025cc0f12","local_time":"20210110212417","is_ascension_mode":false,"campfire_choices":[{"data":"Cloak And Dagger","floor":7.0,"key":"SMITH"},{"floor":15.0,"key":"REST"},{"data":"Envenom","floor":23,"key":"SMITH"}],"circlet_count":0,"master_deck":["Strike_G+1","Strike_G","Defend_G","Defend_G","Defend_G+1","Defend_G","Defend_G","Survivor","Neutralize","Endless Agony","Cloak And Dagger+1","Dash","Backflip","Dagger Throw","Infinite Blades","Terror","Envenom+1","Cloak And Dagger","After Image","Blade Dance+1","Accuracy","Prepared","Noxious Fumes","Shame"],"relics":["Ring of the Snake","NeowsBlessing","MawBank","Darkstone Periapt","Blood Vial","Black Star","Tiny Chest"],"acts_visited":["Exordium","TheCity"],"potions_floor_usage":[],"damage_taken":[{"damage":0.0,"enemies":"Cultist","floor":1.0,"turns":1.0},{"damage":0.0,"enemies":"Small Slimes","floor":3.0,"turns":1.0},{"damage":0.0,"enemies":"Lagavulin","floor":6.0,"turns":1.0},{"damage":17.0,"enemies":"Gremlin Nob","floor":10.0,"turns":5.0},{"damage":0.0,"enemies":"2 Louse","floor":11.0,"turns":2.0},{"damage":4.0,"enemies":"Gremlin Gang","floor":12.0,"turns":5.0},{"damage":1.0,"enemies":"2 Fungi Beasts","floor":13.0,"turns":3.0},{"damage":13.0,"enemies":"Large Slime","floor":14.0,"turns":7.0},{"damage":20.0,"enemies":"Hexaghost","floor":16.0,"turns":8.0},{"damage":22.0,"enemies":"Chosen","floor":18.0,"turns":6.0},{"damage":7.0,"enemies":"2 Thieves","floor":20.0,"turns":4.0},{"damage":29.0,"enemies":"Sentry and Sphere","floor":21.0,"turns":7.0},{"damage":26,"enemies":"Slavers","floor":24,"turns":2}],"seed_played":"3041202925409304188","potions_obtained":[{"floor":1.0,"key":"Energy Potion"},{"floor":10.0,"key":"SkillPotion"},{"floor":12.0,"key":"Regen Potion"},{"floor":21,"key":"Regen Potion"}],"is_trial":false,"path_per_floor":["M","$","M","?","?","E","R","?","T","E","M","M","M","M","R","B",null,"M","$","M","M","?","R","E"],"character_chosen":"THE_SILENT","items_purchased":["Cloak And Dagger","Accuracy"],"campfire_rested":1,"item_purchase_floors":[2,19],"current_hp_per_floor":[70,70,70,56,56,56,56,56,56,39,41,39,40,29,50,32,70,48,48,43,16,22,22,0,0],"gold":328,"neow_bonus":"THREE_ENEMY_KILL","is_daily":false,"chose_seed":false,"campfire_upgraded":2,"win_rate":0.0,"timestamp":1610285057,"path_taken":["M","$","M","?","?","E","R","?","T","E","M","?","M","M","R","BOSS","M","$","M","M","?","R","E"],"items_purchased_type":["Card","Card"],"build_version":"2020-12-22","purchased_purges":1,"victory":false,"max_hp_per_floor":[70,70,70,70,70,70,70,70,70,70,70,70,70,70,70,70,70,70,70,70,70,76,76,76,76],"card_choices":[{"not_picked":["Heel Hook","Underhanded Strike"],"picked":"Endless Agony","floor":1.0},{"not_picked":["Setup","Dodge and Roll"],"picked":"Dash","floor":3.0},{"not_picked":["PiercingWail","Poisoned Stab"],"picked":"Backflip","floor":6.0},{"not_picked":["Dodge and Roll","Poisoned Stab"],"picked":"Dagger Throw","floor":10.0},{"not_picked":["Terror","Calculated Gamble"],"picked":"Infinite Blades","floor":11.0},{"not_picked":["Poisoned Stab","Bouncing Flask"],"picked":"Terror","floor":12.0},{"not_picked":["Blur","Bane"],"picked":"Envenom","floor":13.0},{"not_picked":["Underhanded Strike","Terror"],"picked":"Cloak And Dagger","floor":14.0},{"not_picked":["Tools of the Trade","Burst"],"picked":"After Image","floor":16.0},{"not_picked":["Deadly Poison","Cloak And Dagger"],"picked":"Blade Dance+1","floor":18.0},{"not_picked":["Dagger Spray+1","Caltrops"],"picked":"Prepared","floor":20.0},{"not_picked":["Flying Knee+1","Quick Slash"],"picked":"Noxious Fumes","floor":21}],"player_experience":47989,"relics_obtained":[{"floor":6.0,"key":"MawBank"},{"floor":9.0,"key":"Darkstone Periapt"},{"floor":10.0,"key":"Blood Vial"}],"event_choices":[{"damage_healed":0.0,"max_hp_gain":0.0,"max_hp_loss":0.0,"gold_gain":0.0,"event_name":"Shining Light","player_choice":"Entered Light","floor":4.0,"gold_loss":0.0,"damage_taken":14.0,"cards_upgraded":["Defend_G","Strike_G"]},{"cards_removed":["Strike_G"],"damage_healed":0.0,"max_hp_gain":0.0,"max_hp_loss":0.0,"gold_gain":0.0,"event_name":"The Cleric","player_choice":"Card Removal","floor":5.0,"gold_loss":50.0,"damage_taken":0.0},{"cards_removed":["Strike_G"],"damage_healed":0.0,"max_hp_gain":0.0,"max_hp_loss":0.0,"gold_gain":0.0,"event_name":"Purifier","player_choice":"Purged","floor":8.0,"gold_loss":0.0,"damage_taken":0.0},{"damage_healed":0,"gold_gain":0,"player_choice":"Stole Relic","damage_taken":0,"relics_obtained":["Tiny Chest"],"max_hp_gain":0,"max_hp_loss":0,"event_name":"Addict","floor":22,"gold_loss":0,"cards_obtained":["Shame"]}],"is_beta":false,"boss_relics":[{"not_picked":["Snecko Eye","Tiny House"],"picked":"Black Star"}],"items_purged_floors":[19],"is_endless":false,"potions_floor_spawned":[1,10,12,14,18,21],"killed_by":"Slavers","ascension_level":0}}