{"host":"28oonkt3kttkab1k","time":1610263109,"event":{"mods":["BaseMod","Marisa£®ÏF”Í°°ƒß¿Ì…≥£©","Minty Spire (QoL Compilation)","Rare Cards Sparkle","Remilia£®¿Ÿ√◊¿Ú—«£©","StSLib","The Administrix","The Servant 0.9.4","Youmu£®ªÍ∆«—˝√Œ£©"],"gold_per_floor":[109,109,59,59,5,44,44,60,139,158,201,201,201,201,201,321,321,336,786,807,283,306,306,341,266,266,287,387,427,427,441,441,564,564,580,638,701,722,743,782,381,394,394,437,452,471,471,471,471,471,471,471,29,70,70],"floor_reached":56,"playtime":4578,"items_purged":[],"score":1553,"play_id":"30029d45-ba42-4750-93b1-6292dcdd957f","local_time":"20210110151829","is_ascension_mode":false,"campfire_choices":[{"data":"InstantArmor","floor":7.0,"key":"SMITH"},{"data":"BestPractice","floor":12.0,"key":"SMITH"},{"floor":15.0,"key":"RECALL"},{"floor":23.0,"key":"REST"},{"data":"Duplication","floor":30.0,"key":"SMITH"},{"data":"Moondial","floor":32.0,"key":"SMITH"},{"data":"FlawlessForm","floor":47,"key":"SMITH"},{"data":"Moondial","floor":49,"key":"SMITH"},{"data":"BottledTime","floor":52,"key":"SMITH"}],"circlet_count":0,"master_deck":["Strike_S","Defend_S+1","Defend_S","KidneyShot","Exchange+1","Ricochet","ShatteredReality","InstantArmor+1","BestPractice+1","SpecialFormula","Moondial+1","FlawlessForm+1","Rewind","Starlight","Luminosity","DoubleEdge","Moondial+1","Potential","Duplication+1","Comet+1","BottledTime","Spin","SoulSculpture","Contraction+1","Ricochet+1","Hightail+1","GearUp","Foresight+1","BottledTime+1","Rearm+1","SilverBlades+1","Purity","BottledTime","StarChef+1","BottledTime+1","LightFlow","TheWorld","Master of Strategy","Moondial"],"relics":["Uniform","NeowsBlessing","Golden Idol","PocketWatch","HornCleat","Strawberry","Pear","Black Star","DollysMirror","Ornamental Fan","Potion Belt","Eternal Feather","Smiling Mask","Blue Candle","Astrolabe","Turnip","Pocketwatch","Ginger","Ancient Tea Set","Orrery","Bronze Scales","Bottled Lightning","The Courier","Dream Catcher","Oddly Smooth Stone","Shuriken","Mercury Hourglass"],"acts_visited":["Exordium","TheCity","TheBeyond","TheEnding"],"potions_floor_usage":[44,44,55,55,55,55,55,55,55,55],"damage_taken":[{"damage":0.0,"enemies":"2 Louse","floor":1.0,"turns":1.0},{"damage":0.0,"enemies":"Lagavulin","floor":6.0,"turns":1.0},{"damage":0.0,"enemies":"Small Slimes","floor":8.0,"turns":1.0},{"damage":0.0,"enemies":"Jaw Worm","floor":10.0,"turns":2.0},{"damage":0.0,"enemies":"3 Sentries","floor":11.0,"turns":5.0},{"damage":27.0,"enemies":"The Guardian","floor":16.0,"turns":13.0},{"damage":0.0,"enemies":"Spheric Guardian","floor":18.0,"turns":6.0},{"damage":0.0,"enemies":"3 Byrds","floor":20.0,"turns":3.0},{"damage":0.0,"enemies":"Centurion and Healer","floor":22.0,"turns":4.0},{"damage":0.0,"enemies":"Gremlin Leader","floor":24.0,"turns":5.0},{"damage":0.0,"enemies":"Snake Plant","floor":27.0,"turns":3.0},{"damage":2.0,"enemies":"Book of Stabbing","floor":29.0,"turns":5.0},{"damage":0.0,"enemies":"Shelled Parasite and Fungi","floor":31.0,"turns":4.0},{"damage":0.0,"enemies":"Champ","floor":33.0,"turns":9.0},{"damage":0.0,"enemies":"3 Darklings","floor":35.0,"turns":2.0},{"damage":8.0,"enemies":"2 Orb Walkers","floor":36.0,"turns":4.0},{"damage":0.0,"enemies":"Mind Bloom Boss Battle","floor":37.0,"turns":7.0},{"damage":11.0,"enemies":"3 Shapes","floor":38.0,"turns":4.0},{"damage":0.0,"enemies":"3 Darklings","floor":39.0,"turns":3.0},{"damage":38.0,"enemies":"Reptomancer","floor":40.0,"turns":6.0},{"damage":0.0,"enemies":"Sphere and 2 Shapes","floor":42.0,"turns":3.0},{"damage":0,"enemies":"Nemesis","floor":44,"turns":3},{"damage":0,"enemies":"Transient","floor":45,"turns":5},{"damage":0,"enemies":"3 Darklings","floor":46,"turns":3},{"damage":0,"enemies":"Donu and Deca","floor":50,"turns":7},{"damage":1,"enemies":"Shield and Spear","floor":54,"turns":4},{"damage":35,"enemies":"The Heart","floor":55,"turns":5}],"seed_played":"663994639092136631","potions_obtained":[{"floor":1.0,"key":"Strength Potion"},{"floor":6.0,"key":"Weak Potion"},{"floor":16.0,"key":"SteroidPotion"},{"floor":22.0,"key":"DistilledChaos"},{"floor":24.0,"key":"LiquidBronze"},{"floor":29.0,"key":"BlessingOfTheForge"},{"floor":33.0,"key":"Strength Potion"},{"floor":36.0,"key":"EntropicBrew"},{"floor":37.0,"key":"ColorlessPotion"},{"floor":40.0,"key":"AttackPotion"},{"floor":45,"key":"Strength Potion"}],"is_trial":false,"path_per_floor":["M","?","?","?","$","E","R","M","T","M","E","R","?","T","R","B",null,"M","?","M","$","M","R","E","?","T","M","?","E","R","M","R","B",null,"M","?","?","M","M","E","$","M","T","E","M","M","R","?","R","B",null,"R","$","E","B",null],"character_chosen":"THE_SERVANT","items_purchased":["ShatteredReality","Luminosity","DoubleEdge","DollysMirror","Ornamental Fan","Purity","Orrery","Bronze Scales","TheWorld","Master of Strategy","Oddly Smooth Stone","CultistPotion"],"campfire_rested":1,"item_purchase_floors":[5,21,21,21,21,41,41,41,53,53,53,53],"current_hp_per_floor":[65,65,65,52,52,52,52,52,52,52,67,67,60,70,70,48,82,82,36,41,41,46,70,75,75,75,80,80,78,82,82,82,82,82,82,74,82,76,76,43,43,48,48,53,58,63,82,82,82,82,82,82,82,82,50],"gold":70,"neow_bonus":"THREE_ENEMY_KILL","is_daily":false,"chose_seed":false,"campfire_upgraded":7,"win_rate":0.0,"timestamp":1610263109,"path_taken":["M","?","?","?","?","E","R","M","T","M","E","R","?","?","R","BOSS","M","?","?","$","M","R","E","?","T","M","?","E","R","M","R","BOSS","M","?","?","M","M","E","$","M","T","E","M","M","R","?","R","BOSS","R","$","E","BOSS"],"items_purchased_type":["Card","Card","Card","Relic","Relic","Card","Relic","Relic","Card","Card","Relic","Potion"],"build_version":"2020-12-22","purchased_purges":0,"victory":true,"max_hp_per_floor":[65,65,65,65,65,65,65,65,65,65,72,72,72,82,82,82,82,82,82,82,82,82,82,82,82,82,82,82,82,82,82,82,82,82,82,82,82,82,82,82,82,82,82,82,82,82,82,82,82,82,82,82,82,82,82],"card_choices":[{"not_picked":["ShiftingGears","TimeWarp"],"picked":"Ricochet","floor":1.0},{"not_picked":["Defy","Rearm"],"picked":"InstantArmor","floor":6.0},{"not_picked":["Revamp","ShatteredReality"],"picked":"BestPractice","floor":8.0},{"not_picked":["Foresight","SurpressingFire"],"picked":"SpecialFormula","floor":10.0},{"not_picked":["Dilation","RealityMarble"],"picked":"Moondial","floor":11.0},{"not_picked":["FloweringNight","Duplication"],"picked":"FlawlessForm","floor":16.0},{"not_picked":["FastForward","Replace"],"picked":"Rewind","floor":18.0},{"not_picked":["Defy","Collapse"],"picked":"Starlight","floor":20.0},{"not_picked":["ReturningBlade","Defy"],"picked":"Potential","floor":22.0},{"not_picked":["WasteNot","BestPractice"],"picked":"Duplication","floor":24.0},{"not_picked":["Revamp","Ricochet+1"],"picked":"Comet+1","floor":27.0},{"not_picked":["Unruled","Dilation"],"picked":"BottledTime","floor":29.0},{"not_picked":["ShatteredReality","Ricochet"],"picked":"Spin","floor":31.0},{"not_picked":["Deny","Initiator"],"picked":"SoulSculpture","floor":33.0},{"not_picked":["Unruled+1","TimeWarp+1","DoubleEdge"],"picked":"SKIP","floor":35.0},{"not_picked":["FastForward","Spin+1"],"picked":"GearUp","floor":36.0},{"not_picked":["Contraction","Starlight"],"picked":"Foresight+1","floor":37.0},{"not_picked":["SpecialFormula","Defy+1"],"picked":"BottledTime+1","floor":38.0},{"not_picked":["ShatteredReality+1","Luminosity+1"],"picked":"Rearm+1","floor":39.0},{"not_picked":["TimeWarp","BestPractice"],"picked":"SilverBlades+1","floor":40.0},{"not_picked":["Unruled+1","Initiator"],"picked":"BottledTime","floor":41.0},{"not_picked":["Sabotage","Unruled"],"picked":"StarChef+1","floor":41.0},{"not_picked":["Defy+1","Desolation+1"],"picked":"BottledTime","floor":41.0},{"not_picked":["Moonlight+1","Potential","Defy+1"],"picked":"SKIP","floor":42.0},{"not_picked":["Revamp","Luminosity","Starlight"],"picked":"SKIP","floor":44},{"not_picked":["Potential","FastForward+1","Hightail"],"picked":"SKIP","floor":45},{"not_picked":["Rearm+1","Rewind+1"],"picked":"LightFlow","floor":46},{"not_picked":["Collapse+1","TimeWarp"],"picked":"Moondial","floor":54}],"player_experience":218484,"relics_obtained":[{"floor":6.0,"key":"PocketWatch"},{"floor":9.0,"key":"HornCleat"},{"floor":11.0,"key":"Strawberry"},{"floor":14.0,"key":"Pear"},{"floor":24.0,"key":"Potion Belt"},{"floor":24.0,"key":"Eternal Feather"},{"floor":29.0,"key":"Smiling Mask"},{"floor":29.0,"key":"Blue Candle"},{"floor":36.0,"key":"Turnip"},{"floor":37.0,"key":"Pocketwatch"},{"floor":40.0,"key":"Ginger"},{"floor":40.0,"key":"Ancient Tea Set"},{"floor":43.0,"key":"Bottled Lightning"},{"floor":44,"key":"The Courier"},{"floor":44,"key":"Dream Catcher"},{"floor":54,"key":"Shuriken"},{"floor":54,"key":"Mercury Hourglass"}],"event_choices":[{"damage_healed":0.0,"max_hp_gain":0.0,"max_hp_loss":0.0,"gold_gain":0.0,"event_name":"Golden Idol","player_choice":"Take Wound","floor":2.0,"gold_loss":0.0,"damage_taken":0.0,"relics_obtained":["Golden Idol"],"cards_obtained":["Injury"]},{"cards_removed":["Injury"],"damage_healed":0.0,"max_hp_gain":0.0,"max_hp_loss":0.0,"gold_gain":0.0,"event_name":"The Cleric","player_choice":"Card Removal","floor":3.0,"gold_loss":50.0,"damage_taken":0.0},{"damage_healed":0.0,"max_hp_gain":0.0,"max_hp_loss":0.0,"gold_gain":0.0,"event_name":"Shining Light","player_choice":"Entered Light","floor":4.0,"gold_loss":0.0,"damage_taken":13.0,"cards_upgraded":["Defend_S","Exchange"]},{"cards_removed":["Strike_S"],"damage_healed":0.0,"max_hp_gain":0.0,"max_hp_loss":0.0,"gold_gain":0.0,"event_name":"Golden Wing","player_choice":"Card Removal","floor":13.0,"gold_loss":0.0,"damage_taken":7.0},{"damage_healed":0.0,"max_hp_gain":0.0,"max_hp_loss":0.0,"gold_gain":450.0,"event_name":"Knowing Skull","player_choice":"GOLD GOLD GOLD GOLD GOLD ","floor":19.0,"potions_obtained":[],"gold_loss":0.0,"damage_taken":46.0,"cards_obtained":[]},{"cards_removed":["Defend_S"],"damage_healed":0.0,"max_hp_gain":0.0,"max_hp_loss":0.0,"gold_gain":0.0,"event_name":"Beggar","player_choice":"Gave Gold","floor":25.0,"gold_loss":75.0,"damage_taken":0.0},{"damage_healed":0.0,"max_hp_gain":0.0,"max_hp_loss":0.0,"gold_gain":100.0,"event_name":"Golden Shrine","player_choice":"Pray","floor":28.0,"gold_loss":0.0,"damage_taken":0.0},{"damage_healed":0.0,"max_hp_gain":0.0,"max_hp_loss":0.0,"gold_gain":0.0,"event_name":"Mysterious Sphere","player_choice":"Fight","floor":36.0,"gold_loss":0.0,"damage_taken":0.0},{"damage_healed":0.0,"max_hp_gain":0.0,"max_hp_loss":0.0,"gold_gain":0.0,"event_name":"MindBloom","player_choice":"Fight","floor":37.0,"gold_loss":0.0,"damage_taken":0.0},{"damage_healed":0,"gold_gain":0,"player_choice":"Ignored","damage_taken":0,"max_hp_gain":0,"max_hp_loss":0,"event_name":"The Moai Head","floor":48,"gold_loss":0}],"is_beta":false,"boss_relics":[{"not_picked":["Runic Pyramid","Velvet Choker"],"picked":"Black Star"},{"not_picked":["StoneMask","Calling Bell"],"picked":"Astrolabe"}],"items_purged_floors":[],"is_endless":false,"potions_floor_spawned":[1,6,16,22,24,29,33,36,37,39,40,45],"ascension_level":0}}