{"host":"j45ucdvl5ntpx4kf","time":1610302173,"event":{"mods":["AchievementEnabler","BaseMod","Colored Map","Colored Powertips","Minty Spire (QoL Compilation)","StSLib"],"gold_per_floor":[119,119,119,44,68,68,112,142,166,53,71,71,71,36,36,167,167,190,190,228,248,248,248,278,193,205,248,278,290,227,258,270,282,282],"floor_reached":33,"playtime":1531,"items_purged":["Injury"],"score":337,"play_id":"d6246028-8161-4e14-9293-e66eeb71cbd6","local_time":"20210110130933","is_ascension_mode":true,"campfire_choices":[{"floor":6,"key":"REST"},{"data":"ForeignInfluence","floor":12,"key":"SMITH"},{"data":"TalkToTheHand","floor":15,"key":"SMITH"},{"data":"Wish","floor":23,"key":"SMITH"},{"data":"BattleHymn","floor":29,"key":"SMITH"},{"data":"CrushJoints","floor":32,"key":"SMITH"}],"circlet_count":0,"master_deck":["Strike_P","Strike_P","Strike_P+1","Defend_P+1","Defend_P","Defend_P","Defend_P","Eruption","Vigilance","Protect","ForeignInfluence+1","BattleHymn+1","TalkToTheHand+1","CrushJoints+1","Wish+1","CutThroughFate+1","WaveOfTheHand","Conclude","FlurryOfBlows+1","Regret","Tantrum","TalkToTheHand","InnerPeace","Wallop+1"],"relics":["PureWater","Torii","Bloody Idol","CloakClasp","Prayer Wheel","Anchor","Cursed Key","Question Card","MawBank","Shuriken","Toy Ornithopter"],"acts_visited":["Exordium","TheCity"],"potions_floor_usage":[16,33,33],"damage_taken":[{"damage":1,"enemies":"Small Slimes","floor":1,"turns":4},{"damage":1,"enemies":"2 Louse","floor":5,"turns":2},{"damage":22,"enemies":"3 Sentries","floor":7,"turns":11},{"damage":0,"enemies":"Jaw Worm","floor":11,"turns":3},{"damage":28,"enemies":"The Guardian","floor":16,"turns":8},{"damage":0,"enemies":"Shell Parasite","floor":18,"turns":2},{"damage":0,"enemies":"Chosen","floor":20,"turns":6},{"damage":0,"enemies":"Snecko","floor":21,"turns":5},{"damage":13,"enemies":"Slavers","floor":24,"turns":8},{"damage":30,"enemies":"Gremlin Leader","floor":27,"turns":6},{"damage":10,"enemies":"Snake Plant","floor":28,"turns":5},{"damage":1,"enemies":"Centurion and Healer","floor":31,"turns":3},{"damage":113,"enemies":"Automaton","floor":33,"turns":6}],"seed_played":"-5605453241244627457","potions_obtained":[{"floor":1,"key":"GamblersBrew"},{"floor":21,"key":"DuplicationPotion"},{"floor":27,"key":"BottledMiracle"}],"is_trial":false,"path_per_floor":["M","?","?","$","M","R","E","?","T","$","M","R","$","?","R","B",null,"M","?","M","M","?","R","E","?","T","E","M","R","?","M","R","B"],"character_chosen":"WATCHER","items_purchased":["ForeignInfluence","BattleHymn"],"campfire_rested":1,"item_purchase_floors":[10,10],"current_hp_per_floor":[71,53,39,39,38,59,37,37,37,37,37,37,37,55,55,27,72,72,72,72,72,72,72,64,64,69,47,47,52,57,66,71,0,0],"gold":282,"neow_bonus":"ONE_RARE_RELIC","is_daily":false,"chose_seed":false,"campfire_upgraded":5,"win_rate":0.0,"timestamp":1610302173,"path_taken":["M","?","?","$","M","R","E","?","T","$","?","R","?","?","R","BOSS","M","?","M","M","?","R","E","?","T","E","?","R","?","M","R","BOSS"],"items_purchased_type":["Card","Card"],"build_version":"2020-12-22","purchased_purges":1,"victory":false,"max_hp_per_floor":[72,72,72,72,72,72,72,72,72,72,72,72,72,72,72,72,72,72,72,72,72,72,72,72,72,72,72,72,72,72,72,72,72,72],"card_choices":[{"not_picked":["EmptyBody","Wireheading","Prostrate"],"picked":"SKIP","floor":1},{"not_picked":["EmptyFist","Protect","ClearTheMind"],"picked":"SKIP","floor":5},{"not_picked":["EmptyFist","ClearTheMind"],"picked":"Protect","floor":5},{"not_picked":["JustLucky","Evaluate","Crescendo"],"picked":"SKIP","floor":7},{"not_picked":["CrushJoints","Halt"],"picked":"TalkToTheHand","floor":11},{"not_picked":["Crescendo","JustLucky"],"picked":"CrushJoints","floor":11},{"not_picked":["Establishment","Omniscience"],"picked":"Wish","floor":16},{"not_picked":["DeceiveReality","Evaluate","Prostrate"],"picked":"SKIP","floor":18},{"not_picked":["ThirdEye","PathToVictory","Fasting2"],"picked":"SKIP","floor":18},{"not_picked":["Nirvana+1","Prostrate"],"picked":"CutThroughFate+1","floor":20},{"not_picked":["ThirdEye","WindmillStrike"],"picked":"WaveOfTheHand","floor":20},{"not_picked":["Swivel","FlyingSleeves"],"picked":"Conclude","floor":21},{"not_picked":["CutThroughFate","FollowUp+1"],"picked":"FlurryOfBlows+1","floor":21},{"not_picked":["Meditate+1","Weave+1","EmptyBody"],"picked":"SKIP","floor":24},{"not_picked":["EmptyBody+1","Scrawl","SashWhip"],"picked":"Tantrum","floor":27},{"not_picked":["Tantrum+1","Swivel+1","Consecrate"],"picked":"TalkToTheHand","floor":28},{"not_picked":["Evaluate+1","Halt","Swivel"],"picked":"InnerPeace","floor":28},{"not_picked":["Perseverance","ClearTheMind","BattleHymn"],"picked":"Wallop+1","floor":31},{"not_picked":["FlyingSleeves","SashWhip","SignatureMove","Sanctity"],"picked":"SKIP","floor":31}],"player_experience":140778,"relics_obtained":[{"floor":7,"key":"CloakClasp"},{"floor":9,"key":"Anchor"},{"floor":24,"key":"Question Card"},{"floor":26,"key":"Shuriken"},{"floor":27,"key":"Toy Ornithopter"}],"event_choices":[{"damage_healed":0,"gold_gain":0,"player_choice":"Take Damage","damage_taken":18,"relics_obtained":["Golden Idol"],"max_hp_gain":0,"max_hp_loss":0,"event_name":"Golden Idol","floor":2,"gold_loss":0},{"damage_healed":0,"gold_gain":0,"player_choice":"Entered Light","damage_taken":14,"max_hp_gain":0,"max_hp_loss":0,"event_name":"Shining Light","floor":3,"gold_loss":0,"cards_upgraded":["Strike_P","Defend_P"]},{"damage_healed":0,"gold_gain":30,"player_choice":"Searched \u00272\u0027 times","damage_taken":0,"relics_obtained":["Prayer Wheel"],"max_hp_gain":0,"max_hp_loss":0,"event_name":"Dead Adventurer","floor":8,"gold_loss":0},{"damage_healed":18,"gold_gain":0,"player_choice":"Healed","damage_taken":0,"max_hp_gain":0,"max_hp_loss":0,"event_name":"The Cleric","floor":14,"gold_loss":35},{"damage_healed":0,"gold_gain":0,"player_choice":"Gave Idol","damage_taken":0,"relics_obtained":["Bloody Idol"],"max_hp_gain":0,"max_hp_loss":0,"event_name":"Forgotten Altar","floor":19,"relics_lost":["Golden Idol"],"gold_loss":0},{"damage_healed":0,"gold_gain":0,"player_choice":"Ignored","damage_taken":0,"max_hp_gain":0,"max_hp_loss":0,"event_name":"Vampires","floor":22,"gold_loss":0},{"damage_healed":0,"gold_gain":0,"player_choice":"Obtained Relic","damage_taken":0,"relics_obtained":["MawBank"],"max_hp_gain":0,"max_hp_loss":0,"event_name":"Addict","floor":25,"gold_loss":85},{"cards_removed":["Strike_P"],"damage_healed":0,"gold_gain":0,"player_choice":"Gave Gold","damage_taken":0,"max_hp_gain":0,"max_hp_loss":0,"event_name":"Beggar","floor":30,"gold_loss":75}],"is_beta":false,"boss_relics":[{"not_picked":["Black Star","Calling Bell"],"picked":"Cursed Key"}],"items_purged_floors":[4],"is_endless":false,"potions_floor_spawned":[1,21,27],"killed_by":"Automaton","ascension_level":4}}