{"host":"7gewg82ormp6yt4e","time":1610276259,"event":{"mods":["BaseMod","Block Reminder","Colored Map","Colored Powertips","DeckTracker","Highlight Path","Minty Spire (QoL Compilation)","Relic Stats","StSLib","ojb\u0027s Info Mod"],"gold_per_floor":[365,365,38,49,49,49,68,103,127,127,127,127,127,153,153,225,225,237,237,137,137],"floor_reached":20,"playtime":732,"items_purged":[],"score":356,"play_id":"61b62e90-c070-4584-8ddd-b3f88d9fdebd","local_time":"20210110195739","is_ascension_mode":true,"campfire_choices":[{"data":"Streamline","floor":6,"key":"SMITH"},{"data":"Defragment","floor":11,"key":"SMITH"},{"floor":13,"key":"REST"},{"floor":15,"key":"REST"}],"circlet_count":0,"master_deck":["AscendersBane","Strike_B+1","Strike_B","Defend_B","Defend_B","Defend_B","Defend_B","Zap","Dualcast","Lockon","Multi-Cast","Defragment+1","Streamline+1","Turbo","Cold Snap+1","Capacitor","Meteor Strike","Turbo"],"relics":["Cracked Core","Oddly Smooth Stone","Whetstone","Toy Ornithopter","Kunai","Runic Pyramid"],"acts_visited":["Exordium","TheCity"],"potions_floor_usage":[8,8,16,18],"damage_taken":[{"damage":1,"enemies":"Cultist","floor":1,"turns":3},{"damage":6,"enemies":"Jaw Worm","floor":4,"turns":3},{"damage":7,"enemies":"2 Louse","floor":7,"turns":2},{"damage":18,"enemies":"3 Sentries","floor":8,"turns":7},{"damage":32,"enemies":"Lagavulin","floor":14,"turns":4},{"damage":10,"enemies":"Slime Boss","floor":16,"turns":8},{"damage":33,"enemies":"3 Byrds","floor":18,"turns":7},{"damage":44,"enemies":"2 Thieves","floor":20,"turns":3}],"seed_played":"8299655149682739381","potions_obtained":[{"floor":1,"key":"DistilledChaos"},{"floor":14,"key":"DuplicationPotion"},{"floor":16,"key":"SkillPotion"}],"is_trial":false,"path_per_floor":["M","?","$","M","?","R","M","E","T","?","R","?","R","E","R","B",null,"M","?","M"],"character_chosen":"DEFECT","items_purchased":["Defragment","Regen Potion","Oddly Smooth Stone"],"campfire_rested":2,"item_purchase_floors":[3,3,3],"current_hp_per_floor":[45,45,45,39,39,39,32,29,29,29,29,34,56,24,46,41,67,39,39,0,0],"gold":137,"neow_bonus":"TWO_FIFTY_GOLD","is_daily":false,"chose_seed":false,"campfire_upgraded":2,"win_rate":0.0,"timestamp":1610276259,"path_taken":["M","?","$","M","?","R","M","E","T","?","R","?","R","E","R","BOSS","M","?","M"],"items_purchased_type":["Card","Potion","Relic"],"build_version":"2020-12-22","purchased_purges":0,"victory":false,"max_hp_per_floor":[71,71,71,71,71,71,71,71,71,71,71,76,76,76,76,76,76,76,76,76,76],"relic_stats":{"counters":[8,37],"Whetstone":["Cold Snap","Strike_B"],"Kunai":[0],"obtain_stats":[{"Oddly Smooth Stone":3,"Whetstone":8,"Kunai":14,"Cracked Core":0,"Toy Ornithopter":9,"Runic Pyramid":17},{"Oddly Smooth Stone":1,"Whetstone":4,"Kunai":5,"Cracked Core":0,"Toy Ornithopter":4,"Runic Pyramid":6},{"Oddly Smooth Stone":3,"Whetstone":15,"Kunai":19,"Cracked Core":0,"Toy Ornithopter":15,"Runic Pyramid":27}],"Toy Ornithopter":10},"card_choices":[{"not_picked":["Hello World","Scrape"],"picked":"Lockon","floor":1},{"not_picked":["Redo","Skim"],"picked":"Streamline","floor":4},{"not_picked":["Skim","Chaos"],"picked":"Turbo","floor":7},{"not_picked":["Recycle","Redo"],"picked":"Cold Snap","floor":8},{"not_picked":["Cold Snap","Ball Lightning"],"picked":"Capacitor","floor":14},{"not_picked":["Multi-Cast","Thunder Strike"],"picked":"Meteor Strike","floor":16},{"not_picked":["Rebound","Compile Driver"],"picked":"Turbo","floor":18}],"player_experience":2518527,"relics_obtained":[{"floor":8,"key":"Whetstone"},{"floor":9,"key":"Toy Ornithopter"},{"floor":14,"key":"Kunai"}],"event_choices":[{"damage_healed":0,"gold_gain":0,"cards_transformed":["Strike_B"],"player_choice":"Change","damage_taken":0,"max_hp_gain":0,"max_hp_loss":0,"event_name":"Living Wall","floor":2,"gold_loss":0,"cards_obtained":["Multi-Cast"]},{"damage_healed":0,"gold_gain":0,"player_choice":"Ignored","damage_taken":0,"max_hp_gain":0,"max_hp_loss":0,"event_name":"Liars Game","floor":5,"gold_loss":0},{"damage_healed":0,"gold_gain":0,"player_choice":"Ignored","damage_taken":0,"max_hp_gain":0,"max_hp_loss":0,"event_name":"Shining Light","floor":10,"gold_loss":0},{"damage_healed":0,"gold_gain":0,"player_choice":"Donut","damage_taken":0,"max_hp_gain":5,"max_hp_loss":0,"event_name":"Big Fish","floor":12,"gold_loss":0},{"cards_removed":["Strike_B"],"damage_healed":0,"gold_gain":0,"player_choice":"Purged","damage_taken":0,"max_hp_gain":0,"max_hp_loss":0,"event_name":"Purifier","floor":19,"gold_loss":0}],"is_beta":false,"boss_relics":[{"not_picked":["Runic Dome","Empty Cage"],"picked":"Runic Pyramid"}],"items_purged_floors":[],"is_endless":false,"potions_floor_spawned":[1,14,16],"killed_by":"2 Thieves","ascension_level":20}}