{"host":"uvd23xk3ig6bv7xx","time":1610302331,"event":{"mods":["BaseMod","Colored Powertips","Minty Spire (QoL Compilation)","Quick Restart","StSLib","SuperFastMode","¡¾ÒÅÎï¿¨ÅÆ¡¿REMEMod"],"gold_per_floor":[112,128,141,160,160,195,217,249,249,274,291,366,392,392,392,520,520,534,534,534,550,99,133,133,133,133,151,170,170,170,170,170,170,170],"floor_reached":33,"playtime":1073,"items_purged":[],"score":383,"play_id":"786565c5-83c7-4679-834a-dc8a47af577a","local_time":"20210111021211","is_ascension_mode":false,"campfire_choices":[{"floor":15,"key":"REST"},{"data":"Armaments","floor":24,"key":"SMITH"},{"floor":30,"key":"RECALL"},{"data":"J.A.X.","floor":32,"key":"SMITH"}],"circlet_count":0,"master_deck":["Bash+1","Dramatic Entrance+1","Armaments+1","Seeing Red","Twin Strike","Headbutt","Heavy Blade+1","Searing Blow+1","Flame Barrier","REME_ACTH","Limit Break","Uppercut+1","REME_Scribble","Feed+1","Bludgeon+1","Intimidate","Twin Strike+1","Cleave+1","Warcry","Ghostly","Ghostly","Ghostly","Ghostly","Ghostly","RitualDagger+1","J.A.X.+1"],"relics":["Burning Blood","REME_ComplimentaryCards","Ancient Tea Set","HornCleat","Molten Egg 2","Odd Mushroom","The Courier","Mercury Hourglass","Blood Vial","Nunchaku","Golden Idol","Pandora\u0027s Box","ClockworkSouvenir","Whetstone","Kunai","Juzu Bracelet","Meat on the Bone"],"acts_visited":["Exordium","TheCity"],"potions_floor_usage":[6,8,16,16,16,23],"damage_taken":[{"damage":6,"enemies":"Cultist","floor":1,"turns":3},{"damage":0,"enemies":"Small Slimes","floor":2,"turns":2},{"damage":5,"enemies":"Jaw Worm","floor":3,"turns":4},{"damage":10,"enemies":"Looter","floor":4,"turns":3},{"damage":20,"enemies":"Gremlin Nob","floor":6,"turns":5},{"damage":8,"enemies":"The Mushroom Lair","floor":7,"turns":3},{"damage":36,"enemies":"Lagavulin","floor":8,"turns":6},{"damage":0,"enemies":"3 Sentries","floor":10,"turns":5},{"damage":0,"enemies":"Blue Slaver","floor":11,"turns":3},{"damage":0,"enemies":"Slime Boss","floor":16,"turns":5},{"damage":0,"enemies":"3 Byrds","floor":18,"turns":1},{"damage":8,"enemies":"Chosen","floor":21,"turns":4},{"damage":12,"enemies":"Gremlin Leader","floor":23,"turns":4},{"damage":4,"enemies":"Snecko","floor":27,"turns":4},{"damage":2,"enemies":"Centurion and Healer","floor":28,"turns":6},{"damage":62,"enemies":"Automaton","floor":33,"turns":6}],"seed_played":"-1876837293342362408","potions_obtained":[{"floor":1,"key":"SkillPotion"},{"floor":3,"key":"Ancient Potion"},{"floor":7,"key":"DuplicationPotion"},{"floor":10,"key":"FearPotion"},{"floor":11,"key":"LiquidBronze"},{"floor":16,"key":"Fruit Juice"},{"floor":23,"key":"Ancient Potion"},{"floor":28,"key":"Explosive Potion"}],"is_trial":false,"path_per_floor":["M","M","M","M","?","E","?","E","T","E","M","?","T","?","R","B",null,"M","?","?","M","$","E","R","?","T","M","M","?","R","?","R","B"],"character_chosen":"IRONCLAD","items_purchased":["ClockworkSouvenir","Whetstone","Kunai"],"campfire_rested":1,"item_purchase_floors":[22,22,22],"current_hp_per_floor":[80,80,80,76,69,55,53,23,23,29,37,26,26,26,48,56,74,74,37,31,37,37,38,38,38,38,44,52,52,52,52,52,0,0],"gold":170,"neow_bonus":"RANDOM_COMMON_RELIC","is_daily":false,"chose_seed":false,"campfire_upgraded":2,"win_rate":0.0,"timestamp":1610302331,"path_taken":["M","M","M","M","?","E","?","E","T","E","?","?","?","?","R","BOSS","M","?","?","M","$","E","R","?","T","M","M","?","R","?","R","BOSS"],"items_purchased_type":["Relic","Relic","Relic"],"build_version":"2020-12-22","purchased_purges":0,"victory":false,"max_hp_per_floor":[80,80,80,80,80,80,80,80,80,80,80,80,80,74,74,74,74,74,37,37,43,43,48,48,48,48,50,52,52,52,52,52,54,54],"card_choices":[{"not_picked":["Wild Strike","Sword Boomerang"],"picked":"Armaments","floor":1},{"not_picked":["Wild Strike","REME_Scribble"],"picked":"Seeing Red","floor":2},{"not_picked":["Disarm","Wild Strike"],"picked":"Twin Strike","floor":3},{"not_picked":["Brutality","Rage"],"picked":"Headbutt","floor":4},{"not_picked":["Fire Breathing","Armaments"],"picked":"Heavy Blade+1","floor":6},{"not_picked":["Pommel Strike+1","True Grit"],"picked":"Searing Blow+1","floor":7},{"not_picked":["Body Slam+1","Iron Wave+1"],"picked":"Flame Barrier","floor":8},{"not_picked":["Power Through","Headbutt+1","Dual Wield"],"picked":"SKIP","floor":10},{"not_picked":["Body Slam+1","Cleave+1"],"picked":"REME_ACTH","floor":11},{"not_picked":["Corruption","REME_TheLastStrike+1"],"picked":"Limit Break","floor":16},{"not_picked":["Anger+1","Thunderclap+1","Body Slam+1"],"picked":"SKIP","floor":18},{"not_picked":["Headbutt+1","Dual Wield+1","Ghostly Armor+1"],"picked":"SKIP","floor":21},{"not_picked":["Armaments","Second Wind","Blood for Blood+1"],"picked":"SKIP","floor":23},{"not_picked":["Warcry+1","Headbutt+1","True Grit+1"],"picked":"SKIP","floor":27},{"not_picked":["Body Slam+1","Dark Embrace+1","Clash+1"],"picked":"SKIP","floor":28}],"player_experience":324709,"relics_obtained":[{"floor":6,"key":"Molten Egg 2"},{"floor":7,"key":"Odd Mushroom"},{"floor":8,"key":"The Courier"},{"floor":9,"key":"Mercury Hourglass"},{"floor":10,"key":"Blood Vial"},{"floor":13,"key":"Nunchaku"},{"floor":23,"key":"Juzu Bracelet"},{"floor":26,"key":"Meat on the Bone"}],"event_choices":[{"damage_healed":0,"gold_gain":0,"player_choice":"Success","damage_taken":7,"relics_obtained":["HornCleat"],"max_hp_gain":0,"max_hp_loss":0,"event_name":"Scrap Ooze","floor":5,"gold_loss":0},{"damage_healed":0,"gold_gain":0,"player_choice":"Fought Mushrooms","damage_taken":0,"max_hp_gain":0,"max_hp_loss":0,"event_name":"Mushrooms","floor":7,"gold_loss":0},{"damage_healed":0,"gold_gain":75,"player_choice":"Gather Gold","damage_taken":11,"max_hp_gain":0,"max_hp_loss":0,"event_name":"World of Goop","floor":12,"gold_loss":0},{"damage_healed":0,"gold_gain":0,"player_choice":"Lose Max HP","damage_taken":0,"relics_obtained":["Golden Idol"],"max_hp_gain":0,"max_hp_loss":6,"event_name":"Golden Idol","floor":14,"gold_loss":0},{"damage_healed":0,"gold_gain":0,"player_choice":"Became a Ghost","damage_taken":0,"max_hp_gain":0,"max_hp_loss":37,"event_name":"Ghosts","floor":19,"gold_loss":0,"cards_obtained":["Ghostly","Ghostly","Ghostly","Ghostly","Ghostly"]},{"damage_healed":0,"gold_gain":0,"player_choice":"Joined the Cult","damage_taken":6,"max_hp_gain":0,"max_hp_loss":0,"event_name":"Nest","floor":20,"gold_loss":0,"cards_obtained":["RitualDagger"]},{"cards_removed":["Fiend Fire"],"damage_healed":0,"gold_gain":0,"player_choice":"Elegance","damage_taken":0,"max_hp_gain":0,"max_hp_loss":0,"event_name":"Back to Basics","floor":25,"gold_loss":0},{"damage_healed":0,"gold_gain":0,"player_choice":"Ignored","damage_taken":0,"max_hp_gain":0,"max_hp_loss":0,"event_name":"Vampires","floor":29,"gold_loss":0},{"damage_healed":0,"gold_gain":0,"player_choice":"Obtain J.A.X.","damage_taken":0,"max_hp_gain":0,"max_hp_loss":0,"event_name":"Drug Dealer","floor":31,"gold_loss":0,"cards_obtained":["J.A.X."]}],"is_beta":false,"boss_relics":[{"not_picked":["Black Star","REME_DemonsWealth"],"picked":"Pandora\u0027s Box"}],"items_purged_floors":[],"is_endless":false,"potions_floor_spawned":[1,3,7,10,11,16,23,28],"killed_by":"Automaton","ascension_level":0}}