{"host":"rolltorest","time":1610314233,"event":{"mods":["BaseMod","Minty Spire (QoL Compilation)","Relic Stats","Robot Space Explorer","Slay the Relics Exporter","StSLib"],"gold_per_floor":[111,111,186,186,204,231,231,231,231],"floor_reached":8,"playtime":243,"items_purged":[],"score":108,"play_id":"35fb7f5b-edd3-4b17-9a09-3374cb195f45","local_time":"20210110133033","is_ascension_mode":true,"campfire_choices":[{"data":"RobotSpaceExplorer:StarDust","floor":7,"key":"SMITH"}],"circlet_count":0,"master_deck":["AscendersBane","RobotSpaceExplorer:Strike","RobotSpaceExplorer:Strike","RobotSpaceExplorer:Strike","RobotSpaceExplorer:Strike","RobotSpaceExplorer:Defend","RobotSpaceExplorer:Defend","RobotSpaceExplorer:Defend","RobotSpaceExplorer:Defend","RobotSpaceExplorer:Scan","RobotSpaceExplorer:MiniLasers","RobotSpaceExplorer:FrostMissile+1","RobotSpaceExplorer:StarDust+1","RobotSpaceExplorer:Pulsar"],"relics":["Cursed Key","Bronze Scales"],"acts_visited":["Exordium"],"potions_floor_usage":[6,8],"damage_taken":[{"damage":7,"enemies":"Small Slimes","floor":1,"turns":4},{"damage":0,"enemies":"Cultist","floor":5,"turns":3},{"damage":10,"enemies":"Lagavulin","floor":6,"turns":7},{"damage":28,"enemies":"3 Sentries","floor":8,"turns":9}],"seed_played":"-98777998878547973","potions_obtained":[{"floor":4,"key":"GamblersBrew"},{"floor":4,"key":"CultistPotion"}],"is_trial":false,"path_per_floor":["M","?","?","?","M","E","R","E"],"character_chosen":"RobotSpaceExplorer","items_purchased":[],"campfire_rested":0,"item_purchase_floors":[],"current_hp_per_floor":[57,57,46,46,46,36,36,8,8],"gold":231,"neow_bonus":"BOSS_RELIC","is_daily":false,"chose_seed":false,"campfire_upgraded":1,"win_rate":0.0,"timestamp":1610314233,"path_taken":["M","?","?","?","M","E","R","E"],"items_purchased_type":[],"build_version":"2020-12-18","purchased_purges":0,"victory":false,"max_hp_per_floor":[71,71,71,71,71,71,71,71,71],"relic_stats":{"counters":[4,23],"Bronze Scales":[24],"Cursed Key":0,"obtain_stats":[{"Bronze Scales":6,"RobotSpaceExplorer:RoboCore":0,"Cursed Key":0},{"Bronze Scales":3,"RobotSpaceExplorer:RoboCore":0,"Cursed Key":0},{"Bronze Scales":14,"RobotSpaceExplorer:RoboCore":0,"Cursed Key":0}]},"card_choices":[{"not_picked":["RobotSpaceExplorer:SelfCleaning","RobotSpaceExplorer:GlueShot"],"picked":"RobotSpaceExplorer:FrostMissile","floor":1},{"not_picked":["RobotSpaceExplorer:Calculate","RobotSpaceExplorer:GlueSpray"],"picked":"RobotSpaceExplorer:StarDust","floor":5},{"not_picked":["RobotSpaceExplorer:ImprovisedAttack","RobotSpaceExplorer:Probe"],"picked":"RobotSpaceExplorer:Pulsar","floor":6}],"player_experience":1829303,"relics_obtained":[{"floor":6,"key":"Bronze Scales"}],"event_choices":[{"damage_healed":0,"gold_gain":0,"player_choice":"Grow","damage_taken":0,"max_hp_gain":0,"max_hp_loss":0,"event_name":"Living Wall","floor":2,"gold_loss":0,"cards_upgraded":["RobotSpaceExplorer:FrostMissile"]},{"damage_healed":0,"gold_gain":75,"player_choice":"Gather Gold","damage_taken":11,"max_hp_gain":0,"max_hp_loss":0,"event_name":"World of Goop","floor":3,"gold_loss":0},{"damage_healed":0,"gold_gain":0,"player_choice":"Got Potions","damage_taken":0,"max_hp_gain":0,"max_hp_loss":0,"event_name":"Lab","floor":4,"gold_loss":0}],"is_beta":true,"boss_relics":[],"items_purged_floors":[],"is_endless":false,"potions_floor_spawned":[],"killed_by":"3 Sentries","ascension_level":20}}