{"host":"dv3lni0xre0h79kd","time":1610297159,"event":{"mods":["Ascension Reborn","BaseMod","BetterRewards","Colored Map","GifTheSpireLib","Highlight Path","Minty Spire (QoL Compilation)","StSLib"],"gold_per_floor":[117,132,144,144,144,144,162,182,234,157,157,177,197,174,174,174,174],"floor_reached":16,"playtime":729,"items_purged":[],"score":144,"play_id":"2a77a794-7f33-4c15-b3c9-833627573402","local_time":"20210110114559","is_ascension_mode":true,"campfire_choices":[{"data":"Deadly Poison","floor":6,"key":"SMITH"},{"data":"Phantasmal Killer","floor":11,"key":"SMITH"},{"data":"Tools of the Trade","floor":15,"key":"SMITH"}],"circlet_count":0,"master_deck":["Strike_G","Strike_G","Strike_G","Strike_G","Strike_G","Defend_G","Defend_G","Defend_G","Defend_G","Defend_G","Survivor","Neutralize","Distraction","Escape Plan","Deadly Poison+1","Dagger Spray","Phantasmal Killer+1","Tools of the Trade+1","Quick Slash"],"relics":["Ring of the Snake","TwistedFunnel","NlothsMask"],"acts_visited":["Exordium"],"potions_floor_usage":[7,16],"damage_taken":[{"damage":0,"enemies":"Cultist","floor":1,"turns":4},{"damage":0,"enemies":"Jaw Worm","floor":2,"turns":4},{"damage":0,"enemies":"2 Louse","floor":3,"turns":3},{"damage":0,"enemies":"2 Fungi Beasts","floor":7,"turns":1},{"damage":13,"enemies":"Exordium Thugs","floor":8,"turns":3},{"damage":7,"enemies":"Large Slime","floor":12,"turns":4},{"damage":7,"enemies":"2 Fungi Beasts","floor":13,"turns":2},{"damage":52,"enemies":"Slime Boss","floor":16,"turns":8}],"seed_played":"726927534579812519","potions_obtained":[{"floor":2,"key":"Fire Potion"},{"floor":3,"key":"Poison Potion"}],"is_trial":false,"path_per_floor":["M","M","M","$","?","R","M","M","T","$","R","M","M","$","R","B"],"character_chosen":"THE_SILENT","items_purchased":["TwistedFunnel","Phantasmal Killer","Quick Slash"],"campfire_rested":0,"item_purchase_floors":[0,10,14],"current_hp_per_floor":[70,70,70,70,70,70,70,57,57,57,57,50,43,43,43,0,0],"gold":174,"neow_bonus":"","is_daily":false,"chose_seed":false,"campfire_upgraded":3,"win_rate":0.0,"timestamp":1610297159,"path_taken":["M","M","M","?","?","R","?","M","T","$","R","M","M","$","R","BOSS"],"items_purchased_type":["Relic","Card","Card"],"build_version":"2020-12-22","purchased_purges":0,"victory":false,"max_hp_per_floor":[70,70,70,70,70,70,70,70,70,70,70,70,70,70,70,70,70],"card_choices":[{"not_picked":["Skewer","Cloak And Dagger"],"picked":"Distraction","floor":1},{"not_picked":["Bane","Masterful Stab"],"picked":"Escape Plan","floor":2},{"not_picked":["Outmaneuver","Blade Dance"],"picked":"Deadly Poison","floor":3},{"not_picked":["Riddle With Holes","Cloak And Dagger"],"picked":"Dagger Spray","floor":7},{"not_picked":["Masterful Stab","Heel Hook","Choke"],"picked":"SKIP","floor":8},{"not_picked":["Dodge and Roll","Skewer","Blade Dance"],"picked":"SKIP","floor":12},{"not_picked":["Bouncing Flask","Prepared"],"picked":"Tools of the Trade","floor":13}],"player_experience":45317,"relics_obtained":[],"event_choices":[{"damage_healed":0,"gold_gain":0,"player_choice":"Trade","damage_taken":0,"relics_obtained":["NlothsMask"],"max_hp_gain":0,"max_hp_loss":0,"event_name":"FaceTrader","floor":5,"gold_loss":0}],"is_beta":false,"boss_relics":[],"items_purged_floors":[],"is_endless":false,"potions_floor_spawned":[2,3],"killed_by":"Slime Boss","ascension_level":0}}