{"host":"g75gtovmj0ine2rf","time":1610278789,"event":{"mods":["2.2 Compatiblity","AchievementEnabler","Act Like it!","Aspiration","Astrologer","Bard","BaseMod","Better Match","BetterRewards","CapriCore","Challenge The Spire","ChefMod","Clockwork Mod","Colored Map","Conspire","Elementarium","Energized Spire","Friendly Minions","Gensokyo","Halation","Hallownest","Hermit","HexUI Lib","Highlight Path","Hubris","Infinite Spire","Jedi Mod","Lobotomy","Menagerie","Minty Spire (QoL Compilation)","Puzzle Mod","Quick Restart","Rare Cards Sparkle","Relic Stats","Replay The Spire","Robot Space Explorer","Shade Mod","Shop Mod","Spicy Shops","StSLib","SuperFastMode","The Construct","The Cursed","The Dragon Tamer","The Factory","The Jungle","The Marked","The Runesmith","TheBandit","TheFirefly","TheSwordswoman","TheVacant","Transform Curses","Wandering Minibosses","thorton","vexMod"],"gold_per_floor":[118,134,148,73,73,73,73],"floor_reached":6,"playtime":650,"items_purged":[],"score":38,"play_id":"146e584f-c50e-4d18-9918-8ca6d735215c","local_time":"20210110223949","is_ascension_mode":true,"campfire_choices":[],"circlet_count":0,"master_deck":["Clockwork:Strike","Clockwork:Strike","Clockwork:Strike","Clockwork:Strike","Clockwork:Shield+1","Clockwork:Shield+1","Clockwork:Shield","Clockwork:Shield","Clockwork:Tinker","Clockwork:WarmUp","Clockwork:Handicap+1","Thinking Ahead","Clockwork:RevUp","Clockwork:HoardingStrike+1"],"relics":["Clockwork:MomentumEngine","ReplayTheSpireMod:Ring of Sloth"],"acts_visited":["Exordium"],"potions_floor_usage":[],"damage_taken":[{"damage":2,"enemies":"Hallownest:2_Baldur","floor":1,"turns":14},{"damage":2,"enemies":"2_ Uuma","floor":2,"turns":9},{"damage":0,"enemies":"Hallownest:monsterHuskGuard","floor":3,"turns":9},{"damage":0,"enemies":"Hallownest:eliteCrystalGuardian","floor":6,"turns":5}],"seed_played":"7272082214879859779","potions_obtained":[{"floor":1,"key":"LiquidBronze"},{"floor":2,"key":"SteroidPotion"},{"floor":3,"key":"Languid Potion"}],"is_trial":false,"path_per_floor":["M","M","M","?","?","E"],"character_chosen":"CLOCKWORK","items_purchased":[],"campfire_rested":0,"item_purchase_floors":[],"current_hp_per_floor":[75,73,73,73,73,73,73],"gold":73,"neow_bonus":"RANDOM_COLORLESS_2","is_daily":false,"chose_seed":false,"campfire_upgraded":0,"win_rate":0.0,"timestamp":1610278789,"path_taken":["M","M","M","?","?","E"],"items_purchased_type":[],"build_version":"2020-12-22","purchased_purges":0,"victory":false,"max_hp_per_floor":[77,77,77,77,77,77,77],"relic_stats":{"counters":[4,37],"obtain_stats":[{"Clockwork:MomentumEngine":0,"ReplayTheSpireMod:Ring of Sloth":5},{"Clockwork:MomentumEngine":0,"ReplayTheSpireMod:Ring of Sloth":3},{"Clockwork:MomentumEngine":0,"ReplayTheSpireMod:Ring of Sloth":32}]},"card_choices":[{"not_picked":["ReplayTheSpireMod:Necrogeddon","Violence"],"picked":"Thinking Ahead","floor":0},{"not_picked":["Clockwork:PerfectedShield","Clockwork:Roundhouse"],"picked":"Clockwork:RevUp","floor":1},{"not_picked":["Clockwork:Pluck","Clockwork:CogToss"],"picked":"Clockwork:SmithsMallet","floor":2},{"not_picked":["Clockwork:Enhance","Clockwork:SystemScan","Clockwork:SnapKeep"],"picked":"SKIP","floor":3},{"not_picked":["Clockwork:RitualDaggerMk0+1","Clockwork:MechanicalMass+1"],"picked":"Clockwork:HoardingStrike+1","floor":4}],"player_experience":1405421,"relics_obtained":[{"floor":5,"key":"ReplayTheSpireMod:Ring of Sloth"}],"event_choices":[{"damage_healed":0,"gold_gain":0,"player_choice":"2","damage_taken":0,"max_hp_gain":0,"max_hp_loss":0,"event_name":"betterMatch:BetterMatch","floor":4,"gold_loss":0,"cards_obtained":["betterMatch:UncommonCard"]}],"is_beta":false,"boss_relics":[],"items_purged_floors":[],"is_endless":false,"potions_floor_spawned":[1,2,3],"killed_by":"Hallownest:eliteCrystalGuardian","ascension_level":1}}