{"host":"i5mpj6c318yblse4","time":1610279815,"event":{"mods":["AchievementEnabler","BaseMod","Colored Map","Minty Spire (QoL Compilation)","Shop Mod","StSLib"],"gold_per_floor":[112,112,128,53,71,97,97,123,123,73,173,200,217,231,231,332,382,393,409,427,35,35,67,67,94,94,94,128,141,174,249,249,344,344,354,26,40,90,107,137,190,223,223,242,262,262,262,275,275,275,275,275,22,48,48],"floor_reached":56,"playtime":1798,"items_purged":["Pain","Strike_G","Strike_G","Parasite"],"score":1562,"play_id":"052a1314-18ad-44a1-b18c-b5e488027194","local_time":"20210110205655","is_ascension_mode":true,"campfire_choices":[{"floor":7.0,"key":"REST"},{"data":"Accuracy","floor":15.0,"key":"SMITH"},{"data":"Adrenaline","floor":24.0,"key":"SMITH"},{"data":"Phantasmal Killer","floor":27.0,"key":"SMITH"},{"floor":32.0,"key":"RECALL"},{"data":"1","floor":46,"key":"LIFT"},{"data":"2","floor":49,"key":"LIFT"},{"data":"3","floor":52,"key":"LIFT"}],"circlet_count":0,"master_deck":["Strike_G+1","Strike_G","Defend_G","Defend_G","Defend_G","Defend_G","Survivor","Neutralize+1","Accuracy+1","Slice","Cloak And Dagger","Blade Dance","Burst","Adrenaline+1","Accuracy+1","Phantasmal Killer+1","Escape Plan","Blade Dance+1","Blade Dance","Blade Dance+1","Adrenaline","Accuracy+1","Bullet Time","Finisher+1"],"relics":["Ring of the Serpent","NeowsBlessing","WarpedTongs","Paper Crane","Bottled Tornado","Pantograph","Tiny House","MerchantsRug","Shuriken","Blood Vial","Ornamental Fan","WingedGreaves","Mercury Hourglass","Turnip","Whetstone","Gambling Chip","Smiling Mask","Girya","Bag of Preparation","Strawberry","Mango"],"acts_visited":["Exordium","TheCity","TheBeyond","TheEnding"],"potions_floor_usage":[50,54],"damage_taken":[{"damage":0.0,"enemies":"Jaw Worm","floor":1.0,"turns":1.0},{"damage":0.0,"enemies":"Cultist","floor":3.0,"turns":1.0},{"damage":0.0,"enemies":"Small Slimes","floor":5.0,"turns":1.0},{"damage":41.0,"enemies":"Gremlin Nob","floor":6.0,"turns":6.0},{"damage":10.0,"enemies":"Lagavulin","floor":8.0,"turns":5.0},{"damage":10.0,"enemies":"3 Sentries","floor":12.0,"turns":6.0},{"damage":0.0,"enemies":"Red Slaver","floor":13.0,"turns":2.0},{"damage":6.0,"enemies":"3 Louse","floor":14.0,"turns":2.0},{"damage":3.0,"enemies":"Slime Boss","floor":16.0,"turns":10.0},{"damage":7.0,"enemies":"3 Byrds","floor":18.0,"turns":6.0},{"damage":4.0,"enemies":"Shell Parasite","floor":19.0,"turns":3.0},{"damage":6.0,"enemies":"Centurion and Healer","floor":20.0,"turns":4.0},{"damage":12.0,"enemies":"Slavers","floor":23.0,"turns":3.0},{"damage":2.0,"enemies":"Gremlin Leader","floor":25.0,"turns":3.0},{"damage":0.0,"enemies":"Slavers","floor":28.0,"turns":2.0},{"damage":0.0,"enemies":"3 Cultists","floor":29.0,"turns":2.0},{"damage":0.0,"enemies":"Gremlin Leader","floor":30.0,"turns":3.0},{"damage":0.0,"enemies":"Automaton","floor":33.0,"turns":4.0},{"damage":13.0,"enemies":"3 Darklings","floor":35.0,"turns":3.0},{"damage":0.0,"enemies":"3 Shapes","floor":37.0,"turns":2.0},{"damage":13.0,"enemies":"Mind Bloom Boss Battle","floor":38.0,"turns":3.0},{"damage":0.0,"enemies":"Writhing Mass","floor":39.0,"turns":2.0},{"damage":17.0,"enemies":"Nemesis","floor":40.0,"turns":5.0},{"damage":0,"enemies":"2 Orb Walkers","floor":41,"turns":2},{"damage":3,"enemies":"Giant Head","floor":42,"turns":2},{"damage":0,"enemies":"Maw","floor":44,"turns":2},{"damage":0,"enemies":"Jaw Worm Horde","floor":45,"turns":2},{"damage":1,"enemies":"4 Shapes","floor":48,"turns":3},{"damage":44,"enemies":"Time Eater","floor":50,"turns":5},{"damage":0,"enemies":"Shield and Spear","floor":54,"turns":2},{"damage":51,"enemies":"The Heart","floor":55,"turns":5}],"seed_played":"2995849500649596877","potions_obtained":[{"floor":1.0,"key":"Weak Potion"},{"floor":5.0,"key":"FearPotion"},{"floor":6.0,"key":"SpeedPotion"},{"floor":8.0,"key":"PowerPotion"},{"floor":16.0,"key":"EntropicBrew"},{"floor":19.0,"key":"Weak Potion"},{"floor":20.0,"key":"BlessingOfTheForge"},{"floor":23.0,"key":"Dexterity Potion"},{"floor":30.0,"key":"Fire Potion"},{"floor":44,"key":"FairyPotion"},{"floor":54,"key":"SpeedPotion"}],"is_trial":false,"path_per_floor":["M","?","M","$","M","E","R","E","T","?","?","E","M","M","R","B",null,"M","M","M","$","?","E","R","E","T","R","E","M","E","?","R","B",null,"M","$","M","?","M","E","?","E","T","M","M","R","?","M","R","B",null,"R","$","E","B",null],"character_chosen":"THE_SILENT","items_purchased":["MerchantsRug","Shuriken","Whetstone","CunningPotion","Strawberry","Block Potion"],"campfire_rested":1,"item_purchase_floors":[21,21,36,36,53,53],"current_hp_per_floor":[70,70,70,70,70,29,50,40,40,40,40,30,30,24,24,46,75,68,64,58,58,58,46,46,46,46,46,48,50,52,45,45,72,75,62,62,64,62,64,49,51,50,50,52,54,54,54,55,55,40,75,75,79,93,42],"gold":48,"neow_bonus":"THREE_ENEMY_KILL","is_daily":false,"chose_seed":false,"campfire_upgraded":3,"win_rate":0.0,"timestamp":1610279815,"path_taken":["M","?","M","$","?","E","R","E","T","?","?","E","M","M","R","BOSS","M","M","M","$","?","E","R","E","T","R","E","?","E","?","R","BOSS","M","$","?","?","M","E","?","E","T","M","M","R","?","M","R","BOSS","R","$","E","BOSS"],"items_purchased_type":["Relic","Relic","Relic","Potion","Relic","Potion"],"build_version":"2020-12-22","purchased_purges":4,"victory":true,"max_hp_per_floor":[70,70,70,70,70,70,70,70,70,70,70,70,70,70,70,70,75,75,75,75,75,75,75,75,75,75,75,75,75,75,75,75,75,75,75,75,75,75,75,75,75,75,75,75,75,75,75,75,75,75,75,75,79,93,93],"card_choices":[{"not_picked":["Bane","PiercingWail"],"picked":"Accuracy","floor":1.0},{"not_picked":["Deflect","Bouncing Flask"],"picked":"Slice","floor":3.0},{"not_picked":["Deflect","Dagger Spray"],"picked":"Cloak And Dagger","floor":5.0},{"not_picked":["Riddle With Holes","After Image"],"picked":"Blade Dance","floor":6.0},{"not_picked":["Sucker Punch","Deflect"],"picked":"Burst","floor":8.0},{"not_picked":["Quick Slash","Dagger Spray"],"picked":"Adrenaline","floor":12.0},{"not_picked":["Dagger Throw","Outmaneuver"],"picked":"Accuracy","floor":13.0},{"not_picked":["Bane","Bouncing Flask","Deadly Poison"],"picked":"SKIP","floor":14.0},{"not_picked":["A Thousand Cuts","Tools of the Trade"],"picked":"Phantasmal Killer","floor":16.0},{"not_picked":["Outmaneuver","Skewer+1"],"picked":"Escape Plan","floor":18.0},{"not_picked":["Quick Slash","Acrobatics+1"],"picked":"Blade Dance+1","floor":19.0},{"not_picked":["Quick Slash","Escape Plan"],"picked":"Blade Dance","floor":20.0},{"not_picked":["Sucker Punch+1","Setup+1","Outmaneuver"],"picked":"SKIP","floor":23.0},{"not_picked":["Acrobatics+1","Bouncing Flask"],"picked":"Blade Dance+1","floor":25.0},{"not_picked":["Acrobatics+1","Eviscerate","Choke+1"],"picked":"SKIP","floor":28.0},{"not_picked":["Dagger Throw+1","Deadly Poison","Slice"],"picked":"SKIP","floor":29.0},{"not_picked":["Dodge and Roll","Backstab","Dagger Spray+1"],"picked":"SKIP","floor":30.0},{"not_picked":["Venomology","Glass Knife"],"picked":"Adrenaline","floor":33.0},{"not_picked":["Backflip+1","Poisoned Stab","Noxious Fumes+1"],"picked":"SKIP","floor":35.0},{"not_picked":["Cloak And Dagger+1","Flying Knee+1","Dagger Throw+1"],"picked":"SKIP","floor":37.0},{"not_picked":["Deadly Poison","Masterful Stab","Choke"],"picked":"SKIP","floor":39.0},{"not_picked":["Eviscerate","Quick Slash+1","Riddle With Holes"],"picked":"SKIP","floor":40.0},{"not_picked":["Dodge and Roll","Concentrate+1","Deflect+1"],"picked":"SKIP","floor":42},{"not_picked":["Dagger Spray","PiercingWail","Deflect"],"picked":"SKIP","floor":44},{"not_picked":["Dodge and Roll","Flying Knee+1"],"picked":"Accuracy+1","floor":45},{"not_picked":["Poisoned Stab","Distraction","Blade Dance+1"],"picked":"SKIP","floor":48},{"not_picked":["After Image","Tactician"],"picked":"Finisher+1","floor":54}],"player_experience":358418,"relics_obtained":[{"floor":6.0,"key":"Paper Crane"},{"floor":8.0,"key":"Bottled Tornado"},{"floor":9.0,"key":"Pantograph"},{"floor":12.0,"key":"Du-Vu Doll"},{"floor":23.0,"key":"Blood Vial"},{"floor":25.0,"key":"Ornamental Fan"},{"floor":26.0,"key":"WingedGreaves"},{"floor":28.0,"key":"Mercury Hourglass"},{"floor":30.0,"key":"Turnip"},{"floor":38.0,"key":"Gambling Chip"},{"floor":40.0,"key":"Smiling Mask"},{"floor":41,"key":"Girya"},{"floor":42,"key":"Bag of Preparation"},{"floor":54,"key":"Mango"}],"event_choices":[{"damage_healed":0.0,"max_hp_gain":0.0,"max_hp_loss":0.0,"gold_gain":0.0,"event_name":"Accursed Blacksmith","player_choice":"Rummage","floor":2.0,"gold_loss":0.0,"damage_taken":0.0,"relics_obtained":["WarpedTongs"],"cards_obtained":["Pain"]},{"cards_removed":["Defend_G"],"damage_healed":0.0,"max_hp_gain":0.0,"max_hp_loss":0.0,"gold_gain":0.0,"event_name":"The Cleric","player_choice":"Card Removal","floor":10.0,"gold_loss":50.0,"damage_taken":0.0},{"damage_healed":0.0,"max_hp_gain":0.0,"max_hp_loss":0.0,"gold_gain":100.0,"event_name":"Golden Shrine","player_choice":"Pray","floor":11.0,"gold_loss":0.0,"damage_taken":0.0},{"cards_removed":["Strike_G"],"damage_healed":0.0,"max_hp_gain":0.0,"max_hp_loss":0.0,"gold_gain":0.0,"event_name":"Bonfire Elementals","player_choice":"Offered Basic","floor":22.0,"gold_loss":0.0,"damage_taken":0.0},{"damage_healed":0.0,"max_hp_gain":0.0,"max_hp_loss":0.0,"gold_gain":75.0,"event_name":"FaceTrader","player_choice":"Touch","floor":31.0,"gold_loss":0.0,"damage_taken":7.0},{"damage_healed":0.0,"max_hp_gain":0.0,"max_hp_loss":0.0,"gold_gain":0.0,"event_name":"MindBloom","player_choice":"Fight","floor":38.0,"gold_loss":0.0,"damage_taken":0.0},{"damage_healed":0,"gold_gain":0,"player_choice":"Fight","damage_taken":0,"max_hp_gain":0,"max_hp_loss":0,"event_name":"Mysterious Sphere","floor":41,"gold_loss":0},{"damage_healed":0,"gold_gain":0,"player_choice":"1 cards matched","damage_taken":0,"max_hp_gain":0,"max_hp_loss":0,"event_name":"Match and Keep!","floor":47,"gold_loss":0,"cards_obtained":["Bullet Time"]}],"is_beta":false,"boss_relics":[{"not_picked":["Astrolabe","Runic Pyramid"],"picked":"Tiny House"},{"not_picked":["Snecko Eye","Runic Dome"],"picked":"Ring of the Serpent"}],"items_purged_floors":[4,21,36,53],"is_endless":false,"potions_floor_spawned":[1,5,6,8,16,19,20,23,30,38,39,44,45,54],"ascension_level":1}}