{"host":"2tgyrzvaa7l04o2e","time":1610301287,"event":{"mods":["BaseMod","Highlight Path","Minty Spire (QoL Compilation)","Permanent Neow","Relic Stats"],"gold_per_floor":[99,99,49,49,49,49,49,49,49,49,49,49,49,49,49,49,49,49,49,49,49,49,49,49],"floor_reached":23,"playtime":1352,"items_purged":[],"score":289,"play_id":"3d94d2a4-65e2-45d1-846f-10b432fd4671","local_time":"20210110185447","is_ascension_mode":true,"campfire_choices":[{"floor":11,"key":"REST"},{"data":"Consecrate","floor":15,"key":"SMITH"}],"circlet_count":0,"master_deck":["Strike_P","Strike_P","Strike_P","Strike_P","Defend_P","Defend_P","Defend_P","Eruption","Vigilance","Evaluate","Consecrate+1","SandsOfTime+1","ThirdEye","Wish","FlyingSleeves","Evaluate","LessonLearned","TalkToTheHand","WindmillStrike","Wireheading+1"],"relics":["Ectoplasm","Strawberry","Happy Flower","Letter Opener","Pocketwatch","SacredBark","Toxic Egg 2"],"acts_visited":["Exordium","TheCity"],"potions_floor_usage":[14,17,19,23],"damage_taken":[{"damage":2,"enemies":"Jaw Worm","floor":1,"turns":3},{"damage":0,"enemies":"Cultist","floor":2,"turns":3},{"damage":0,"enemies":"Small Slimes","floor":5,"turns":4},{"damage":25,"enemies":"3 Sentries","floor":6,"turns":8},{"damage":33,"enemies":"Lagavulin","floor":8,"turns":5},{"damage":1,"enemies":"Blue Slaver","floor":12,"turns":4},{"damage":5,"enemies":"Large Slime","floor":13,"turns":3},{"damage":0,"enemies":"3 Louse","floor":14,"turns":2},{"damage":20,"enemies":"Hexaghost","floor":16,"turns":11},{"damage":7,"enemies":"3 Byrds","floor":18,"turns":5},{"damage":14,"enemies":"Shell Parasite","floor":19,"turns":7},{"damage":0,"enemies":"Snecko","floor":21,"turns":5},{"damage":63,"enemies":"Slavers","floor":23,"turns":3}],"seed_played":"-1770937750437830372","potions_obtained":[{"floor":2,"key":"Energy Potion"},{"floor":6,"key":"Ancient Potion"},{"floor":12,"key":"Ancient Potion"},{"floor":16,"key":"Fruit Juice"},{"floor":18,"key":"Weak Potion"}],"is_trial":false,"path_per_floor":["M","M","?","T","M","E","?","E","T","$","R","M","M","M","R","B",null,"M","M","?","M","?","E"],"character_chosen":"WATCHER","items_purchased":[],"campfire_rested":1,"item_purchase_floors":[],"current_hp_per_floor":[63,63,63,70,70,45,45,12,12,12,35,34,29,29,29,9,72,65,51,51,51,51,0,0],"gold":49,"neow_bonus":"BOSS_RELIC","is_daily":false,"chose_seed":false,"campfire_upgraded":1,"win_rate":0.0,"timestamp":1610301287,"path_taken":["M","M","?","?","?","E","?","E","T","$","R","M","M","M","R","BOSS","M","?","?","M","?","E"],"items_purchased_type":[],"build_version":"2020-12-22","purchased_purges":0,"victory":false,"max_hp_per_floor":[72,72,72,79,79,79,79,79,79,79,79,79,79,79,79,79,89,89,89,89,89,89,89,89],"relic_stats":{"Happy Flower":[15],"counters":[13,63],"Ectoplasm":470,"Letter Opener":[90],"obtain_stats":[{"Happy Flower":6,"Strawberry":4,"SacredBark":17,"Ectoplasm":0,"Letter Opener":8,"PureWater":0,"Toxic Egg 2":20,"Pocketwatch":9},{"Happy Flower":4,"Strawberry":2,"SacredBark":9,"Ectoplasm":0,"Letter Opener":5,"PureWater":0,"Toxic Egg 2":11,"Pocketwatch":5},{"Happy Flower":18,"Strawberry":6,"SacredBark":43,"Ectoplasm":0,"Letter Opener":23,"PureWater":0,"Toxic Egg 2":55,"Pocketwatch":23}],"Pocketwatch":[33]},"card_choices":[{"not_picked":["Vengeance","ThirdEye"],"picked":"Evaluate","floor":1},{"not_picked":["ThirdEye","Crescendo"],"picked":"Consecrate","floor":2},{"not_picked":["Crescendo","CrushJoints"],"picked":"SandsOfTime","floor":5},{"not_picked":["Prostrate","PathToVictory"],"picked":"ThirdEye","floor":6},{"not_picked":["ConjureBlade","Wireheading"],"picked":"Wish","floor":8},{"not_picked":["FollowUp","BowlingBash"],"picked":"FlyingSleeves","floor":12},{"not_picked":["JustLucky","WaveOfTheHand","SashWhip"],"picked":"SKIP","floor":13},{"not_picked":["SashWhip","JustLucky"],"picked":"Evaluate","floor":14},{"not_picked":["Blasphemy","Wish"],"picked":"LessonLearned","floor":16},{"not_picked":["PathToVictory","CarveReality+1"],"picked":"TalkToTheHand","floor":18},{"not_picked":["Prostrate","Consecrate","WindmillStrike"],"picked":"SKIP","floor":19},{"not_picked":["Prostrate","Consecrate"],"picked":"WindmillStrike","floor":19},{"not_picked":["ClearTheMind+1","FollowUp"],"picked":"Wireheading+1","floor":21}],"player_experience":578358,"relics_obtained":[{"floor":4,"key":"Strawberry"},{"floor":6,"key":"Happy Flower"},{"floor":8,"key":"Letter Opener"},{"floor":9,"key":"Pocketwatch"}],"event_choices":[{"cards_removed":["Defend_P"],"damage_healed":0,"gold_gain":0,"player_choice":"Card Removal","damage_taken":0,"max_hp_gain":0,"max_hp_loss":0,"event_name":"The Cleric","floor":3,"gold_loss":50},{"damage_healed":0,"gold_gain":100,"player_choice":"Pray","damage_taken":0,"max_hp_gain":0,"max_hp_loss":0,"event_name":"Golden Shrine","floor":7,"gold_loss":0},{"damage_healed":0,"gold_gain":0,"player_choice":"Opened","damage_taken":0,"relics_obtained":["Toxic Egg 2"],"max_hp_gain":0,"max_hp_loss":0,"event_name":"The Mausoleum","floor":20,"gold_loss":0},{"damage_healed":0,"gold_gain":0,"player_choice":"Ignored","damage_taken":0,"max_hp_gain":0,"max_hp_loss":0,"event_name":"Ghosts","floor":22,"gold_loss":0}],"is_beta":false,"boss_relics":[{"not_picked":["Runic Pyramid","Calling Bell"],"picked":"SacredBark"}],"items_purged_floors":[],"is_endless":false,"potions_floor_spawned":[2,6,12,16,18],"killed_by":"Slavers","ascension_level":6}}