{"host":"egskdxp2q9kv48xe","time":1610257254,"event":{"mods":["BaseMod","Colored Powertips","Minty Spire (QoL Compilation)","StSLib"],"gold_per_floor":[117,135,135,135,149,177,177,193,193,193,193,228,22,40,40,140,140,156,156,172,75,91,91,53,53,78,78,90,107,126,126,126,126,126],"floor_reached":33,"playtime":2096,"items_purged":["Defend_G"],"score":297,"play_id":"eed5ac54-1cdc-4930-b95c-8fadb2bfd020","local_time":"20210109224054","is_ascension_mode":true,"campfire_choices":[{"data":"Regret","floor":7,"key":"PURGE"},{"floor":10,"key":"REST"},{"floor":15,"key":"REST"},{"data":"Cloak And Dagger","floor":23,"key":"SMITH"},{"floor":32,"key":"REST"}],"circlet_count":0,"master_deck":["Defend_G","Defend_G","Defend_G","Survivor","Neutralize","Blade Dance","Accuracy+1","Dagger Spray","Flying Knee","Cloak And Dagger+1","Heel Hook","Finisher","Prepared","Dagger Throw+1","Slice","Reflex+1","Bite","Bite","Bite","Bite","Bite","Backflip+1","Sucker Punch","Blade Dance+1","Writhe","Footwork+1"],"relics":["Ring of the Snake","NeowsBlessing","Peace Pipe","Unceasing Top","Thread and Needle","WingedGreaves","Membership Card","Sozu","Frozen Egg 2","Orichalcum","FaceOfCleric","Dream Catcher"],"acts_visited":["Exordium","TheCity"],"potions_floor_usage":[6,11,16,16,18],"damage_taken":[{"damage":0,"enemies":"2 Louse","floor":1,"turns":1},{"damage":0,"enemies":"Small Slimes","floor":2,"turns":1},{"damage":0,"enemies":"Cultist","floor":5,"turns":1},{"damage":25,"enemies":"Lagavulin","floor":6,"turns":8},{"damage":13,"enemies":"Exordium Wildlife","floor":8,"turns":4},{"damage":0,"enemies":"Exordium Thugs","floor":11,"turns":1},{"damage":4,"enemies":"3 Sentries","floor":12,"turns":6},{"damage":2,"enemies":"3 Louse","floor":14,"turns":4},{"damage":10,"enemies":"Slime Boss","floor":16,"turns":13},{"damage":8,"enemies":"Shell Parasite","floor":18,"turns":3},{"damage":0,"enemies":"Chosen","floor":20,"turns":3},{"damage":16,"enemies":"Centurion and Healer","floor":22,"turns":4},{"damage":23,"enemies":"Snake Plant","floor":28,"turns":4},{"damage":25,"enemies":"Cultist and Chosen","floor":29,"turns":6},{"damage":6,"enemies":"3 Cultists","floor":30,"turns":6},{"damage":112,"enemies":"Automaton","floor":33,"turns":12}],"seed_played":"-5968718448509275064","potions_obtained":[{"floor":2,"key":"Block Potion"},{"floor":5,"key":"SmokeBomb"},{"floor":8,"key":"SpeedPotion"},{"floor":12,"key":"Ancient Potion"},{"floor":16,"key":"SteroidPotion"}],"is_trial":false,"path_per_floor":["M","M","?","?","M","E","R","M","T","R","M","E","$","M","R","B",null,"M","?","M","?","M","R","$","?","T","?","M","M","M","?","R","B"],"character_chosen":"THE_SILENT","items_purchased":["Finisher","Membership Card","Prepared"],"campfire_rested":3,"item_purchase_floors":[13,13,13],"current_hp_per_floor":[70,70,70,70,70,45,45,32,32,53,53,49,49,47,68,58,70,62,62,62,62,46,46,46,46,46,46,33,19,30,30,45,0,0],"gold":126,"neow_bonus":"THREE_ENEMY_KILL","is_daily":false,"chose_seed":false,"campfire_upgraded":1,"win_rate":0.0,"timestamp":1610257254,"path_taken":["M","M","?","?","M","E","R","M","T","R","M","E","$","M","R","BOSS","M","?","?","?","M","R","?","?","T","?","?","?","M","?","R","BOSS"],"items_purchased_type":["Card","Relic","Card"],"build_version":"2020-12-22","purchased_purges":1,"victory":false,"max_hp_per_floor":[70,70,70,70,70,70,70,70,70,70,70,70,70,70,70,70,70,70,70,70,70,70,70,70,49,49,49,50,51,52,52,52,52,52],"card_choices":[{"not_picked":["Backflip","Noxious Fumes"],"picked":"Blade Dance","floor":1},{"not_picked":["Underhanded Strike","Deadly Poison"],"picked":"Accuracy","floor":2},{"not_picked":["Predator","Bane"],"picked":"Flying Knee","floor":5},{"not_picked":["Backstab","Blur"],"picked":"Cloak And Dagger","floor":6},{"not_picked":["Well Laid Plans","Reflex","Underhanded Strike"],"picked":"SKIP","floor":8},{"not_picked":["Acrobatics","Corpse Explosion"],"picked":"Heel Hook","floor":12},{"not_picked":["Dagger Spray","Skewer","Dodge and Roll"],"picked":"SKIP","floor":14},{"not_picked":["Setup","Dagger Spray"],"picked":"Dagger Throw+1","floor":18},{"not_picked":["Flying Knee","Deadly Poison+1"],"picked":"Slice","floor":20},{"not_picked":["Slice","Dagger Spray+1"],"picked":"Reflex+1","floor":22},{"not_picked":["Acrobatics+1","Dodge and Roll"],"picked":"Backflip+1","floor":28},{"not_picked":["Wraith Form v2+1","Quick Slash+1"],"picked":"Sucker Punch","floor":29},{"not_picked":["Dagger Spray","Slice"],"picked":"Blade Dance+1","floor":30},{"not_picked":["Acrobatics","Calculated Gamble+1"],"picked":"Footwork+1","floor":32}],"player_experience":430642,"relics_obtained":[{"floor":6,"key":"Unceasing Top"},{"floor":9,"key":"Thread and Needle"},{"floor":12,"key":"WingedGreaves"},{"floor":26,"key":"Orichalcum"}],"event_choices":[{"damage_healed":0,"gold_gain":0,"cards_transformed":["Defend_G"],"player_choice":"Change","damage_taken":0,"max_hp_gain":0,"max_hp_loss":0,"event_name":"Living Wall","floor":3,"gold_loss":0,"cards_obtained":["Dagger Spray"]},{"damage_healed":0,"gold_gain":0,"player_choice":"Box","damage_taken":0,"relics_obtained":["Peace Pipe"],"max_hp_gain":0,"max_hp_loss":0,"event_name":"Big Fish","floor":4,"gold_loss":0,"cards_obtained":["Regret"]},{"damage_healed":0,"gold_gain":0,"player_choice":"Forge","damage_taken":0,"max_hp_gain":0,"max_hp_loss":0,"event_name":"Accursed Blacksmith","floor":19,"gold_loss":0,"cards_upgraded":["Accuracy"]},{"damage_healed":0,"gold_gain":0,"player_choice":"Paid Gold","damage_taken":0,"relics_obtained":["Frozen Egg 2"],"max_hp_gain":0,"max_hp_loss":0,"event_name":"WeMeetAgain","floor":21,"gold_loss":97},{"damage_healed":0,"gold_gain":0,"player_choice":"Became a vampire","damage_taken":0,"max_hp_gain":0,"max_hp_loss":21,"event_name":"Vampires","floor":25,"gold_loss":0,"cards_obtained":["Bite","Bite","Bite","Bite","Bite"]},{"damage_healed":0,"gold_gain":0,"player_choice":"Trade","damage_taken":0,"relics_obtained":["FaceOfCleric"],"max_hp_gain":0,"max_hp_loss":0,"event_name":"FaceTrader","floor":27,"gold_loss":0},{"damage_healed":0,"gold_gain":0,"player_choice":"Opened","damage_taken":0,"relics_obtained":["Dream Catcher"],"max_hp_gain":0,"max_hp_loss":0,"event_name":"The Mausoleum","floor":31,"gold_loss":0,"cards_obtained":["Writhe"]}],"is_beta":false,"boss_relics":[{"not_picked":["Velvet Choker","Ectoplasm"],"picked":"Sozu"}],"items_purged_floors":[24],"is_endless":false,"potions_floor_spawned":[2,5,8,12,16,18,29,30],"killed_by":"Automaton","ascension_level":1}}