{"host":"dwppbb1tkuy5qbmv","time":1610293329,"event":{"mods":["AchievementEnabler","BaseMod","Better Third Choice","BetterRewards","Minty Spire (QoL Compilation)","Shop Mod","StSLib","UnlockEverythingMod"],"gold_per_floor":[114,125,50,50,0,30,30,30,78,111,186,203,20,35,35,138,138,156,168,93,112,51,83,94,94,94,94,104,104,122,137,137,239,239,254,254,304,319,339,339,357,377,377,377,477,492,510,526,526,526,526],"floor_reached":50,"playtime":4991,"items_purged":["Defend_G"],"score":578,"play_id":"164bbdf1-87b5-45cf-8795-c44f07f83190","local_time":"20210110234209","is_ascension_mode":true,"campfire_choices":[{"floor":8,"key":"REST"},{"floor":15,"key":"REST"},{"floor":25,"key":"REST"},{"floor":32,"key":"REST"},{"floor":40,"key":"RECALL"},{"floor":44,"key":"REST"},{"floor":49,"key":"REST"}],"circlet_count":0,"master_deck":["Strike_G+1","Strike_G+1","Strike_G+1","Strike_G+1","Defend_G+1","Defend_G+1","Defend_G+1","Defend_G+1","Survivor","Neutralize","Escape Plan","Escape Plan","Bullet Time","Apotheosis+1","Distraction","PiercingWail","Noxious Fumes","Slice","Corpse Explosion","Outmaneuver","Blade Dance+1","Phantasmal Killer","Accuracy","Concentrate","Terror+1","Backflip","Deflect","Deflect+1","Acrobatics","Noxious Fumes+1","Madness","Madness","Skewer+1","Blade Dance","Distraction","Crippling Poison+1","Tactician+1","Prepared","Blur+1"],"relics":["Runic Pyramid","Sundial","Pen Nib","White Beast Statue","MerchantsRug","WristBlade","CaptainsWheel","Gremlin Horn","Darkstone Periapt","Sozu","Turnip","Orichalcum"],"acts_visited":["Exordium","TheCity","TheBeyond"],"potions_floor_usage":[18,48,50],"damage_taken":[{"damage":2,"enemies":"Small Slimes","floor":1,"turns":4},{"damage":0,"enemies":"2 Louse","floor":2,"turns":3},{"damage":54,"enemies":"Gremlin Nob","floor":6,"turns":6},{"damage":0,"enemies":"3 Sentries","floor":10,"turns":10},{"damage":0,"enemies":"Jaw Worm","floor":12,"turns":3},{"damage":3,"enemies":"Large Slime","floor":14,"turns":5},{"damage":1,"enemies":"Hexaghost","floor":16,"turns":11},{"damage":2,"enemies":"Spheric Guardian","floor":18,"turns":5},{"damage":20,"enemies":"2 Thieves","floor":19,"turns":3},{"damage":8,"enemies":"Centurion and Healer","floor":21,"turns":4},{"damage":15,"enemies":"Book of Stabbing","floor":23,"turns":5},{"damage":7,"enemies":"Chosen and Byrds","floor":24,"turns":6},{"damage":8,"enemies":"Sentry and Sphere","floor":28,"turns":4},{"damage":0,"enemies":"3 Cultists","floor":30,"turns":5},{"damage":0,"enemies":"Shelled Parasite and Fungi","floor":31,"turns":3},{"damage":36,"enemies":"Automaton","floor":33,"turns":8},{"damage":0,"enemies":"Orb Walker","floor":35,"turns":1},{"damage":0,"enemies":"Mind Bloom Boss Battle","floor":37,"turns":8},{"damage":16,"enemies":"3 Shapes","floor":38,"turns":4},{"damage":16,"enemies":"Transient","floor":39,"turns":5},{"damage":9,"enemies":"Writhing Mass","floor":41,"turns":4},{"damage":15,"enemies":"Maw","floor":42,"turns":7},{"damage":11,"enemies":"Sphere and 2 Shapes","floor":46,"turns":5},{"damage":12,"enemies":"Writhing Mass","floor":47,"turns":6},{"damage":31,"enemies":"Jaw Worm Horde","floor":48,"turns":3},{"damage":28,"enemies":"Awakened One","floor":50,"turns":10}],"seed_played":"6515553977496173035","potions_obtained":[{"floor":2,"key":"FearPotion"},{"floor":6,"key":"FairyPotion"},{"floor":12,"key":"Weak Potion"},{"floor":14,"key":"Dexterity Potion"},{"floor":16,"key":"PowerPotion"},{"floor":18,"key":"GamblersBrew"},{"floor":23,"key":"Fire Potion"},{"floor":24,"key":"Dexterity Potion"},{"floor":31,"key":"SpeedPotion"},{"floor":33,"key":"BlessingOfTheForge"}],"is_trial":false,"path_per_floor":["M","M","$","?","?","E","?","R","T","E","?","M","$","M","R","B",null,"M","M","?","M","$","E","M","R","T","T","M","?","M","M","R","B",null,"M","?","?","M","M","R","M","M","T","R","?","M","M","M","R","B"],"character_chosen":"THE_SILENT","items_purchased":["MerchantsRug","Noxious Fumes","Accuracy","Concentrate"],"campfire_rested":6,"item_purchase_floors":[13,13,22,22],"current_hp_per_floor":[68,68,68,68,68,14,14,35,35,35,24,24,24,21,42,41,70,68,48,48,40,40,25,18,39,39,39,31,31,31,31,52,16,70,70,61,61,45,29,29,20,5,5,26,26,15,3,4,25,0,0],"gold":526,"neow_bonus":"BOSS_RELIC","is_daily":false,"chose_seed":false,"campfire_upgraded":0,"win_rate":0.0,"timestamp":1610293329,"path_taken":["M","M","$","?","?","E","?","R","T","E","?","M","$","M","R","BOSS","M","M","?","M","$","E","M","R","T","?","M","?","M","M","R","BOSS","M","?","?","M","M","R","M","M","T","R","?","?","M","M","R","BOSS"],"items_purchased_type":["Relic","Card","Card","Card"],"build_version":"2020-12-22","purchased_purges":1,"victory":false,"max_hp_per_floor":[70,70,70,70,70,70,70,70,70,70,70,70,70,70,70,70,70,70,70,70,70,70,70,70,70,70,70,70,70,70,70,70,70,70,70,70,70,70,70,70,70,70,70,70,70,70,70,70,70,70,70],"card_choices":[{"not_picked":["Underhanded Strike","Deadly Poison"],"picked":"Escape Plan","floor":1},{"not_picked":["Quick Slash","Underhanded Strike"],"picked":"Escape Plan","floor":2},{"not_picked":["Deadly Poison","Flying Knee"],"picked":"Bullet Time","floor":6},{"not_picked":["Finisher","Deflect"],"picked":"Distraction","floor":10},{"not_picked":["Deflect","Flying Knee"],"picked":"PiercingWail","floor":12},{"not_picked":["Well Laid Plans","Leg Sweep"],"picked":"Slice","floor":14},{"not_picked":["Burst","Unload"],"picked":"Corpse Explosion","floor":16},{"not_picked":["Quick Slash","Poisoned Stab"],"picked":"Outmaneuver","floor":18},{"not_picked":["Skewer","Riddle With Holes+1"],"picked":"Blade Dance+1","floor":19},{"not_picked":["Masterful Stab","Underhanded Strike+1"],"picked":"Phantasmal Killer","floor":21},{"not_picked":["Flying Knee","Caltrops"],"picked":"Terror+1","floor":23},{"not_picked":["Dodge and Roll","Endless Agony"],"picked":"Backflip","floor":24},{"not_picked":["Riddle With Holes","Quick Slash"],"picked":"Deflect","floor":28},{"not_picked":["Bouncing Flask","Leg Sweep"],"picked":"Deflect+1","floor":30},{"not_picked":["Accuracy+1","Setup+1"],"picked":"Acrobatics","floor":31},{"not_picked":["Leg Sweep+1","Poisoned Stab"],"picked":"Noxious Fumes+1","floor":35},{"not_picked":["Dagger Throw+1","Sucker Punch+1"],"picked":"Skewer+1","floor":37},{"not_picked":["Slice","Flying Knee+1"],"picked":"Blade Dance","floor":38},{"not_picked":["Heel Hook","Underhanded Strike+1"],"picked":"Distraction","floor":39},{"not_picked":["Dagger Throw+1","Blade Dance"],"picked":"Crippling Poison+1","floor":41},{"not_picked":["Bouncing Flask+1","Calculated Gamble+1"],"picked":"Tactician+1","floor":42},{"not_picked":["Glass Knife","Crippling Poison","Well Laid Plans"],"picked":"SKIP","floor":46},{"not_picked":["Slice+1","Predator+1"],"picked":"Prepared","floor":47},{"not_picked":["Bane+1","Underhanded Strike"],"picked":"Blur+1","floor":48}],"player_experience":97223,"relics_obtained":[{"floor":6,"key":"Pen Nib"},{"floor":10,"key":"White Beast Statue"},{"floor":23,"key":"CaptainsWheel"},{"floor":26,"key":"Gremlin Horn"},{"floor":27,"key":"Darkstone Periapt"},{"floor":37,"key":"Turnip"},{"floor":43,"key":"Orichalcum"}],"event_choices":[{"damage_healed":0,"gold_gain":0,"player_choice":"Box","damage_taken":0,"relics_obtained":["Sundial"],"max_hp_gain":0,"max_hp_loss":0,"event_name":"Big Fish","floor":4,"gold_loss":0,"cards_obtained":["Regret"]},{"cards_removed":["Regret"],"damage_healed":0,"gold_gain":0,"player_choice":"Card Removal","damage_taken":0,"max_hp_gain":0,"max_hp_loss":0,"event_name":"The Cleric","floor":5,"gold_loss":50},{"damage_healed":14,"gold_gain":0,"player_choice":"Embrace","damage_taken":0,"max_hp_gain":0,"max_hp_loss":70,"event_name":"betterThird:BetterShining","floor":7,"gold_loss":0},{"damage_healed":0,"gold_gain":75,"player_choice":"Gold","damage_taken":11,"max_hp_gain":0,"max_hp_loss":0,"event_name":"betterThird:BetterGoop","floor":11,"gold_loss":0},{"cards_removed":["Strike_G"],"damage_healed":0,"gold_gain":0,"player_choice":"Gave Gold","damage_taken":0,"max_hp_gain":0,"max_hp_loss":0,"event_name":"Beggar","floor":20,"gold_loss":75},{"damage_healed":0,"gold_gain":0,"player_choice":"Simplicity","damage_taken":0,"max_hp_gain":0,"max_hp_loss":8,"event_name":"betterThird:BetterWriting","floor":29,"gold_loss":0},{"damage_healed":0,"gold_gain":0,"player_choice":"Embrace Madness","damage_taken":9,"max_hp_gain":0,"max_hp_loss":0,"event_name":"Winding Halls","floor":36,"gold_loss":0,"cards_obtained":["Madness","Madness"]},{"damage_healed":0,"gold_gain":0,"player_choice":"Fight","damage_taken":0,"max_hp_gain":0,"max_hp_loss":0,"event_name":"MindBloom","floor":37,"gold_loss":0},{"damage_healed":0,"gold_gain":100,"player_choice":"Pray","damage_taken":0,"max_hp_gain":0,"max_hp_loss":0,"event_name":"Golden Shrine","floor":45,"gold_loss":0}],"is_beta":false,"boss_relics":[{"not_picked":["Snecko Eye","Coffee Dripper"],"picked":"WristBlade"},{"not_picked":["Velvet Choker","Runic Dome"],"picked":"Sozu"}],"items_purged_floors":[3],"is_endless":false,"potions_floor_spawned":[2,6,12,14,16,18,19,21,23,24,28,30,31,33,35,37,38,39,41,42,46,47,48],"killed_by":"Awakened One","ascension_level":1}}