{"host":"k67zwea37tbl4jhz","time":1610265209,"event":{"mods":["AchievementEnabler","Act Like it!","Aspiration","BaseMod","Better Altar","Better Match","Better Note","Better Sensory Stone","Better Skull","Better Third Choice","BetterRewards","CCEM","Clawfect","Colored Map","Conspire","Downfall","GifTheSpireLib","Googly Eyes","Halation","Highlight Path","Hubris","Mimic Mod","Minty Spire (QoL Compilation)","Permanent Neow","Replay The Spire","Shop Mod","Spicy Shops","StSLib","Stuff the Spire","Unceasing Turn Reminder","everything is the same but u backflip on backflip"],"gold_per_floor":[0,100,116,116,126,157,183,108,120,134,150,258,258,47,64,169,169,169,183,202,202,215,215,215,319,319,160,65,50,50,174,193,298,298,284,303,332,332,332,332,332,362,382,382,382,382],"floor_reached":44,"playtime":3545,"items_purged":[],"score":559,"play_id":"333915ab-d704-4622-8008-7a94b5856fc8","local_time":"20210110025329","is_ascension_mode":false,"campfire_choices":[{"floor":1,"key":"RECALL"},{"data":"hexamod:Float","floor":8,"key":"SMITH"},{"floor":13,"key":"REST"},{"data":"hexamod:HeatShield","floor":18,"key":"SMITH"},{"data":"hexamod:WildfireWeapon","floor":23,"key":"SMITH"},{"data":"StuffTheSpire:Harmony","floor":30,"key":"SMITH"}],"circlet_count":0,"master_deck":["hexamod:Strike+1","hexamod:Strike+1","hexamod:Strike","hexamod:Strike+1","hexamod:Defend+1","hexamod:Defend+1","hexamod:Defend+1","hexamod:Defend+1","hexamod:Sear","hexamod:Float+1","hexamod:BurningTouch","hexamod:RainOfEmbers","hexamod:HeatShield+1","hexamod:HeatMetal+1","hexamod:FlamesFromBeyond+1","hexamod:StepThrough+1","hexamod:FastForward+1","hexamod:WildfireWeapon+1","hexamod:SixthSeal","hexamod:RadiantFlame","hexamod:SpectersWail","hexamod:SpectersWail+1","StuffTheSpire:Harmony+1","hexamod:VolcanoVisage+1","hexamod:AdvancingGuard","hexamod:SearingWound","CurseOfTheBell","hexamod:GhostOfSpireFuture","hexamod:Hexaguard+1","StuffTheSpire:Vigor"],"relics":["hexamod:SpiritBrand","CCEMRelics:Francisca","hubris:Icosahedron","War Paint","downfall:HeartBlessingRed","hubris:SlimyHat","StuffTheSpire:BottledEssence","hexamod:TheBrokenSeal","SlaversCollar","aspiration:ChemicalBlood","halation:LostSnail","hubris:TenFootPole","Replay:Grab Bag","halation:IncompleteEncyclopedia","conspire:RoyalGoblet","Calling Bell","Replay:Wax Seal","Mummified Hand","Thread and Needle","downfall:HeartBlessingBlue","Bag of Marbles","Replay:Accelerometer","CCEMRelics:Pendulum"],"acts_visited":["Exordium","TheCity","TheBeyond"],"potions_floor_usage":[6,31,31,37,42,42,42,44,44,44],"damage_taken":[{"damage":0,"enemies":"2 Louse","floor":3,"turns":2},{"damage":0,"enemies":"Cultist","floor":5,"turns":3},{"damage":4,"enemies":"3 Sentries","floor":6,"turns":7},{"damage":0,"enemies":"Jaw Worm","floor":9,"turns":3},{"damage":2,"enemies":"Large Slime","floor":10,"turns":5},{"damage":15,"enemies":"Lots of Slimes","floor":11,"turns":5},{"damage":39,"enemies":"Gremlin Nob","floor":12,"turns":5},{"damage":2,"enemies":"downfall:FleeingMerchant","floor":14,"turns":4},{"damage":4,"enemies":"2 Fungi Beasts","floor":15,"turns":5},{"damage":10,"enemies":"downfall:Watcher","floor":16,"turns":6},{"damage":7,"enemies":"conspire:FuzzyDice","floor":19,"turns":6},{"damage":12,"enemies":"Centurion and Healer","floor":20,"turns":6},{"damage":2,"enemies":"Snecko","floor":22,"turns":3},{"damage":0,"enemies":"conspire:Head Lice","floor":25,"turns":6},{"damage":4,"enemies":"downfall:FleeingMerchant","floor":28,"turns":4},{"damage":4,"enemies":"downfall:FleeingMerchant","floor":29,"turns":4},{"damage":0,"enemies":"Gremlin Leader","floor":31,"turns":4},{"damage":26,"enemies":"Sentry and Sphere","floor":32,"turns":4},{"damage":12,"enemies":"downfall:Defect","floor":33,"turns":7},{"damage":3,"enemies":"Orb Walker","floor":36,"turns":3},{"damage":30,"enemies":"conspire:MimicChest","floor":37,"turns":7},{"damage":59,"enemies":"Giant Head","floor":42,"turns":10},{"damage":19,"enemies":"3 Darklings","floor":43,"turns":5},{"damage":32,"enemies":"Reptomancer","floor":44,"turns":3}],"seed_played":"-4805234344784918796","potions_obtained":[{"floor":5,"key":"Slimebound:ThreeZeroPotion"},{"floor":11,"key":"sneckomod:MuddlingPotion"},{"floor":15,"key":"Cursed Concoction"},{"floor":15,"key":"Adrenaline Potion"},{"floor":22,"key":"Strength Potion"},{"floor":25,"key":"SpeedPotion"},{"floor":37,"key":"SpeedPotion"},{"floor":42,"key":"Fruit Juice"},{"floor":44,"key":"Fire Potion"}],"is_trial":false,"path_per_floor":["R_BF","?","M","?","M","E","T","R","M","M","M","E","R","$","M","B",null,"R","M","M","?","M","R","T","E","?","?","$","$","R","E","M","B",null,"R_BF","M","?","?","?","?","T","E","M","E"],"character_chosen":"THE_SPIRIT","items_purchased":["StuffTheSpire:BottledEssence","hexamod:FastForward","halation:LostSnail"],"campfire_rested":1,"item_purchase_floors":[14,14,28],"current_hp_per_floor":[70,70,70,70,70,66,66,66,66,64,56,17,38,43,80,70,80,80,73,61,80,78,78,78,78,78,78,76,75,75,80,55,49,80,90,87,63,63,63,79,79,25,16,0,0,0],"gold":382,"neow_bonus":"ONE_RARE_RELIC","is_daily":false,"chose_seed":false,"campfire_upgraded":4,"win_rate":0.0,"timestamp":1610265209,"path_taken":["R_BF","?","?","?","M","E","T","R","M","M","M","E","R","$","M","BOSS","R","M","M","?","M","R","T","E","?","?","?","$","R","E","M","BOSS","R_BF","M","?","?","?","?","T","E","M","E"],"items_purchased_type":["Relic","Card","Relic"],"build_version":"2020-12-22","purchased_purges":0,"victory":false,"max_hp_per_floor":[70,70,70,70,70,70,70,70,70,70,70,70,70,70,80,80,80,80,80,80,80,80,80,80,80,80,80,80,80,80,80,80,80,80,90,90,90,90,90,79,79,84,84,84,84,84],"card_choices":[{"not_picked":["hexamod:RainOfEmbers","hexamod:RecurringNightmare"],"picked":"hexamod:BurningTouch","floor":3},{"not_picked":["hexamod:InspiringFlames","hexamod:HauntingEcho"],"picked":"hexamod:RainOfEmbers","floor":5},{"not_picked":["hexamod:Hexaguard","hexamod:GhostShield"],"picked":"hexamod:ThirdSeal","floor":6},{"not_picked":["hexamod:RainOfEmbers","hexamod:PhantomCloak","hexamod:Firestarter"],"picked":"SKIP","floor":9},{"not_picked":["hexamod:SpectralAdrenaline","hexamod:NightmareStrike","hexamod:NecessarySacrifice"],"picked":"SKIP","floor":9},{"not_picked":["hexamod:GhostOfSpirePast","hexamod:PhantomCloak"],"picked":"hexamod:HeatShield","floor":10},{"not_picked":["hexamod:Incineration","hexamod:GhostOfSpirePast"],"picked":"hexamod:FirstSeal","floor":10},{"not_picked":["hexamod:SwordOfDarkness","hexamod:SoulSteal"],"picked":"hexamod:FifthSeal","floor":11},{"not_picked":["hexamod:Hexaguard","hexamod:Firestarter"],"picked":"hexamod:HeatMetal","floor":12},{"not_picked":["hexamod:FirstSeal","hexamod:ThirdSeal"],"picked":"hexamod:SecondSeal","floor":12},{"not_picked":["hexamod:RainOfEmbers","hexamod:NightmareGuise"],"picked":"hexamod:FourthSeal","floor":12},{"not_picked":["hexamod:FirstSeal","hexamod:SecondSeal"],"picked":"hexamod:SixthSeal","floor":14},{"not_picked":["hexamod:NightmareStrike","hexamod:InspiringFlames"],"picked":"hexamod:FlamesFromBeyond","floor":14},{"not_picked":["hexamod:GhostShield","hexamod:BurningTouch"],"picked":"hexamod:StepThrough","floor":14},{"not_picked":["hexamod:SecondSeal","hexamod:CatchUp"],"picked":"hexamod:WildfireWeapon","floor":15},{"not_picked":["hexamod:ParanormalForm","hexamod:CrushingStance"],"picked":"hexamod:SixthSeal","floor":16},{"not_picked":["hexamod:Firestarter+1","hexamod:GhostShield"],"picked":"hexamod:RadiantFlame","floor":19},{"not_picked":["hexamod:ThermalTransfer","hexamod:GhostShield"],"picked":"hexamod:SpectersWail","floor":20},{"not_picked":["hexamod:InspiringFlames","hexamod:ThirdSeal"],"picked":"hexamod:SpectersWail+1","floor":22},{"not_picked":["hexamod:InspiringFlames","hexamod:RainOfEmbers","hexamod:Hexaguard"],"picked":"SKIP","floor":25},{"not_picked":["hexamod:SwordOfDarkness","hexamod:NightmareStrike"],"picked":"hexamod:VolcanoVisage","floor":28},{"not_picked":["hexamod:HauntingEcho+1","hexamod:NightmareGuise+1","hexamod:Haunt+1"],"picked":"SKIP","floor":29},{"not_picked":["hexamod:NightmareStrike+1","hexamod:RetreatToShadows","hexamod:ParanormalForm"],"picked":"SKIP","floor":31},{"not_picked":["hexamod:SwordOfDarkness","hexamod:NightmareStrike"],"picked":"hexamod:AdvancingGuard","floor":32},{"not_picked":["hexamod:ParanormalForm","hexamod:EmpoweringStance"],"picked":"hexamod:SearingWound","floor":33},{"not_picked":["hexamod:StepThrough","hexamod:DynamicBlow"],"picked":"hexamod:GhostOfSpireFuture","floor":36},{"not_picked":["hexamod:ThirdSeal","hexamod:PowerFromBeyond"],"picked":"hexamod:Hexaguard+1","floor":37},{"not_picked":["StuffTheSpire:Brawn","StuffTheSpire:Rapture"],"picked":"StuffTheSpire:Vigor","floor":39},{"not_picked":["hexamod:SwordOfDarkness","hexamod:BurningTouch","hexamod:HauntingEcho"],"picked":"SKIP","floor":42},{"not_picked":["hexamod:PowerFromBeyond+1","hexamod:Firestarter+1","hexamod:ThermalTransfer"],"picked":"SKIP","floor":43}],"player_experience":165719,"relics_obtained":[{"floor":6,"key":"War Paint"},{"floor":7,"key":"StuffTheSpire:TintedRock"},{"floor":12,"key":"hubris:SlimyHat"},{"floor":25,"key":"aspiration:ChemicalBlood"},{"floor":31,"key":"hubris:TenFootPole"},{"floor":34,"key":"Replay:Wax Seal"},{"floor":34,"key":"Mummified Hand"},{"floor":34,"key":"Thread and Needle"},{"floor":37,"key":"Bag of Marbles"},{"floor":41,"key":"Replay:Accelerometer"},{"floor":42,"key":"CCEMRelics:Pendulum"}],"event_choices":[{"damage_healed":19,"gold_gain":0,"player_choice":"Full Heal","damage_taken":0,"max_hp_gain":0,"max_hp_loss":0,"event_name":"Wheel of Change","floor":21,"gold_loss":0},{"damage_healed":0,"gold_gain":0,"player_choice":"Ignored","damage_taken":0,"max_hp_gain":0,"max_hp_loss":0,"event_name":"betterNote:BetterNote","floor":26,"gold_loss":0,"cards_obtained":["hexamod:RadiantFlame"]}],"is_beta":false,"boss_relics":[{"not_picked":["halation:PinkAlligatorPlush","hubris:ScarierMask"],"picked":"SlaversCollar"},{"not_picked":["StuffTheSpire:RunicHypercube","halation:Yufonium"],"picked":"Replay:Grab Bag"},{"not_picked":["ReplayTheSpireMod:DimensionalGlitch","ReplayTheSpireMod:Onyx Gauntlets"],"picked":"halation:IncompleteEncyclopedia"},{"not_picked":["Painkiller Herb","Busted Crown"],"picked":"conspire:RoyalGoblet"},{"not_picked":["Kintsugi","SacredBark"],"picked":"Calling Bell"}],"items_purged_floors":[],"is_endless":false,"potions_floor_spawned":[5,11,15,19,22,25,33,36,37],"killed_by":"Reptomancer","ascension_level":0}}