{"host":"htox8xlq8uiapwxq","time":1610279584,"event":{"mods":["ATMod(阿瑾Mod)","Act Like it!","Arknights The Spire","BaseMod","Gensokyo","KinomotoSakuraMod(木之本樱)","Koishi","Lobotomy","LobotomyExtend","Minty Spire (QoL Compilation)","Prisma Mod","Remilia（蕾米莉亚）","StSLib","The Alterego","WarShipGirlsR/战舰少女R mod","Yakumo Yukari mod","Youmu（魂魄妖梦）"],"gold_per_floor":[111,124,143,43,54,54,68,94,94,94,105,32,79,110,110,307,307,307,307],"floor_reached":18,"playtime":1494,"items_purged":[],"score":199,"play_id":"14364059-b067-4bf4-8531-9b49bf907c9c","local_time":"20210110195304","is_ascension_mode":false,"campfire_choices":[{"data":"MiserableFate","floor":6,"key":"SMITH"},{"data":"FitfulNightmare","floor":15,"key":"SMITH"}],"circlet_count":0,"master_deck":["Strike_RM","Strike_RM","Strike_RM","Strike_RM","Defend_RM","Defend_RM","Defend_RM","Defend_RM","RedMoon","ScarletShoot","DiffusionOfMisfortune","MiserableFate+1","MillenniumVampire","FitfulNightmare+1","StarOfDavid","BloodHunter","FavorOfDestiny+1","ScarletSymphony","BombardNight","DiffusionOfMisfortune","ScarletDevilSign","ChainGang","NightDance+1","VampirishNight","BloodRain+1"],"relics":["ScarletHat","AT_ATBox","LetterFromLob","RedMistMask","AT_TheCollector","HornCleat","Molten Egg 2","ScarletEmblem","InspiredRelic","Moonlight_r"],"acts_visited":["Gensokyo:Gensokyo","Gensokyo:Gensokyoer"],"potions_floor_usage":[16],"damage_taken":[{"damage":1,"enemies":"Gensokyo:Python","floor":1,"turns":3},{"damage":0,"enemies":"Gensokyo:3_Fairies","floor":2,"turns":3},{"damage":0,"enemies":"Gensokyo:Gryphon","floor":3,"turns":3},{"damage":0,"enemies":"Gensokyo:LivingMonolith","floor":5,"turns":3},{"damage":0,"enemies":"Gensokyo:5_Fairies","floor":7,"turns":5},{"damage":29,"enemies":"Gensokyo:Aya","floor":8,"turns":6},{"damage":0,"enemies":"Gensokyo:Kitsune","floor":11,"turns":2},{"damage":0,"enemies":"Gensokyo:Cirno","floor":13,"turns":5},{"damage":0,"enemies":"Gensokyo:VengefulSpirit","floor":14,"turns":2},{"damage":8,"enemies":"Gensokyo:Kokoro","floor":16,"turns":5}],"seed_played":"-6928320118000558783","potions_obtained":[{"floor":5,"key":"PowerPotion"},{"floor":11,"key":"DuplicationPotion"},{"floor":13,"key":"Explosive Potion"},{"floor":16,"key":"GamblersBrew"}],"is_trial":false,"path_per_floor":["M","M","M","$","M","R","M","E","T","?","M","$","E","M","R","B",null,"M"],"character_chosen":"REMILIA","items_purchased":["FitfulNightmare","StarOfDavid","ChainGang"],"campfire_rested":0,"item_purchase_floors":[4,4,12],"current_hp_per_floor":[74,74,75,75,75,75,75,51,51,51,51,51,51,52,52,54,75,0,0],"gold":307,"neow_bonus":"","is_daily":false,"chose_seed":false,"campfire_upgraded":2,"win_rate":0.0,"timestamp":1610279584,"path_taken":["M","?","M","?","?","R","?","E","T","?","M","$","E","M","R","BOSS","M"],"items_purchased_type":["Card","Card","Card"],"build_version":"2020-12-22","purchased_purges":0,"victory":false,"max_hp_per_floor":[75,75,75,75,75,75,75,75,75,75,75,75,75,75,75,75,75,55,55],"card_choices":[{"not_picked":["VampireKiss","ScarletImprint"],"picked":"DiffusionOfMisfortune","floor":1},{"not_picked":["EndlessAdversity","BloodyTrap"],"picked":"MiserableFate","floor":2},{"not_picked":["ScarletDevil","MastersStateliness"],"picked":"MillenniumVampire","floor":3},{"not_picked":["CharismaGuard","BlasphemousPunishment"],"picked":"BloodHunter","floor":5},{"not_picked":["NightDance","CharismaGuard"],"picked":"FavorOfDestiny","floor":7},{"not_picked":["StarOfDavid","BlasphemousPunishment"],"picked":"ScarletSymphony","floor":8},{"not_picked":["MillenniumVampire","UnstableMagic"],"picked":"BombardNight","floor":10},{"not_picked":["BloodHunter","StarOfDavid"],"picked":"DiffusionOfMisfortune","floor":10},{"not_picked":["FavorOfDestiny","CharismaGuard"],"picked":"ScarletDevilSign","floor":11},{"not_picked":["HellCatastrophe+1","MastersStateliness"],"picked":"NightDance+1","floor":13},{"not_picked":["UltimateOffering+1","EmergencyRegeneration"],"picked":"VampirishNight","floor":14},{"not_picked":["TransientEternity","HeartBreak+1"],"picked":"BloodRain","floor":16}],"player_experience":355518,"relics_obtained":[{"floor":1,"key":"LetterFromLob"},{"floor":1,"key":"RedMistMask"},{"floor":8,"key":"AT_TheCollector"},{"floor":9,"key":"HornCleat"},{"floor":13,"key":"Molten Egg 2"}],"event_choices":[],"is_beta":false,"boss_relics":[{"not_picked":["Philosopher\u0027s Stone","Cursed Key"],"picked":"ScarletEmblem"}],"items_purged_floors":[],"is_endless":false,"potions_floor_spawned":[5,11,13,16],"ascension_level":0}}