{"host":"c6u7e77myxvw4d0m","time":1610270004,"event":{"mods":["AchievementEnabler","BaseMod","Bestiary","Colored Map","Colored Powertips","Minty Spire (QoL Compilation)","Rare Cards Sparkle","Relic Stats","everything is the same but u backflip on backflip"],"gold_per_floor":[118,131,131,147,164,164,197,210,210,241,241,266,276,295,295,295,295],"floor_reached":16,"playtime":1365,"items_purged":[],"score":192,"play_id":"1416d50f-08b1-4eb7-a893-7de7536f3ecb","local_time":"20210110111324","is_ascension_mode":true,"campfire_choices":[{"data":"Crippling Poison","floor":6,"key":"SMITH"},{"data":"Bullet Time","floor":15,"key":"SMITH"}],"circlet_count":0,"master_deck":["AscendersBane","Strike_G","Strike_G","Strike_G","Strike_G","Strike_G","Defend_G","Defend_G","Defend_G","Defend_G","Defend_G","Survivor","Neutralize+1","Finisher","Quick Slash+1","Dagger Spray","Crippling Poison+1","Dash","Acrobatics","Terror","Parasite","Bullet Time+1","Dagger Throw","Backstab"],"relics":["Ring of the Snake","Tough Bandages","Bag of Preparation","Oddly Smooth Stone","Paper Crane"],"acts_visited":["Exordium"],"potions_floor_usage":[5,7,10,16,16],"damage_taken":[{"damage":0,"enemies":"Small Slimes","floor":1,"turns":4},{"damage":5,"enemies":"Cultist","floor":2,"turns":4},{"damage":0,"enemies":"2 Louse","floor":4,"turns":4},{"damage":13,"enemies":"Large Slime","floor":5,"turns":4},{"damage":7,"enemies":"3 Sentries","floor":7,"turns":6},{"damage":0,"enemies":"3 Louse","floor":8,"turns":3},{"damage":18,"enemies":"Gremlin Nob","floor":10,"turns":4},{"damage":12,"enemies":"Lagavulin","floor":12,"turns":6},{"damage":1,"enemies":"2 Fungi Beasts","floor":13,"turns":3},{"damage":0,"enemies":"Red Slaver","floor":14,"turns":4},{"damage":36,"enemies":"Slime Boss","floor":16,"turns":11}],"seed_played":"6917868808201109117","potions_obtained":[{"floor":2,"key":"Regen Potion"},{"floor":5,"key":"Explosive Potion"},{"floor":7,"key":"Strength Potion"},{"floor":10,"key":"SpeedPotion"},{"floor":13,"key":"Block Potion"}],"is_trial":false,"path_per_floor":["M","M","?","M","M","R","E","M","T","E","?","E","M","M","R","B"],"character_chosen":"THE_SILENT","items_purchased":[],"campfire_rested":0,"item_purchase_floors":[],"current_hp_per_floor":[63,58,58,58,57,57,50,50,50,32,49,37,36,36,36,0,0],"gold":295,"neow_bonus":"UPGRADE_CARD","is_daily":false,"chose_seed":false,"campfire_upgraded":2,"win_rate":0.0,"timestamp":1610270004,"path_taken":["M","M","?","M","?","R","E","M","T","E","?","E","M","M","R","BOSS"],"items_purchased_type":[],"build_version":"2020-12-22","purchased_purges":0,"victory":false,"max_hp_per_floor":[70,70,70,70,70,70,70,70,70,70,70,70,70,70,70,70,70],"relic_stats":{"Tough Bandages":[36],"counters":[11,53],"Bag of Preparation":[10],"obtain_stats":[{"Tough Bandages":7,"Oddly Smooth Stone":10,"Bag of Preparation":9,"Paper Crane":12,"Ring of the Snake":0},{"Tough Bandages":5,"Oddly Smooth Stone":7,"Bag of Preparation":6,"Paper Crane":8,"Ring of the Snake":0},{"Tough Bandages":22,"Oddly Smooth Stone":29,"Bag of Preparation":25,"Paper Crane":35,"Ring of the Snake":0}],"Ring of the Snake":[22]},"card_choices":[{"not_picked":["Sucker Punch","Outmaneuver"],"picked":"Finisher","floor":1},{"not_picked":["Dodge and Roll","Bane"],"picked":"Quick Slash","floor":2},{"not_picked":["Choke","Well Laid Plans"],"picked":"Dagger Spray","floor":4},{"not_picked":["Dagger Spray","Acrobatics"],"picked":"Crippling Poison","floor":5},{"not_picked":["Dagger Spray","Flying Knee"],"picked":"Dash","floor":7},{"not_picked":["Underhanded Strike","Distraction"],"picked":"Acrobatics","floor":8},{"not_picked":["Sucker Punch","Well Laid Plans"],"picked":"Terror","floor":10},{"not_picked":["Flying Knee","Sucker Punch"],"picked":"Bullet Time","floor":12},{"not_picked":["Flying Knee","Backflip"],"picked":"Dagger Throw","floor":13},{"not_picked":["Dagger Throw","Flying Knee"],"picked":"Backstab","floor":14}],"player_experience":314630,"relics_obtained":[{"floor":7,"key":"Tough Bandages"},{"floor":9,"key":"Bag of Preparation"},{"floor":10,"key":"Oddly Smooth Stone"},{"floor":12,"key":"Paper Crane"}],"event_choices":[{"damage_healed":0,"gold_gain":0,"player_choice":"Forge","damage_taken":0,"max_hp_gain":0,"max_hp_loss":0,"event_name":"Accursed Blacksmith","floor":3,"gold_loss":0,"cards_upgraded":["Quick Slash"]},{"damage_healed":17,"gold_gain":0,"player_choice":"Healed and dodged fight","damage_taken":0,"max_hp_gain":0,"max_hp_loss":0,"event_name":"Mushrooms","floor":11,"gold_loss":0,"cards_obtained":["Parasite"]}],"is_beta":false,"boss_relics":[],"items_purged_floors":[],"is_endless":false,"potions_floor_spawned":[2,5,7,10,13],"killed_by":"Slime Boss","ascension_level":11}}