{"host":"8ew8rkkqvnu5a0j4","time":1610258313,"event":{"mods":["AchievementEnabler","Arknights The Spire","BaseMod","Colored Powertips","Decade(王小明)","Downfall","Friendly Minions","GungeonMod","Hermit","HololiveMod","Hubris","KinomotoSakuraMod(木之本樱)","Koishi","LagranYue(拉格朗・月)","Luminous","Marisa（F雨　魔理沙）","Minty Spire (QoL Compilation)","Nova Terra(诺娃・泰拉)","Quick Restart","READ ME - Guardian Mod","Rare Cards Sparkle","Reimu（博丽灵梦）","Remilia（蕾米莉亚）","Replay The Spire","Shop Mod","StSLib","Td1madao Mod","The Alterego","The Animator","The Bug Knight","The Cursed","The Hierophant","The Marked","The Mystic","The Poker Player","The Servant 0.9.4","WarShipGirlsR/战舰少女R mod","Youmu（魂魄妖梦）","Yuri Mod","【遗物卡牌】REMEMod"],"gold_per_floor":[109,109,125,144,163,196,209,209,209,209,209,62,62,80,80,176,176,194,183,202,216,266,300,300,300,300,318,332,351,351,360,360,472,472,535,468,487,487,506,549,569,595,622,638,654,706,724,763,763,763,763,763,565,646,646],"floor_reached":54,"playtime":7303,"items_purged":["Overencumbered","Spreading Infection"],"score":900,"play_id":"1dff6623-953b-4bb7-b0ee-923b6c0e14ad","local_time":"20210110135833","is_ascension_mode":false,"campfire_choices":[{"data":"NB:ReiMu","floor":10.0,"key":"SMITH"},{"data":"ShadowOfCrow2:ReiMu","floor":15.0,"key":"SMITH"},{"floor":24.0,"key":"DIG"},{"floor":30.0,"key":"DIG"},{"floor":32.0,"key":"DIG"},{"floor":49,"key":"RECALL"},{"floor":52,"key":"DIG"}],"circlet_count":0,"master_deck":["Strike_Lin:ReiMu","Strike_Lin:ReiMu","Defend_Lin:ReiMu","Defend_Lin:ReiMu","Defend_Lin:ReiMu","NB:ReiMu+1","Stagnation:ReiMu","REME_ShortnessOfBreath","HollowMod:Hiveblood+1","SubcavityInstant:ReiMu+1","TightArray:ReiMu","ShadowOfCrow2:ReiMu+1","TightArray:ReiMu+1","SubAcupoint:ReiMu+1","Slimebound:Strike_Slimebound+1","Shading:ReiMu+1","ShadowOfCrow2:ReiMu+1","RainPray2:ReiMu","MikOfLucky:ReiMu+1","CommonCold","TightArray:ReiMu+1","DependentForm:ReiMu","RainPray2:ReiMu","Amulet:ReiMu+1","Gathering:ReiMu","NineCharacters:ReiMu","Decay","Doubt","ReplayTheSpireMod:Splinters","Replay:Sluggish","animator:Curse_Nutcracker","Conquer:ReiMu+1","expansioncontent:Corrupt","SubAcupoint:ReiMu+1","OctopathBindingBorder2:ReiMu","Thinking Ahead","Dramatic Entrance+1","Doubt"],"relics":["FlyPower:ReiMu","REME_ComplimentaryCards","LagranYue:RandomDrawCardRelic","Molten Egg 2","DemoMod:MonsterBlood","Membership Card","Replay:Grab Bag","Sozu","Coffee Dripper","hubris:Backtick","Meat on the Bone","Ring of Greed","Ring of Panic","MealTicket","Tiny Chest","Shovel","Blue Doll","LagranYue:MagicReflectiveArmorRelic","REME_HandOfSuture","CeramicFish","hubris:TenFootPole","hubris:RunicObelisk","Onion Ring","Potion Belt","DemoMod:ClearGuonStone","ScarletDevilRocket","REME_ArchaeologicalTools","War Paint","ClockworkSouvenir"],"acts_visited":["Exordium","TheCity","TheBeyond","TheEnding"],"potions_floor_usage":[50],"damage_taken":[{"damage":5.0,"enemies":"Small Slimes","floor":1.0,"turns":4.0},{"damage":7.0,"enemies":"Cultist","floor":3.0,"turns":5.0},{"damage":0.0,"enemies":"2 Louse","floor":4.0,"turns":3.0},{"damage":25.0,"enemies":"Exordium Thugs","floor":5.0,"turns":6.0},{"damage":21.0,"enemies":"Gremlin Nob","floor":6.0,"turns":5.0},{"damage":9.0,"enemies":"3 Louse","floor":7.0,"turns":4.0},{"damage":8.0,"enemies":"Gremlin Gang","floor":14.0,"turns":4.0},{"damage":27.0,"enemies":"Fading Forest","floor":16.0,"turns":11.0},{"damage":5.0,"enemies":"Chosen","floor":18.0,"turns":6.0},{"damage":0.0,"enemies":"2 Thieves","floor":19.0,"turns":4.0},{"damage":19.0,"enemies":"Snake Plant","floor":20.0,"turns":4.0},{"damage":40.0,"enemies":"Cultist and Chosen","floor":21.0,"turns":8.0},{"damage":70.0,"enemies":"Gremlin Leader","floor":23.0,"turns":7.0},{"damage":0.0,"enemies":"Shelled Parasite and Fungi","floor":27.0,"turns":7.0},{"damage":0.0,"enemies":"Snecko","floor":28.0,"turns":6.0},{"damage":18.0,"enemies":"Snake Plant","floor":29.0,"turns":5.0},{"damage":42.0,"enemies":"Automaton","floor":33.0,"turns":11.0},{"damage":5,"enemies":"3 Shapes","floor":35,"turns":7},{"damage":0,"enemies":"3 Darklings","floor":37,"turns":9},{"damage":15,"enemies":"Writhing Mass","floor":39,"turns":7},{"damage":16,"enemies":"R_Hoarder","floor":40,"turns":11},{"damage":1,"enemies":"Maw","floor":41,"turns":8},{"damage":25,"enemies":"Writhing Mass","floor":42,"turns":6},{"damage":2,"enemies":"Transient","floor":44,"turns":5},{"damage":0,"enemies":"Jaw Worm Horde","floor":45,"turns":4},{"damage":23,"enemies":"HollowMod:StalkingDevout","floor":48,"turns":8},{"damage":34,"enemies":"Donu and Deca","floor":50,"turns":9},{"damage":91,"enemies":"Shield and Spear","floor":54,"turns":5}],"seed_played":"6336292178881338438","potions_obtained":[{"floor":5.0,"key":"champ:CounterPotion"},{"floor":16.0,"key":"Dexterity Potion"}],"is_trial":false,"path_per_floor":["M","?","M","M","M","E","M","?","T","R","$","$","?","M","R","B",null,"M","M","M","M","?","E","R","?","T","M","M","M","R","?","R","B",null,"M","$","M","?","M","E","M","M","T","M","M","T","?","E","R","B",null,"R","$","E"],"character_chosen":"REIMU","items_purchased":["Membership Card","expansioncontent:Corrupt","War Paint","ClockworkSouvenir"],"campfire_rested":0,"item_purchase_floors":[12,36,53,53],"current_hp_per_floor":[60,60,53,53,50,29,20,27,27,27,27,27,27,19,19,2,72,67,67,66,54,54,21,21,21,21,33,45,49,49,49,49,47,72,67,72,72,72,72,72,71,54,54,52,52,52,47,42,42,48,72,72,72,0,0],"gold":646,"neow_bonus":"RANDOM_COLORLESS","is_daily":false,"chose_seed":false,"campfire_upgraded":2,"win_rate":0.0,"timestamp":1610258313,"path_taken":["M","?","M","M","?","E","M","?","T","R","?","$","?","M","R","BOSS","M","M","M","?","?","E","R","?","T","M","M","M","R","?","R","BOSS","M","$","M","?","M","E","M","M","T","M","M","?","?","E","R","BOSS","R","$","E"],"items_purchased_type":["Relic","Card","Relic","Relic"],"build_version":"2020-12-22","purchased_purges":2,"victory":false,"max_hp_per_floor":[65,65,65,65,65,65,65,72,72,72,72,72,72,72,72,72,72,72,72,72,72,72,72,72,72,72,72,72,72,72,72,72,72,72,72,72,72,72,72,72,72,72,72,72,72,72,72,72,72,72,72,72,72,72,72],"card_choices":[{"not_picked":["expansioncontent:Flail","Purity"],"picked":"REME_ShortnessOfBreath","floor":0.0},{"not_picked":["NineCharacters:ReiMu","Conquer:ReiMu"],"picked":"SubcavityInstant:ReiMu","floor":1.0},{"not_picked":["SafetyPray:ReiMu","PayForSelf:ReiMu"],"picked":"TightArray:ReiMu","floor":3.0},{"not_picked":["Intuition:ReiMu","Meditation:ReiMu"],"picked":"ShadowOfCrow2:ReiMu","floor":4.0},{"not_picked":["LovePray:ReiMu","BarrageOfMoneybags:ReiMu","OrbThrow:ReiMu"],"picked":"SKIP","floor":5.0},{"not_picked":["Intuition:ReiMu","SubcavityInstant:ReiMu"],"picked":"TightArray:ReiMu+1","floor":6.0},{"not_picked":["SpringWay:ReiMu","ManaGlint:ReiMu+1"],"picked":"SubAcupoint:ReiMu+1","floor":7.0},{"not_picked":["Intuition:ReiMu","PayForSelf:ReiMu+1","ManaGlint:ReiMu+1"],"picked":"SKIP","floor":14.0},{"not_picked":["RunawayExorcism:ReiMu","Free:ReiMu"],"picked":"Shading:ReiMu","floor":16.0},{"not_picked":["SpreadBorder2:ReiMu","LovePray:ReiMu+1"],"picked":"ShadowOfCrow2:ReiMu+1","floor":18.0},{"not_picked":["BarrageOfMoneybags:ReiMu+1","CareerPray:ReiMu+1"],"picked":"RainPray2:ReiMu","floor":19.0},{"not_picked":["TakeOff:ReiMu+1","Amulet:ReiMu"],"picked":"MikOfLucky:ReiMu+1","floor":20.0},{"not_picked":["CollectionFlower2:ReiMu","WonderfulDomain:ReiMu","SubcavityInstant:ReiMu"],"picked":"SKIP","floor":21.0},{"not_picked":["SubcavityInstant:ReiMu+1","AirStrike:ReiMu+1"],"picked":"TightArray:ReiMu+1","floor":23.0},{"not_picked":["Crusade:ReiMu+1","Authority:ReiMu"],"picked":"Amulet:ReiMu+1","floor":27.0},{"not_picked":["NineCharacters:ReiMu","Crusade:ReiMu+1"],"picked":"Gathering:ReiMu","floor":28.0},{"not_picked":["TightArray:ReiMu+1","Enchanting:ReiMu"],"picked":"NineCharacters:ReiMu","floor":29.0},{"not_picked":["Revelation:ReiMu","CareerPray:ReiMu"],"picked":"Conquer:ReiMu+1","floor":35},{"not_picked":["Amulet:ReiMu+1","PayForSelf:ReiMu+1","Enchanting:ReiMu+1"],"picked":"SKIP","floor":37},{"not_picked":["SafetyPray:ReiMu+1","LearningPray:ReiMu+1","MountainWay:ReiMu+1"],"picked":"SKIP","floor":39},{"not_picked":["KamiSacrifice:ReiMu+1","Mountainwind:ReiMu"],"picked":"SubAcupoint:ReiMu+1","floor":40},{"not_picked":["SealNeedle:ReiMu+1","InherentArray:ReiMu+1"],"picked":"OctopathBindingBorder2:ReiMu","floor":41},{"not_picked":["PrepareRite:ReiMu","AlertArray:ReiMu+1","CollectionFlower2:ReiMu+1"],"picked":"SKIP","floor":42},{"not_picked":["PrepareRite:ReiMu","AlertArray:ReiMu+1","CollectionFlower2:ReiMu+1"],"picked":"SKIP","floor":42},{"not_picked":["SubAcupoint:ReiMu+1","SpiritualOutbreak2:ReiMu+1","LearningPray:ReiMu"],"picked":"SKIP","floor":44},{"not_picked":["MikOfLucky:ReiMu+1","WonderfulDomain:ReiMu","SafetyPray:ReiMu+1"],"picked":"SKIP","floor":45},{"not_picked":["hubris:Insight","Replay:Sssssssssstrike+1"],"picked":"Thinking Ahead","floor":47},{"not_picked":["Replay:BasicMightCard","HandOfGreed+1"],"picked":"Dramatic Entrance+1","floor":47},{"not_picked":["AirStrike:ReiMu+1","Crusade:ReiMu+1","SubcavityInstant:ReiMu"],"picked":"SKIP","floor":48}],"player_experience":665505,"relics_obtained":[{"floor":6.0,"key":"Molten Egg 2"},{"floor":22.0,"key":"Ring of Greed"},{"floor":22.0,"key":"Ring of Panic"},{"floor":22.0,"key":"MealTicket"},{"floor":22.0,"key":"Tiny Chest"},{"floor":23.0,"key":"Shovel"},{"floor":24.0,"key":"Blue Doll"},{"floor":26.0,"key":"LagranYue:MagicReflectiveArmorRelic"},{"floor":30.0,"key":"REME_HandOfSuture"},{"floor":32.0,"key":"hubris:TenFootPole"},{"floor":40,"key":"Onion Ring"},{"floor":43,"key":"Potion Belt"},{"floor":46,"key":"DemoMod:ClearGuonStone"},{"floor":48,"key":"ScarletDevilRocket"},{"floor":52,"key":"REME_ArchaeologicalTools"}],"event_choices":[{"damage_healed":0.0,"max_hp_gain":0.0,"max_hp_loss":0.0,"gold_gain":0.0,"event_name":"Upgrade Shrine","player_choice":"Upgraded","floor":2.0,"gold_loss":0.0,"damage_taken":0.0,"cards_upgraded":["HollowMod:Hiveblood"]},{"damage_healed":0.0,"max_hp_gain":0.0,"max_hp_loss":0.0,"gold_gain":0.0,"event_name":"WeMeetAgain","player_choice":"Gave Potion","floor":8.0,"gold_loss":0.0,"damage_taken":0.0,"relics_obtained":["DemoMod:MonsterBlood"]},{"cards_removed":["Strike_Lin:ReiMu"],"damage_healed":0.0,"max_hp_gain":0.0,"max_hp_loss":0.0,"gold_gain":0.0,"event_name":"NoteForYourself","player_choice":"Took Card","floor":13.0,"gold_loss":0.0,"damage_taken":0.0,"cards_obtained":["Slimebound:Strike_Slimebound"]},{"damage_healed":0.0,"max_hp_gain":0.0,"max_hp_loss":0.0,"gold_gain":0.0,"cards_transformed":["Strike_Lin:ReiMu","Defend_Lin:ReiMu"],"event_name":"Drug Dealer","player_choice":"Became Test Subject","floor":25.0,"gold_loss":0.0,"damage_taken":0.0,"cards_obtained":["DependentForm:ReiMu","RainPray2:ReiMu"]},{"damage_healed":0,"gold_gain":0,"player_choice":"Got Potions","damage_taken":0,"max_hp_gain":0,"max_hp_loss":0,"event_name":"Lab","floor":38,"gold_loss":0},{"damage_healed":0,"gold_gain":0,"player_choice":"Memory 3","damage_taken":10,"max_hp_gain":0,"max_hp_loss":0,"event_name":"SensoryStone","floor":47,"gold_loss":0}],"is_beta":false,"boss_relics":[{"not_picked":["hubris:BlackHole","LagranYue:SoulBurningRelic"],"picked":"Replay:Grab Bag"},{"not_picked":["SlaversCollar","Philosopher\u0027s Stone"],"picked":"Sozu"},{"not_picked":["Velvet Choker","Cursed Key"],"picked":"Coffee Dripper"},{"not_picked":["hubris:ScarierMask","Kintsugi"],"picked":"hubris:Backtick"},{"not_picked":["Replay:Bronze Core","RedLine:ReiMu"],"picked":"hubris:RunicObelisk"}],"items_purged_floors":[36,53],"is_endless":false,"potions_floor_spawned":[5,16,18,19,20,33,37,39,42,44],"killed_by":"Shield and Spear","ascension_level":0}}