{"host":"gtv41eena9h15rk5","time":1610293365,"event":{"mods":["BaseMod","Downfall","Marisa£®ÏF”Í°°ƒß¿Ì…≥£©","Minty Spire (QoL Compilation)","Replay The Spire","Shop Mod","StSLib","The Bug Knight","The Construct","The Cursed","The Runesmith","The Servant 0.9.4","[IsaacMod]“‘»ˆº‚À˛"],"gold_per_floor":[119,119,131,206,216,245,265,265,265,11,11,44,6,6,6,102,102,117,133,133,133,152,185,219,219,274,274,289,299,224,224,224,321,321,333,97,112,112,166,196,43,62,62,62,112,112,112,144,144,144],"floor_reached":51,"playtime":2269,"items_purged":["BestPractice","Potential","Pain","Doubt"],"score":1074,"play_id":"ed479387-874d-45b8-8d1a-e2712f63e9b2","local_time":"20210110234244","daily_mods":["SealedDeck","Heirloom","Time Dilation","Flight","downfall:Lament"],"is_ascension_mode":false,"campfire_choices":[{"data":"RealityMarble","floor":8.0,"key":"SMITH"},{"data":"FlawlessForm","floor":11.0,"key":"SMITH"},{"data":"SilverBlades","floor":15.0,"key":"SMITH"},{"data":"Deny","floor":25.0,"key":"SMITH"},{"data":"Foresight","floor":32.0,"key":"SMITH"},{"data":"MoonPhase","floor":46,"key":"SMITH"},{"data":"Unruled","floor":47,"key":"SMITH"},{"data":"Replace","floor":49,"key":"SMITH"}],"circlet_count":0,"master_deck":["Ricochet","Sabotage","InstantArmor","Misdirection","BottledTime","Barrier","SurpressingFire","SilverBlades+1","ShiftingGears","Snipe","BottledTime+1","SpecialFormula","DoubleEdge","RealityMarble+1","FlawlessForm+1","BottledTime","Ricochet+1","Comet+1","MurderousAura","Deny+1","Alleviate","Barrier+1","DoubleEdge+1","Alleviate","Revamp","Foresight+1","Spin","SpecialFormula","Dilation","AbeCurse","TheWorld","Secret Weapon","Replace+1","MoonPhase+1","BestPractice+1","Rewind","Replace+1","Unruled+1","Wraith","Pot Of Greed","Pot Of Greed","Pot Of Greed","Pot Of Greed"],"relics":["Uniform","NeowsBlessing","replay:Trail_Library","HushsDoor","NineVolt","Du-Vu Doll","NeowsBlessing","Replay:Ringing Soul","Replay:Rubber Ducky","NeowsBlessing","Replay:Ancient Bell","GuppysHairball","Whetstone","NeowsBlessing","Bag of Preparation","Divine Protection","TheBean","NeowsBlessing","WarpedTongs","Abe\u0027s Treasure","Succubus","Blood Vial","Ring of Fangs","Ring of Hypnosis","construct:RocketBooster","Iron Hammer","ReplayTheSpireMod:TigerMarble","Grinning Jar","Bottled Lightning"],"acts_visited":["Exordium","TheCity","TheBeyond"],"potions_floor_usage":[],"damage_taken":[{"damage":0.0,"enemies":"2 Louse","floor":1.0,"turns":1.0},{"damage":0.0,"enemies":"Cultist","floor":3.0,"turns":1.0},{"damage":0.0,"enemies":"Small Slimes","floor":5.0,"turns":1.0},{"damage":0.0,"enemies":"Gremlin Nob","floor":6.0,"turns":2.0},{"damage":0.0,"enemies":"Exordium Thugs","floor":7.0,"turns":1.0},{"damage":18.0,"enemies":"3 Sentries","floor":12.0,"turns":8.0},{"damage":0.0,"enemies":"The Guardian","floor":16.0,"turns":1.0},{"damage":0.0,"enemies":"Shell Parasite","floor":18.0,"turns":1.0},{"damage":0.0,"enemies":"Snake Plant","floor":19.0,"turns":1.0},{"damage":0.0,"enemies":"Snecko","floor":22.0,"turns":1.0},{"damage":0.0,"enemies":"Gremlin Leader","floor":23.0,"turns":1.0},{"damage":0.0,"enemies":"Book of Stabbing","floor":24.0,"turns":1.0},{"damage":0.0,"enemies":"3 Cultists","floor":28.0,"turns":1.0},{"damage":0.0,"enemies":"Centurion and Healer","floor":29.0,"turns":1.0},{"damage":0.0,"enemies":"Automaton","floor":33.0,"turns":1.0},{"damage":0,"enemies":"3 Shapes","floor":35,"turns":3},{"damage":0,"enemies":"3 Darklings","floor":37,"turns":2},{"damage":3,"enemies":"2 Orb Walkers","floor":39,"turns":2},{"damage":0,"enemies":"Giant Head","floor":40,"turns":5},{"damage":0,"enemies":"Writhing Mass","floor":42,"turns":5},{"damage":0,"enemies":"Reptomancer","floor":48,"turns":4},{"damage":0,"enemies":"Awakened One","floor":50,"turns":6}],"seed_played":"3733271290434663291","potions_obtained":[{"floor":1.0,"key":"Fruit Juice"},{"floor":3.0,"key":"construct:ShiftPotion"},{"floor":7.0,"key":"FearPotion"},{"floor":16.0,"key":"LiquidBronze"},{"floor":18.0,"key":"Dexterity Potion"},{"floor":22.0,"key":"CultistPotion"}],"is_trial":true,"path_per_floor":["M","WH","M","?","M","E","M","R","T","$","R","E","$","WH","R","B",null,"M","M","?","WH","M","E","E","R","T","WH","M","M","?","?","R","B",null,"M","$","M","?","?","E","$","M","T","?","T","R","R","E","R","B",null],"character_chosen":"THE_SERVANT","items_purchased":["FlawlessForm","BottledTime","Comet","GuppysHairball","Deny","FairyPotion","Death Potion","Succubus","TheWorld","Secret Weapon","MoonPhase","Blood Vial","Rewind"],"campfire_rested":0,"item_purchase_floors":[10,10,13,17,17,17,17,34,34,34,36,36,41],"current_hp_per_floor":[70,70,70,59,59,62,65,65,65,68,68,58,61,61,61,64,65,68,71,56,56,59,62,65,65,65,68,71,74,74,77,77,80,70,73,76,76,79,79,82,85,88,88,91,94,94,94,94,94,94],"gold":144,"neow_bonus":"THREE_ENEMY_KILL","is_daily":false,"chose_seed":false,"campfire_upgraded":8,"win_rate":0.0,"timestamp":1610293364,"path_taken":["M","WH","M","?","M","E","M","R","T","$","R","E","?","WH","R","BOSS","M","M","?","WH","M","E","E","R","T","WH","M","M","?","?","R","BOSS","M","$","?","?","?","E","?","?","T","?","?","R","R","E","R","BOSS"],"items_purchased_type":["Card","Card","Card","Relic","Card","Potion","Potion","Relic","Card","Card","Card","Relic","Card"],"build_version":"2020-12-22","purchased_purges":4,"victory":true,"max_hp_per_floor":[70,70,70,70,70,73,76,76,76,79,79,82,85,85,85,88,65,68,71,71,71,74,77,80,80,80,83,86,89,89,92,92,95,70,73,76,76,79,82,82,85,88,88,91,94,94,94,94,94,94],"card_choices":[{"not_picked":[],"picked":"ChaosCard","floor":0.0},{"not_picked":["ShatteredReality","DualDimension"],"picked":"Potential","floor":1.0},{"not_picked":["Rewind","SpecialFormula"],"picked":"BottledTime","floor":3.0},{"not_picked":["Unruled","Potential"],"picked":"SpecialFormula","floor":5.0},{"not_picked":["Foresight","Potential"],"picked":"DoubleEdge","floor":6.0},{"not_picked":["Starlight","Alleviate"],"picked":"RealityMarble","floor":7.0},{"not_picked":["FloweringNight","Gouge"],"picked":"Ricochet","floor":12.0},{"not_picked":["PendulumOfEternity","Solidify"],"picked":"MurderousAura","floor":16.0},{"not_picked":["Moonlight","Sabotage"],"picked":"Alleviate","floor":18.0},{"not_picked":["ShiftingGears+1","Rewind+1"],"picked":"Barrier+1","floor":19.0},{"not_picked":["ShatteredReality","Rewind"],"picked":"DoubleEdge","floor":22.0},{"not_picked":["Starlight+1","FanOfKnives+1"],"picked":"Alleviate","floor":23.0},{"not_picked":["Potential+1","Starlight"],"picked":"Revamp","floor":24.0},{"not_picked":["PendulumOfEternity","FanOfKnives+1"],"picked":"Spin","floor":28.0},{"not_picked":["Starlight","BottledTime"],"picked":"SpecialFormula","floor":29.0},{"not_picked":["Initiator","KillingDoll"],"picked":"Dilation","floor":33.0},{"not_picked":["Defy+1","Starlight+1"],"picked":"Replace","floor":35},{"not_picked":["Starlight+1","Defy+1","ShatteredReality"],"picked":"SKIP","floor":37},{"not_picked":["Hightail","Alleviate"],"picked":"BestPractice+1","floor":39},{"not_picked":["Reset+1","Foresight+1","ReturningBlade"],"picked":"SKIP","floor":40},{"not_picked":["DoubleEdge","Luminosity"],"picked":"Replace+1","floor":42},{"not_picked":["Advance","FlawlessForm","Misdirection+1"],"picked":"SKIP","floor":48}],"player_experience":192875,"relics_obtained":[{"floor":6.0,"key":"Replay:Ringing Soul"},{"floor":12.0,"key":"Replay:Rubber Ducky"},{"floor":23.0,"key":"Bag of Preparation"},{"floor":24.0,"key":"Divine Protection"},{"floor":26.0,"key":"TheBean"},{"floor":38,"key":"Ring of Fangs"},{"floor":38,"key":"Ring of Hypnosis"},{"floor":39,"key":"construct:RocketBooster"},{"floor":40,"key":"Iron Hammer"},{"floor":43,"key":"ReplayTheSpireMod:TigerMarble"},{"floor":45,"key":"Grinning Jar"},{"floor":48,"key":"Bottled Lightning"}],"event_choices":[{"damage_healed":0.0,"max_hp_gain":0.0,"max_hp_loss":0.0,"gold_gain":75.0,"event_name":"World of Goop","player_choice":"Gather Gold","floor":4.0,"gold_loss":0.0,"damage_taken":11.0},{"cards_removed":["BottledTime"],"damage_healed":0.0,"max_hp_gain":0.0,"max_hp_loss":0.0,"gold_gain":0.0,"event_name":"Beggar","player_choice":"Gave Gold","floor":30.0,"gold_loss":75.0,"damage_taken":0.0},{"damage_healed":0.0,"max_hp_gain":0.0,"max_hp_loss":0.0,"gold_gain":0.0,"event_name":"Accursed Blacksmith","player_choice":"Rummage","floor":31.0,"gold_loss":0.0,"damage_taken":0.0,"relics_obtained":["WarpedTongs"],"cards_obtained":["Pain"]},{"damage_healed":0,"gold_gain":0,"player_choice":"Fight","damage_taken":0,"max_hp_gain":0,"max_hp_loss":0,"event_name":"Mysterious Sphere","floor":39,"gold_loss":0},{"damage_healed":0,"gold_gain":0,"player_choice":"Ignored","damage_taken":0,"max_hp_gain":0,"max_hp_loss":0,"event_name":"OrinTheCat","floor":44,"gold_loss":0}],"is_beta":false,"boss_relics":[{"not_picked":["Runic Dome","Runic Pyramid"],"picked":"Replay:Ancient Bell"},{"not_picked":[]},{"not_picked":["Philosopher\u0027s Stone","StoneMask"],"picked":"Abe\u0027s Treasure"},{"not_picked":[]}],"items_purged_floors":[10,17,34,41],"is_endless":false,"potions_floor_spawned":[1,3,7,16,18,22,37,39,40],"ascension_level":0}}