{"host":"0ttaavwaei2fh9kw","time":1610258146,"event":{"mods":["Act Like it!","BaseMod","Chen","Colored Map","Downfall","Gensokyo","KinomotoSakuraMod(ƒæ÷Æ±æ”£)","Marisa£®ÏF”Í°°ƒß¿Ì…≥£©","Minty Spire (QoL Compilation)","Reimu£®≤©¿ˆ¡È√Œ£©","Remilia£®¿Ÿ√◊¿Ú—«£©","Replay The Spire","StSLib","The Servant 0.9.4","WarShipGirlsR/’ΩΩ¢…Ÿ≈ÆR mod","Youmu£®ªÍ∆«—˝√Œ£©"],"gold_per_floor":[117,117,4,18,18,18,47,261,307,324,336,355,355,374,374,374,374],"floor_reached":16,"playtime":860,"items_purged":[],"score":129,"play_id":"330b6486-d478-4d45-8b87-7bf58753f6f9","local_time":"20210110135546","is_ascension_mode":false,"campfire_choices":[{"data":"DependentForm:ReiMu","floor":6,"key":"SMITH"},{"floor":15,"key":"DIG"}],"circlet_count":0,"master_deck":["Strike_Lin:ReiMu","Strike_Lin:ReiMu","Strike_Lin:ReiMu","Defend_Lin:ReiMu","Defend_Lin:ReiMu","Defend_Lin:ReiMu","NB:ReiMu","Stagnation:ReiMu","SpringWay:ReiMu","DependentForm:ReiMu+1","YinYang:ReiMu","NineCharacters:ReiMu","PhosphorusFlame:ReiMu"],"relics":["FlyPower:ReiMu","NeowsBlessing","Gensokyo:NagashiBinaDoll","Nunchaku","Salt:ReiMu","HornCleat","Omamori"],"acts_visited":["Gensokyo:Gensokyo"],"potions_floor_usage":[14,14,16],"damage_taken":[{"damage":0,"enemies":"Gensokyo:2_Kodama","floor":1,"turns":1},{"damage":2,"enemies":"Gensokyo:3_Fairies","floor":4,"turns":3},{"damage":0,"enemies":"Gensokyo:Mamizou","floor":7,"turns":9},{"damage":2,"enemies":"Gensokyo:Python","floor":8,"turns":6},{"damage":2,"enemies":"Gensokyo:VengefulSpirit","floor":10,"turns":7},{"damage":14,"enemies":"Gensokyo:Gryphon_and_Rabbit","floor":11,"turns":5},{"damage":6,"enemies":"Gensokyo:LivingMonolith","floor":12,"turns":6},{"damage":6,"enemies":"Gensokyo:2_Rabbits","floor":14,"turns":8},{"damage":7,"enemies":"Gensokyo:Yukari","floor":16,"turns":9}],"seed_played":"2789260497182222353","potions_obtained":[{"floor":8,"key":"Guardian:BlockOnCardUsePotion"},{"floor":10,"key":"SpeedPotion"},{"floor":12,"key":"PowerPotion"}],"is_trial":false,"path_per_floor":["M","?","COS","M","?","R","E","M","T","M","M","M","?","M","R_BF","B"],"character_chosen":"REIMU","items_purchased":[],"campfire_rested":0,"item_purchase_floors":[],"current_hp_per_floor":[65,65,65,63,63,63,63,61,61,59,45,39,13,7,7,0,0],"gold":374,"neow_bonus":"THREE_ENEMY_KILL","is_daily":false,"chose_seed":false,"campfire_upgraded":1,"win_rate":0.0,"timestamp":1610258146,"path_taken":["M","?","COS","M","?","R","E","M","T","M","M","?","?","M","R_BF","BOSS"],"items_purchased_type":[],"build_version":"2020-12-22","purchased_purges":0,"victory":false,"max_hp_per_floor":[65,65,65,65,65,65,65,65,65,65,65,65,65,65,65,65,65],"card_choices":[{"not_picked":["Enchanting:ReiMu","SubcavityInstant:ReiMu"],"picked":"SpringWay:ReiMu","floor":1},{"not_picked":[],"picked":"DependentForm:ReiMu","floor":2},{"not_picked":["SpreadBorder2:ReiMu","SubAcupoint:ReiMu","OrbThrow:ReiMu"],"picked":"SKIP","floor":4},{"not_picked":["FoulBorder2:ReiMu","EmergencyTakeOff:ReiMu"],"picked":"YinYang:ReiMu","floor":7},{"not_picked":["BarrageOfMoneybags:ReiMu","EmergencyTakeOff:ReiMu"],"picked":"NineCharacters:ReiMu","floor":8},{"not_picked":["OrbThrow:ReiMu","ShadowOfCrow2:ReiMu"],"picked":"PhosphorusFlame:ReiMu","floor":10},{"not_picked":["FineLineFantasy:ReiMu","Meditation:ReiMu","CareerPray:ReiMu"],"picked":"SKIP","floor":11},{"not_picked":["SpreadBorder2:ReiMu","EmergencyTakeOff:ReiMu","WonderfulDomain:ReiMu"],"picked":"SKIP","floor":12},{"not_picked":["Meditation:ReiMu","WonderfulDomain:ReiMu","SafetyPray:ReiMu"],"picked":"SKIP","floor":14}],"player_experience":135436,"relics_obtained":[{"floor":7,"key":"Salt:ReiMu"},{"floor":15,"key":"Omamori"}],"event_choices":[],"is_beta":false,"boss_relics":[],"items_purged_floors":[],"is_endless":false,"potions_floor_spawned":[8,10,12],"killed_by":"Gensokyo:Yukari","ascension_level":0}}