{"host":"5fpb1gzflhq9886n","time":1610259803,"event":{"mods":["AchievementEnabler","BaseMod","Colored Map","Colored Powertips","Minty Spire (QoL Compilation)","Permanent Neow"],"gold_per_floor":[112,187,206,221,221,221,253,253,278,248,108,108,126,140,140,244,244,259,274,274,274,288,288,288,288],"floor_reached":24,"playtime":1666,"items_purged":[],"score":235,"play_id":"e7e9bb45-2bce-4c3c-a331-cc7f391cdf23","local_time":"20210110012323","is_ascension_mode":true,"campfire_choices":[{"data":"Eruption","floor":6.0,"key":"SMITH"},{"floor":8.0,"key":"REST"},{"floor":15.0,"key":"REST"},{"floor":23.0,"key":"REST"}],"circlet_count":0,"master_deck":["Strike_P","Strike_P","Strike_P","Defend_P","Defend_P","Defend_P","Eruption+1","Vigilance","Prostrate","Halt","Prostrate","Weave","FlyingSleeves","Ragnarok","Evaluate","ClearTheMind","Omniscience","Consecrate","BowlingBash","RitualDagger","Vengeance"],"relics":["Empty Cage","Omamori","Cursed Key"],"acts_visited":["Exordium","TheCity"],"potions_floor_usage":[],"damage_taken":[{"damage":0.0,"enemies":"Cultist","floor":1.0,"turns":2.0},{"damage":2.0,"enemies":"Jaw Worm","floor":3.0,"turns":6.0},{"damage":0.0,"enemies":"Small Slimes","floor":4.0,"turns":3.0},{"damage":26.0,"enemies":"Lagavulin","floor":7.0,"turns":8.0},{"damage":6.0,"enemies":"Looter","floor":10.0,"turns":4.0},{"damage":40.0,"enemies":"Gremlin Gang","floor":13.0,"turns":4.0},{"damage":6.0,"enemies":"Large Slime","floor":14.0,"turns":6.0},{"damage":13.0,"enemies":"Slime Boss","floor":16.0,"turns":8.0},{"damage":0.0,"enemies":"Spheric Guardian","floor":18.0,"turns":3.0},{"damage":19.0,"enemies":"Shell Parasite","floor":19.0,"turns":5.0},{"damage":70.0,"enemies":"Snake Plant","floor":22.0,"turns":8.0},{"damage":22,"enemies":"Sentry and Sphere","floor":24,"turns":5}],"seed_played":"6833293563590469864","potions_obtained":[{"floor":4.0,"key":"SneckoOil"},{"floor":16.0,"key":"BottledMiracle"},{"floor":22.0,"key":"Dexterity Potion"}],"is_trial":false,"path_per_floor":["M","?","M","M","?","R","E","R","T","M","$","?","M","M","R","B",null,"M","M","?","?","M","R","M"],"character_chosen":"WATCHER","items_purchased":["Ragnarok"],"campfire_rested":3,"item_purchase_floors":[11],"current_hp_per_floor":[72,61,59,59,59,59,33,54,54,48,48,66,26,20,41,28,72,72,53,47,71,1,22,0,0],"gold":288,"neow_bonus":"BOSS_RELIC","is_daily":false,"chose_seed":false,"campfire_upgraded":1,"win_rate":0.0,"timestamp":1610259803,"path_taken":["M","?","M","M","?","R","E","R","T","?","$","?","M","M","R","BOSS","M","M","?","?","M","R","M"],"items_purchased_type":["Card"],"build_version":"2020-12-22","purchased_purges":0,"victory":false,"max_hp_per_floor":[72,72,72,72,72,72,72,72,72,72,72,72,72,72,72,72,72,72,72,72,72,72,72,72,72],"card_choices":[{"not_picked":["CarveReality","Worship"],"picked":"Prostrate","floor":1.0},{"not_picked":["SandsOfTime","Crescendo"],"picked":"Halt","floor":3.0},{"not_picked":["Wireheading","ReachHeaven"],"picked":"Prostrate","floor":4.0},{"not_picked":["Halt","Collect"],"picked":"Weave","floor":7.0},{"not_picked":["Prostrate","WreathOfFlame"],"picked":"FlyingSleeves","floor":10.0},{"not_picked":["Indignation","WreathOfFlame"],"picked":"Evaluate","floor":13.0},{"not_picked":["Swivel","Study"],"picked":"ClearTheMind","floor":14.0},{"not_picked":["DeusExMachina","Brilliance"],"picked":"Omniscience","floor":16.0},{"not_picked":["BowlingBash+1","LikeWater+1"],"picked":"Consecrate","floor":18.0},{"not_picked":["DeceiveReality+1","EmptyBody"],"picked":"BowlingBash","floor":19.0},{"not_picked":["Collect","ClearTheMind"],"picked":"Vengeance","floor":22.0}],"player_experience":674279,"relics_obtained":[{"floor":7.0,"key":"Omamori"}],"event_choices":[{"damage_healed":0.0,"max_hp_gain":0.0,"max_hp_loss":0.0,"gold_gain":75.0,"event_name":"World of Goop","player_choice":"Gather Gold","floor":2.0,"gold_loss":0.0,"damage_taken":11.0},{"damage_healed":0.0,"max_hp_gain":0.0,"max_hp_loss":0.0,"gold_gain":0.0,"event_name":"Purifier","player_choice":"Ignored","floor":5.0,"gold_loss":0.0,"damage_taken":0.0},{"damage_healed":18.0,"max_hp_gain":0.0,"max_hp_loss":0.0,"gold_gain":0.0,"event_name":"Mushrooms","player_choice":"Healed and dodged fight","floor":12.0,"gold_loss":0.0,"damage_taken":0.0,"cards_obtained":["Parasite"]},{"damage_healed":0.0,"max_hp_gain":0.0,"max_hp_loss":0.0,"gold_gain":0.0,"event_name":"Nest","player_choice":"Joined the Cult","floor":20.0,"gold_loss":0.0,"damage_taken":6.0,"cards_obtained":["RitualDagger"]},{"damage_healed":24.0,"max_hp_gain":0.0,"max_hp_loss":0.0,"gold_gain":0.0,"event_name":"The Library","player_choice":"Heal","floor":21.0,"gold_loss":0.0,"damage_taken":0.0}],"is_beta":false,"boss_relics":[{"not_picked":["Fusion Hammer","Runic Dome"],"picked":"Cursed Key"}],"items_purged_floors":[],"is_endless":false,"potions_floor_spawned":[4,16,22],"killed_by":"Sentry and Sphere","ascension_level":4}}