{"host":"ieeto6z80z5hrgxv","time":1610283633,"event":{"mods":["BaseMod","Colored Powertips","Koishi","Marisa????????","Minty Spire (QoL Compilation)","Prisma Mod","StSLib","SuperFastMode","Td1madao Mod","The Bug Knight","The Cursed","The Senshi"],"gold_per_floor":[116,116,116,116,128,156,156,176,176,188,188,39,72,72,72,171,171,191,203,45,56,74,74,74,74,148,148,148,167,185,205,205,302,302,316,336,336,336],"floor_reached":37,"playtime":4605,"items_purged":["HollowMod:QuickDashStart"],"score":381,"play_id":"f7659685-c8b2-416c-81f7-8d4034c6e453","local_time":"20210110140033","is_ascension_mode":false,"campfire_choices":[{"data":"HollowMod:GrimmsGift","floor":7,"key":"SMITH"},{"floor":11,"key":"REST"},{"floor":15,"key":"REST"},{"floor":23,"key":"REST"},{"data":"HollowMod:HornetsHelp","floor":25,"key":"SMITH"},{"data":"HollowMod:MantisMark","floor":28,"key":"SMITH"},{"floor":32,"key":"REST"}],"circlet_count":0,"master_deck":["HollowMod:NailStrikeStart","HollowMod:NailStrikeStart","HollowMod:QuickDashStart","HollowMod:QuickDashStart","HollowMod:QuickDashStart","HollowMod:FocusHealStart","HollowMod:PogoStrike","HollowMod:TaintedHusks","HollowMod:SiblingsShadow","HollowMod:GrimmsGift+1","HollowMod:MothsMistake","HollowMod:ZotesMagnificence","HollowMod:BaldurShell","HollowMod:MantisMark","HollowMod:HeavyBlow","HollowMod:VoidDash","HollowMod:CoiledNail","HollowMod:DungDefenderAura","HollowMod:HornetsHelp+1","HollowMod:GoodIntentions","HollowMod:MantisMark+1","HollowMod:ChannelNail","HollowMod:Grubsong","HollowMod:LifebloodCocoon","HollowMod:LifebloodCore","HollowMod:PerfectDash"],"relics":["HollowMod:VesselMask","Bird Faced Urn","Gambling Chip","Vajra","theSenshi:MoonKaleidoScopeRelic","Meat on the Bone","Velvet Choker"],"acts_visited":["Exordium","TheCity","TheBeyond"],"potions_floor_usage":[10,13,16,16,18,22,33],"damage_taken":[{"damage":0,"enemies":"2 Louse","floor":1,"turns":4},{"damage":8,"enemies":"Small Slimes","floor":5,"turns":4},{"damage":39,"enemies":"HollowMod:MossKnight","floor":6,"turns":10},{"damage":10,"enemies":"Jaw Worm","floor":8,"turns":4},{"damage":18,"enemies":"Exordium Thugs","floor":10,"turns":4},{"damage":25,"enemies":"Lagavulin","floor":13,"turns":5},{"damage":68,"enemies":"HollowMod:FalseKnight","floor":16,"turns":10},{"damage":19,"enemies":"HollowMod:HuskSentry","floor":18,"turns":7},{"damage":22,"enemies":"Shell Parasite","floor":19,"turns":4},{"damage":0,"enemies":"Snecko","floor":21,"turns":3},{"damage":19,"enemies":"Chosen and Byrds","floor":22,"turns":7},{"damage":34,"enemies":"Sentry and Sphere","floor":29,"turns":6},{"damage":11,"enemies":"Snake Plant","floor":30,"turns":3},{"damage":12,"enemies":"Cultist and Chosen","floor":31,"turns":6},{"damage":31,"enemies":"HollowMod:NKGrimm","floor":33,"turns":9},{"damage":5,"enemies":"Orb Walker","floor":35,"turns":2},{"damage":54,"enemies":"3 Darklings","floor":36,"turns":8},{"damage":48,"enemies":"Sphere and 2 Shapes","floor":37,"turns":5}],"seed_played":"-7542694731309441327","potions_obtained":[{"floor":6,"key":"SpeedPotion"},{"floor":8,"key":"ColorlessPotion"},{"floor":13,"key":"Energy Potion"},{"floor":14,"key":"DuplicationPotion"},{"floor":14,"key":"PowerPotion"},{"floor":18,"key":"FearPotion"},{"floor":21,"key":"Swift Potion"},{"floor":22,"key":"ColorlessPotion"},{"floor":30,"key":"CultistPotion"},{"floor":36,"key":"Fire Potion"}],"is_trial":false,"path_per_floor":["M","?","?","?","M","E","R","M","T","M","R","$","E","?","R","B",null,"M","M","$","M","M","R","?","R","T","?","R","M","M","M","R","B",null,"M","M","M"],"character_chosen":"THE_BUGKNIGHT","items_purchased":["HollowMod:MantisMark","HollowMod:HornetsHelp"],"campfire_rested":4,"item_purchase_floors":[12,20],"current_hp_per_floor":[82,75,80,80,72,43,43,41,41,29,55,55,40,40,66,16,87,74,52,52,52,33,59,59,59,59,59,59,37,38,44,70,47,87,82,44,0,0],"gold":336,"neow_bonus":"TEN_PERCENT_HP_BONUS","is_daily":false,"chose_seed":false,"campfire_upgraded":3,"win_rate":0.0,"timestamp":1610283633,"path_taken":["M","?","?","?","?","E","R","M","T","?","R","$","E","?","R","BOSS","M","M","$","?","M","R","?","R","T","?","R","M","?","M","R","BOSS","M","M","M"],"items_purchased_type":["Card","Card"],"build_version":"2020-12-22","purchased_purges":1,"victory":false,"max_hp_per_floor":[82,82,87,87,87,87,87,87,87,87,87,87,87,87,87,87,87,87,87,87,87,87,87,87,87,87,87,87,87,87,87,87,87,87,87,87,87,87],"card_choices":[{"not_picked":["HollowMod:DescendingDark","HollowMod:SiblingsSouls"],"picked":"HollowMod:TaintedHusks","floor":1},{"not_picked":["HollowMod:CornifersMapStart","HollowMod:DashSlash"],"picked":"HollowMod:GrimmsGift","floor":5},{"not_picked":["HollowMod:DescendingDark","HollowMod:VengefulVoid"],"picked":"HollowMod:MothsMistake","floor":6},{"not_picked":["HollowMod:CoiledNail","HollowMod:InfectionAssault"],"picked":"HollowMod:ZotesMagnificence","floor":8},{"not_picked":["HollowMod:SoulStrike","HollowMod:DungDefenderAura"],"picked":"HollowMod:BaldurShell","floor":10},{"not_picked":["HollowMod:MothsMistake","HollowMod:CornifersMapStart"],"picked":"HollowMod:HeavyBlow","floor":13},{"not_picked":["HollowMod:ElderbugsWisdom","HollowMod:theNailsmith"],"picked":"HollowMod:VoidDash","floor":16},{"not_picked":["HollowMod:TaintedHusks+1","HollowMod:VengefulSpirit"],"picked":"HollowMod:CoiledNail","floor":18},{"not_picked":["HollowMod:TaintedHusks","HollowMod:CrystalDash"],"picked":"HollowMod:DungDefenderAura","floor":19},{"not_picked":["HollowMod:HornetsHelp","HollowMod:CornifersMapStart"],"picked":"HollowMod:GoodIntentions","floor":21},{"not_picked":["HollowMod:DungDefenderAura","HollowMod:DescendingDark","HollowMod:VengefulVoid"],"picked":"SKIP","floor":22},{"not_picked":["HollowMod:ShadowDash","HollowMod:SoulStrike"],"picked":"HollowMod:ChannelNail","floor":29},{"not_picked":["HollowMod:CycloneSlash","HollowMod:AbyssShriek"],"picked":"HollowMod:Grubsong","floor":30},{"not_picked":["HollowMod:TaintedHusks","HollowMod:DescendingDark"],"picked":"HollowMod:LifebloodCocoon","floor":31},{"not_picked":["HollowMod:Hiveblood","HollowMod:VoidDash"],"picked":"HollowMod:LifebloodCore","floor":33},{"not_picked":["HollowMod:MawleksShell","HollowMod:SoulVessel+1"],"picked":"HollowMod:PerfectDash","floor":35},{"not_picked":["HollowMod:DesolateDive","HollowMod:CrystalDash","HollowMod:ShadowDash"],"picked":"SKIP","floor":36}],"player_experience":1268424,"relics_obtained":[{"floor":6,"key":"Bird Faced Urn"},{"floor":9,"key":"Gambling Chip"},{"floor":13,"key":"Vajra"},{"floor":26,"key":"Meat on the Bone"}],"event_choices":[{"cards_removed":["HollowMod:NailStrikeStart"],"damage_healed":0,"gold_gain":0,"player_choice":"Card Removal","damage_taken":7,"max_hp_gain":0,"max_hp_loss":0,"event_name":"Golden Wing","floor":2,"gold_loss":0},{"damage_healed":0,"gold_gain":0,"player_choice":"Donut","damage_taken":0,"max_hp_gain":5,"max_hp_loss":0,"event_name":"Big Fish","floor":3,"gold_loss":0},{"damage_healed":0,"gold_gain":0,"cards_transformed":["HollowMod:NailStrikeStart"],"player_choice":"Transformed","damage_taken":0,"max_hp_gain":0,"max_hp_loss":0,"event_name":"Transmorgrifier","floor":4,"gold_loss":0,"cards_obtained":["HollowMod:SiblingsShadow"]},{"damage_healed":0,"gold_gain":0,"player_choice":"Got Potions","damage_taken":0,"max_hp_gain":0,"max_hp_loss":0,"event_name":"Lab","floor":14,"gold_loss":0},{"damage_healed":0,"gold_gain":0,"player_choice":"Copied","damage_taken":0,"max_hp_gain":0,"max_hp_loss":0,"event_name":"Duplicator","floor":27,"gold_loss":0,"cards_obtained":["HollowMod:MantisMark"]}],"is_beta":false,"boss_relics":[{"not_picked":["Black Star","Calling Bell"],"picked":"theSenshi:MoonKaleidoScopeRelic"},{"not_picked":["Pandora\u0027s Box","Snecko Eye"],"picked":"Velvet Choker"}],"items_purged_floors":[12],"is_endless":false,"potions_floor_spawned":[6,8,13,18,21,22,30,36],"killed_by":"Sphere and 2 Shapes","ascension_level":0}}