{"host":"aj7el8l5kufbk20z","time":1610256748,"event":{"mods":["AchievementEnabler","BaseMod","Colored Map","Colored Powertips","Curses Come First","Highlight Path","Minty Spire (QoL Compilation)","Permanent Neow","Quick Restart","Rare Cards Sparkle","Relic Stats","StSLib","SuperFastMode"],"gold_per_floor":[113,113,133,152,227,227,152,152,152,162,162,179,208,219,219,291,291,307,307,465,485,498,498,509,509,534,551,567,484,514,514,514,590,590,609,534,548,565,615,615,643,643,643,276,477,477,477,291,291,291],"floor_reached":51,"playtime":4158,"items_purged":["Strike_R","Strike_R","Defend_R","Bash","Defend_R","Sword Boomerang+1","Strike_R+1"],"score":1131,"play_id":"270a3b39-2c84-4fda-b592-2c85bda333c3","local_time":"20210110133228","is_ascension_mode":true,"campfire_choices":[{"data":"Barricade","floor":6.0,"key":"SMITH"},{"data":"Limit Break","floor":11.0,"key":"SMITH"},{"data":"True Grit","floor":15.0,"key":"SMITH"},{"data":"Armaments","floor":23.0,"key":"SMITH"},{"data":"Metallicize","floor":25.0,"key":"SMITH"},{"data":"Fire Breathing","floor":32,"key":"SMITH"},{"data":"Juggernaut","floor":40,"key":"SMITH"},{"data":"Defend_R","floor":47,"key":"PURGE"},{"data":"Entrench","floor":49,"key":"SMITH"}],"circlet_count":0,"master_deck":["AscendersBane","Barricade+1","Heavy Blade","Spot Weakness","True Grit+1","Limit Break+1","Fire Breathing+1","Impervious","Armaments+1","Metallicize+1","Battle Trance","Entrench+1","Body Slam","Ghostly Armor","Juggernaut+1","Fire Breathing+1","Metallicize+1","Magnetism+1"],"relics":["Burning Blood","Lizard Tail","Nunchaku","Juzu Bracelet","Empty Cage","Membership Card","Omamori","InkBottle","Calling Bell","MealTicket","Frozen Egg 2","Peace Pipe","Calipers","Whetstone","Sundial","Potion Belt","Strawberry","Bronze Scales","Turnip","Mango","Frozen Eye"],"acts_visited":["Exordium","TheCity","TheBeyond"],"potions_floor_usage":[50,50],"damage_taken":[{"damage":6.0,"enemies":"Cultist","floor":1.0,"turns":4.0},{"damage":1.0,"enemies":"2 Louse","floor":3.0,"turns":3.0},{"damage":7.0,"enemies":"Jaw Worm","floor":4.0,"turns":4.0},{"damage":10.0,"enemies":"Exordium Wildlife","floor":10.0,"turns":5.0},{"damage":7.0,"enemies":"3 Louse","floor":12.0,"turns":4.0},{"damage":23.0,"enemies":"Lagavulin","floor":13.0,"turns":6.0},{"damage":4.0,"enemies":"2 Fungi Beasts","floor":14.0,"turns":3.0},{"damage":91.0,"enemies":"Hexaghost","floor":16.0,"turns":12.0},{"damage":59.0,"enemies":"3 Byrds","floor":18.0,"turns":6.0},{"damage":18.0,"enemies":"Spheric Guardian","floor":21.0,"turns":9.0},{"damage":62.0,"enemies":"Centurion and Healer","floor":22.0,"turns":7.0},{"damage":34.0,"enemies":"Snake Plant","floor":24.0,"turns":5.0},{"damage":14.0,"enemies":"Snecko","floor":27.0,"turns":7.0},{"damage":64.0,"enemies":"3 Cultists","floor":28.0,"turns":7.0},{"damage":18,"enemies":"Slavers","floor":30,"turns":6},{"damage":7,"enemies":"Champ","floor":33,"turns":11},{"damage":40,"enemies":"Orb Walker","floor":35,"turns":6},{"damage":42,"enemies":"3 Darklings","floor":37,"turns":10},{"damage":18,"enemies":"Maw","floor":38,"turns":10},{"damage":106,"enemies":"2 Orb Walkers","floor":39,"turns":5},{"damage":104,"enemies":"Reptomancer","floor":41,"turns":10},{"damage":166,"enemies":"Awakened One","floor":50,"turns":12}],"seed_played":"784801082938714761","potions_obtained":[{"floor":10.0,"key":"Fire Potion"},{"floor":13.0,"key":"Explosive Potion"},{"floor":21.0,"key":"FearPotion"},{"floor":41,"key":"ColorlessPotion"}],"is_trial":false,"path_per_floor":["M","T","M","M","?","R","$","?","T","M","R","M","E","M","R","B",null,"M","?","$","M","M","R","M","R","T","M","M","$","E","?","R","B",null,"M","$","M","M","?","R","E","?","T","$","$","?","R","$","R","B",null],"character_chosen":"IRONCLAD","items_purchased":["Membership Card","Metallicize","Ghostly Armor","Metallicize+1","Potion Belt","Magnetism+1","Strawberry","Bronze Scales","Turnip","Mango","Frozen Eye"],"campfire_rested":0,"item_purchase_floors":[20,20,29,44,44,44,44,45,48,48,48],"current_hp_per_floor":[72,72,77,76,65,65,65,58,58,54,54,53,80,80,80,63,76,80,80,80,68,64,64,80,80,80,72,78,78,80,80,80,79,80,80,80,44,68,80,80,80,80,80,87,87,87,87,101,101,96],"gold":291,"neow_bonus":"ONE_RANDOM_RARE_CARD","is_daily":false,"chose_seed":false,"campfire_upgraded":8,"win_rate":0.0,"timestamp":1610256748,"path_taken":["M","?","M","M","?","R","$","?","T","M","R","M","E","M","R","BOSS","M","?","$","M","M","R","M","R","T","M","M","$","E","?","R","BOSS","M","$","M","M","?","R","E","?","T","?","$","?","R","$","R","BOSS"],"items_purchased_type":["Relic","Card","Card","Card","Relic","Card","Relic","Relic","Relic","Relic","Relic"],"build_version":"2020-12-22","purchased_purges":7,"victory":true,"max_hp_per_floor":[80,80,80,80,80,80,80,80,80,80,80,80,80,80,80,80,80,80,80,80,80,80,80,80,80,80,80,80,80,80,80,80,80,80,80,80,80,80,80,80,80,80,80,87,87,87,87,101,101,101],"relic_stats":{"counters":[22,152],"Juzu Bracelet":1,"Whetstone":["Strike_R","Sword Boomerang"],"Burning Blood":89,"Peace Pipe":3,"Lizard Tail":0,"Nunchaku":[8],"Sundial":[6],"Bronze Scales":[72],"MealTicket":0,"Turnip":[0],"obtain_stats":[{"Potion Belt":44,"Calipers":39,"Mango":48,"Juzu Bracelet":13,"Omamori":26,"Whetstone":41,"Frozen Egg 2":34,"Empty Cage":17,"Burning Blood":0,"Calling Bell":34,"Peace Pipe":34,"Frozen Eye":48,"Lizard Tail":2,"Nunchaku":9,"Sundial":43,"Strawberry":44,"Bronze Scales":45,"MealTicket":34,"Turnip":48,"Membership Card":20,"InkBottle":30},{"Potion Belt":21,"Calipers":20,"Mango":21,"Juzu Bracelet":6,"Omamori":12,"Whetstone":21,"Frozen Egg 2":16,"Empty Cage":8,"Burning Blood":0,"Calling Bell":16,"Peace Pipe":16,"Frozen Eye":21,"Lizard Tail":1,"Nunchaku":3,"Sundial":21,"Strawberry":21,"Bronze Scales":21,"MealTicket":16,"Turnip":21,"Membership Card":9,"InkBottle":15},{"Potion Belt":140,"Calipers":130,"Mango":140,"Juzu Bracelet":26,"Omamori":68,"Whetstone":140,"Frozen Egg 2":99,"Empty Cage":41,"Burning Blood":0,"Calling Bell":99,"Peace Pipe":99,"Frozen Eye":140,"Lizard Tail":4,"Nunchaku":11,"Sundial":140,"Strawberry":140,"Bronze Scales":140,"MealTicket":99,"Turnip":140,"Membership Card":47,"InkBottle":88}],"InkBottle":[15]},"card_choices":[{"not_picked":["Clothesline","Havoc"],"picked":"Heavy Blade","floor":1.0},{"not_picked":["True Grit","Clash"],"picked":"Spot Weakness","floor":3.0},{"not_picked":["Infernal Blade","Whirlwind"],"picked":"True Grit","floor":4.0},{"not_picked":["Heavy Blade","Havoc"],"picked":"Limit Break","floor":10.0},{"not_picked":["Body Slam","Reckless Charge"],"picked":"Sword Boomerang","floor":12.0},{"not_picked":["Dual Wield","Pummel","Clash"],"picked":"SKIP","floor":13.0},{"not_picked":["Infernal Blade","Combust"],"picked":"Fire Breathing","floor":14.0},{"not_picked":["Barricade","Bludgeon"],"picked":"Impervious","floor":16.0},{"not_picked":["Hemokinesis","Heavy Blade","Twin Strike"],"picked":"SKIP","floor":18.0},{"not_picked":["Uppercut","Pommel Strike","Sentinel"],"picked":"SKIP","floor":21.0},{"not_picked":["Iron Wave","Burning Pact+1"],"picked":"Battle Trance","floor":22.0},{"not_picked":["Infernal Blade","Power Through","Cleave"],"picked":"SKIP","floor":24.0},{"not_picked":["Shrug It Off","Cleave"],"picked":"Entrench","floor":27.0},{"not_picked":["Pummel","Iron Wave"],"picked":"Body Slam","floor":28.0},{"not_picked":["Armaments+1","Offering","Heavy Blade"],"picked":"SKIP","floor":30},{"not_picked":["Bludgeon","Impervious"],"picked":"Juggernaut","floor":33},{"not_picked":["Iron Wave","Fire Breathing+1","Bloodletting"],"picked":"SKIP","floor":35},{"not_picked":["Clothesline","Inflame+1"],"picked":"Fire Breathing+1","floor":37},{"not_picked":["Pummel","Hemokinesis","Armaments"],"picked":"SKIP","floor":38},{"not_picked":["Infernal Blade","Hemokinesis"],"picked":"Headbutt","floor":39},{"not_picked":["Twin Strike","Thunderclap","Anger+1"],"picked":"SKIP","floor":41}],"player_experience":343416,"relics_obtained":[{"floor":2.0,"key":"Lizard Tail"},{"floor":9.0,"key":"Nunchaku"},{"floor":13.0,"key":"Juzu Bracelet"},{"floor":26.0,"key":"Omamori"},{"floor":30,"key":"InkBottle"},{"floor":34,"key":"MealTicket"},{"floor":34,"key":"Frozen Egg 2"},{"floor":34,"key":"Peace Pipe"},{"floor":39,"key":"Calipers"},{"floor":41,"key":"Whetstone"},{"floor":43,"key":"Sundial"}],"event_choices":[{"damage_healed":0.0,"max_hp_gain":0.0,"max_hp_loss":0.0,"gold_gain":75.0,"event_name":"World of Goop","player_choice":"Gather Gold","floor":5.0,"gold_loss":0.0,"damage_taken":11.0},{"cards_removed":["Strike_R"],"damage_healed":0.0,"max_hp_gain":0.0,"max_hp_loss":0.0,"gold_gain":0.0,"event_name":"Golden Wing","player_choice":"Card Removal","floor":8.0,"gold_loss":0.0,"damage_taken":7.0},{"damage_healed":0.0,"max_hp_gain":0.0,"max_hp_loss":0.0,"gold_gain":0.0,"event_name":"The Library","player_choice":"Read","floor":19.0,"gold_loss":0.0,"damage_taken":0.0,"cards_obtained":["Armaments"]},{"damage_healed":0,"gold_gain":0,"player_choice":"Ignored","damage_taken":0,"max_hp_gain":0,"max_hp_loss":0,"event_name":"Vampires","floor":31,"gold_loss":0},{"damage_healed":0,"gold_gain":0,"player_choice":"Fight","damage_taken":0,"max_hp_gain":0,"max_hp_loss":0,"event_name":"Mysterious Sphere","floor":39,"gold_loss":0},{"cards_removed":["Headbutt"],"damage_healed":0,"gold_gain":0,"player_choice":"Removed Attack","damage_taken":0,"max_hp_gain":0,"max_hp_loss":0,"event_name":"Falling","floor":42,"gold_loss":0},{"damage_healed":0,"gold_gain":0,"player_choice":"Ignored","damage_taken":0,"max_hp_gain":0,"max_hp_loss":0,"event_name":"Tomb of Lord Red Mask","floor":46,"gold_loss":0}],"is_beta":false,"boss_relics":[{"not_picked":["SlaversCollar","Astrolabe"],"picked":"Empty Cage"},{"not_picked":["Runic Cube","Coffee Dripper"],"picked":"Calling Bell"}],"items_purged_floors":[7,20,29,36,44,45,48],"is_endless":false,"potions_floor_spawned":[10,13,21,24,27,28,30,35,41],"ascension_level":13}}