{"host":"0jile2yd1dg679g0","time":1610250773,"event":{"mods":["AchievementEnabler","Act Like it!","BaseMod","Better Third Choice","Colored Map","Colored Powertips","Gensokyo","Hermit","Luminous","Marisa????????","Minty Spire (QoL Compilation)","Random Character Button","Spicy Shops","StSLib","The Servant 0.9.4","Transform Curses","Waifu the Spire"],"gold_per_floor":[109,123,123,198,209,209,239,239,286,333,333,366,379,397,397,397,397],"floor_reached":16,"playtime":922,"items_purged":[],"score":120,"play_id":"196b4aa6-8301-45a1-accc-810af9f4b2de","local_time":"20210109225253","is_ascension_mode":true,"campfire_choices":[{"data":"Self Repair","floor":6,"key":"SMITH"},{"data":"Dualcast","floor":8,"key":"SMITH"},{"floor":11,"key":"REST"},{"data":"Sunder","floor":15,"key":"SMITH"}],"circlet_count":0,"master_deck":["Strike_B","Strike_B","Strike_B","Defend_B","Defend_B","Defend_B","Defend_B","Zap+1","Dualcast+1","Self Repair+1","Leap","BootSequence","Electrodynamics","Sunder+1","Gash"],"relics":["Cracked Core","Vajra","Blood Vial","Gremlin Horn"],"acts_visited":["Exordium"],"potions_floor_usage":[12],"damage_taken":[{"damage":7,"enemies":"Small Slimes","floor":1,"turns":3},{"damage":2,"enemies":"2 Louse","floor":2,"turns":2},{"damage":5,"enemies":"Cultist","floor":5,"turns":4},{"damage":42,"enemies":"Gremlin Nob","floor":12,"turns":5},{"damage":4,"enemies":"Red Slaver","floor":13,"turns":3},{"damage":0,"enemies":"2 Fungi Beasts","floor":14,"turns":4},{"damage":67,"enemies":"Hexaghost","floor":16,"turns":11}],"seed_played":"2898407057295464233","potions_obtained":[{"floor":5,"key":"DistilledChaos"},{"floor":12,"key":"Strength Potion"},{"floor":14,"key":"Strength Potion"}],"is_trial":false,"path_per_floor":["M","M","?","?","M","R","?","R","T","T","R","E","M","M","R","B"],"character_chosen":"DEFECT","items_purchased":[],"campfire_rested":1,"item_purchase_floors":[],"current_hp_per_floor":[68,73,66,55,57,57,57,57,57,57,75,43,51,63,63,0,0],"gold":397,"neow_bonus":"UPGRADE_CARD","is_daily":false,"chose_seed":false,"campfire_upgraded":3,"win_rate":0.0,"timestamp":1610250773,"path_taken":["M","M","?","?","M","R","?","R","T","?","R","E","?","M","R","BOSS"],"items_purchased_type":[],"build_version":"2020-12-22","purchased_purges":0,"victory":false,"max_hp_per_floor":[75,75,75,75,75,75,75,75,75,75,75,75,75,75,75,75,75],"card_choices":[{"not_picked":["Turbo","Coolheaded"],"picked":"Self Repair","floor":1},{"not_picked":["Barrage","Reinforced Body"],"picked":"Leap","floor":2},{"not_picked":["Leap","Barrage"],"picked":"BootSequence","floor":5},{"not_picked":["Glacier","Barrage"],"picked":"Electrodynamics","floor":12},{"not_picked":["Streamline","Rebound"],"picked":"Sunder","floor":13},{"not_picked":["Streamline","Darkness"],"picked":"Gash","floor":14}],"player_experience":266338,"relics_obtained":[{"floor":9,"key":"Vajra"},{"floor":10,"key":"Blood Vial"},{"floor":12,"key":"Gremlin Horn"}],"event_choices":[{"cards_removed":["Strike_B"],"damage_healed":0,"gold_gain":0,"player_choice":"Card Removal","damage_taken":7,"max_hp_gain":0,"max_hp_loss":0,"event_name":"Golden Wing","floor":3,"gold_loss":0},{"damage_healed":0,"gold_gain":75,"player_choice":"Gold","damage_taken":11,"max_hp_gain":0,"max_hp_loss":0,"event_name":"betterThird:BetterGoop","floor":4,"gold_loss":0},{"damage_healed":0,"gold_gain":30,"player_choice":"Searched \u00272\u0027 times","damage_taken":0,"max_hp_gain":0,"max_hp_loss":0,"event_name":"Dead Adventurer","floor":7,"gold_loss":0}],"is_beta":false,"boss_relics":[],"items_purged_floors":[],"is_endless":false,"potions_floor_spawned":[5,12,14],"killed_by":"Hexaghost","ascension_level":4}}