{"host":"l15sdf2mmi0nobpi","time":1610249390,"event":{"mods":["ATMod(°¢èªMod)","BaseMod","Highlight Path","Minty Spire (QoL Compilation)","Quick Restart","StSLib","¡¾¹¦ÄÜMod¡¿Neow½±Àø"],"gold_per_floor":[119,136,155,165,178,205,221,250,329,362,362,362,362],"floor_reached":12,"playtime":296,"items_purged":[],"score":254,"play_id":"25556d8b-14f7-4c7f-84ec-04827e3ecd99","local_time":"20210110112950","is_ascension_mode":true,"campfire_choices":[{"floor":11.0,"key":"REST"}],"circlet_count":0,"master_deck":["AscendersBane","Strike_B","Strike_B","Strike_B","Strike_B","Defend_B","Defend_B","Defend_B","Defend_B","Zap","Dualcast","AT_EmpoweredMortalDraw+1","AT_ThunderBolt","Turbo","Recycle","Electrodynamics","Defragment","Hologram"],"relics":["Cracked Core","AT_ATBox","Oddly Smooth Stone","AT_SunfireAegis","Matryoshka","Molten Egg 2"],"acts_visited":["Exordium"],"potions_floor_usage":[12],"damage_taken":[{"damage":0.0,"enemies":"Cultist","floor":1.0,"turns":2.0},{"damage":0.0,"enemies":"Jaw Worm","floor":2.0,"turns":1.0},{"damage":7.0,"enemies":"Small Slimes","floor":3.0,"turns":3.0},{"damage":12.0,"enemies":"Exordium Thugs","floor":4.0,"turns":2.0},{"damage":0.0,"enemies":"Looter","floor":5.0,"turns":1.0},{"damage":0.0,"enemies":"3 Sentries","floor":6.0,"turns":2.0},{"damage":0.0,"enemies":"Lots of Slimes","floor":7.0,"turns":1.0},{"damage":8.0,"enemies":"Gremlin Nob","floor":8.0,"turns":3.0},{"damage":28.0,"enemies":"Lagavulin","floor":10.0,"turns":5.0},{"damage":36,"enemies":"Gremlin Nob","floor":12,"turns":3}],"seed_played":"-2553655352100549976","potions_obtained":[{"floor":1.0,"key":"DistilledChaos"},{"floor":2.0,"key":"BlessingOfTheForge"},{"floor":5.0,"key":"Energy Potion"}],"is_trial":false,"path_per_floor":["M","M","M","M","M","E","M","E","T","E","R","E"],"character_chosen":"DEFECT","items_purchased":[],"campfire_rested":1,"item_purchase_floors":[],"current_hp_per_floor":[64,64,57,45,45,45,45,37,37,9,30,0,0],"gold":362,"neow_bonus":"UPGRADE_CARD","is_daily":false,"chose_seed":false,"campfire_upgraded":0,"win_rate":0.0,"timestamp":1610249390,"path_taken":["M","M","M","M","M","E","M","E","T","E","R","E"],"items_purchased_type":[],"build_version":"2020-12-22","purchased_purges":0,"victory":false,"max_hp_per_floor":[71,71,71,71,71,71,71,71,71,71,71,71,71],"card_choices":[{"not_picked":["White Noise","Beam Cell"],"picked":"AT_ThunderBolt","floor":1.0},{"not_picked":["Cold Snap","Blizzard"],"picked":"Turbo","floor":2.0},{"not_picked":["AT_ThunderBolt","Sweeping Beam","Redo"],"picked":"SKIP","floor":3.0},{"not_picked":["Undo","Chill"],"picked":"Recycle","floor":4.0},{"not_picked":["Streamline","Self Repair"],"picked":"Electrodynamics","floor":5.0},{"not_picked":["Hyperbeam","Leap"],"picked":"Defragment","floor":6.0},{"not_picked":["Streamline","Loop"],"picked":"Hologram","floor":7.0},{"not_picked":["Sweeping Beam","Force Field","Static Discharge"],"picked":"SKIP","floor":8.0},{"not_picked":["Gash+1","Barrage+1","Hello World"],"picked":"SKIP","floor":10.0}],"player_experience":447430,"relics_obtained":[{"floor":6.0,"key":"Oddly Smooth Stone"},{"floor":8.0,"key":"AT_SunfireAegis"},{"floor":9.0,"key":"Matryoshka"},{"floor":10.0,"key":"Molten Egg 2"}],"event_choices":[],"is_beta":false,"boss_relics":[],"items_purged_floors":[],"is_endless":false,"potions_floor_spawned":[1,2,4,5,7],"killed_by":"Gremlin Nob","ascension_level":20}}