{"host":"uxx7prhn9zlu6i2v","time":1610320277,"event":{"mods":["100% Spire Juice","2.2 Compatiblity","AchievementEnabler","Act Like it!","Bard","BaseMod","Better Third Choice","CapriCore","ChefMod","Colored Powertips","Faster Ascension Climbing","Fox Events","Gensokyo","GifTheSpireLib","Hermit","Hubris","KomeijiMod","Marisa????????","Minty Spire (QoL Compilation)","Pale of the Ancients","Permanent Neow","Quick Restart","RNG Fix","Rare Cards Sparkle","Reimu??????","Relic Filter","Relic Sorter","Relic Stats","Reworked Bosses","Spicy Shops","StSLib","The Administrix","The Blue Laboratory","The Bug Knight","The Immortal","Yakumo Yukari mod","??????REMEMod"],"gold_per_floor":[110,126,126,144,159,159,159,159,159],"floor_reached":8,"playtime":319,"items_purged":[],"score":96,"play_id":"36ffc1cb-2483-4325-a1e5-222c4cc2b501","local_time":"20210110171117","is_ascension_mode":true,"campfire_choices":[{"data":"Bandage Up","floor":6,"key":"SMITH"}],"circlet_count":0,"master_deck":["Strike_Lin:ReiMu","Strike_Lin:ReiMu","Strike_Lin:ReiMu","Strike_Lin:ReiMu","Defend_Lin:ReiMu","Defend_Lin:ReiMu","Defend_Lin:ReiMu","Defend_Lin:ReiMu","NB:ReiMu","Stagnation:ReiMu","Bandage Up+1","TightArray:ReiMu","CareerPray:ReiMu","Meditation:ReiMu","Intuition:ReiMu","Panacea"],"relics":["FlyPower:ReiMu","REME_ComplimentaryCards","hubris:Towel"],"acts_visited":["Gensokyo:Gensokyo"],"potions_floor_usage":[8],"damage_taken":[{"damage":14,"enemies":"Gensokyo:3_Fairies","floor":1,"turns":7},{"damage":10,"enemies":"Gensokyo:2_Kodama","floor":2,"turns":5},{"damage":3,"enemies":"Gensokyo:Gryphon","floor":4,"turns":4},{"damage":39,"enemies":"Gensokyo:LivingMonolith","floor":5,"turns":5},{"damage":22,"enemies":"Gensokyo:Aya","floor":8,"turns":3}],"seed_played":"7146465369813088297","potions_obtained":[{"floor":1,"key":"Energy Potion"},{"floor":2,"key":"blueLaboratory:RememoryPotion"},{"floor":5,"key":"DuplicationPotion"}],"is_trial":false,"path_per_floor":["M","M","?","M","M","R","?","E"],"character_chosen":"REIMU","items_purchased":[],"campfire_rested":0,"item_purchase_floors":[],"current_hp_per_floor":[44,38,38,39,4,4,4,0,0],"gold":159,"neow_bonus":"RANDOM_COLORLESS","is_daily":false,"chose_seed":false,"campfire_upgraded":1,"win_rate":0.0,"timestamp":1610320277,"path_taken":["M","M","?","M","?","R","?","E"],"items_purchased_type":[],"build_version":"2020-12-22","purchased_purges":0,"victory":false,"max_hp_per_floor":[60,60,60,60,60,60,60,60,60],"relic_stats":{"counters":[5,23],"obtain_stats":[{"hubris:Towel":3,"FlyPower:ReiMu":0,"REME_ComplimentaryCards":0},{"hubris:Towel":2,"FlyPower:ReiMu":0,"REME_ComplimentaryCards":0},{"hubris:Towel":12,"FlyPower:ReiMu":0,"REME_ComplimentaryCards":0}]},"card_choices":[{"not_picked":["Finesse","PanicButton"],"picked":"Bandage Up","floor":0},{"not_picked":["MikOfLucky:ReiMu","ForcedLanding:ReiMu"],"picked":"TightArray:ReiMu","floor":1},{"not_picked":["AirStrike:ReiMu","MountainWay:ReiMu"],"picked":"CareerPray:ReiMu","floor":2},{"not_picked":["SubcavityInstant:ReiMu","Shading:ReiMu"],"picked":"Meditation:ReiMu","floor":4},{"not_picked":["AlertArray:ReiMu","EmergencyTakeOff:ReiMu"],"picked":"Intuition:ReiMu","floor":5}],"player_experience":1753159,"relics_obtained":[],"event_choices":[],"is_beta":false,"boss_relics":[],"items_purged_floors":[],"is_endless":false,"potions_floor_spawned":[1,2,5],"killed_by":"Gensokyo:Aya","ascension_level":20}}