{"host":"vzygucmp2u9s1xuv","time":1610289991,"event":{"mods":["BaseMod","Colored Map","DeckTracker","Keyboard Shortcuts","Minty Spire (QoL Compilation)","Quick Restart","StSLib","SuperFastMode"],"gold_per_floor":[118,60,60,60,60,86,86,102,148,34,47,47,77,92,92,170,170,155,173,173,7,7,7,7],"floor_reached":23,"playtime":6147,"items_purged":[],"score":400,"play_id":"c5e69275-4133-47e0-87d3-04800366eb30","local_time":"20210110234631","is_ascension_mode":true,"campfire_choices":[{"data":"Dash","floor":7.0,"key":"SMITH"},{"data":"Cloak And Dagger","floor":12.0,"key":"SMITH"},{"floor":15,"key":"REST"}],"circlet_count":0,"master_deck":["AscendersBane","Strike_G+1","Strike_G+1","Strike_G","Defend_G","Defend_G","Defend_G","Defend_G","Survivor","Neutralize","Dash+1","Backflip+1","Expertise","Dagger Throw","Cloak And Dagger+1","Footwork","Infinite Blades","Finisher","A Thousand Cuts","Slice","Backflip+1"],"relics":["Ring of the Snake","NeowsBlessing","Sundial","Pen Nib","Snake Skull","Kunai","Empty Cage","Whetstone","TungstenRod"],"acts_visited":["Exordium","TheCity"],"potions_floor_usage":[16,19,23,23],"damage_taken":[{"damage":0.0,"enemies":"Small Slimes","floor":1.0,"turns":1.0},{"damage":0.0,"enemies":"Lagavulin","floor":6.0,"turns":1.0},{"damage":0.0,"enemies":"Jaw Worm","floor":8.0,"turns":1.0},{"damage":0.0,"enemies":"Cultist","floor":11.0,"turns":3.0},{"damage":12.0,"enemies":"Gremlin Nob","floor":13.0,"turns":4.0},{"damage":7,"enemies":"Lots of Slimes","floor":14,"turns":6},{"damage":32,"enemies":"The Guardian","floor":16,"turns":12},{"damage":23,"enemies":"2 Thieves","floor":18,"turns":4},{"damage":15,"enemies":"Spheric Guardian","floor":19,"turns":4},{"damage":25,"enemies":"Gremlin Leader","floor":23,"turns":3}],"seed_played":"-3411155722902516013","potions_obtained":[{"floor":8.0,"key":"Dexterity Potion"},{"floor":14,"key":"DistilledChaos"},{"floor":16,"key":"LiquidMemories"},{"floor":19,"key":"PowerPotion"}],"is_trial":false,"path_per_floor":["M","$","?","?","$","E","R","M","T","$","M","R","E","M","R","B",null,"M","M","?","$","T","E"],"character_chosen":"THE_SILENT","items_purchased":["Backflip","Cloak And Dagger","Footwork","Whetstone"],"campfire_rested":1,"item_purchase_floors":[2,10,10,21],"current_hp_per_floor":[59,59,59,54,54,54,54,54,54,54,54,54,42,35,54,22,55,32,17,17,17,17,0,0],"gold":7,"neow_bonus":"THREE_ENEMY_KILL","is_daily":false,"chose_seed":false,"campfire_upgraded":2,"win_rate":0.0,"timestamp":1610289991,"path_taken":["M","$","?","?","?","E","R","M","T","$","M","R","E","M","R","BOSS","M","M","?","$","?","E"],"items_purchased_type":["Card","Card","Card","Relic"],"build_version":"2020-12-22","purchased_purges":0,"victory":false,"max_hp_per_floor":[66,66,66,66,66,66,66,66,66,66,66,66,66,66,66,66,66,66,66,66,66,66,66,66],"card_choices":[{"not_picked":["Sucker Punch","Terror"],"picked":"Dash","floor":1.0},{"not_picked":["Catalyst","Setup"],"picked":"Expertise","floor":6.0},{"not_picked":["Sucker Punch","Distraction"],"picked":"Dagger Throw","floor":8.0},{"not_picked":["Concentrate","Flying Knee"],"picked":"Infinite Blades","floor":11.0},{"not_picked":["Blur","Footwork"],"picked":"Finisher","floor":13.0},{"not_picked":["Finisher","Flying Knee","Distraction"],"picked":"SKIP","floor":14},{"not_picked":["Wraith Form v2","Phantasmal Killer"],"picked":"A Thousand Cuts","floor":16},{"not_picked":["Escape Plan","Backflip"],"picked":"Slice","floor":18},{"not_picked":["Eviscerate","Outmaneuver"],"picked":"Backflip+1","floor":19}],"player_experience":654840,"relics_obtained":[{"floor":6.0,"key":"Pen Nib"},{"floor":9.0,"key":"Snake Skull"},{"floor":13.0,"key":"Kunai"},{"floor":22,"key":"TungstenRod"}],"event_choices":[{"damage_healed":0.0,"max_hp_gain":0.0,"max_hp_loss":0.0,"gold_gain":0.0,"event_name":"Living Wall","player_choice":"Grow","floor":3.0,"gold_loss":0.0,"damage_taken":0.0,"cards_upgraded":["Backflip"]},{"damage_healed":0.0,"max_hp_gain":0.0,"max_hp_loss":0.0,"gold_gain":0.0,"event_name":"Scrap Ooze","player_choice":"Success","floor":4.0,"gold_loss":0.0,"damage_taken":5.0,"relics_obtained":["Sundial"]},{"cards_removed":["Strike_G"],"damage_healed":0,"gold_gain":0,"player_choice":"Purged","damage_taken":0,"max_hp_gain":0,"max_hp_loss":0,"event_name":"Purifier","floor":20,"gold_loss":0}],"is_beta":false,"boss_relics":[{"not_picked":["Runic Dome","Sozu"],"picked":"Empty Cage"}],"items_purged_floors":[],"is_endless":false,"potions_floor_spawned":[8,14,16,18,19],"killed_by":"Gremlin Leader","ascension_level":16}}