{"host":"ig7tc0uedzltt2sr","time":1610240769,"event":{"mods":["BaseMod","Better Twitch Integration","Block Reminder","Colored Map","Colored Powertips","Communication Mod","Current Relic Mod","GifTheSpireLib","HexUI Lib","Minty Spire (QoL Compilation)","Quick Restart","Random Character Button","Rare Cards Sparkle","Relic Sorter","Relic Stats","Slay the Relics Exporter","StSLib","SuperFastMode","Synergy Search","Twitch Decklist","Twitch Utils","everything is the same but u backflip on backflip","slay the spire mod where everything is the same but ironclad has a cowboy hat"],"gold_per_floor":[112,123,123,138,156,156,156],"floor_reached":6,"playtime":25,"items_purged":[],"score":38,"play_id":"28b06ed8-17f8-4e27-9e27-c5b97f5440ee","local_time":"20210109170609","is_ascension_mode":false,"campfire_choices":[],"circlet_count":0,"master_deck":["Strike_R","Strike_R","Strike_R","Strike_R","Strike_R","Defend_R","Defend_R","Defend_R","Defend_R","Bash","Regret"],"relics":["Burning Blood","NeowsBlessing","Matryoshka"],"acts_visited":["Exordium"],"potions_floor_usage":[],"damage_taken":[{"damage":0,"enemies":"Small Slimes","floor":1,"turns":1},{"damage":0,"enemies":"2 Louse","floor":2,"turns":1},{"damage":0,"enemies":"Cultist","floor":4,"turns":1},{"damage":36,"enemies":"Red Slaver","floor":5,"turns":4},{"damage":52,"enemies":"3 Sentries","floor":6,"turns":4}],"seed_played":"-8724046160219481654","potions_obtained":[{"floor":1,"key":"Weak Potion"},{"floor":2,"key":"DuplicationPotion"}],"is_trial":false,"path_per_floor":["M","M","?","M","M","E"],"character_chosen":"IRONCLAD","items_purchased":[],"campfire_rested":0,"item_purchase_floors":[],"current_hp_per_floor":[80,80,80,80,50,0,0],"gold":156,"neow_bonus":"THREE_ENEMY_KILL","is_daily":false,"chose_seed":false,"campfire_upgraded":0,"win_rate":0.0,"timestamp":1610240769,"path_taken":["M","M","?","M","M","E"],"items_purchased_type":[],"build_version":"2020-12-22","purchased_purges":0,"victory":false,"max_hp_per_floor":[80,80,80,80,80,80,80],"relic_stats":{"counters":[5,11],"obtain_stats":[{"Matryoshka":3,"NeowsBlessing":0,"Burning Blood":0},{"Matryoshka":2,"NeowsBlessing":0,"Burning Blood":0},{"Matryoshka":2,"NeowsBlessing":0,"Burning Blood":0}],"Burning Blood":6},"card_choices":[{"not_picked":["Uppercut","Sword Boomerang","Iron Wave"],"picked":"SKIP","floor":1},{"not_picked":["Armaments","Iron Wave","Flex"],"picked":"SKIP","floor":2},{"not_picked":["Wild Strike","Pommel Strike","Body Slam"],"picked":"SKIP","floor":4},{"not_picked":["Iron Wave","Combust","Wild Strike"],"picked":"SKIP","floor":5}],"player_experience":1478418,"relics_obtained":[],"event_choices":[{"damage_healed":0,"gold_gain":0,"player_choice":"Box","damage_taken":0,"relics_obtained":["Matryoshka"],"max_hp_gain":0,"max_hp_loss":0,"event_name":"Big Fish","floor":3,"gold_loss":0,"cards_obtained":["Regret"]}],"is_beta":false,"boss_relics":[],"items_purged_floors":[],"is_endless":false,"potions_floor_spawned":[1,2],"killed_by":"3 Sentries","ascension_level":0}}