{"host":"8by3m8mve9y2rhh4","time":1610286706,"event":{"mods":["BaseMod","Minty Spire (QoL Compilation)","Quick Restart"],"gold_per_floor":[99,99,99,49,49,49,49,49,49,49,49,49,49,49,49,49,49,49,49,49,49,49,49,49,49,49,49,49,49,49,49,49,49,49,49,49,49,49,49,49,49,49,49,49,49,49,49,49,49,49,49],"floor_reached":50,"playtime":2282,"items_purged":[],"score":620,"play_id":"de54fb7a-2a73-45f2-9811-53fa72261d9e","local_time":"20210110135146","is_ascension_mode":true,"campfire_choices":[{"floor":11,"key":"RECALL"},{"floor":15,"key":"REST"},{"floor":23,"key":"REST"},{"floor":29,"key":"REST"},{"floor":32,"key":"REST"},{"floor":40,"key":"REST"},{"floor":49,"key":"REST"}],"circlet_count":0,"master_deck":["Strike_G","Strike_G","Strike_G","Strike_G","Defend_G","Defend_G","Defend_G+1","Defend_G","Defend_G","Survivor","Neutralize","Poisoned Stab","Riddle With Holes","Backstab","Deadly Poison","Dodge and Roll","Cloak And Dagger","Terror","Envenom+1","Bane+1","Bouncing Flask","Dodge and Roll","After Image+1","Noxious Fumes+1","Cloak And Dagger+1","Dodge and Roll+1","Bane+1","Noxious Fumes+1","Catalyst","Footwork+1"],"relics":["Ectoplasm","Orichalcum","Golden Idol","Matryoshka","Paper Crane","Frozen Egg 2","Velvet Choker","Potion Belt","Mummified Hand","Meat on the Bone","MawBank","PreservedInsect","MealTicket","Tiny House","Calipers","Anchor","Bottled Lightning","Ancient Tea Set","Bird Faced Urn"],"acts_visited":["Exordium","TheCity","TheBeyond"],"potions_floor_usage":[13,13,16,20,33,35,36,37,38,38,41,41,44,46,48,48],"damage_taken":[{"damage":0,"enemies":"Small Slimes","floor":1,"turns":4},{"damage":0,"enemies":"2 Louse","floor":2,"turns":2},{"damage":0,"enemies":"Cultist","floor":3,"turns":3},{"damage":0,"enemies":"3 Louse","floor":5,"turns":3},{"damage":16,"enemies":"3 Sentries","floor":6,"turns":11},{"damage":2,"enemies":"Exordium Wildlife","floor":7,"turns":5},{"damage":0,"enemies":"Red Slaver","floor":12,"turns":4},{"damage":3,"enemies":"Lagavulin","floor":13,"turns":4},{"damage":0,"enemies":"Large Slime","floor":14,"turns":6},{"damage":12,"enemies":"Hexaghost","floor":16,"turns":10},{"damage":1,"enemies":"Chosen","floor":18,"turns":4},{"damage":17,"enemies":"Spheric Guardian","floor":20,"turns":4},{"damage":4,"enemies":"Centurion and Healer","floor":22,"turns":5},{"damage":35,"enemies":"Slavers","floor":24,"turns":6},{"damage":4,"enemies":"3 Cultists","floor":25,"turns":5},{"damage":16,"enemies":"Snecko","floor":27,"turns":6},{"damage":21,"enemies":"Shelled Parasite and Fungi","floor":28,"turns":6},{"damage":24,"enemies":"Book of Stabbing","floor":30,"turns":6},{"damage":1,"enemies":"Cultist and Chosen","floor":31,"turns":6},{"damage":5,"enemies":"Automaton","floor":33,"turns":11},{"damage":8,"enemies":"3 Shapes","floor":35,"turns":4},{"damage":68,"enemies":"2 Orb Walkers","floor":36,"turns":6},{"damage":18,"enemies":"3 Darklings","floor":37,"turns":7},{"damage":6,"enemies":"Maw","floor":38,"turns":7},{"damage":5,"enemies":"Nemesis","floor":41,"turns":7},{"damage":24,"enemies":"Transient","floor":42,"turns":5},{"damage":14,"enemies":"Spire Growth","floor":44,"turns":4},{"damage":5,"enemies":"Giant Head","floor":45,"turns":7},{"damage":0,"enemies":"Sphere and 2 Shapes","floor":46,"turns":6},{"damage":53,"enemies":"Reptomancer","floor":48,"turns":5},{"damage":68,"enemies":"Donu and Deca","floor":50,"turns":8}],"seed_played":"8181063858839339706","potions_obtained":[{"floor":3,"key":"FairyPotion"},{"floor":6,"key":"CunningPotion"},{"floor":7,"key":"PowerPotion"},{"floor":12,"key":"Poison Potion"},{"floor":13,"key":"Block Potion"},{"floor":18,"key":"Weak Potion"},{"floor":25,"key":"Strength Potion"},{"floor":30,"key":"PowerPotion"},{"floor":31,"key":"Strength Potion"},{"floor":34,"key":"CunningPotion"},{"floor":35,"key":"AttackPotion"},{"floor":37,"key":"EntropicBrew"},{"floor":38,"key":"PowerPotion"},{"floor":45,"key":"Poison Potion"}],"is_trial":false,"path_per_floor":["M","M","M","?","M","E","M","?","T","?","R","M","E","M","R","B",null,"M","?","M","T","M","R","E","M","T","M","M","R","E","M","R","B",null,"M","?","M","M","T","R","E","M","T","M","E","M","?","E","R","B"],"character_chosen":"THE_SILENT","items_purchased":[],"campfire_rested":6,"item_purchase_floors":[],"current_hp_per_floor":[70,70,70,70,70,54,52,52,52,52,52,52,49,49,65,53,65,64,64,47,47,43,62,27,35,35,31,22,41,29,40,59,54,70,62,33,27,33,33,54,49,37,37,35,42,42,70,29,50,0,0],"gold":49,"neow_bonus":"BOSS_RELIC","is_daily":false,"chose_seed":false,"campfire_upgraded":0,"win_rate":0.0,"timestamp":1610286706,"path_taken":["M","M","M","?","M","E","M","?","T","?","R","M","E","?","R","BOSS","M","?","M","?","M","R","E","M","T","M","M","R","E","?","R","BOSS","M","?","M","M","?","R","E","M","T","M","E","?","?","E","R","BOSS"],"items_purchased_type":[],"build_version":"2020-12-22","purchased_purges":0,"victory":false,"max_hp_per_floor":[70,70,70,70,70,70,70,65,65,65,65,65,65,65,65,65,65,65,65,65,65,65,65,65,65,65,65,65,65,65,65,65,65,70,70,70,70,70,70,70,70,70,70,70,70,70,70,70,70,70,70],"card_choices":[{"not_picked":["Expertise","Deflect"],"picked":"Poisoned Stab","floor":1},{"not_picked":["Dagger Throw","Dodge and Roll"],"picked":"Riddle With Holes","floor":2},{"not_picked":["Caltrops","Slice"],"picked":"Backstab","floor":3},{"not_picked":["Slice","Underhanded Strike"],"picked":"Deadly Poison","floor":5},{"not_picked":["Finisher","Endless Agony","PiercingWail"],"picked":"SKIP","floor":6},{"not_picked":["Dagger Spray","Flying Knee"],"picked":"Dodge and Roll","floor":7},{"not_picked":["Heel Hook","Dagger Spray"],"picked":"Cloak And Dagger","floor":12},{"not_picked":["Tactician","Underhanded Strike","Dagger Spray"],"picked":"SKIP","floor":13},{"not_picked":["Finisher","Reflex"],"picked":"Terror","floor":14},{"not_picked":["Adrenaline","Burst"],"picked":"Envenom+1","floor":16},{"not_picked":["Prepared","Concentrate+1"],"picked":"Bane+1","floor":18},{"not_picked":["Blade Dance+1","Outmaneuver+1"],"picked":"Dodge and Roll","floor":20},{"not_picked":["Underhanded Strike","Blade Dance","Sucker Punch+1"],"picked":"SKIP","floor":22},{"not_picked":["Storm of Steel","Slice"],"picked":"After Image+1","floor":24},{"not_picked":["Heel Hook","Slice","Dodge and Roll"],"picked":"SKIP","floor":25},{"not_picked":["Acrobatics+1","PiercingWail","Predator+1"],"picked":"SKIP","floor":27},{"not_picked":["Endless Agony","Setup"],"picked":"Noxious Fumes+1","floor":28},{"not_picked":["Dodge and Roll","Expertise"],"picked":"Cloak And Dagger+1","floor":30},{"not_picked":["Dagger Spray","Deadly Poison"],"picked":"Dodge and Roll+1","floor":31},{"not_picked":["Dagger Throw+1","Prepared+1"],"picked":"Bane+1","floor":34},{"not_picked":["Backflip+1","Cloak And Dagger+1"],"picked":"Noxious Fumes+1","floor":35},{"not_picked":["Dagger Spray+1","Sucker Punch"],"picked":"Catalyst","floor":36},{"not_picked":["Glass Knife","Dagger Throw+1"],"picked":"Footwork+1","floor":37},{"not_picked":["Slice","Poisoned Stab+1","Phantasmal Killer"],"picked":"SKIP","floor":38},{"not_picked":["Endless Agony+1","Cloak And Dagger","Deflect+1"],"picked":"SKIP","floor":41},{"not_picked":["Setup+1","Sucker Punch"],"picked":"Crippling Poison+1","floor":42},{"not_picked":["Sucker Punch","Skewer+1","Prepared"],"picked":"SKIP","floor":44},{"not_picked":["Sucker Punch+1","Flying Knee","Grand Finale"],"picked":"SKIP","floor":45},{"not_picked":["Deflect+1","All Out Attack+1","Sucker Punch"],"picked":"SKIP","floor":46},{"not_picked":["Dagger Spray+1","Heel Hook+1","Dash"],"picked":"SKIP","floor":48}],"player_experience":684251,"relics_obtained":[{"floor":6,"key":"Orichalcum"},{"floor":9,"key":"Matryoshka"},{"floor":13,"key":"Frozen Egg 2"},{"floor":21,"key":"Potion Belt"},{"floor":21,"key":"Mummified Hand"},{"floor":24,"key":"Meat on the Bone"},{"floor":26,"key":"MawBank"},{"floor":26,"key":"PreservedInsect"},{"floor":30,"key":"MealTicket"},{"floor":36,"key":"Calipers"},{"floor":41,"key":"Anchor"},{"floor":43,"key":"Bottled Lightning"},{"floor":45,"key":"Ancient Tea Set"},{"floor":48,"key":"Bird Faced Urn"}],"event_choices":[{"cards_removed":["Strike_G"],"damage_healed":0,"gold_gain":0,"player_choice":"Card Removal","damage_taken":0,"max_hp_gain":0,"max_hp_loss":0,"event_name":"The Cleric","floor":4,"gold_loss":50},{"damage_healed":0,"gold_gain":0,"player_choice":"Lose Max HP","damage_taken":0,"relics_obtained":["Golden Idol"],"max_hp_gain":0,"max_hp_loss":5,"event_name":"Golden Idol","floor":8,"gold_loss":0},{"damage_healed":0,"gold_gain":0,"player_choice":"Gave Potion","damage_taken":0,"relics_obtained":["Paper Crane"],"max_hp_gain":0,"max_hp_loss":0,"event_name":"WeMeetAgain","floor":10,"gold_loss":0},{"damage_healed":0,"gold_gain":0,"player_choice":"Read","damage_taken":0,"max_hp_gain":0,"max_hp_loss":0,"event_name":"The Library","floor":19,"gold_loss":0,"cards_obtained":["Bouncing Flask"]},{"damage_healed":0,"gold_gain":0,"player_choice":"Fight","damage_taken":0,"max_hp_gain":0,"max_hp_loss":0,"event_name":"Mysterious Sphere","floor":36,"gold_loss":0},{"cards_removed":["Crippling Poison"],"damage_healed":28,"gold_gain":0,"player_choice":"Offered Uncommon","damage_taken":0,"max_hp_gain":0,"max_hp_loss":0,"event_name":"Bonfire Elementals","floor":47,"gold_loss":0}],"is_beta":false,"boss_relics":[{"not_picked":["Runic Dome","Snecko Eye"],"picked":"Velvet Choker"},{"not_picked":["SacredBark","Philosopher\u0027s Stone"],"picked":"Tiny House"}],"items_purged_floors":[],"is_endless":false,"potions_floor_spawned":[3,6,7,12,13,18,25,30,31,35,37,38,45],"killed_by":"Donu and Deca","ascension_level":1}}