{"host":"nwavcs7i011ziyjx","time":1610261418,"event":{"mods":["ATMod(阿瑾Mod)","AchievementEnabler","Arknights The Spire","BaseMod","Colored Map","Colored Powertips","Downfall","Marisa（F雨　魔理沙）","Minty Spire (QoL Compilation)","MostiFishMod","Quick Restart","Rare Cards Sparkle","Remilia（蕾米莉亚）","Replay The Spire","Spicy Shops","StSLib","TestMod","The Servant 0.9.4","Uncapped","UnlockEverythingMod","WarShipGirlsR/战舰少女R mod","Youmu（魂魄妖梦）","noobMod","【遗物卡牌】REMEMod"],"gold_per_floor":[111,111,127,127,7157,7157,7192,7192,7192,7204,7239,7250,7299,7299,7299,7402,7402,7419,6540,6540,6540,5723,5736,5752,5761,5761,5788,5788,5797,5797,5811,5811,5914,5914,5923,6322,6322,6322,6333,6358,6358,6389,6441,6441,6452,6467,6498,5453,5453,5453,5453,5453,4647,4680,4680],"floor_reached":56,"playtime":3953,"items_purged":["ats:Strike V","ats:Rapid Magazine","ats:Healing Strengthening+1","ats:Strike S"],"score":1613,"play_id":"36557f13-99bc-49ae-a2e1-464a6b7173d5","local_time":"20210110145018","is_ascension_mode":false,"campfire_choices":[{"data":"ReplayTheSpireMod:Fabricate Wheel","floor":6.0,"key":"SMITH"},{"data":"ats:Echo Reverb","floor":8.0,"key":"SMITH"},{"data":"ats:Roar Of Ursus","floor":15.0,"key":"SMITH"},{"data":"ats:Thorns","floor":28.0,"key":"SMITH"},{"data":"ats:Magnetic Hammer","floor":30.0,"key":"SMITH"},{"data":"ats:Support Order","floor":41.0,"key":"SMITH"},{"floor":49.0,"key":"RECALL"},{"data":"REME_BuildACard","floor":52.0,"key":"SMITH"}],"circlet_count":0,"master_deck":["ats:Strike C+1","ats:Strike G+1","ats:Armor Crushing Shot","ats:Defend+1","ats:Defend+1","ats:Defend+1","ats:Emotion Absorption","AT_FamilyPortrait","ats:Echo Reverb+1","Creative AI","ats:Automatic Cover","ats:Roar Of Ursus+1","ats:Song Of Battle","ats:Burning Ground","ats:True Silver Slash+1","ats:Assault Order","ats:Support Order+1","ats:Thorns+1","ats:Apocalypse","ats:True Silver Slash+1","ats:Magnetic Hammer+1","ats:Disruption Kick","ats:Wolf Pack","ats:Chain Hook+1","Replay:SS_hec_2+1","ReplayTheSpireMod:Private Reserves+1","ats:Demon Strength+1","ReplayTheSpireMod:Private Reserves+1","ats:Flame Of Heaven+1","REME_BuildACard+1","ats:Wolf Pack","ats:Ignite+1"],"relics":["ats:Sanity","ice","DaveBox","testmod-TestBox","REME_ComplimentaryCards","FeatherPendant","testmod-TurbochargingSystem","NeowsBlessing","SynthV:TestCard","Quantum Egg","Kunai","Prayer Wheel","ats:Originium","testmod-Muramasa","Divine Protection","DianDianMeat","testmod-CardMagician","ReplayTheSpireMod:TigerMarble","Simple Rune","AT_SpeedBoots","HandDrill","AT_SunfireAegis","testmod-Charity","TungstenRod","Matryoshka","Orichalcum","REME_LowDesire","Replay:Bandana","ats:Ability Aura","Eternal Feather","AT_EbonyIvory","ats:Hidden Killer","Omamori","AT_BellDemon","ats:Special","Ice Cream","testmod-LifeArmor","Centennial Puzzle","ats:Lavender","Snack Pack","FossilizedHelix","ats:Spiritual Recovery","Replay:Bottled Eggs"],"acts_visited":["Exordium","TheCity","TheBeyond","TheEnding"],"potions_floor_usage":[55,55],"damage_taken":[{"damage":0.0,"enemies":"Jaw Worm","floor":1.0,"turns":1.0},{"damage":0.0,"enemies":"Small Slimes","floor":3.0,"turns":1.0},{"damage":0.0,"enemies":"Gremlin Nob","floor":7.0,"turns":2.0},{"damage":0.0,"enemies":"2 Louse","floor":10.0,"turns":3.0},{"damage":0.0,"enemies":"3 Sentries","floor":11.0,"turns":6.0},{"damage":3.0,"enemies":"Exordium Thugs","floor":12.0,"turns":4.0},{"damage":4.0,"enemies":"Hexaghost","floor":16.0,"turns":7.0},{"damage":0.0,"enemies":"Chosen","floor":18.0,"turns":1.0},{"damage":0.0,"enemies":"Shell Parasite","floor":23.0,"turns":1.0},{"damage":0.0,"enemies":"Centurion and Healer","floor":24.0,"turns":2.0},{"damage":0.0,"enemies":"Sentry and Sphere","floor":25.0,"turns":2.0},{"damage":0.0,"enemies":"REME_1_Revenger","floor":27.0,"turns":2.0},{"damage":0.0,"enemies":"Shelled Parasite and Fungi","floor":29.0,"turns":2.0},{"damage":0.0,"enemies":"Centurion and Healer","floor":31.0,"turns":2.0},{"damage":0.0,"enemies":"Automaton","floor":33.0,"turns":1.0},{"damage":0.0,"enemies":"3 Darklings","floor":35.0,"turns":3.0},{"damage":0.0,"enemies":"Orb Walker","floor":39.0,"turns":1.0},{"damage":0.0,"enemies":"R_Hoarder","floor":40.0,"turns":3.0},{"damage":0.0,"enemies":"Giant Head","floor":42.0,"turns":2.0},{"damage":0.0,"enemies":"Writhing Mass","floor":45.0,"turns":1.0},{"damage":0.0,"enemies":"Maw","floor":46.0,"turns":3.0},{"damage":0.0,"enemies":"Nemesis","floor":47.0,"turns":3.0},{"damage":0.0,"enemies":"Donu and Deca","floor":50.0,"turns":1.0},{"damage":0.0,"enemies":"Shield and Spear","floor":54.0,"turns":2.0},{"damage":12,"enemies":"The Heart","floor":55,"turns":4}],"seed_played":"8695178931000059977","potions_obtained":[{"floor":3.0,"key":"Guardian:BlockOnCardUsePotion"},{"floor":18.0,"key":"LiquidMemories"}],"is_trial":false,"path_per_floor":["M","?","M","?","$","R","E","R","T","M","E","M","T","?","R","B",null,"M","$","?","?","$","M","M","M","T","E","R","M","R","M","R_BF","B",null,"M","?","?","?","M","E","R","E","T","?","M","M","E","$","R","B",null,"R","$","E","B",null],"character_chosen":"DOCTOR_CLASS","items_purchased":["Quantum Egg","Kunai","Slimebound:ThreeZeroPotion","PowerPotion","ats:Echo Reverb","ReplayTheSpireMod:TigerMarble","Simple Rune","SpeedPotion","Fire Potion","AT_SpeedBoots","HandDrill","AT_SunfireAegis","testmod-Charity","Elixir","TungstenRod","ats:Special","Ice Cream","testmod-LifeArmor","Centennial Puzzle","ats:Wolf Pack","ats:Lavender","Snack Pack","FossilizedHelix"],"campfire_rested":0,"item_purchase_floors":[5,5,5,5,5,19,19,19,19,19,19,22,22,22,22,48,48,48,48,48,53,53,53],"current_hp_per_floor":[72,72,72,72,72,72,72,72,72,72,73,75,75,75,75,78,78,87,87,87,87,87,94,102,103,103,112,112,122,122,133,133,145,145,168,169,161,161,183,222,222,272,273,289,300,342,377,396,396,426,426,426,426,487,526],"gold":4680,"neow_bonus":"THREE_ENEMY_KILL","is_daily":false,"chose_seed":false,"campfire_upgraded":7,"win_rate":0.0,"timestamp":1610261418,"path_taken":["M","?","M","?","$","R","E","R","T","M","E","M","?","?","R","BOSS","M","$","?","?","$","M","?","M","T","E","R","M","R","M","R_BF","BOSS","M","?","?","?","M","E","R","E","T","?","M","M","E","$","R","BOSS","R","$","E","BOSS"],"items_purchased_type":["Relic","Relic","Potion","Potion","Card","Relic","Relic","Potion","Potion","Relic","Relic","Relic","Relic","Potion","Relic","Relic","Relic","Relic","Relic","Card","Relic","Relic","Relic"],"build_version":"2020-12-22","purchased_purges":4,"victory":true,"max_hp_per_floor":[72,72,72,72,72,72,72,72,72,72,73,75,75,75,75,78,78,87,87,87,87,87,94,102,103,103,112,112,122,122,133,133,145,145,168,169,161,161,183,222,222,272,273,289,300,342,377,396,396,426,426,426,426,487,537],"card_choices":[{"not_picked":["ats:Powerful Strike","ats:Poison Spread","ats:Hammer On"],"picked":"SKIP","floor":1.0},{"not_picked":["ats:Shell Defense","ats:Powerful Strike","ats:Automatic Cover","ats:Revitalization"],"picked":"ats:Rapid Magazine","floor":3.0},{"not_picked":["ats:Consecutive Shot Auto","ats:Leaping Hammer","ats:Thermite Blade","ats:Directed Diagnosis"],"picked":"ats:Automatic Cover","floor":7.0},{"not_picked":["ats:Soul Absorption","ats:Ignite","ats:Revitalization","ats:Demon Strength"],"picked":"ats:Roar Of Ursus","floor":10.0},{"not_picked":["ats:Shell Defense","ats:Apocalypse","ats:Hammer On","ats:Curse Doll","ats:Chain Hook"],"picked":"SKIP","floor":10.0},{"not_picked":["ats:Automatic Cover","ats:Overload","ats:Healing Drone","ats:Volcano"],"picked":"ats:Song Of Battle","floor":11.0},{"not_picked":["ats:Sword Rain","ats:Powerful Strike","ats:Beaten Up","ats:Explosion Area Strengthen"],"picked":"ats:Burning Ground","floor":12.0},{"not_picked":["ats:Curse Doll","ats:Childhood Dance","ats:Very Hot Blade","ats:Spore Proliferation","ats:Beaten Up"],"picked":"SKIP","floor":12.0},{"not_picked":["ats:Shadow Assault","ats:Calcification","ats:Durian","ats:Volcano"],"picked":"ats:True Silver Slash","floor":16.0},{"not_picked":["ats:Overload+1","ats:Charging Defense+1","ats:Childhood Dance","ats:Shell Defense"],"picked":"ats:Assault Order","floor":18.0},{"not_picked":["ats:Flexible Camouflage","ats:Leaping Hammer","ats:Rapid Magazine","ats:Guardian Obelisk"],"picked":"ats:Support Order","floor":18.0},{"not_picked":["ats:Apocalypse","ats:Shadow Raid+1","ats:Cat Scratch","ats:Part Time Job"],"picked":"ats:Thorns","floor":23.0},{"not_picked":["ats:Counter Healing Mode","ats:Consecutive Shot Auto","ats:Guardian Obelisk","ats:Revitalization","ats:Poison Spread"],"picked":"SKIP","floor":23.0},{"not_picked":["ats:Hammer On","ats:Assault Order","ats:Consecutive Shot Auto","ats:Curse Doll"],"picked":"ats:Apocalypse","floor":24.0},{"not_picked":["ats:Shadow Raid","ats:Curse Doll","ats:Demon Strength","ats:Leaping Hammer","ats:Roar Of Ursus"],"picked":"SKIP","floor":24.0},{"not_picked":["ats:Leaping Hammer","ats:Spore Proliferation+1","ats:Defend Order","ats:Shell Defense","ats:Support Order"],"picked":"SKIP","floor":25.0},{"not_picked":["ats:Closed Bolt Burst Fire","ats:Leaping Hammer","ats:Shell Defense+1","ats:Poison Spread","ats:Healing Strengthening"],"picked":"SKIP","floor":25.0},{"not_picked":["ats:Dogmatic Field","ats:Poison Spread","ats:Revitalization","ats:Magnetic Hammer+1"],"picked":"ats:True Silver Slash","floor":27.0},{"not_picked":["ats:Cat Scratch+1","ats:Flexible Camouflage+1","ats:Revitalization","ats:Counter Healing Mode"],"picked":"ats:Magnetic Hammer","floor":29.0},{"not_picked":["ats:Consecutive Shot Auto+1","ats:Childhood Dance","ats:Flexible Camouflage+1","ats:Assault Order","ats:Sunburst"],"picked":"SKIP","floor":29.0},{"not_picked":["ats:Poison Spread","ats:Support Order","ats:Hammer On","ats:Blood Oath"],"picked":"ats:Disruption Kick","floor":31.0},{"not_picked":["ats:Assault Order","ats:Ignite","ats:Cat Scratch","ats:Apocalypse","ats:Closed Bolt Burst Fire"],"picked":"SKIP","floor":31.0},{"not_picked":["ats:Volcano","ats:Soul Rend","ats:Fractured Body","ats:Disruption Kick"],"picked":"ats:Wolf Pack","floor":33.0},{"not_picked":["ats:Cat Scratch","ats:Revitalization","ats:Childhood Dance+1","ats:Assault Order+1","expansioncontent:DefensiveMode"],"picked":"ats:Chain Hook+1","floor":35.0},{"not_picked":["ats:Leaping Hammer+1","ats:Childhood Dance+1","ats:Shell Defense","ats:Revitalization+1","ats:Flexible Camouflage+1","expansioncontent:DashGenerateEvil"],"picked":"SKIP","floor":35.0},{"not_picked":["ats:Assault Order+1","ats:Roar Of Ursus","ats:Ignite+1","ats:Flexible Camouflage","ats:Composite Medical Shells+1"],"picked":"Replay:SS_hec_2+1","floor":39.0},{"not_picked":["ats:Counter Healing Mode","ats:Powerful Strike","ats:Explosion Area Strengthen","ats:Poison Spread","ats:Consecutive Shot Auto+1","Replay:Bootleg Shield Generator"],"picked":"SKIP","floor":39.0},{"not_picked":["ats:Consecutive Shot Auto","ats:Collapsing Strike","ats:Explosion Area Strengthen+1","ats:Hammer On","ats:Sunburst"],"picked":"ReplayTheSpireMod:Private Reserves+1","floor":40.0},{"not_picked":["ats:Explosion Area Strengthen+1","ats:Curse Doll","ats:Overload+1","ats:Ignite","testmod-Mystery"],"picked":"ats:Demon Strength+1","floor":42.0},{"not_picked":["ats:Chain Hook+1","ats:Explosion Area Strengthen","ats:Curse Doll","ats:Red Shift+1","ats:Consecutive Shot Auto","testmod-HeadAttack+1"],"picked":"SKIP","floor":45.0},{"not_picked":["ats:Collapsing Strike+1","ats:Poison Spread+1","ats:Shell Defense+1","ats:Burning Ground+1","ats:Childhood Dance+1","testmod-TreasureHunter"],"picked":"SKIP","floor":45.0},{"not_picked":["ats:Shadow Raid","ats:Curse Doll","ats:Explosion Area Strengthen","ats:Ignite","Apotheosis"],"picked":"ats:Flame Of Heaven+1","floor":46.0},{"not_picked":["ats:Curse Doll+1","ats:Hammer On+1","ats:Childhood Dance+1","ats:Revitalization","ats:Explosion Area Strengthen","testmod-PowerStrike"],"picked":"SKIP","floor":46.0},{"not_picked":["ats:Powerful Strike","ats:Explosion Area Strengthen+1","ats:Beaten Up+1","ats:Assault Order","ats:Healing Strengthening+1"],"picked":"REME_BuildACard","floor":47.0},{"not_picked":["ats:Disruption Kick","ats:Apocalypse","ats:Flexible Camouflage+1","ats:Curse Doll+1","REME_ShortnessOfBreath+1"],"picked":"ats:Ignite+1","floor":54.0}],"player_experience":262817,"relics_obtained":[{"floor":1.0,"key":"SynthV:TestCard"},{"floor":7.0,"key":"ats:Originium"},{"floor":7.0,"key":"testmod-Muramasa"},{"floor":9.0,"key":"Divine Protection"},{"floor":11.0,"key":"ats:Originium"},{"floor":11.0,"key":"DianDianMeat"},{"floor":26.0,"key":"Matryoshka"},{"floor":27.0,"key":"ats:Originium"},{"floor":27.0,"key":"Orichalcum"},{"floor":34.0,"key":"Replay:Bandana"},{"floor":34.0,"key":"ats:Ability Aura"},{"floor":40.0,"key":"Eternal Feather"},{"floor":42.0,"key":"AT_EbonyIvory"},{"floor":43.0,"key":"ats:Hidden Killer"},{"floor":43.0,"key":"Omamori"},{"floor":47.0,"key":"AT_BellDemon"},{"floor":54.0,"key":"ats:Spiritual Recovery"},{"floor":54.0,"key":"Replay:Bottled Eggs"}],"event_choices":[{"damage_healed":0.0,"max_hp_gain":0.0,"max_hp_loss":0.0,"gold_gain":0.0,"event_name":"给自己的盒子","player_choice":"Ignored","floor":4.0,"gold_loss":0.0,"damage_taken":0.0},{"damage_healed":0.0,"max_hp_gain":0.0,"max_hp_loss":0.0,"gold_gain":0.0,"event_name":"Liars Game","player_choice":"Ignored","floor":14.0,"gold_loss":0.0,"damage_taken":0.0},{"damage_healed":0.0,"max_hp_gain":0.0,"max_hp_loss":0.0,"gold_gain":0.0,"event_name":"Ghosts","player_choice":"Ignored","floor":20.0,"gold_loss":0.0,"damage_taken":0.0},{"damage_healed":0.0,"max_hp_gain":0.0,"max_hp_loss":0.0,"gold_gain":0.0,"event_name":"Back to Basics","player_choice":"Simplicity","floor":21.0,"gold_loss":0.0,"damage_taken":0.0,"cards_upgraded":["ats:Strike C","ats:Strike G","ats:Strike S","ats:Defend","ats:Defend","ats:Defend"]},{"damage_healed":0.0,"max_hp_gain":0.0,"max_hp_loss":0.0,"gold_gain":400.0,"event_name":"恩洛斯的盘子","player_choice":"Sell","floor":36.0,"relics_lost":["AT_ATBox"],"gold_loss":0.0,"damage_taken":0.0},{"damage_healed":0.0,"max_hp_gain":0.0,"max_hp_loss":8.0,"gold_gain":0.0,"event_name":"Winding Halls","player_choice":"Max HP","floor":37.0,"gold_loss":0.0,"damage_taken":0.0},{"damage_healed":0.0,"max_hp_gain":0.0,"max_hp_loss":0.0,"gold_gain":0.0,"event_name":"Duplicator","player_choice":"Copied","floor":44.0,"gold_loss":0.0,"damage_taken":0.0,"cards_obtained":["ReplayTheSpireMod:Private Reserves"]}],"is_beta":false,"boss_relics":[{"not_picked":["testmod-BloodSacrificeSpiritualization","testmod-DeterminationOfClimber"],"picked":"testmod-CardMagician"},{"not_picked":["HaiYi:Twilight","ats:Sanity Plus"],"picked":"REME_LowDesire"}],"items_purged_floors":[5,19,22,48],"is_endless":false,"potions_floor_spawned":[3,11,18,24,29,31,35,40,42],"ascension_level":0}}