{"host":"wwy36mgtdouptwjr","time":1610283998,"event":{"mods":["AchievementEnabler","Aspiration","BaseMod","Better Third Choice","BetterRewards","Colored Map","Colored Powertips","Downfall","Hermit","Highlight Path","Hubris","Marisa????????","Minty Spire (QoL Compilation)","Replay The Spire","StSLib","Td1madao Mod","The Cursed","The Necromancer","The Servant 0.9.4"],"gold_per_floor":[111,121,132,151,162,192,192,224,251,266,266,266,279,305,305,409,409,384,384,403,420,420,420,450,450,450,450,463,463,463,494,494,494,494],"floor_reached":33,"playtime":4456,"items_purged":[],"score":347,"play_id":"43349ec9-c509-4143-8947-7628d769a26e","local_time":"20210110160638","is_ascension_mode":true,"campfire_choices":[{"data":"Fluid Movement","floor":7,"key":"SMITH"},{"floor":15,"key":"REST"},{"data":"Burst","floor":23,"key":"SMITH"},{"floor":25,"key":"REST"},{"floor":29,"key":"REST"},{"data":"A Thousand Cuts","floor":32,"key":"SMITH"},{"data":"Footwork","floor":32,"key":"SMITH"}],"circlet_count":0,"master_deck":["Defend_G+1","Defend_G+1","Defend_G+1","Defend_G+1","Defend_G+1","Survivor","Neutralize","Hidden Blade+1","Dash","Cloak And Dagger","Poisoned Stab","Fluid Movement+1","Burst+1","Backflip","Infinite Blades","Injury","Outmaneuver+1","Heel Hook","Storm of Steel+1","Quick Slash+1","Poisoned Stab","Sucker Punch+1","Dagger Spray+1","Footwork+1","Deflect+1","Bite","Bite","Bite","Bite","Bite","A Thousand Cuts+1"],"relics":["Ring of the Snake","aspiration:Nostalgia","Vampire_Amulet","Potion Belt","Art of War","hubris:TenFootPole","Toxic Egg 2","Regal Pillow","hubris:TerracottaHorce","Vajra","Replay:Kaleidoscope","aspiration:StickyExplosives_weak","Replay:Arrowhead"],"acts_visited":["Exordium","TheCity"],"potions_floor_usage":[6,6,8,14,24,33],"damage_taken":[{"damage":0,"enemies":"2 Louse","floor":1,"turns":3},{"damage":8,"enemies":"Jaw Worm","floor":2,"turns":3},{"damage":0,"enemies":"Small Slimes","floor":3,"turns":4},{"damage":5,"enemies":"Gremlin Gang","floor":4,"turns":9},{"damage":0,"enemies":"2 Fungi Beasts","floor":5,"turns":3},{"damage":7,"enemies":"Lagavulin","floor":6,"turns":8},{"damage":2,"enemies":"3 Sentries","floor":8,"turns":10},{"damage":0,"enemies":"Exordium Wildlife","floor":10,"turns":5},{"damage":2,"enemies":"3 Louse","floor":13,"turns":6},{"damage":39,"enemies":"Gremlin Nob","floor":14,"turns":6},{"damage":43,"enemies":"Hexaghost","floor":16,"turns":16},{"damage":3,"enemies":"2 Thieves","floor":18,"turns":5},{"damage":7,"enemies":"Chosen","floor":20,"turns":3},{"damage":34,"enemies":"Centurion and Healer","floor":21,"turns":7},{"damage":32,"enemies":"Gremlin Leader","floor":24,"turns":10},{"damage":33,"enemies":"Cultist and Chosen","floor":28,"turns":8},{"damage":37,"enemies":"Slavers","floor":31,"turns":7},{"damage":29,"enemies":"Collector","floor":33,"turns":2}],"seed_played":"-6320314555373378534","potions_obtained":[{"floor":3,"key":"FearPotion"},{"floor":4,"key":"SteroidPotion"},{"floor":5,"key":"Dexterity Potion"},{"floor":6,"key":"BlessingOfTheForge"},{"floor":16,"key":"Weak Potion"},{"floor":20,"key":"BlessingOfTheForge"},{"floor":28,"key":"Milkshake"}],"is_trial":false,"path_per_floor":["M","M","M","M","M","E","R","E","T","M","?","?","M","E","R","B",null,"M","?","M","M","T","R","E","R","T","?","M","R","?","E","R","B"],"character_chosen":"THE_SILENT","items_purchased":[],"campfire_rested":3,"item_purchase_floors":[],"current_hp_per_floor":[70,64,68,70,70,65,65,69,69,70,70,63,67,30,66,25,59,58,58,53,23,23,23,9,45,45,45,16,52,49,28,28,0,0],"gold":494,"neow_bonus":"NOSTALGIA","is_daily":false,"chose_seed":false,"campfire_upgraded":4,"win_rate":0.0,"timestamp":1610283998,"path_taken":["M","M","M","M","M","E","R","E","T","M","?","?","M","E","R","BOSS","M","?","M","M","?","R","E","R","T","?","?","R","?","E","R","BOSS"],"items_purchased_type":[],"build_version":"2020-12-22","purchased_purges":0,"victory":false,"max_hp_per_floor":[70,70,70,70,70,70,70,70,70,70,70,70,70,70,70,70,70,70,70,70,70,70,70,70,70,70,70,70,70,49,49,49,49,49],"card_choices":[{"not_picked":["Prepared","Blade Dance"],"picked":"Hidden Blade","floor":1},{"not_picked":["Skewer","hubris:Sniper"],"picked":"Dash","floor":2},{"not_picked":["Prepared","Slice"],"picked":"Cloak And Dagger","floor":3},{"not_picked":["Tactician","Deflect"],"picked":"Poisoned Stab","floor":4},{"not_picked":["Outmaneuver","Blade Dance"],"picked":"Fluid Movement","floor":5},{"not_picked":["Storm of Steel","ReplayTheSpireMod:Exploit Weakness"],"picked":"Burst","floor":6},{"not_picked":["ReplayTheSpireMod:Tripwire","hubris:Sniper"],"picked":"Backflip","floor":8},{"not_picked":["Endless Agony","Hidden Blade"],"picked":"Infinite Blades","floor":10},{"not_picked":["Quick Slash","PiercingWail+1"],"picked":"Outmaneuver+1","floor":13},{"not_picked":["Dagger Spray","Dagger Throw"],"picked":"Heel Hook","floor":14},{"not_picked":["ReplayTheSpireMod:From All Sides","Wraith Form v2"],"picked":"Storm of Steel+1","floor":16},{"not_picked":["Underhanded Strike","Replay:Poison Smokescreen+1"],"picked":"Quick Slash+1","floor":18},{"not_picked":["Dodge and Roll+1","Underhanded Strike"],"picked":"Poisoned Stab","floor":20},{"not_picked":["Die Die Die","Dash"],"picked":"Sucker Punch+1","floor":21},{"not_picked":["Blade Dance+1","Wraith Form v2"],"picked":"Dagger Spray+1","floor":24},{"not_picked":["Hidden Blade+1","Sucker Punch"],"picked":"Deflect+1","floor":28},{"not_picked":["Hidden Blade+1","Eviscerate"],"picked":"A Thousand Cuts","floor":31}],"player_experience":365048,"relics_obtained":[{"floor":6,"key":"Potion Belt"},{"floor":8,"key":"Art of War"},{"floor":9,"key":"hubris:TenFootPole"},{"floor":14,"key":"Regal Pillow"},{"floor":22,"key":"Vajra"},{"floor":24,"key":"Replay:Kaleidoscope"},{"floor":26,"key":"aspiration:StickyExplosives_weak"},{"floor":31,"key":"Replay:Arrowhead"}],"event_choices":[{"damage_healed":70,"gold_gain":0,"player_choice":"Upgrade","damage_taken":14,"max_hp_gain":0,"max_hp_loss":70,"event_name":"betterThird:BetterShining","floor":12,"gold_loss":0,"cards_upgraded":["Hidden Blade","Defend_G"]},{"damage_healed":0,"gold_gain":0,"player_choice":"Simplicity","damage_taken":0,"max_hp_gain":0,"max_hp_loss":9,"event_name":"betterThird:BetterWriting","floor":19,"gold_loss":0},{"damage_healed":0,"gold_gain":0,"player_choice":"Became a vampire","damage_taken":0,"max_hp_gain":0,"max_hp_loss":21,"event_name":"Vampires","floor":30,"gold_loss":0,"cards_obtained":["Bite","Bite","Bite","Bite","Bite"]}],"is_beta":false,"boss_relics":[{"not_picked":["Tiny House","Busted Crown"],"picked":"hubris:TerracottaHorce"}],"items_purged_floors":[],"is_endless":false,"potions_floor_spawned":[3,4,5,6,16,20,28],"killed_by":"Collector","ascension_level":1}}