{"host":"ne0yiqbtx1vmhgo0","time":1610254184,"event":{"mods":["BaseMod","Colored Map","Downfall","Marisa£®ÏF”Í°°ƒß¿Ì…≥£©","Minty Spire (QoL Compilation)","Replay The Spire","StSLib","The Bug Knight","The Construct","The Cursed","The Dragon Tamer","The Marked","The Runesmith","The Servant 0.9.4","UnlockEverythingMod"],"gold_per_floor":[99,99,305,305,29,29,84,9,46,70,97,97,134,134,134],"floor_reached":14,"playtime":908,"items_purged":["construct:Defend_Gold"],"score":86,"play_id":"7835d5c4-9f14-4947-85f3-c71430f4dc88","local_time":"20210110124944","is_ascension_mode":false,"campfire_choices":[{"floor":1,"key":"RECALL"},{"data":"Transmutation","floor":8,"key":"SMITH"},{"floor":12,"key":"REST"}],"circlet_count":0,"master_deck":["construct:Strike_Gold","construct:Strike_Gold","construct:Strike_Gold","construct:Strike_Gold","construct:Strike_Gold","construct:Defend_Gold","construct:Defend_Gold","construct:Defend_Gold","construct:Defend_Gold","construct:AttackMode","construct:DefenseMode","construct:Enhance","construct:Backup","construct:PointDefense","Transmutation+1","Secret Weapon","Sadistic Nature","construct:ClusterMines","construct:Autoturret","construct:Autoturret","construct:BatteryCore"],"relics":["construct:Cogwheel","downfall:HeartsMalice","HollowMod:PaleOreRelic","ReplayTheSpireMod:ShopPack","Replay:Bandana","downfall:HeartBlessingRed","Blood Vial"],"acts_visited":["Exordium"],"potions_floor_usage":[11],"damage_taken":[{"damage":0,"enemies":"Cultist","floor":4,"turns":1},{"damage":0,"enemies":"downfall:FleeingMerchant","floor":5,"turns":1},{"damage":0,"enemies":"2 Louse","floor":6,"turns":1},{"damage":38,"enemies":"Gremlin Nob","floor":9,"turns":5},{"damage":3,"enemies":"Small Slimes","floor":10,"turns":4},{"damage":14,"enemies":"3 Louse","floor":11,"turns":4},{"damage":8,"enemies":"Large Slime","floor":13,"turns":5},{"damage":28,"enemies":"Lagavulin","floor":14,"turns":5}],"seed_played":"5918474808217601390","potions_obtained":[{"floor":9,"key":"Fire Potion"},{"floor":10,"key":"Swift Potion"},{"floor":11,"key":"EntropicBrew"},{"floor":13,"key":"DistilledChaos"}],"is_trial":false,"path_per_floor":["R","?","?","M","$","M","T","R","E","M","M","R","M","E"],"character_chosen":"THE_CONSTRUCT_MOD","items_purchased":["ReplayTheSpireMod:ShopPack","construct:PointDefense"],"campfire_rested":1,"item_purchase_floors":[5,5],"current_hp_per_floor":[85,82,48,48,48,48,48,48,20,19,7,32,26,0,0],"gold":134,"neow_bonus":"THREE_ENEMY_KILL","is_daily":false,"chose_seed":false,"campfire_upgraded":1,"win_rate":0.0,"timestamp":1610254184,"path_taken":["R","?","?","M","$","M","T","R","E","M","M","R","M","E"],"items_purchased_type":["Relic","Card"],"build_version":"2020-12-22","purchased_purges":1,"victory":false,"max_hp_per_floor":[85,85,85,85,85,85,85,85,85,85,85,85,85,85,85],"card_choices":[{"not_picked":["construct:Zapper","construct:ModeShift"],"picked":"construct:Enhance","floor":4},{"not_picked":["construct:ElectricArmor","construct:Anticipate"],"picked":"construct:Backup","floor":5},{"not_picked":["expansioncontent:QuickStudy","Chrysalis"],"picked":"Transmutation","floor":5},{"not_picked":["expansioncontent:FaceSlap","Discovery"],"picked":"Secret Weapon","floor":5},{"not_picked":["Replay:BasicMightCard","Dark Shackles"],"picked":"Sadistic Nature","floor":5},{"not_picked":["construct:Versatility","construct:SyphonStrike"],"picked":"construct:ClusterMines","floor":6},{"not_picked":["construct:Missile","construct:Stasis"],"picked":"construct:Autoturret","floor":9},{"not_picked":["construct:CripplingShot","construct:SweepLaser","construct:Stasis"],"picked":"SKIP","floor":10},{"not_picked":["construct:Forcefield","construct:SyphonStrike"],"picked":"construct:Autoturret","floor":11},{"not_picked":["construct:Antimatter","construct:SaveState"],"picked":"construct:BatteryCore","floor":13}],"player_experience":33088,"relics_obtained":[{"floor":7,"key":"Replay:Bandana"},{"floor":9,"key":"Blood Vial"}],"event_choices":[{"damage_healed":0,"gold_gain":0,"player_choice":"Success","damage_taken":3,"relics_obtained":["HollowMod:PaleOreRelic"],"max_hp_gain":0,"max_hp_loss":0,"event_name":"Scrap Ooze","floor":2,"gold_loss":0}],"is_beta":false,"boss_relics":[],"items_purged_floors":[5],"is_endless":false,"potions_floor_spawned":[9,10,11,13],"killed_by":"Lagavulin","ascension_level":0}}