{"host":"me6mz5vfpl3z3a3z","time":1610282048,"event":{"mods":["Act Like it!","Aspiration","BaseMod","CapriCore","Downfall","Friendly Minions","Gensokyo","Hallownest","Koishi","Luminous","Marisa£¨ìFÓê¡¡Ä§ÀíÉ³£©","Minty Spire (QoL Compilation)","Reimu£¨²©ÀöÁéÃÎ£©","RumiaBox-Â¶Ã×æ«µÄÉñÃØºÐ×Ó","Spicy Shops","StSLib","The Alterego","The Bug Knight","The Gatherer","The Runesmith","The Showman","Yakumo Yukari mod","Yuyuko","[IsaacMod]ÒÔÈö¼âËþ","¡¾¹¦ÄÜMod¡¿»ìãçÖ®»·ÐÞ¸´²¹¶¡"],"gold_per_floor":[99,99,99,99,199,218,218,218,236,252,270,13,463,463,477,578,578,578,578,578],"floor_reached":19,"playtime":2412,"items_purged":[],"score":180,"play_id":"86f0b356-7ae5-450c-884a-98323512465c","local_time":"20210110203408","is_ascension_mode":false,"campfire_choices":[{"floor":1,"key":"REST"},{"data":"Death Dancing","floor":8,"key":"SMITH"},{"data":"Phantom Butterflies","floor":18,"key":"SMITH"}],"circlet_count":0,"master_deck":["Fantasy Butterflies","Fantasy Butterflies","Fantasy Butterflies","Fantasy Butterflies","Fantasy Butterflies","Dreamy Sakura","Dreamy Sakura","Dreamy Sakura","Dreamy Sakura","Dreamy Sakura","Deathly Ground","Faramita\u0027s Temptation","Death Dancing+1","Gauzy Sakura","Living to Die","Unborn Light","Ghostdom Sakura","Dancing Butterflies","Elegance","Slimebound:Icky","Slimebound:Icky","Slimebound:Icky","Phantom Butterflies+1"],"relics":["Coronal","Yuyuko\u0027s fan","HushsDoor","GuppysTail","downfall:HeartsMalice","Toy Ornithopter","MoreBug","Matryoshka","Omamori","aspiration:SilentSkillbook"],"acts_visited":["Exordium","TheCity"],"potions_floor_usage":[6,9,16,16,16],"damage_taken":[{"damage":1,"enemies":"2 Louse","floor":2,"turns":1},{"damage":1,"enemies":"Cultist","floor":3,"turns":1},{"damage":1,"enemies":"Small Slimes","floor":4,"turns":1},{"damage":249,"enemies":"downfall:LadyInBlue","floor":5,"turns":20},{"damage":8,"enemies":"3 Louse","floor":6,"turns":3},{"damage":18,"enemies":"Exordium Thugs","floor":9,"turns":3},{"damage":34,"enemies":"Blue Slaver","floor":10,"turns":5},{"damage":8,"enemies":"Exordium Wildlife","floor":11,"turns":3},{"damage":5,"enemies":"downfall:FleeingMerchant","floor":12,"turns":4},{"damage":27,"enemies":"Exordium Thugs","floor":15,"turns":4},{"damage":77,"enemies":"downfall:Ironclad","floor":16,"turns":10},{"damage":0,"enemies":"Chosen","floor":19,"turns":1}],"seed_played":"4543001795592041973","potions_obtained":[{"floor":5,"key":"AttackPotion"},{"floor":5,"key":"Fire Potion"},{"floor":5,"key":"SpeedPotion"},{"floor":9,"key":"FearPotion"},{"floor":15,"key":"champ:CounterPotion"},{"floor":16,"key":"Swift Potion"}],"is_trial":false,"path_per_floor":["R","M","M","M","?","M","T","R","M","M","M","$","?","?","M","B",null,"R","M"],"character_chosen":"YUYOKO","items_purchased":["Matryoshka"],"campfire_rested":1,"item_purchase_floors":[12],"current_hp_per_floor":[40,39,38,37,1,11,11,11,24,35,37,36,36,21,15,18,40,40,40,40],"gold":578,"neow_bonus":"THREE_ENEMY_KILL","is_daily":false,"chose_seed":false,"campfire_upgraded":2,"win_rate":0.0,"timestamp":1610282048,"path_taken":["R","M","M","M","?","M","T","R","M","M","M","$","?","?","M","BOSS","R","M"],"items_purchased_type":["Relic"],"build_version":"2020-12-22","purchased_purges":0,"victory":false,"max_hp_per_floor":[40,40,40,40,40,40,40,40,40,40,40,40,40,40,40,40,40,40,40,40],"card_choices":[{"not_picked":["All Wander","Bomb"],"picked":"Death Dancing","floor":2},{"not_picked":["Dark Wind","Stifle"],"picked":"Gauzy Sakura","floor":3},{"not_picked":["Unknown Petal","Serene Spring"],"picked":"Living to Die","floor":4},{"not_picked":["Butterflies Rainbow","Sweet of Phantom"],"picked":"Unborn Light","floor":5},{"not_picked":["Reverse The Screen","Gauzy Sakura"],"picked":"Ghostdom Sakura","floor":6},{"not_picked":["End of Faramita","Showy Withering"],"picked":"Dancing Butterflies","floor":9},{"not_picked":["End of Faramita","Fondling of Papilio","All Wander"],"picked":"SKIP","floor":10},{"not_picked":["Ghost Lead","Infinite Sin"],"picked":"Elegance","floor":11},{"not_picked":["Serene Spring","Unpaved Way","Dark Wind"],"picked":"SKIP","floor":12},{"not_picked":["Redemption of Death","Full Moon"],"picked":"Phantom Butterflies","floor":15}],"player_experience":418910,"relics_obtained":[{"floor":5,"key":"Toy Ornithopter"},{"floor":7,"key":"MoreBug"}],"event_choices":[],"is_beta":false,"boss_relics":[{"not_picked":["Pandora\u0027s Box","ChampionBelt"],"picked":"aspiration:SilentSkillbook"},{"not_picked":[]}],"items_purged_floors":[],"is_endless":false,"potions_floor_spawned":[5,9,15,16],"killed_by":"Chosen","ascension_level":0}}