{"host":"ig7tc0uedzltt2sr","time":1610241878,"event":{"mods":["BaseMod","Better Twitch Integration","Block Reminder","Colored Map","Colored Powertips","Communication Mod","Current Relic Mod","GifTheSpireLib","HexUI Lib","Minty Spire (QoL Compilation)","Quick Restart","Random Character Button","Rare Cards Sparkle","Relic Sorter","Relic Stats","Slay the Relics Exporter","StSLib","SuperFastMode","Synergy Search","Twitch Decklist","Twitch Utils","everything is the same but u backflip on backflip","slay the spire mod where everything is the same but ironclad has a cowboy hat"],"gold_per_floor":[113,128,145,155,173,173,173,173],"floor_reached":7,"playtime":39,"items_purged":[],"score":45,"play_id":"f6b94661-37f0-4ab2-83be-dde8813ea240","local_time":"20210109172438","is_ascension_mode":false,"campfire_choices":[{"data":"Strike_R","floor":6,"key":"SMITH"}],"circlet_count":0,"master_deck":["Strike_R+1","Strike_R","Strike_R","Strike_R","Strike_R","Defend_R","Defend_R","Defend_R","Defend_R","Bash","Warcry"],"relics":["Burning Blood","NeowsBlessing"],"acts_visited":["Exordium"],"potions_floor_usage":[],"damage_taken":[{"damage":0,"enemies":"2 Louse","floor":1,"turns":1},{"damage":0,"enemies":"Jaw Worm","floor":2,"turns":1},{"damage":3,"enemies":"Small Slimes","floor":3,"turns":2},{"damage":26,"enemies":"2 Fungi Beasts","floor":4,"turns":4},{"damage":59,"enemies":"Gremlin Gang","floor":5,"turns":7},{"damage":18,"enemies":"Lagavulin","floor":7,"turns":3}],"seed_played":"7529658541277634330","potions_obtained":[{"floor":3,"key":"Strength Potion"},{"floor":4,"key":"Weak Potion"},{"floor":5,"key":"Ancient Potion"}],"is_trial":false,"path_per_floor":["M","M","M","M","M","R","E"],"character_chosen":"IRONCLAD","items_purchased":[],"campfire_rested":0,"item_purchase_floors":[],"current_hp_per_floor":[80,80,80,60,7,7,0,0],"gold":173,"neow_bonus":"THREE_ENEMY_KILL","is_daily":false,"chose_seed":false,"campfire_upgraded":1,"win_rate":0.0,"timestamp":1610241878,"path_taken":["M","M","M","M","M","R","E"],"items_purchased_type":[],"build_version":"2020-12-22","purchased_purges":0,"victory":false,"max_hp_per_floor":[80,80,80,80,80,80,80,80],"relic_stats":{"counters":[6,18],"obtain_stats":[{"NeowsBlessing":0,"Burning Blood":0},{"NeowsBlessing":0,"Burning Blood":0},{"NeowsBlessing":0,"Burning Blood":0}],"Burning Blood":15},"card_choices":[{"not_picked":["Headbutt","Wild Strike","Power Through"],"picked":"SKIP","floor":1},{"not_picked":["Clothesline","Havoc","Sword Boomerang"],"picked":"SKIP","floor":2},{"not_picked":["Ghostly Armor","Shrug It Off","True Grit"],"picked":"SKIP","floor":3},{"not_picked":["Inflame","Armaments","Wild Strike"],"picked":"SKIP","floor":4},{"not_picked":["Evolve","Entrench"],"picked":"Warcry","floor":5}],"player_experience":1479127,"relics_obtained":[],"event_choices":[],"is_beta":false,"boss_relics":[],"items_purged_floors":[],"is_endless":false,"potions_floor_spawned":[3,4,5],"killed_by":"Lagavulin","ascension_level":0}}