{"host":"1183f001whnzd7mj","time":1610238110,"event":{"mods":["AchievementEnabler","BaseMod","Beaked The Cultist","BetterRewards","Conspire","Downfall","Friendly Minions","Highlight Path","Infinite Spire","Mimic Mod","Minty Spire (QoL Compilation)","Permanent Neow","Quick Restart","Replay The Spire","Shop Mod","StSLib","The Bug Knight","The Mystic"],"gold_per_floor":[113,123,123,135,155,155,110,110,110,128,128,145,145,34,34,138,138,151,165,65,75,75,75],"floor_reached":22,"playtime":1186,"items_purged":["mysticmod:Strike_Mystic","mysticmod:Defend_Mystic"],"score":178,"play_id":"4755a926-a937-49b1-a8ee-30ab43e23058","local_time":"20210110002150","is_ascension_mode":false,"campfire_choices":[{"data":"mysticmod:Momentum","floor":6,"key":"SMITH"},{"data":"mysticmod:TomeOfSpells","floor":8,"key":"SMITH"},{"data":"mysticmod:Sideswipe","floor":11,"key":"SMITH"},{"data":"mysticmod:Discipline","floor":13,"key":"SMITH"},{"data":"mysticmod:BladedDash","floor":15,"key":"SMITH"}],"circlet_count":0,"master_deck":["mysticmod:Strike_Mystic","mysticmod:Strike_Mystic","mysticmod:Defend_Mystic","mysticmod:Defend_Mystic","mysticmod:Defend_Mystic","mysticmod:ArcaneDodge","mysticmod:ShockingGrasp","mysticmod:Fly","mysticmod:Momentum+1","mysticmod:LightningBolt","mysticmod:TomeOfSpells+1","mysticmod:PowerSlash","mysticmod:Sideswipe+1","mysticmod:Discipline+1","mysticmod:BladedDash+1","mysticmod:Spellstrike","mysticmod:PowerSlash","mysticmod:CureLightWounds"],"relics":["mysticmod:SpellBook","Unceasing Top","mysticmod:DeckOfManyThings"],"acts_visited":["Exordium","TheCity"],"potions_floor_usage":[16,21,21],"damage_taken":[{"damage":0,"enemies":"conspire:RoseBush","floor":1,"turns":3},{"damage":0,"enemies":"Cultist","floor":2,"turns":5},{"damage":18,"enemies":"infinitespire:Voidling","floor":4,"turns":6},{"damage":5,"enemies":"2 Fungi Beasts","floor":5,"turns":6},{"damage":10,"enemies":"Looter","floor":7,"turns":5},{"damage":19,"enemies":"Blue Slaver","floor":10,"turns":3},{"damage":9,"enemies":"conspire:2 RoseBushes","floor":12,"turns":5},{"damage":13,"enemies":"Fading Forest","floor":16,"turns":11},{"damage":18,"enemies":"Chosen","floor":18,"turns":5},{"damage":33,"enemies":"conspire:FuzzyDice","floor":19,"turns":7},{"damage":22,"enemies":"Snecko","floor":21,"turns":5},{"damage":18,"enemies":"Centurion and Healer","floor":22,"turns":2}],"seed_played":"-7075788198300405078","potions_obtained":[{"floor":1,"key":"SteroidPotion"},{"floor":10,"key":"SkillPotion"},{"floor":12,"key":"Swift Potion"},{"floor":16,"key":"Fire Potion"},{"floor":21,"key":"Fruit Juice"}],"is_trial":false,"path_per_floor":["M","M","?","M","M","R","M","R","T","M","R","M","R","$","R","B",null,"M","M","$","M","M"],"character_chosen":"MYSTIC_CLASS","items_purchased":["mysticmod:BladedDash"],"campfire_rested":0,"item_purchase_floors":[14],"current_hp_per_floor":[77,77,77,66,61,61,51,51,51,32,32,23,23,23,23,20,77,59,26,26,9,0,0],"gold":75,"neow_bonus":"RANDOM_EVENT","is_daily":false,"chose_seed":false,"campfire_upgraded":5,"win_rate":0.0,"timestamp":1610238110,"path_taken":["M","M","?","M","M","R","?","R","T","M","R","M","R","$","R","BOSS","M","M","$","M","M"],"items_purchased_type":["Card"],"build_version":"2020-12-22","purchased_purges":2,"victory":false,"max_hp_per_floor":[77,77,77,77,77,77,77,77,77,77,77,77,77,77,77,77,77,77,77,77,82,82,82],"card_choices":[{"not_picked":["mysticmod:Riposte","mysticmod:BulkUp"],"picked":"mysticmod:Fly","floor":1},{"not_picked":["mysticmod:BulkUp","mysticmod:Daze"],"picked":"mysticmod:Momentum","floor":2},{"not_picked":["mysticmod:Grapple","mysticmod:IllusionOfCalm"],"picked":"mysticmod:LightningBolt","floor":4},{"not_picked":["mysticmod:ComponentsPouch","mysticmod:CureLightWounds"],"picked":"mysticmod:TomeOfSpells","floor":5},{"not_picked":["mysticmod:Snowball","mysticmod:StyleChange"],"picked":"mysticmod:PowerSlash","floor":7},{"not_picked":["mysticmod:LightningBolt","mysticmod:Feint"],"picked":"mysticmod:Sideswipe","floor":10},{"not_picked":["mysticmod:PureInstinct","mysticmod:SuddenClarity"],"picked":"mysticmod:Discipline","floor":12},{"not_picked":["mysticmod:ObscuringMist","mysticmod:ClosingBarrage"],"picked":"mysticmod:Spellstrike","floor":16},{"not_picked":["mysticmod:SuddenClarity","mysticmod:Sideswipe+1","mysticmod:PunishingArmor+1"],"picked":"SKIP","floor":18},{"not_picked":["mysticmod:Alacrity","mysticmod:ChargedParry"],"picked":"mysticmod:PowerSlash","floor":19},{"not_picked":["mysticmod:MightyMagic","mysticmod:Feint"],"picked":"mysticmod:CureLightWounds","floor":21}],"player_experience":104970,"relics_obtained":[],"event_choices":[{"cards_removed":["mysticmod:Strike_Mystic"],"damage_healed":0,"gold_gain":0,"player_choice":"Forget","damage_taken":0,"max_hp_gain":0,"max_hp_loss":0,"event_name":"Living Wall","floor":0,"gold_loss":0},{"damage_healed":0,"gold_gain":0,"player_choice":"Gave Potion","damage_taken":0,"relics_obtained":["Unceasing Top"],"max_hp_gain":0,"max_hp_loss":0,"event_name":"WeMeetAgain","floor":3,"gold_loss":0}],"is_beta":false,"boss_relics":[{"not_picked":["Tiny House","beaked:SacredDeck"],"picked":"mysticmod:DeckOfManyThings"}],"items_purged_floors":[14,20],"is_endless":false,"potions_floor_spawned":[1,10,12,16,21],"killed_by":"Centurion and Healer","ascension_level":0}}