{"host":"rz01j32460kf2mtw","time":1610258065,"event":{"mods":["BaseMod","Downfall","Minty Spire (QoL Compilation)","Quick Restart","StSLib"],"gold_per_floor":[99,109,123,139,139,151,178,197,197,197],"floor_reached":9,"playtime":486,"items_purged":[],"score":55,"play_id":"cf36430a-ceba-4989-aa16-940241158a19","local_time":"20210109225425","is_ascension_mode":false,"campfire_choices":[{"data":"bronze:Replicate","floor":1,"key":"SMITH"}],"circlet_count":0,"master_deck":["bronze:Strike","bronze:Strike","bronze:Defend","bronze:Defend","bronze:Defend","bronze:Defend","bronze:Replicate+1","bronze:Goto","bronze:ShipIt","bronze:ItsAFeature","bronze:Optimize","bronze:ClassDefault","bronze:GetLatest"],"relics":["bronze:BronzeCore","Oddly Smooth Stone"],"acts_visited":["Exordium"],"potions_floor_usage":[8,9,9],"damage_taken":[{"damage":5,"enemies":"Cultist","floor":2,"turns":4},{"damage":6,"enemies":"2 Louse","floor":3,"turns":2},{"damage":6,"enemies":"Jaw Worm","floor":4,"turns":4},{"damage":14,"enemies":"3 Louse","floor":6,"turns":4},{"damage":23,"enemies":"Exordium Wildlife","floor":8,"turns":8},{"damage":8,"enemies":"Gremlin Nob","floor":9,"turns":3}],"seed_played":"-328088141500261974","potions_obtained":[{"floor":2,"key":"PowerPotion"},{"floor":3,"key":"sneckomod:MuddlingPotion"},{"floor":6,"key":"SneckoOil"}],"is_trial":false,"path_per_floor":["R","M","M","M","?","M","T","M","E"],"character_chosen":"THE_AUTOMATON","items_purchased":[],"campfire_rested":0,"item_purchase_floors":[],"current_hp_per_floor":[70,65,59,53,53,39,39,16,8,8],"gold":197,"neow_bonus":"TRANSFORM_CARD","is_daily":false,"chose_seed":false,"campfire_upgraded":1,"win_rate":0.0,"timestamp":1610258065,"path_taken":["R","M","?","?","?","M","T","M","E"],"items_purchased_type":[],"build_version":"2020-12-22","purchased_purges":0,"victory":false,"max_hp_per_floor":[70,70,70,70,70,70,70,70,70,70],"card_choices":[{"not_picked":["bronze:ClassDefault","bronze:NullPointer"],"picked":"bronze:ItsAFeature","floor":2},{"not_picked":["bronze:DelayedGuard","bronze:FollowUp","bronze:Turbo"],"picked":"SKIP","floor":3},{"not_picked":["bronze:Constructor","bronze:Backtrace"],"picked":"bronze:Optimize","floor":4},{"not_picked":["bronze:DarkDash","bronze:DelayedSlice"],"picked":"bronze:ClassDefault","floor":6},{"not_picked":["bronze:Boost","bronze:Philosophize"],"picked":"bronze:GetLatest","floor":8}],"player_experience":884093,"relics_obtained":[{"floor":7,"key":"Oddly Smooth Stone"}],"event_choices":[{"cards_removed":["bronze:Strike"],"damage_healed":0,"gold_gain":0,"player_choice":"Card Removal","damage_taken":0,"max_hp_gain":0,"max_hp_loss":0,"event_name":"Wheel of Change","floor":5,"gold_loss":0}],"is_beta":false,"boss_relics":[],"items_purged_floors":[],"is_endless":false,"potions_floor_spawned":[2,3,6],"killed_by":"Gremlin Nob","ascension_level":0}}