{"host":"z9811rt50ti81n54","time":1610278847,"event":{"mods":["BaseMod","Better Match","Better Sensory Stone","Better Skull","Better Third Choice","Minty Spire (QoL Compilation)","Permanent Neow","StSLib","SuperFastMode"],"gold_per_floor":[115,115,127,127,142,142,172,186,186,186,218,218,230,248,248,349,399,399],"floor_reached":17,"playtime":459,"items_purged":[],"score":167,"play_id":"81c61c06-2315-423c-8861-bd2a17da8d7a","local_time":"20210110204047","is_ascension_mode":false,"campfire_choices":[{"data":"Caltrops","floor":6,"key":"SMITH"},{"data":"Neutralize","floor":10,"key":"SMITH"},{"floor":15,"key":"REST"}],"circlet_count":0,"master_deck":["Strike_G","Strike_G","Strike_G","Strike_G","Defend_G","Defend_G","Defend_G","Defend_G","Survivor","Neutralize+1","Catalyst","Catalyst","Caltrops+1","Cloak And Dagger","Blade Dance+1","Die Die Die","Expertise","Terror","Dagger Throw","Envenom","Deadly Poison"],"relics":["Runic Dome","Potion Belt","Art of War","InkBottle","Tiny House"],"acts_visited":["Exordium","TheCity"],"potions_floor_usage":[7,16],"damage_taken":[{"damage":1,"enemies":"Cultist","floor":1,"turns":5},{"damage":2,"enemies":"2 Louse","floor":3,"turns":3},{"damage":0,"enemies":"Small Slimes","floor":5,"turns":3},{"damage":13,"enemies":"Lagavulin","floor":7,"turns":10},{"damage":22,"enemies":"Exordium Thugs","floor":8,"turns":5},{"damage":25,"enemies":"3 Sentries","floor":11,"turns":9},{"damage":0,"enemies":"Blue Slaver","floor":13,"turns":3},{"damage":0,"enemies":"Looter","floor":14,"turns":3},{"damage":11,"enemies":"Hexaghost","floor":16,"turns":8}],"seed_played":"7133598043786799799","potions_obtained":[{"floor":1,"key":"Energy Potion"},{"floor":5,"key":"Dexterity Potion"},{"floor":13,"key":"SkillPotion"},{"floor":14,"key":"EssenceOfSteel"},{"floor":17,"key":"Regen Potion"}],"is_trial":false,"path_per_floor":["M","?","M","?","M","R","E","M","T","R","E","?","M","M","R","B",null],"character_chosen":"THE_SILENT","items_purchased":[],"campfire_rested":1,"item_purchase_floors":[],"current_hp_per_floor":[69,62,60,65,65,65,52,30,30,30,5,5,5,5,27,16,80,80],"gold":399,"neow_bonus":"BOSS_RELIC","is_daily":false,"chose_seed":false,"campfire_upgraded":2,"win_rate":0.0,"timestamp":1610278847,"path_taken":["M","?","M","?","M","R","E","M","T","R","E","?","?","M","R","BOSS"],"items_purchased_type":[],"build_version":"2020-12-22","purchased_purges":0,"victory":false,"max_hp_per_floor":[70,70,70,75,75,75,75,75,75,75,75,75,75,75,75,75,80,80],"card_choices":[{"not_picked":["Masterful Stab","Expertise"],"picked":"Catalyst","floor":1},{"not_picked":["Quick Slash","Slice"],"picked":"Catalyst","floor":3},{"not_picked":["Prepared","Acrobatics"],"picked":"Caltrops","floor":5},{"not_picked":["Bane","Finisher"],"picked":"Cloak And Dagger","floor":7},{"not_picked":["Slice","Flying Knee"],"picked":"Blade Dance","floor":8},{"not_picked":["Cloak And Dagger","Accuracy"],"picked":"Die Die Die","floor":11},{"not_picked":["Dodge and Roll","Concentrate"],"picked":"Terror","floor":13},{"not_picked":["PiercingWail","Slice"],"picked":"Dagger Throw","floor":14},{"not_picked":["Glass Knife","Adrenaline"],"picked":"Envenom","floor":16},{"not_picked":["Flying Knee","Quick Slash"],"picked":"Deadly Poison","floor":17}],"player_experience":359742,"relics_obtained":[{"floor":7,"key":"Potion Belt"},{"floor":9,"key":"Art of War"},{"floor":11,"key":"InkBottle"}],"event_choices":[{"cards_removed":["Defend_G"],"damage_healed":0,"gold_gain":0,"player_choice":"Card Removal","damage_taken":7,"max_hp_gain":0,"max_hp_loss":0,"event_name":"Golden Wing","floor":2,"gold_loss":0},{"damage_healed":0,"gold_gain":0,"player_choice":"Donut","damage_taken":0,"max_hp_gain":5,"max_hp_loss":0,"event_name":"Big Fish","floor":4,"gold_loss":0},{"damage_healed":0,"gold_gain":0,"cards_transformed":["Strike_G"],"player_choice":"Transformed","damage_taken":0,"max_hp_gain":0,"max_hp_loss":0,"event_name":"Transmorgrifier","floor":12,"gold_loss":0,"cards_obtained":["Expertise"]}],"is_beta":false,"boss_relics":[{"not_picked":["Ectoplasm","Busted Crown"],"picked":"Tiny House"}],"items_purged_floors":[],"is_endless":false,"potions_floor_spawned":[1,5,13,14],"ascension_level":0}}