{"host":"s0ikvqhe10eopvjn","time":1610295494,"event":{"mods":["Act Like it!","Bard","BaseMod","Better Third Choice","Block Reminder","Colored Map","Colored Powertips","DeckTracker","Downfall","GifTheSpireLib","Halation","Hallownest","Hermit","Highlight Path","Hubris","Infinite Spire","Mad Scientist","Minty Spire (QoL Compilation)","Permanent Neow","Random Character Button","Replay The Spire","StSLib","The Blackbeard","The Blue Laboratory","The Bug Knight","The Construct","The Cursed","The Disciple","The Hierophant","The Marked","The Mystic","The Necromancer","The Poker Player","The Runesmith","The Servant 0.9.4"],"gold_per_floor":[99,99,149,161,323,361,373,385,247,91,127,149,188,188,208,316,316,241,263,331,331,352,29,29,29,50,50,86,86,119,157,200,329,329,329,371,371,371,371,371,371,371,371,371,371,371,371,371,371,371,371,371,371,371,371,371,371,371,371,371,371,371,371,371,371,371,371,371,371,371,371,371,371,371,371,371,371,371,371,371,371,371,371,371,371,371,371,371,371,371,371,371,371,371,371,371,371,371,371,371,371,371,371,371,371,371,371,371,371,371,371,371,371,371,371,371,371,371,371,371,371],"floor_reached":36,"playtime":2803,"items_purged":["hubris:Lust","sneckomod:Bewildered"],"score":832,"play_id":"4adf1dac-84de-47c7-bd29-133a756c2e48","local_time":"20210110161814","is_ascension_mode":false,"campfire_choices":[{"floor":1.0,"key":"RECALL"},{"data":"sneckomod:TailWhip","floor":9.0,"key":"SMITH"},{"data":"sneckomod:SnekBeam","floor":18.0,"key":"SMITH"},{"data":"sneckomod:SnakeSap","floor":25.0,"key":"SMITH"},{"data":"sneckomod:Restock","floor":27.0,"key":"SMITH"},{"data":"sneckomod:SnekBeam","floor":35,"key":"SMITH"}],"circlet_count":0,"master_deck":["HollowMod:LifebloodCore+1","sneckomod:Strike","sneckomod:Strike","sneckomod:Strike+1","sneckomod:Defend","sneckomod:Defend","sneckomod:Defend","sneckomod:TailWhip+1","sneckomod:SnekBite+1","sneckomod:Unknown","sneckomod:Unknown","sneckomod:UnknownWeak+1","Hallucinations","Slimebound:Icky","sneckomod:UnknownClassBLUE","sneckomod:UnknownBlock","hubris:Greed","sneckomod:MorePower","sneckomod:SnakeSap+1","sneckomod:Unknown0Cost+1","sneckomod:SnekBeam+1","sneckomod:Restock+1","sneckomod:UnknownRareAttack+1","sneckomod:Nope","ReplayTheSpireMod:IOU","sneckomod:UnknownRareSkill","sneckomod:UnknownClassRED","Parasite","sneckomod:UnknownBlock","sneckomod:UnknownClassGUARDIAN","sneckomod:Unknown1Cost+1","sneckomod:UnknownUncommonPower","sneckomod:UnknownUncommonPower","sneckomod:UnknownUncommonPower","hubris:Greed","sneckomod:UnknownRareAttack+1","hubris:Greed","sneckomod:UnknownBlock+1","hubris:Greed","sneckomod:SnekBeam+1","Writhe","sneckomod:ImprovisedGuard","hubris:Greed","hubris:Greed","sneckomod:UnknownVulnerable","sneckomod:UnknownDexterity+1","hubris:Wrath","sneckomod:Unknown3Cost","hubris:Lust","hubris:Gluttony","hubris:Lust","hubris:Lust","hubris:Lust","hubris:Lust","hubris:Lust","hubris:Lust","hubris:Lust","hubris:Lust","hubris:Lust","hubris:Lust","hubris:Lust","hubris:Lust","hubris:Lust","hubris:Lust","hubris:Lust","hubris:Lust","hubris:Lust","hubris:Lust","hubris:Lust","hubris:Lust","hubris:Lust","hubris:Lust","hubris:Lust","hubris:Lust","hubris:Lust","hubris:Lust","hubris:Lust","hubris:Lust","hubris:Lust","hubris:Lust","hubris:Lust","hubris:Lust","hubris:Lust","hubris:Lust","hubris:Lust","hubris:Lust","hubris:Lust","hubris:Lust","hubris:Lust","hubris:Lust","hubris:Lust","hubris:Lust","hubris:Lust","hubris:Lust","hubris:Lust","hubris:Lust","hubris:Lust","hubris:Lust","hubris:Lust"],"relics":["sneckomod:SneckoSoul","downfall:HeartsMalice","Ring of Greed","MawBank","MealTicket","Ring of Fury","Runesmith:Locket","downfall:HeartBlessingRed","downfall:HeartBlessingBlue","Ancient Tea Set","Blood Vial","hubris:Icosahedron","infinitespire:Cupcake","downfall:HeartBlessingGreen","sneckomod:BabySnecko","halation:NonexistentMirror","infinitespire:EmpoweringShard","halation:SmartPhone"],"acts_visited":[],"potions_floor_usage":[36],"damage_taken":[{"damage":0.0,"enemies":"Cultist","floor":2.0,"turns":1.0},{"damage":0.0,"enemies":"Lagavulin","floor":6.0,"turns":1.0},{"damage":0.0,"enemies":"2 Louse","floor":8.0,"turns":1.0},{"damage":13.0,"enemies":"downfall:FleeingMerchant","floor":10.0,"turns":4.0},{"damage":11.0,"enemies":"Gremlin Nob","floor":11.0,"turns":4.0},{"damage":0.0,"enemies":"Small Slimes","floor":12.0,"turns":1.0},{"damage":21.0,"enemies":"3 Sentries","floor":13.0,"turns":5.0},{"damage":7.0,"enemies":"Blue Slaver","floor":15.0,"turns":3.0},{"damage":46.0,"enemies":"downfall:Silent","floor":16.0,"turns":6.0},{"damage":2.0,"enemies":"Shell Parasite","floor":19.0,"turns":2.0},{"damage":7.0,"enemies":"Spheric Guardian","floor":20.0,"turns":3.0},{"damage":10.0,"enemies":"Centurion and Healer","floor":22.0,"turns":5.0},{"damage":5.0,"enemies":"downfall:FleeingMerchant","floor":23.0,"turns":4.0},{"damage":33.0,"enemies":"Snake Plant","floor":26.0,"turns":4.0},{"damage":16.0,"enemies":"3 Cultists","floor":28.0,"turns":6.0},{"damage":14.0,"enemies":"Shelled Parasite and Fungi","floor":30.0,"turns":4.0},{"damage":0.0,"enemies":"Snecko","floor":31.0,"turns":4.0},{"damage":16.0,"enemies":"Centurion and Healer","floor":32.0,"turns":5.0},{"damage":46.0,"enemies":"downfall:Watcher","floor":33.0,"turns":10.0},{"damage":41,"enemies":"3 Darklings","floor":36,"turns":6}],"seed_played":"6023616353187800277","potions_obtained":[{"floor":11.0,"key":"Energy Potion"},{"floor":12.0,"key":"blueLaboratory:PolymorphPotion"},{"floor":13.0,"key":"Explosive Potion"},{"floor":16.0,"key":"blueLaboratory:BottledHope"},{"floor":22.0,"key":"Energy Potion"},{"floor":28.0,"key":"blueLaboratory:BottleOfVodka"},{"floor":30.0,"key":"Dexterity Potion"},{"floor":31.0,"key":"blueLaboratory:CorrosionFlask"},{"floor":36,"key":"Reflective Coating"}],"is_trial":false,"path_per_floor":["R","M","?","?","?","E","T","M","R","$","E","M","E","?","M","B",null,"R","M","M","?","M","$","T","R","M","R","M","?","M","M","M","B",null,"R","M"],"character_chosen":"THE_SNECKO","items_purchased":["sneckomod:SnakeSap","halation:NonexistentMirror","sneckomod:UnknownUncommonPower"],"campfire_rested":0,"item_purchase_floors":[10,23,23],"current_hp_per_floor":[90,91,91,91,91,92,92,93,103,90,80,80,60,60,55,12,106,106,105,101,101,101,108,108,108,78,78,69,69,57,59,46,6,122,122,0,0,0,0,0,0,0,0,0,0,0,0,0,0,0,0,0,0,0,0,0,0,0,0,0,0,0,0,0,0,0,0,0,0,0,0,0,0,0,0,0,0,0,0,0,0,0,0,0,0,0,0,0,0,0,0,0,0,0,0,0,0,0,0,0,0,0,0,0,0,0,0,0,0,0,0,0,0,0,0,0,0,0,0,0,0],"gold":371,"neow_bonus":"THREE_ENEMY_KILL","is_daily":false,"chose_seed":false,"campfire_upgraded":5,"win_rate":0.0,"timestamp":1610295494,"path_taken":["R","M","?","?","?","E","T","M","R","?","E","M","E","?","M","BOSS","R","M","M","?","M","$","T","R","M","R","M","?","M","M","M","BOSS","R_BF","M"],"items_purchased_type":["Card","Relic","Card"],"build_version":"2020-12-22","purchased_purges":2,"victory":false,"max_hp_per_floor":[90,91,91,91,91,92,92,93,103,103,104,104,105,105,105,106,106,106,107,108,108,109,113,113,113,114,114,119,119,119,119,120,122,122,122,122,122,122,122,122,122,122,122,122,122,122,122,122,122,122,122,122,122,122,122,122,122,122,122,122,122,122,122,122,122,122,122,122,122,122,122,122,122,122,122,122,122,122,122,122,122,122,122,122,122,122,122,122,122,122,122,122,122,122,122,122,122,122,122,122,122,122,122,122,122,122,122,122,122,122,122,122,122,122,122,122,122,122,122,122,122],"card_choices":[{"not_picked":["sneckomod:RainOfDice","sneckomod:SoulRoll"],"picked":"sneckomod:UnknownWeak","floor":2.0},{"not_picked":["sneckomod:MorePower","sneckomod:UnknownClassCHRONO_GOLD"],"picked":"sneckomod:UnknownClassBLUE","floor":6.0},{"not_picked":["sneckomod:Unknown1Cost","sneckomod:UnknownClassBUGKNIGHT_GRAY_COLOR"],"picked":"sneckomod:UnknownBlock","floor":8.0},{"not_picked":["sneckomod:UnknownVulnerable","sneckomod:IronFang"],"picked":"sneckomod:MorePower","floor":10.0},{"not_picked":["sneckomod:UnknownBlock+1","sneckomod:UnknownClassMARKED_PURPLE_COLOR+1"],"picked":"sneckomod:Unknown0Cost+1","floor":11.0},{"not_picked":["sneckomod:QuickBite","sneckomod:UnknownX"],"picked":"sneckomod:SnekBeam","floor":11.0},{"not_picked":["sneckomod:UnknownClassMARKED_PURPLE_COLOR","sneckomod:UnknownClassDEFAULT_GRAY_COLOR"],"picked":"sneckomod:Restock","floor":12.0},{"not_picked":["sneckomod:UnknownUncommonSkill+1","sneckomod:UnknownBlock+1"],"picked":"sneckomod:UnknownRareAttack+1","floor":13.0},{"not_picked":["sneckomod:UnknownCommonSkill","sneckomod:UnknownVulnerable","sneckomod:UnknownUncommonPower"],"picked":"SKIP","floor":13.0},{"not_picked":["sneckomod:IronFang","sneckomod:SoulDraw"],"picked":"sneckomod:Nope","floor":15.0},{"not_picked":["sneckomod:UnlimitedRolls","sneckomod:Unknown3Cost"],"picked":"sneckomod:UnknownRareSkill","floor":16.0},{"not_picked":["sneckomod:UnknownClassPOKER_PLAYER_GRAY","sneckomod:Unknown1Cost"],"picked":"sneckomod:UnknownClassRED","floor":19.0},{"not_picked":["sneckomod:DiceBlock","sneckomod:QuickBite+1"],"picked":"sneckomod:UnknownBlock","floor":20.0},{"not_picked":["sneckomod:UnknownVulnerable","sneckomod:Nope"],"picked":"sneckomod:UnknownClassGUARDIAN","floor":22.0},{"not_picked":["sneckomod:SoulRoll","sneckomod:UnknownClassBARD_COLOR"],"picked":"sneckomod:Unknown1Cost+1","floor":23.0},{"not_picked":["sneckomod:UnknownClassDEFAULT_GRAY_COLOR+1","sneckomod:UnknownClassHEXA_GHOST_PURPLE+1"],"picked":"sneckomod:UnknownRareAttack+1","floor":26.0},{"not_picked":["sneckomod:Nope","sneckomod:MorePower","sneckomod:UnknownCommonAttack"],"picked":"SKIP","floor":26.0},{"not_picked":["sneckomod:WideSting+1","sneckomod:QuickBite"],"picked":"sneckomod:UnknownBlock+1","floor":28.0},{"not_picked":["sneckomod:UnknownEthereal","sneckomod:UnknownClassHEXA_GHOST_PURPLE"],"picked":"sneckomod:SnekBeam","floor":30.0},{"not_picked":["sneckomod:UnknownX","sneckomod:UnknownClassRUNESMITH_BEIGE"],"picked":"sneckomod:ImprovisedGuard","floor":31.0},{"not_picked":["sneckomod:UnknownUncommonSkill","sneckomod:UnknownClassBARD_COLOR"],"picked":"sneckomod:UnknownVulnerable","floor":32.0},{"not_picked":["sneckomod:UnknownClassSLIMEBOUND+1","sneckomod:UnknownClassDEFAULT_GRAY_COLOR+1"],"picked":"sneckomod:UnknownDexterity+1","floor":33.0},{"not_picked":["sneckomod:UnlimitedRolls","sneckomod:SoulExchange"],"picked":"sneckomod:Unknown3Cost","floor":33.0}],"player_experience":130131,"relics_obtained":[{"floor":3.0,"key":"Ring of Greed"},{"floor":3.0,"key":"MawBank"},{"floor":3.0,"key":"MealTicket"},{"floor":3.0,"key":"Ring of Fury"},{"floor":6.0,"key":"Runesmith:Locket"},{"floor":11.0,"key":"Ancient Tea Set"},{"floor":13.0,"key":"Blood Vial"},{"floor":24.0,"key":"infinitespire:EmpoweringShard"}],"event_choices":[{"cards_removed":["Regret"],"damage_healed":0.0,"max_hp_gain":0.0,"max_hp_loss":0.0,"gold_gain":0.0,"event_name":"Purifier","player_choice":"Purged","floor":29.0,"gold_loss":0.0,"damage_taken":0.0}],"is_beta":false,"boss_relics":[{"not_picked":["halation:MonkeysPaw","Velvet Choker"],"picked":"infinitespire:Cupcake"},{"not_picked":["hubris:VirtuousBlindfold","Runic Dome"],"picked":"halation:SmartPhone"}],"items_purged_floors":[10,23],"is_endless":false,"potions_floor_spawned":[11,12,13,16,22,28,30,31,36],"killed_by":"3 Darklings","ascension_level":0}}