{"host":"porgtwlvhh3hs75v","time":1610259860,"event":{"mods":["ATMod(°¢èªMod)","Act Like it!","Arknights The Spire","BaseMod","GifTheSpireLib","KinomotoSakuraMod(Ä¾Ö®±¾Ó£)","Minty Spire (QoL Compilation)","Quick Restart","Replay The Spire","StSLib"],"gold_per_floor":[119,119,119,119,129,54,54,83,83,83,108,108,8,24,24,97,97,114,39,39,57,0,29,29,47,73,85,109,141,168,210,222,305,317,341,199,474,324,324,359,73,104,104,121,121,151,170,188,188,188,188,188,188,19,44,44],"floor_reached":57,"playtime":2970,"items_purged":["Strike_G","Strike_G","Spreading Infection","Regret"],"score":3647,"play_id":"42851880-e283-42bf-99f1-e537d774974c","local_time":"20210110142420","is_ascension_mode":true,"campfire_choices":[{"data":"Blade Dance","floor":7.0,"key":"SMITH"},{"data":"AT_KneejerkReflex","floor":12.0,"key":"SMITH"},{"data":"Footwork","floor":15.0,"key":"SMITH"},{"data":"Acrobatics","floor":27.0,"key":"SMITH"},{"data":"Hidden Blade","floor":32.0,"key":"SMITH"},{"floor":49.0,"key":"RECALL"},{"data":"Replay:Bag of Tricks","floor":53.0,"key":"SMITH"}],"circlet_count":0,"master_deck":["AscendersBane","Defend_G","Defend_G","Defend_G","Defend_G","Defend_G","Survivor+1","Neutralize+1","AT_KneejerkReflex+1","Underhanded Strike","Blade Dance+1","Footwork+1","Backflip","Accuracy","AT_EssenceShift","Hidden Blade+1","Injury","Acrobatics+1","Overencumbered","Replay:Bag of Tricks+1","AbeCurse","Prepared+1","CommonCold","ReplayTheSpireMod:Tripwire","Overencumbered","AT_EssenceShift","Doppelganger","ReplayTheSpireMod:Scrap Shanks+1","Acrobatics"],"relics":["Ring of the Snake","AT_ATBox","Dream Catcher","Replay:Towering Pillar of Hats","Ring of Misfortune","ReplayTheSpireMod:Ring of Exchange","Replay:Ringing Soul","Cursed Key","Blue Doll","AT_DeathDance","MawBank","AT_LudenTempest","Abe\u0027s Treasure","Question Card","ReplayTheSpireMod:TigerMarble","Paper Crane","Potion Belt","Chameleon Ring","Prayer Wheel","Medical Kit","Bag of Preparation"],"acts_visited":["Exordium","TheCity","TheBeyond","TheEnding"],"potions_floor_usage":[56,56,56,56,56],"damage_taken":[{"damage":2.0,"enemies":"Jaw Worm","floor":1.0,"turns":8.0},{"damage":1.0,"enemies":"Small Slimes","floor":5.0,"turns":4.0},{"damage":10.0,"enemies":"3 Sentries","floor":8.0,"turns":7.0},{"damage":0.0,"enemies":"Replay:BlueRogue","floor":11.0,"turns":5.0},{"damage":0.0,"enemies":"2 Louse","floor":14.0,"turns":3.0},{"damage":0.0,"enemies":"The Guardian","floor":16.0,"turns":12.0},{"damage":1.0,"enemies":"3 Byrds","floor":18.0,"turns":5.0},{"damage":0.0,"enemies":"Spheric Guardian","floor":21.0,"turns":4.0},{"damage":0.0,"enemies":"Book of Stabbing","floor":23.0,"turns":5.0},{"damage":0.0,"enemies":"Snake Plant","floor":25.0,"turns":5.0},{"damage":0.0,"enemies":"Centurion and Healer","floor":28.0,"turns":7.0},{"damage":0.0,"enemies":"3 Cultists","floor":29.0,"turns":4.0},{"damage":0.0,"enemies":"Snake Plant","floor":30.0,"turns":4.0},{"damage":0.0,"enemies":"Replay:Snechameleon","floor":31.0,"turns":6.0},{"damage":5.0,"enemies":"Pondfish","floor":33.0,"turns":5.0},{"damage":0.0,"enemies":"Orb Walker","floor":35.0,"turns":3.0},{"damage":0.0,"enemies":"R_Hoarder","floor":40.0,"turns":5.0},{"damage":0.0,"enemies":"Nemesis","floor":42.0,"turns":6.0},{"damage":0.0,"enemies":"3 Darklings","floor":44.0,"turns":3.0},{"damage":0.0,"enemies":"Reptomancer","floor":46.0,"turns":5.0},{"damage":0.0,"enemies":"Spire Growth","floor":47.0,"turns":4.0},{"damage":8.0,"enemies":"4 Shapes","floor":48.0,"turns":4.0},{"damage":0.0,"enemies":"Replay:Hell Engine","floor":50.0,"turns":5.0},{"damage":0.0,"enemies":"Donu and Deca","floor":51.0,"turns":5.0},{"damage":3,"enemies":"Shield and Spear","floor":55,"turns":4},{"damage":0,"enemies":"The Heart","floor":56,"turns":6}],"seed_played":"-4233419213285723482","potions_obtained":[{"floor":11.0,"key":"GamblersBrew"},{"floor":14.0,"key":"Explosive Potion"},{"floor":18.0,"key":"PowerPotion"},{"floor":33.0,"key":"Doom Potion"},{"floor":40.0,"key":"Energy Potion"},{"floor":46.0,"key":"AttackPotion"},{"floor":55,"key":"EssenceOfSteel"}],"is_trial":false,"path_per_floor":["M","?","?","?","M","$","R","E","T","?","E","R","$","M","R","B",null,"M","?","?","M","$","E","$","M","T","R","M","M","M","E","R","B",null,"M","$","?","$","T","E","$","E","T","M","?","E","M","M","R","B","B",null,"R","$","E","B",null],"character_chosen":"THE_SILENT","items_purchased":["Acrobatics","Prepared+1","Paper Crane","Medical Kit"],"campfire_rested":0,"item_purchase_floors":[22,36,41,54],"current_hp_per_floor":[57,57,37,37,36,36,36,26,26,26,29,29,29,32,32,35,65,67,67,70,70,73,73,73,73,76,76,76,76,76,76,76,74,89,89,92,95,95,98,101,101,101,104,104,107,110,113,105,105,105,105,114,114,114,114,114],"gold":44,"neow_bonus":"RANDOM_COMMON_RELIC","is_daily":false,"chose_seed":false,"campfire_upgraded":6,"win_rate":0.0,"timestamp":1610259860,"path_taken":["M","?","?","?","M","$","R","E","T","?","E","R","?","?","R","BOSS","M","?","?","M","$","E","?","?","T","R","M","?","M","E","R","BOSS","M","$","?","$","?","E","?","E","T","M","?","E","?","M","R","BOSS","BOSS","R","$","E","BOSS"],"items_purchased_type":["Card","Card","Relic","Relic"],"build_version":"2020-12-22","purchased_purges":4,"victory":true,"max_hp_per_floor":[66,66,66,66,66,66,66,66,66,66,69,69,69,72,72,75,75,78,78,81,81,84,84,84,84,87,87,87,87,87,87,87,90,93,93,96,99,99,102,105,105,105,108,108,111,114,117,117,117,117,117,117,117,117,120,120],"card_choices":[{"not_picked":["Deflect","Quick Slash"],"picked":"Underhanded Strike","floor":1.0},{"not_picked":["Underhanded Strike","AT_WindRun"],"picked":"Blade Dance","floor":5.0},{"not_picked":["Bouncing Flask","Endless Agony"],"picked":"Footwork","floor":8.0},{"not_picked":["Setup","Deflect"],"picked":"Backflip","floor":11.0},{"not_picked":["Poisoned Stab","Heel Hook"],"picked":"Accuracy","floor":14.0},{"not_picked":["Grand Finale","A Thousand Cuts"],"picked":"AT_EssenceShift","floor":16.0},{"not_picked":["Predator","Dodge and Roll"],"picked":"Hidden Blade","floor":18.0},{"not_picked":["Skewer","Deadly Poison","Dagger Throw"],"picked":"SKIP","floor":21.0},{"not_picked":["AT_TinkerSharpsword","Setup","Choke"],"picked":"SKIP","floor":23.0},{"not_picked":["Cloak And Dagger","PiercingWail","Dagger Spray"],"picked":"SKIP","floor":25.0},{"not_picked":["Cloak And Dagger","Bane+1","Slice"],"picked":"SKIP","floor":28.0},{"not_picked":["PiercingWail","AT_WindFlip","Heel Hook"],"picked":"SKIP","floor":29.0},{"not_picked":["Deadly Poison","ReplayTheSpireMod:Shiv Toss","Flechettes"],"picked":"SKIP","floor":30.0},{"not_picked":["Corpse Explosion","Underhanded Strike","Bane"],"picked":"SKIP","floor":31.0},{"not_picked":["Atom Bomb","Envenom"],"picked":"Replay:Bag of Tricks","floor":33.0},{"not_picked":["PiercingWail","Noxious Fumes","AT_WindFlip"],"picked":"SKIP","floor":35.0},{"not_picked":["AT_ThistleTea","Die Die Die","Phantasmal Killer"],"picked":"ReplayTheSpireMod:Tripwire","floor":40.0},{"not_picked":["ReplayTheSpireMod:Necrosis","Dodge and Roll+1","Heel Hook","Underhanded Strike"],"picked":"SKIP","floor":42.0},{"not_picked":["Blade Dance+1","Atom Bomb","Deadly Poison","AT_WindFlip"],"picked":"SKIP","floor":44.0},{"not_picked":["ReplayTheSpireMod:Tripwire","Doppelganger","Heel Hook+1","AT_ArcaneSupremacy"],"picked":"SKIP","floor":46.0},{"not_picked":["ReplayTheSpireMod:Tripwire","Heel Hook+1","AT_ArcaneSupremacy"],"picked":"Doppelganger","floor":46.0},{"not_picked":["Bane","Replay:Poison Smokescreen","Skewer","Caltrops"],"picked":"SKIP","floor":47.0},{"not_picked":["Quick Slash+1","Bane","ReplayTheSpireMod:Scrap Shanks+1","PiercingWail"],"picked":"SKIP","floor":47.0},{"not_picked":["Quick Slash+1","Bane","PiercingWail"],"picked":"ReplayTheSpireMod:Scrap Shanks+1","floor":47.0},{"not_picked":["Bane","Replay:Poison Smokescreen","Skewer","Caltrops"],"picked":"SKIP","floor":47.0},{"not_picked":["Blade Dance","Prepared","Slice+1","Flying Knee"],"picked":"SKIP","floor":48.0},{"not_picked":["Footwork","Caltrops","Leg Sweep","Deflect+1"],"picked":"SKIP","floor":48.0},{"not_picked":["Poisoned Stab","Malaise","Acrobatics","Endless Agony"],"picked":"SKIP","floor":55},{"not_picked":["Poisoned Stab","Malaise","Endless Agony"],"picked":"Acrobatics","floor":55}],"player_experience":650346,"relics_obtained":[{"floor":8.0,"key":"Replay:Towering Pillar of Hats"},{"floor":10.0,"key":"Ring of Misfortune"},{"floor":10.0,"key":"ReplayTheSpireMod:Ring of Exchange"},{"floor":11.0,"key":"Replay:Ringing Soul"},{"floor":23.0,"key":"AT_DeathDance"},{"floor":26.0,"key":"MawBank"},{"floor":31.0,"key":"AT_LudenTempest"},{"floor":39.0,"key":"Question Card"},{"floor":40.0,"key":"ReplayTheSpireMod:TigerMarble"},{"floor":42.0,"key":"Potion Belt"},{"floor":43.0,"key":"Chameleon Ring"},{"floor":46.0,"key":"Prayer Wheel"},{"floor":55,"key":"Bag of Preparation"}],"event_choices":[{"cards_removed":["Strike_G"],"damage_healed":0.0,"max_hp_gain":0.0,"max_hp_loss":0.0,"gold_gain":0.0,"event_name":"Living Wall","player_choice":"Forget","floor":2.0,"gold_loss":0.0,"damage_taken":0.0},{"damage_healed":0.0,"max_hp_gain":0.0,"max_hp_loss":0.0,"gold_gain":0.0,"event_name":"Shining Light","player_choice":"Entered Light","floor":3.0,"gold_loss":0.0,"damage_taken":20.0,"cards_upgraded":["Survivor","Neutralize"]},{"cards_removed":["Sickly"],"damage_healed":0.0,"max_hp_gain":0.0,"max_hp_loss":0.0,"gold_gain":0.0,"event_name":"Beggar","player_choice":"Gave Gold","floor":19.0,"gold_loss":75.0,"damage_taken":0.0},{"cards_removed":["Strike_G"],"damage_healed":0.0,"max_hp_gain":0.0,"max_hp_loss":0.0,"gold_gain":0.0,"event_name":"Beggar","player_choice":"Gave Gold","floor":19.0,"gold_loss":75.0,"damage_taken":0.0},{"damage_healed":0.0,"max_hp_gain":0.0,"max_hp_loss":0.0,"gold_gain":275.0,"event_name":"Golden Shrine","player_choice":"Desecrate","floor":37.0,"gold_loss":0.0,"damage_taken":0.0,"cards_obtained":["Regret"]},{"damage_healed":0.0,"max_hp_gain":0.0,"max_hp_loss":0.0,"gold_gain":0.0,"event_name":"Duplicator","player_choice":"Copied","floor":45.0,"gold_loss":0.0,"damage_taken":0.0,"cards_obtained":["AT_EssenceShift"]}],"is_beta":false,"boss_relics":[{"not_picked":["Velvet Choker","Kintsugi"],"picked":"Cursed Key"},{"not_picked":["SlaversCollar","Sling"],"picked":"Abe\u0027s Treasure"}],"items_purged_floors":[6,13,36,38],"is_endless":false,"potions_floor_spawned":[11,14,18,21,30,31,33,35,40,46,55],"ascension_level":20}}