{"host":"po0gzr6h085cygwo","time":1610281146,"event":{"mods":["AchievementEnabler","BaseMod","Colored Map","DeckTracker","KOR Keyword Fix","Minty Spire (QoL Compilation)","Rare Cards Sparkle","Replay The Spire","StSLib","SuperFastMode"],"gold_per_floor":[99,119,137,156,175,200,200,13,13,13,25,45,45,45,45,121,121,136,61,61,78,96,123,123,123,146,159,176,194,194,33,33,105,105,121,45,59,75,95,95,109,129,129,129,129,146,158,158,158,158,158],"floor_reached":50,"playtime":1955,"items_purged":["Distraction"],"score":1590,"play_id":"dbadb619-5d7e-4046-9bdc-3a345685e886","local_time":"20210110211906","daily_mods":["SealedDeck","Vintage","Heirloom","Flight"],"is_ascension_mode":true,"campfire_choices":[{"data":"Noxious Fumes","floor":7.0,"key":"SMITH"},{"data":"Mayhem","floor":10.0,"key":"SMITH"},{"data":"Sadistic Nature","floor":13.0,"key":"SMITH"},{"floor":15.0,"key":"DIG"},{"data":"Poison Darts","floor":24.0,"key":"SMITH"},{"data":"Catalyst","floor":25.0,"key":"SMITH"},{"data":"Deadly Poison","floor":30.0,"key":"SMITH"},{"floor":32.0,"key":"DIG"},{"data":"Deadly Poison","floor":40,"key":"SMITH"},{"data":"Toxin Wave","floor":44,"key":"SMITH"},{"data":"PiercingWail","floor":45,"key":"SMITH"},{"data":"Backflip","floor":49,"key":"SMITH"}],"circlet_count":0,"master_deck":["AscendersBane","Backflip+1","Well Laid Plans+1","Deadly Poison+1","Toxin Wave+1","Poisoned Stab+1","Catalyst+1","Deadly Poison+1","Noxious Fumes+1","Masterful Stab+1","Cloak And Dagger","Sadistic Nature+1","Mayhem+1","PiercingWail+1","Toxin Wave+1","Poison Darts+1","Corpse Explosion+1","Catalyst+1","Bouncing Flask+1"],"relics":["Ring of the Snake","replay:Trail_Library","Shovel","Letter Opener","Quantum Egg","Bag of Preparation","Replay:Mystery Machine","Regal Pillow","ReplayTheSpireMod:ShopPack","Matryoshka","HornCleat","Iron Hammer","Orichalcum","HoveringKite","Juzu Bracelet","Whetstone","Tiny Chest","Strawberry","Replay:Baseball","Nunchaku","Replay:Bottled Eggs","Ginger","Toxic Egg 2","Guide Book","Paper Crane","Gremlin Horn","Mercury Hourglass","Bronze Scales","Mummified Hand","Lantern","Bottled Flame","Boot","ReplayTheSpireMod:Lightbulb","Turnip","Vajra"],"acts_visited":["Exordium","TheCity","TheBeyond"],"potions_floor_usage":[37,50,50],"damage_taken":[{"damage":9.0,"enemies":"Jaw Worm","floor":2.0,"turns":3.0},{"damage":14.0,"enemies":"Small Slimes","floor":3.0,"turns":3.0},{"damage":2.0,"enemies":"2 Louse","floor":4.0,"turns":2.0},{"damage":8.0,"enemies":"Blue Slaver","floor":5.0,"turns":2.0},{"damage":35.0,"enemies":"3 Sentries","floor":6.0,"turns":4.0},{"damage":0.0,"enemies":"2 Fungi Beasts","floor":11.0,"turns":2.0},{"damage":0.0,"enemies":"Exordium Wildlife","floor":12.0,"turns":2.0},{"damage":0.0,"enemies":"Slime Boss","floor":16.0,"turns":4.0},{"damage":5.0,"enemies":"2 Thieves","floor":18.0,"turns":2.0},{"damage":0.0,"enemies":"3 Byrds","floor":21.0,"turns":1.0},{"damage":0.0,"enemies":"Snecko","floor":22.0,"turns":2.0},{"damage":0.0,"enemies":"Slavers","floor":23.0,"turns":2.0},{"damage":0.0,"enemies":"Chosen and Byrds","floor":27.0,"turns":3.0},{"damage":13.0,"enemies":"Shelled Parasite and Fungi","floor":28.0,"turns":2.0},{"damage":0.0,"enemies":"Centurion and Healer","floor":29.0,"turns":2.0},{"damage":0.0,"enemies":"Collector","floor":33.0,"turns":4.0},{"damage":0.0,"enemies":"3 Shapes","floor":35.0,"turns":3.0},{"damage":10,"enemies":"Orb Walker","floor":37,"turns":2},{"damage":4,"enemies":"3 Darklings","floor":38,"turns":3},{"damage":15,"enemies":"Writhing Mass","floor":39,"turns":3},{"damage":0,"enemies":"Transient","floor":41,"turns":5},{"damage":0,"enemies":"3 Darklings","floor":42,"turns":1},{"damage":4,"enemies":"Sphere and 2 Shapes","floor":46,"turns":2},{"damage":0,"enemies":"Transient","floor":47,"turns":5},{"damage":86,"enemies":"Awakened One","floor":50,"turns":6}],"seed_played":"8074154276246085711","potions_obtained":[{"floor":5.0,"key":"Swift Potion"},{"floor":11.0,"key":"SpeedPotion"},{"floor":18.0,"key":"Adrenaline Potion"},{"floor":28.0,"key":"LiquidMemories"},{"floor":37,"key":"Strength Potion"},{"floor":38,"key":"Weak Potion"}],"is_trial":true,"path_per_floor":["?","M","M","M","M","E","R","$","T","R","M","M","R","$","R","B",null,"M","$","?","M","M","E","R","R","T","M","M","M","R","$","R","B",null,"M","$","M","M","M","R","M","M","T","R","R","M","M","?","R","B"],"character_chosen":"THE_SILENT","items_purchased":["ReplayTheSpireMod:ShopPack","PiercingWail","Guide Book","Catalyst+1"],"campfire_rested":0,"item_purchase_floors":[8,8,31,36],"current_hp_per_floor":[59,50,36,34,26,51,51,51,51,51,51,51,51,51,51,51,62,57,57,57,57,57,64,64,64,64,64,51,51,51,51,51,51,68,68,68,58,54,39,39,39,39,39,39,39,35,35,35,35,0,0],"gold":158,"neow_bonus":"","is_daily":false,"chose_seed":false,"campfire_upgraded":10,"win_rate":0.0,"timestamp":1610281146,"path_taken":["?","M","M","M","M","E","R","$","T","R","M","M","R","$","R","BOSS","M","$","?","M","M","E","R","R","T","M","M","M","R","$","R","BOSS","M","$","M","M","M","R","M","M","T","R","R","M","M","?","R","BOSS"],"items_purchased_type":["Relic","Card","Relic","Card"],"build_version":"2020-12-22","purchased_purges":1,"victory":false,"max_hp_per_floor":[66,66,66,66,66,66,66,66,66,66,66,66,66,66,66,66,66,66,66,66,66,66,73,73,73,73,73,73,73,73,73,73,73,73,73,73,73,73,73,73,73,73,73,73,73,73,73,69,69,69,69],"card_choices":[{"not_picked":["Hidden Blade","Leg Sweep"],"picked":"Cloak And Dagger","floor":6.0},{"not_picked":["Chrysalis","Mayhem"],"picked":"Sadistic Nature","floor":8.0},{"not_picked":["The Bomb","Dramatic Entrance"],"picked":"Mayhem","floor":8.0},{"not_picked":["Replay:Bag of Tricks","A Thousand Cuts"],"picked":"Poison Darts","floor":16.0},{"not_picked":["Atom Bomb","Sucker Punch","Toxin Wave"],"picked":"SKIP","floor":23.0},{"not_picked":["Phantasmal Killer+1","Bullet Time+1"],"picked":"Corpse Explosion+1","floor":33.0}],"player_experience":68064,"relics_obtained":[{"floor":2.0,"key":"Letter Opener"},{"floor":3.0,"key":"Quantum Egg"},{"floor":4.0,"key":"Bag of Preparation"},{"floor":5.0,"key":"Replay:Mystery Machine"},{"floor":6.0,"key":"Regal Pillow"},{"floor":9.0,"key":"Matryoshka"},{"floor":11.0,"key":"HornCleat"},{"floor":12.0,"key":"Iron Hammer"},{"floor":15.0,"key":"Orichalcum"},{"floor":18.0,"key":"Juzu Bracelet"},{"floor":21.0,"key":"Whetstone"},{"floor":22.0,"key":"Tiny Chest"},{"floor":23.0,"key":"Strawberry"},{"floor":26.0,"key":"Replay:Baseball"},{"floor":26.0,"key":"Nunchaku"},{"floor":27.0,"key":"Replay:Bottled Eggs"},{"floor":28.0,"key":"Ginger"},{"floor":29.0,"key":"Toxic Egg 2"},{"floor":32.0,"key":"Paper Crane"},{"floor":35.0,"key":"Gremlin Horn"},{"floor":37,"key":"Mercury Hourglass"},{"floor":38,"key":"Bronze Scales"},{"floor":39,"key":"Mummified Hand"},{"floor":41,"key":"Lantern"},{"floor":42,"key":"Bottled Flame"},{"floor":43,"key":"Boot"},{"floor":43,"key":"ReplayTheSpireMod:Lightbulb"},{"floor":46,"key":"Turnip"},{"floor":47,"key":"Vajra"}],"event_choices":[{"damage_healed":0.0,"max_hp_gain":0.0,"max_hp_loss":0.0,"gold_gain":0.0,"event_name":"Cursed Tome","player_choice":"Ignored","floor":20.0,"gold_loss":0.0,"damage_taken":0.0},{"damage_healed":0,"gold_gain":0,"player_choice":"Max HP","damage_taken":0,"max_hp_gain":0,"max_hp_loss":4,"event_name":"Winding Halls","floor":48,"gold_loss":0}],"is_beta":false,"boss_relics":[{"not_picked":["ReplayTheSpireMod:DimensionalGlitch","Snecko Scales"],"picked":"HoveringKite"},{"not_picked":["Black Star","Painkiller Herb"],"picked":"Snecko Heart"}],"items_purged_floors":[19],"is_endless":true,"potions_floor_spawned":[5,11,12,18,28,29,37,38,39,46],"killed_by":"Awakened One","ascension_level":20}}