{"host":"d61fcf2p3sjwe6yo","time":1610293846,"event":{"mods":["AchievementEnabler","BaseMod","Colored Map","Minty Spire (QoL Compilation)","StSLib","SuperFastMode"],"gold_per_floor":[112,37,37,88,99,124,139,139,208,228,228,253,269,304,304,304,304],"floor_reached":16,"playtime":561,"items_purged":["Regret"],"score":218,"play_id":"3d7587d6-3213-42d6-8936-5d9d492426f4","local_time":"20210110185046","is_ascension_mode":true,"campfire_choices":[{"data":"Judgement","floor":8,"key":"SMITH"},{"data":"Eruption","floor":11,"key":"SMITH"},{"data":"MentalFortress","floor":15,"key":"SMITH"}],"circlet_count":0,"master_deck":["AscendersBane","Strike_P","Strike_P","Strike_P","Strike_P","Defend_P","Defend_P","Defend_P","Defend_P","Eruption+1","Vigilance","Judgement+1","SandsOfTime","ClearTheMind","Conclude","Protect","Tantrum+1","SashWhip+1","MentalFortress+1"],"relics":["PureWater","Blood Vial","Bag of Marbles","Molten Egg 2","Regal Pillow","WingedGreaves"],"acts_visited":["Exordium"],"potions_floor_usage":[14,16,16],"damage_taken":[{"damage":2,"enemies":"Small Slimes","floor":1,"turns":2},{"damage":2,"enemies":"Jaw Worm","floor":5,"turns":2},{"damage":32,"enemies":"3 Sentries","floor":6,"turns":7},{"damage":0,"enemies":"2 Louse","floor":7,"turns":2},{"damage":0,"enemies":"Large Slime","floor":10,"turns":3},{"damage":10,"enemies":"Lagavulin","floor":12,"turns":7},{"damage":0,"enemies":"2 Fungi Beasts","floor":13,"turns":2},{"damage":0,"enemies":"Gremlin Nob","floor":14,"turns":2},{"damage":19,"enemies":"The Guardian","floor":16,"turns":8}],"seed_played":"-2169447210289174120","potions_obtained":[{"floor":5,"key":"Weak Potion"},{"floor":7,"key":"BlessingOfTheForge"},{"floor":10,"key":"LiquidBronze"},{"floor":12,"key":"ColorlessPotion"}],"is_trial":false,"path_per_floor":["M","$","?","T","M","E","M","R","T","M","R","E","M","E","R","B"],"character_chosen":"WATCHER","items_purchased":[],"campfire_rested":0,"item_purchase_floors":[],"current_hp_per_floor":[63,63,63,63,63,33,35,35,35,37,37,29,31,33,33,16,16],"gold":304,"neow_bonus":"THREE_RARE_CARDS","is_daily":false,"chose_seed":false,"campfire_upgraded":3,"win_rate":0.0,"timestamp":1610293846,"path_taken":["M","$","?","?","M","E","M","R","T","M","R","E","M","E","R","BOSS"],"items_purchased_type":[],"build_version":"2020-12-22","purchased_purges":1,"victory":false,"max_hp_per_floor":[72,72,72,72,72,72,72,72,72,72,72,72,72,72,72,72,72],"card_choices":[{"not_picked":["SpiritShield","DevaForm"],"picked":"Judgement","floor":0},{"not_picked":["CrushJoints","Swivel","FlyingSleeves"],"picked":"SKIP","floor":1},{"not_picked":["Pray","Collect"],"picked":"SandsOfTime","floor":5},{"not_picked":["Fasting2","FollowUp"],"picked":"ClearTheMind","floor":6},{"not_picked":["Halt","BattleHymn"],"picked":"Conclude","floor":7},{"not_picked":["SignatureMove+1","PathToVictory"],"picked":"Protect","floor":10},{"not_picked":["PathToVictory","EmptyFist+1"],"picked":"Tantrum+1","floor":12},{"not_picked":["ThirdEye","LikeWater"],"picked":"SashWhip+1","floor":13},{"not_picked":["Nirvana","Conclude+1"],"picked":"MentalFortress","floor":14}],"player_experience":181057,"relics_obtained":[{"floor":4,"key":"Blood Vial"},{"floor":6,"key":"Bag of Marbles"},{"floor":9,"key":"Molten Egg 2"},{"floor":12,"key":"Regal Pillow"},{"floor":14,"key":"WingedGreaves"}],"event_choices":[{"damage_healed":0,"gold_gain":0,"player_choice":"Leave","damage_taken":0,"max_hp_gain":0,"max_hp_loss":0,"event_name":"The Cleric","floor":3,"gold_loss":0}],"is_beta":false,"boss_relics":[],"items_purged_floors":[2],"is_endless":false,"potions_floor_spawned":[5,7,10,12],"killed_by":"The Guardian","ascension_level":10}}