{"host":"ldbx2jhnvtia1ouf","time":1610290438,"event":{"mods":["BaseMod","Better Note","Better Sensory Stone","Better Skull","Better Third Choice","Block Reminder","Colored Map","Colored Powertips","Curses Come First","Highlight Path","Minty Spire (QoL Compilation)","Permanent Neow","Replay The Spire","Spicy Shops","StSLib","Transform Curses","Unceasing Turn Reminder"],"gold_per_floor":[361,381,381,395,395,427,427,19,19,99,140,200,150,187,187,310,310,355,373,373,61,61,96,96,132,132,148,164,164,164,187,187,292,292,312,14,63,63,86,115,155,455,455,519,519,519],"floor_reached":45,"playtime":3893,"items_purged":["Strike_B","Defend_B","Strike_B"],"score":523,"play_id":"ab01e622-31f5-4ccd-8e56-fce9b2ede3bb","local_time":"20210111005358","is_ascension_mode":false,"campfire_choices":[{"data":"Apotheosis","floor":7.0,"key":"SMITH"},{"floor":15.0,"key":"REST"},{"floor":24,"key":"REST"},{"floor":29,"key":"REST"}],"circlet_count":0,"master_deck":["Strike_B","Defend_B","Defend_B","Defend_B","Zap","Dualcast","Aggregate","Conserve Battery","Apotheosis+1","Chaos","Loop","HandOfGreed+1","Reinforced Body","Aggregate","Core Surge","Echo Form","Compile Driver+1","Skim","Berserk+1","Lockon+1","Static Discharge","Melter","BasicCrystalCard","Beam Cell+1","Necronomicurse","Rainbow","Machine Learning","Machine Learning","Go for the Eyes+1","Conserve Battery+1","Reboot"],"relics":["Cracked Core","Pear","PreservedInsect","Oddly Smooth Stone","Anchor","Nuclear Battery","Bottled Flame","Cables","Necronomicon","Inserter","Matryoshka","Frozen Egg 2","Vajra","Bag of Marbles","Whetstone","Incense Burner"],"acts_visited":["Exordium","TheCity","TheBeyond"],"potions_floor_usage":[33,45,45],"damage_taken":[{"damage":4.0,"enemies":"Jaw Worm","floor":1.0,"turns":4.0},{"damage":0.0,"enemies":"Small Slimes","floor":2.0,"turns":2.0},{"damage":0.0,"enemies":"2 Louse","floor":4.0,"turns":1.0},{"damage":32.0,"enemies":"Gremlin Nob","floor":6.0,"turns":5.0},{"damage":3.0,"enemies":"3 Sentries","floor":10.0,"turns":5.0},{"damage":2.0,"enemies":"Large Slime","floor":11.0,"turns":7.0},{"damage":6.0,"enemies":"Exordium Thugs","floor":12.0,"turns":4.0},{"damage":0.0,"enemies":"Blue Slaver","floor":14.0,"turns":5.0},{"damage":13.0,"enemies":"The Guardian","floor":16.0,"turns":9.0},{"damage":4.0,"enemies":"Shell Parasite","floor":18.0,"turns":8.0},{"damage":0.0,"enemies":"Chosen","floor":19.0,"turns":5.0},{"damage":50.0,"enemies":"Slavers","floor":23.0,"turns":5.0},{"damage":15,"enemies":"Centurion and Healer","floor":25,"turns":5},{"damage":11,"enemies":"Snake Plant","floor":27,"turns":4},{"damage":16,"enemies":"Snecko","floor":28,"turns":4},{"damage":58,"enemies":"Collector","floor":33,"turns":7},{"damage":13,"enemies":"3 Darklings","floor":35,"turns":4},{"damage":43,"enemies":"Nemesis","floor":40,"turns":5},{"damage":0,"enemies":"3 Shapes","floor":41,"turns":4},{"damage":21,"enemies":"Jaw Worm Horde","floor":44,"turns":6},{"damage":6,"enemies":"3 Darklings","floor":45,"turns":4}],"seed_played":"4331202716020274949","potions_obtained":[{"floor":1.0,"key":"Fire Potion"},{"floor":6.0,"key":"EssenceOfSteel"},{"floor":14.0,"key":"FairyPotion"},{"floor":18.0,"key":"ColorlessPotion"},{"floor":22.0,"key":"CultistPotion"},{"floor":22.0,"key":"Weak Potion"},{"floor":40,"key":"Elixir"},{"floor":41,"key":"Fire Potion"},{"floor":44,"key":"SneckoOil"}],"is_trial":false,"path_per_floor":["M","M","?","M","?","E","R","$","T","E","M","M","?","M","R","B",null,"M","M","?","$","?","E","R","M","T","M","M","R","?","T","R_BF","B",null,"M","$","?","?","T","E","M","?","T","M","M"],"character_chosen":"DEFECT","items_purchased":["Loop","HandOfGreed","PreservedInsect","Lockon","Static Discharge","Fruit Juice","Machine Learning"],"campfire_rested":3,"item_purchase_floors":[8,8,8,21,21,21,36],"current_hp_per_floor":[50,50,50,50,75,53,53,53,53,50,48,42,42,42,67,54,85,81,81,81,86,86,36,63,48,48,37,21,48,32,32,59,1,90,77,77,41,41,41,27,27,27,27,6,0,0],"gold":519,"neow_bonus":"TWO_FIFTY_GOLD","is_daily":false,"chose_seed":false,"campfire_upgraded":1,"win_rate":0.0,"timestamp":1610290438,"path_taken":["M","M","?","M","?","E","R","$","T","E","M","M","?","M","R","BOSS","M","M","?","$","?","E","R","M","T","?","M","R","?","?","R_BF","BOSS","M","$","?","?","?","E","M","?","T","?","M"],"items_purchased_type":["Card","Card","Relic","Card","Card","Potion","Card"],"build_version":"2020-12-22","purchased_purges":3,"victory":false,"max_hp_per_floor":[75,75,75,75,75,85,85,85,85,85,85,85,85,85,85,85,85,85,85,85,90,90,90,90,90,90,90,90,90,90,90,90,90,90,90,90,90,90,90,90,90,90,90,90,90,90],"card_choices":[{"not_picked":["Doom and Gloom","Rebound"],"picked":"Aggregate","floor":1.0},{"not_picked":["Skim","Chaos"],"picked":"Conserve Battery","floor":2.0},{"not_picked":["Thinking Ahead","Discovery"],"picked":"Apotheosis","floor":3.0},{"not_picked":["Blizzard","Hologram","Streamline"],"picked":"SKIP","floor":4.0},{"not_picked":["Steam","Reprogram"],"picked":"Chaos","floor":6.0},{"not_picked":["Hologram","Compile Driver"],"picked":"Reinforced Body","floor":10.0},{"not_picked":["Rip and Tear","Redo"],"picked":"Aggregate","floor":11.0},{"not_picked":["Redo","Coolheaded","Turbo"],"picked":"SKIP","floor":12.0},{"not_picked":["Go for the Eyes","Leap"],"picked":"Core Surge","floor":14.0},{"not_picked":["Meteor Strike","Reboot"],"picked":"Echo Form","floor":16.0},{"not_picked":["Streamline","Barrage"],"picked":"Compile Driver","floor":18.0},{"not_picked":["Gash+1","Rip and Tear"],"picked":"Skim","floor":19.0},{"not_picked":["Coolheaded","Glacier"],"picked":"Melter","floor":23.0},{"not_picked":["Stack+1","Go for the Eyes"],"picked":"BasicCrystalCard","floor":25},{"not_picked":["Chaos+1","Chill"],"picked":"Beam Cell+1","floor":27},{"not_picked":["Hologram","ReplayTheSpireMod:Repulse","Steam"],"picked":"SKIP","floor":28},{"not_picked":["Biased Cognition","ReplayTheSpireMod:Fabricate Wheel"],"picked":"Rainbow","floor":33},{"not_picked":["Cold Snap","Scrape+1","Ball Lightning"],"picked":"SKIP","floor":35},{"not_picked":["Sweeping Beam","Gash"],"picked":"Go for the Eyes+1","floor":37},{"not_picked":["Panic Button+1","Hologram"],"picked":"Conserve Battery+1","floor":40},{"not_picked":["Tempest","Rebound"],"picked":"Reboot","floor":41},{"not_picked":["Beam Cell","Chill","Rebound+1"],"picked":"SKIP","floor":44}],"player_experience":89323,"relics_obtained":[{"floor":6.0,"key":"Pear"},{"floor":9.0,"key":"Oddly Smooth Stone"},{"floor":10.0,"key":"Anchor"},{"floor":23.0,"key":"Bottled Flame"},{"floor":26,"key":"Cables"},{"floor":30,"key":"Necronomicon"},{"floor":37,"key":"Matryoshka"},{"floor":39,"key":"Frozen Egg 2"},{"floor":39,"key":"Vajra"},{"floor":40,"key":"Bag of Marbles"},{"floor":43,"key":"Whetstone"},{"floor":43,"key":"Incense Burner"}],"event_choices":[{"damage_healed":0.0,"max_hp_gain":0.0,"max_hp_loss":0.0,"gold_gain":1.0,"event_name":"betterStone:BetterStone","player_choice":"1","floor":3.0,"gold_loss":0.0,"damage_taken":0.0},{"damage_healed":25.0,"max_hp_gain":0.0,"max_hp_loss":0.0,"gold_gain":0.0,"event_name":"Big Fish","player_choice":"Banana","floor":5.0,"gold_loss":0.0,"damage_taken":0.0},{"cards_removed":["Strike_B"],"damage_healed":0.0,"max_hp_gain":0.0,"max_hp_loss":0.0,"gold_gain":0.0,"event_name":"The Cleric","player_choice":"Card Removal","floor":13.0,"gold_loss":50.0,"damage_taken":0.0},{"cards_removed":["Apotheosis"],"damage_healed":0.0,"max_hp_gain":0.0,"max_hp_loss":0.0,"gold_gain":0.0,"event_name":"betterNote:BetterNote","player_choice":"Take \u0026 Give","floor":20.0,"gold_loss":0.0,"damage_taken":0.0,"cards_obtained":["Berserk"]},{"damage_healed":0.0,"max_hp_gain":0.0,"max_hp_loss":0.0,"gold_gain":0.0,"event_name":"Lab","player_choice":"Got Potions","floor":22.0,"gold_loss":0.0,"damage_taken":0.0},{"damage_healed":0,"gold_gain":0,"player_choice":"Obtained Book","damage_taken":16,"max_hp_gain":0,"max_hp_loss":0,"event_name":"Cursed Tome","floor":30,"gold_loss":0},{"damage_healed":0,"gold_gain":300,"player_choice":"Gold","damage_taken":0,"max_hp_gain":0,"max_hp_loss":0,"event_name":"Wheel of Change","floor":42,"gold_loss":0}],"is_beta":false,"boss_relics":[{"not_picked":["Tiny House","SacredBark"],"picked":"Nuclear Battery"},{"not_picked":["Cursed Key","Calling Bell"],"picked":"Inserter"}],"items_purged_floors":[8,21,36],"is_endless":false,"potions_floor_spawned":[1,6,14,18,25,40,41,44],"killed_by":"3 Darklings","ascension_level":0}}