{"host":"iy58fyt9wsbv4cf1","time":1610244252,"event":{"mods":["BaseMod","Better Altar","Better Match","Better Skull","Better Third Choice","BetterRewards","Conspire","Custom Start","Defuse TimeMaze Blight","Hubris","Infinite Spire","Minty Spire (QoL Compilation)","Permanent Neow","Quick Restart","Spicy Shops","StSLib"],"gold_per_floor":[119,119,129,142,242,242,260,289,289,304,304,332,120,120,120,224,224,243,256,256,267,267,267,292,292,292,292,192,192,206,237,237,342,342,355,424,773,368,368,368,378,405,405,416,77,88,107,138,138,138,138,138,19,49,49],"floor_reached":56,"playtime":1338,"items_purged":["Strike_B","Strike_B","Strike_B","Shame"],"score":1558,"play_id":"6005fdad-1d5a-45dc-91ec-44af8547c513","local_time":"20210109210412","is_ascension_mode":false,"campfire_choices":[{"data":"Zap","floor":6,"key":"SMITH"},{"data":"hubris:PowerSurge","floor":11,"key":"SMITH"},{"data":"Defragment","floor":15,"key":"SMITH"},{"floor":23,"key":"RECALL"},{"data":"Self Repair","floor":25,"key":"SMITH"},{"data":"Dualcast","floor":29,"key":"SMITH"},{"floor":32,"key":"REST"},{"data":"Biased Cognition","floor":40,"key":"SMITH"},{"floor":49,"key":"REST"},{"data":"Defend_B","floor":52,"key":"SMITH"}],"circlet_count":0,"master_deck":["Defend_B+1","Defend_B+1","Defend_B+1","Defend_B","Zap+1","Dualcast+1","Defragment+1","Ball Lightning","Ball Lightning","Self Repair+1","Static Discharge+1","Redo+1","hubris:PowerSurge+1","Steam+1","Turbo+1","Consume+1","Defend_R+1","BootSequence+1","Tempest+1","Reinforced Body+1","Biased Cognition+1","Tempest+1","hubris:Ukulele+1","White Noise+1","Tempest+1","hubris:PowerSurge"],"relics":["Cracked Core","Toxic Egg 2","Lantern","Chemical X","hubris:DeckOfHolding","hubris:TenFootPole","Medical Kit","HandDrill","Runic Dome","infinitespire:Cupcake","conspire:Boomerang","Orichalcum","Molten Egg 2","Meat on the Bone","Sozu","infinitespire:FocusingShard","Old Coin","Toolbox","Strawberry","conspire:TopHat","Ancient Tea Set","hubris:BottledRain","Strange Spoon","OrangePellets","War Paint","White Beast Statue","Happy Flower"],"acts_visited":["Exordium","TheCity","TheBeyond","TheEnding"],"potions_floor_usage":[8,16],"damage_taken":[{"damage":0,"enemies":"conspire:RoseBush","floor":1,"turns":3},{"damage":1,"enemies":"Cultist","floor":3,"turns":3},{"damage":3,"enemies":"Jaw Worm","floor":4,"turns":2},{"damage":3,"enemies":"conspire:2 RoseBushes","floor":7,"turns":3},{"damage":8,"enemies":"Lagavulin","floor":8,"turns":4},{"damage":13,"enemies":"Gremlin Gang","floor":10,"turns":3},{"damage":16,"enemies":"Gremlin Nob","floor":12,"turns":3},{"damage":20,"enemies":"Hexaghost","floor":16,"turns":6},{"damage":6,"enemies":"Shell Parasite","floor":18,"turns":3},{"damage":13,"enemies":"3 Byrds","floor":19,"turns":3},{"damage":28,"enemies":"Shelled Parasite and Fungi","floor":21,"turns":4},{"damage":4,"enemies":"Centurion and Healer","floor":30,"turns":4},{"damage":5,"enemies":"Gremlin Leader","floor":31,"turns":4},{"damage":22,"enemies":"Automaton","floor":33,"turns":7},{"damage":0,"enemies":"3 Shapes","floor":35,"turns":3},{"damage":12,"enemies":"2 Orb Walkers","floor":37,"turns":3},{"damage":0,"enemies":"3 Darklings","floor":41,"turns":3},{"damage":18,"enemies":"Reptomancer","floor":42,"turns":4},{"damage":2,"enemies":"Maw","floor":44,"turns":4},{"damage":4,"enemies":"Spire Growth","floor":46,"turns":3},{"damage":0,"enemies":"3 Darklings","floor":47,"turns":3},{"damage":36,"enemies":"Giant Head","floor":48,"turns":5},{"damage":54,"enemies":"Awakened One","floor":50,"turns":5},{"damage":0,"enemies":"Shield and Spear","floor":54,"turns":4},{"damage":31,"enemies":"The Heart","floor":55,"turns":4}],"seed_played":"7731750960517458311","potions_obtained":[{"floor":4,"key":"SpeedPotion"},{"floor":8,"key":"Ancient Potion"},{"floor":10,"key":"DistilledChaos"},{"floor":12,"key":"Fire Potion"},{"floor":18,"key":"Swift Potion"}],"is_trial":false,"path_per_floor":["M","$","M","M","?","R","M","E","T","M","R","E","$","?","R","B",null,"M","M","AVR","M","?","R","T","R","T","?","$","R","M","E","R","B",null,"M","T","?","$","?","R","M","E","T","M","$","M","M","E","R","B",null,"R","$","E","B",null],"character_chosen":"DEFECT","items_purchased":["Defragment","Ball Lightning","Ball Lightning","Self Repair","Toxic Egg 2","Lantern","Chemical X","Medical Kit","HandDrill","Toolbox","Strawberry","conspire:TopHat","Strange Spoon","OrangePellets","White Noise+1","White Beast Statue"],"campfire_rested":2,"item_purchase_floors":[0,0,0,0,0,0,0,13,13,38,38,38,45,45,45,53],"current_hp_per_floor":[48,48,54,58,58,58,62,61,61,55,55,46,46,46,46,33,72,72,66,66,45,45,45,45,45,45,45,45,45,51,56,72,60,72,72,72,70,77,77,77,79,71,71,79,79,79,79,53,76,34,79,79,79,79,48],"gold":49,"neow_bonus":"","is_daily":false,"chose_seed":false,"campfire_upgraded":7,"win_rate":0.0,"timestamp":1610244252,"path_taken":["M","$","M","M","?","R","M","E","T","M","R","E","?","?","R","BOSS","M","?","AVR","M","?","R","?","R","T","?","$","R","M","E","R","BOSS","M","?","?","$","?","R","M","E","T","M","$","M","M","E","R","BOSS","R","$","E","BOSS"],"items_purchased_type":["Card","Card","Card","Card","Relic","Relic","Relic","Relic","Relic","Relic","Relic","Relic","Relic","Relic","Card","Relic"],"build_version":"2020-12-22","purchased_purges":4,"victory":true,"max_hp_per_floor":[75,75,75,75,75,75,75,75,75,75,75,75,75,72,72,72,72,72,72,72,72,72,72,72,72,72,72,72,72,72,72,72,72,72,72,72,72,79,79,79,79,79,79,79,79,79,79,79,79,79,79,79,79,79,79],"card_choices":[{"not_picked":["Conserve Battery+1","Ball Lightning"],"picked":"Static Discharge","floor":1},{"not_picked":["Hologram+1","Sweeping Beam"],"picked":"Redo+1","floor":3},{"not_picked":["Rebound","Coolheaded+1"],"picked":"hubris:PowerSurge","floor":4},{"not_picked":["Compile Driver","Echo Form","Streamline"],"picked":"SKIP","floor":7},{"not_picked":["Loop","Beam Cell"],"picked":"Steam+1","floor":8},{"not_picked":["Gash","Force Field+1"],"picked":"Turbo+1","floor":10},{"not_picked":["Melter","Reprogram+1"],"picked":"Consume+1","floor":12},{"not_picked":["Hologram+1","Lockon","Coolheaded+1"],"picked":"SKIP","floor":18},{"not_picked":["FTL","Steam+1"],"picked":"BootSequence+1","floor":19},{"not_picked":["Sweeping Beam+1","Capacitor"],"picked":"Tempest+1","floor":21},{"not_picked":["Reinforced Body+1","Rebound+1","Leap+1"],"picked":"SKIP","floor":30},{"not_picked":["Rebound+1","Leap+1"],"picked":"Reinforced Body+1","floor":30},{"not_picked":["Steam Power+1","Redo+1","Static Discharge"],"picked":"SKIP","floor":31},{"not_picked":["All For One+1","Amplify+1"],"picked":"Biased Cognition","floor":33},{"not_picked":["Fusion+1","Compile Driver+1","Sweeping Beam+1"],"picked":"SKIP","floor":35},{"not_picked":["Leap+1","Turbo+1"],"picked":"Tempest+1","floor":41},{"not_picked":["Go for the Eyes+1","Skim+1"],"picked":"hubris:Ukulele+1","floor":42},{"not_picked":["Sweeping Beam+1","Go for the Eyes+1","Rebound+1"],"picked":"SKIP","floor":44},{"not_picked":["Leap+1","Meteor Strike+1","Conserve Battery+1"],"picked":"SKIP","floor":46},{"not_picked":["FTL+1","Leap+1","Self Repair+1"],"picked":"SKIP","floor":47},{"not_picked":["Rebound+1","Steam Power+1"],"picked":"Tempest+1","floor":48},{"not_picked":["Scrape+1","Darkness+1"],"picked":"hubris:PowerSurge","floor":54}],"player_experience":50079,"relics_obtained":[{"floor":8,"key":"hubris:DeckOfHolding"},{"floor":12,"key":"hubris:TenFootPole"},{"floor":24,"key":"Orichalcum"},{"floor":26,"key":"Molten Egg 2"},{"floor":31,"key":"Meat on the Bone"},{"floor":36,"key":"infinitespire:FocusingShard"},{"floor":37,"key":"Old Coin"},{"floor":42,"key":"Ancient Tea Set"},{"floor":43,"key":"hubris:BottledRain"},{"floor":48,"key":"War Paint"},{"floor":54,"key":"Happy Flower"}],"event_choices":[{"damage_healed":0,"gold_gain":100,"player_choice":"Pray","damage_taken":0,"max_hp_gain":0,"max_hp_loss":0,"event_name":"Golden Shrine","floor":5,"gold_loss":0},{"cards_removed":["Parasite"],"damage_healed":0,"gold_gain":0,"player_choice":"Took Card","damage_taken":0,"max_hp_gain":0,"max_hp_loss":0,"event_name":"NoteForYourself","floor":14,"gold_loss":0,"cards_obtained":["Defend_R"]},{"cards_removed":["Strike_B"],"damage_healed":0,"gold_gain":0,"player_choice":"Offered Basic","damage_taken":0,"max_hp_gain":0,"max_hp_loss":0,"event_name":"Bonfire Elementals","floor":27,"gold_loss":0},{"damage_healed":0,"gold_gain":0,"player_choice":"Fight","damage_taken":0,"max_hp_gain":0,"max_hp_loss":0,"event_name":"Mysterious Sphere","floor":37,"gold_loss":0},{"damage_healed":0,"gold_gain":0,"player_choice":"Ignored","damage_taken":0,"max_hp_gain":0,"max_hp_loss":0,"event_name":"Tomb of Lord Red Mask","floor":39,"gold_loss":0}],"is_beta":false,"boss_relics":[{"not_picked":["Inserter","Snecko Eye"],"picked":"Runic Dome"},{"not_picked":["Astrolabe","Busted Crown"],"picked":"Sozu"}],"items_purged_floors":[13,20,28,38],"is_endless":false,"potions_floor_spawned":[4,8,10,12,18,33,41,44,46,47,48,54],"ascension_level":0}}