{"host":"15dd7v8o90xso62x","time":1610313012,"event":{"mods":["BaseMod","Minty Spire (QoL Compilation)","Quick Restart","StSLib","SuperFastMode"],"gold_per_floor":[13,23,37,37,56,82,93,93,116,143,155,170,180,191,191,270,270,289,289,289],"floor_reached":19,"playtime":718,"items_purged":[],"score":370,"play_id":"39b2d5b2-3f95-4e9a-825e-3dc2ccf244b8","local_time":"20210111061012","is_ascension_mode":true,"campfire_choices":[{"data":"Armaments","floor":15,"key":"SMITH"}],"circlet_count":0,"master_deck":["AscendersBane","Strike_R","Strike_R","Strike_R","Strike_R","Defend_R","Defend_R","Defend_R","Defend_R","Bash","Pommel Strike","Cleave","Anger","Rage","Uppercut","Fiend Fire","Armaments+1","Burning Pact","Feel No Pain","True Grit+1"],"relics":["Burning Blood","Ice Cream","PreservedInsect","Red Skull","Orichalcum","SlaversCollar"],"acts_visited":["Exordium","TheCity"],"potions_floor_usage":[16],"damage_taken":[{"damage":16.0,"enemies":"Jaw Worm","floor":1.0,"turns":5.0},{"damage":9.0,"enemies":"Small Slimes","floor":2.0,"turns":4.0},{"damage":3.0,"enemies":"2 Louse","floor":3.0,"turns":3.0},{"damage":3.0,"enemies":"Exordium Wildlife","floor":5.0,"turns":5.0},{"damage":40.0,"enemies":"3 Sentries","floor":6.0,"turns":8.0},{"damage":3.0,"enemies":"Red Slaver","floor":7.0,"turns":3.0},{"damage":20.0,"enemies":"Lagavulin","floor":10.0,"turns":6.0},{"damage":7.0,"enemies":"Gremlin Gang","floor":11.0,"turns":2.0},{"damage":4.0,"enemies":"2 Fungi Beasts","floor":12.0,"turns":2.0},{"damage":9,"enemies":"Lots of Slimes","floor":13,"turns":4},{"damage":11,"enemies":"3 Louse","floor":14,"turns":3},{"damage":16,"enemies":"Hexaghost","floor":16,"turns":7},{"damage":41,"enemies":"Shell Parasite","floor":18,"turns":5},{"damage":31,"enemies":"3 Byrds","floor":19,"turns":2}],"seed_played":"-2931485775252731597","potions_obtained":[{"floor":1.0,"key":"ColorlessPotion"},{"floor":2.0,"key":"HeartOfIron"},{"floor":10.0,"key":"DistilledChaos"},{"floor":11.0,"key":"Strength Potion"},{"floor":12.0,"key":"CultistPotion"}],"is_trial":false,"path_per_floor":["M","M","M","?","M","E","M","?","T","E","M","M","M","M","R","B",null,"M","M"],"character_chosen":"IRONCLAD","items_purchased":[],"campfire_rested":0,"item_purchase_floors":[],"current_hp_per_floor":[58,55,58,58,61,27,30,55,55,41,40,42,39,34,34,24,62,27,0,0],"gold":289,"neow_bonus":"ONE_RARE_RELIC","is_daily":false,"chose_seed":false,"campfire_upgraded":1,"win_rate":0.0,"timestamp":1610313012,"path_taken":["M","M","M","?","M","E","M","?","T","E","M","M","M","M","R","BOSS","M","M"],"items_purchased_type":[],"build_version":"2020-12-22","purchased_purges":0,"victory":false,"max_hp_per_floor":[75,75,75,75,75,75,75,75,75,75,75,75,75,75,75,75,75,75,75,75],"card_choices":[{"not_picked":["Entrench","Headbutt"],"picked":"Pommel Strike","floor":1.0},{"not_picked":["Wild Strike","Body Slam"],"picked":"Cleave","floor":2.0},{"not_picked":["Entrench","Flex","Hemokinesis"],"picked":"SKIP","floor":3.0},{"not_picked":["Headbutt","Wild Strike"],"picked":"Anger","floor":5.0},{"not_picked":["Carnage","Dropkick"],"picked":"Rage","floor":6.0},{"not_picked":["Warcry","Anger"],"picked":"Uppercut","floor":7.0},{"not_picked":["Juggernaut","Warcry"],"picked":"Fiend Fire","floor":10.0},{"not_picked":["Dual Wield","Perfected Strike"],"picked":"Armaments","floor":11.0},{"not_picked":["Warcry","Wild Strike"],"picked":"Burning Pact","floor":12.0},{"not_picked":["Intimidate","Flex","Body Slam"],"picked":"SKIP","floor":13},{"not_picked":["Sword Boomerang","Hemokinesis"],"picked":"Feel No Pain","floor":14},{"not_picked":["Whirlwind+1","Infernal Blade"],"picked":"True Grit+1","floor":18}],"player_experience":1018541,"relics_obtained":[{"floor":6.0,"key":"PreservedInsect"},{"floor":9.0,"key":"Red Skull"},{"floor":10.0,"key":"Orichalcum"}],"event_choices":[{"cards_removed":["Strike_R"],"damage_healed":0.0,"max_hp_gain":0.0,"max_hp_loss":0.0,"gold_gain":0.0,"event_name":"Living Wall","player_choice":"Forget","floor":4.0,"gold_loss":0.0,"damage_taken":0.0},{"damage_healed":25.0,"max_hp_gain":0.0,"max_hp_loss":0.0,"gold_gain":0.0,"event_name":"Big Fish","player_choice":"Banana","floor":8.0,"gold_loss":0.0,"damage_taken":0.0}],"is_beta":false,"boss_relics":[{"not_picked":["Black Blood","Runic Cube"],"picked":"SlaversCollar"}],"items_purged_floors":[],"is_endless":false,"potions_floor_spawned":[1,2,10,11,12],"killed_by":"3 Byrds","ascension_level":20}}