{"host":"a0paspe0zwqgzttz","time":1610319746,"event":{"mods":["AchievementEnabler","Act Like it!","BaseMod","BetterRewards","Colored Powertips","Conspire","Downfall","GifTheSpireLib","Hermit","Highlight Path","Lobotomy","Mad Scientist","Marisa????????","Minty Spire (QoL Compilation)","Quick Restart","Replay The Spire","Robot Space Explorer","Shop Mod","StSLib","SuperFastMode","The Bug Knight","The Construct","The Cursed","The Hierophant","The Jungle","The Mystic","The Necromancer","The Runesmith","The Senshi","The Servant 0.9.4"],"gold_per_floor":[99,99,99,20,20,20,20,20,38,38,68,132,57,131,144,243,243,322,332,167,177,240,240,240,296,296,296,309,309,373,89,153,249,249,249,259,275,227,227,227,227,243,243,304,204,219,219,219,232,244],"floor_reached":51,"playtime":1718,"items_purged":[],"score":896,"play_id":"3365fed6-886e-48f7-aa03-632e3a05d31c","local_time":"20210110180225","is_ascension_mode":true,"campfire_choices":[{"floor":1,"key":"RECALL"},{"data":"hermit:Manifest","floor":10,"key":"SMITH"},{"floor":13,"key":"REST"},{"data":"hermit:Dive","floor":29,"key":"SMITH"},{"data":"hermit:ShadowCloak","floor":35,"key":"SMITH"},{"data":"hermit:FatalDesire","floor":40,"key":"SMITH"},{"floor":43,"key":"REST"}],"circlet_count":0,"master_deck":["hermit:Strike_Hermit","hermit:Strike_Hermit","hermit:Strike_Hermit","hermit:Strike_Hermit","hermit:Defend_Hermit","hermit:Defend_Hermit","hermit:Defend_Hermit","hermit:Snapshot","hermit:Covet","hermit:Desperado","hermit:Manifest+1","hermit:Determination","hermit:GoldenBullet","Injury","hermit:Misfire+1","hermit:SprayPray+1","hermit:Malice+1","hermit:Dive+1","hermit:RoundhouseKick+1","hermit:Enervate+1","hermit:RoundhouseKick+1","hermit:LowProfile+1","hermit:Quickdraw+1","Writhe","hermit:Determination","hermit:Grudge+1","hermit:Grudge+1","hermit:ShadowCloak","hermit:BodyArmor+1","hermit:LowProfile+1","hermit:ShadowCloak+1","hermit:Grudge+1","hermit:Gambit","hermit:Coalescence","hermit:Manifest","hermit:Misfire+1","hermit:FatalDesire+1","Voices","Replay:UnknownCurse","hermit:Misfire+1","hermit:TrackingShot+1","conspire:SpireCoStock","conspire:SpireCoStock","hermit:Determination","Wraith","hermit:FlashPowder"],"relics":["hermit:Momento","downfall:HeartsMalice","ReplayTheSpireMod:Ring of Collecting","ReplayTheSpireMod:Ring of Challenge","Ring of Misfortune","Molten Egg 2","downfall:HeartBlessingRed","ReplayTheSpireMod:Ring of Addiction","ReplayTheSpireMod:Shallot","SacredBark","White Beast Statue","Black Star","ClockworkSouvenir","Iron Hammer","Ring of Fury","CaptainsWheel","Onion Ring","Replay:Baseball","Cursed Key","ReplayTheSpireMod:CursedCoin","Ring of Fangs","conspire:DeflatedDodgeball","Bag of Marbles"],"acts_visited":["Exordium","TheCity","TheBeyond"],"potions_floor_usage":[8,16,16,21,21,25,25,28,32,33,37,38,38,38,44,44,49],"damage_taken":[{"damage":0,"enemies":"2 Louse","floor":2,"turns":1},{"damage":0,"enemies":"downfall:FleeingMerchant","floor":4,"turns":1},{"damage":0,"enemies":"Cultist","floor":5,"turns":1},{"damage":0,"enemies":"Small Slimes","floor":9,"turns":2},{"damage":15,"enemies":"Gremlin Gang","floor":11,"turns":5},{"damage":16,"enemies":"Exordium Wildlife","floor":12,"turns":4},{"damage":0,"enemies":"Blue Slaver","floor":15,"turns":3},{"damage":17,"enemies":"downfall:Watcher","floor":16,"turns":5},{"damage":12,"enemies":"3 Byrds","floor":19,"turns":5},{"damage":0,"enemies":"downfall:FleeingMerchant","floor":20,"turns":5},{"damage":0,"enemies":"Shell Parasite","floor":21,"turns":2},{"damage":0,"enemies":"Cultist and Chosen","floor":22,"turns":4},{"damage":0,"enemies":"Centurion and Healer","floor":25,"turns":3},{"damage":0,"enemies":"Shelled Parasite and Fungi","floor":28,"turns":3},{"damage":7,"enemies":"Snecko","floor":30,"turns":3},{"damage":0,"enemies":"downfall:FleeingMerchant","floor":31,"turns":4},{"damage":1,"enemies":"Centurion and Healer","floor":32,"turns":8},{"damage":44,"enemies":"downfall:Silent","floor":33,"turns":8},{"damage":0,"enemies":"3 Shapes","floor":36,"turns":4},{"damage":7,"enemies":"3 Darklings","floor":37,"turns":3},{"damage":25,"enemies":"downfall:FleeingMerchant","floor":38,"turns":6},{"damage":4,"enemies":"Jaw Worm Horde","floor":42,"turns":2},{"damage":0,"enemies":"Maw","floor":44,"turns":9},{"damage":2,"enemies":"Writhing Mass","floor":46,"turns":4},{"damage":0,"enemies":"Sphere and 2 Shapes","floor":49,"turns":2},{"damage":0,"enemies":"downfall:Defect","floor":50,"turns":7}],"seed_played":"5054886145666778309","potions_obtained":[{"floor":8,"key":"Fruit Juice"},{"floor":8,"key":"hermit:Tonic"},{"floor":8,"key":"Slimebound:ThreeZeroPotion"},{"floor":11,"key":"conspire:TimeTravelPotion"},{"floor":14,"key":"hermit:Tonic"},{"floor":16,"key":"LifebloodPotion"},{"floor":19,"key":"SkillPotion"},{"floor":20,"key":"AttackPotion"},{"floor":21,"key":"PowerPotion"},{"floor":22,"key":"Fire Potion"},{"floor":25,"key":"DuplicationPotion"},{"floor":28,"key":"Guardian:BlockOnCardUsePotion"},{"floor":30,"key":"Dexterity Potion"},{"floor":32,"key":"Explosive Potion"},{"floor":33,"key":"ColorlessPotion"},{"floor":36,"key":"ColorlessPotion"},{"floor":37,"key":"PowerPotion"},{"floor":38,"key":"SkillPotion"},{"floor":42,"key":"ColorlessPotion"},{"floor":44,"key":"Adrenaline Potion"},{"floor":46,"key":"Explosive Potion"},{"floor":49,"key":"Toxic Potion"}],"is_trial":false,"path_per_floor":["R","M","?","$","M","?","T","?","M","R","M","M","R","T","M","B",null,"R","M","$","M","M","?","T","M","?","?","M","R","M","$","M","B",null,"R","M","M","$","?","R","T","M","R","M","?","M","?","?","M","B",null],"character_chosen":"HERMIT","items_purchased":["hermit:Determination","ClockworkSouvenir","Replay:Baseball","hermit:LowProfile+1","hermit:ShadowCloak","hermit:FatalDesire","ReplayTheSpireMod:CursedCoin","DuplicationPotion"],"campfire_rested":2,"item_purchase_floors":[4,20,31,31,31,38,38,38],"current_hp_per_floor":[75,75,75,75,75,75,75,80,80,80,65,49,73,73,73,56,80,80,68,68,68,68,68,68,68,68,68,68,68,61,61,60,16,74,74,74,65,40,40,40,40,36,57,57,57,55,55,55,55,55],"gold":244,"neow_bonus":"THREE_ENEMY_KILL","is_daily":false,"chose_seed":false,"campfire_upgraded":4,"win_rate":0.0,"timestamp":1610319745,"path_taken":["R","M","?","?","M","?","T","?","M","R","M","?","R","?","M","BOSS","R","M","$","M","M","?","T","M","?","?","M","R","M","?","M","BOSS","R","M","M","$","?","R","T","M","R","?","?","M","?","?","M","BOSS"],"items_purchased_type":["Card","Relic","Relic","Card","Card","Card","Relic","Potion"],"build_version":"2020-12-22","purchased_purges":0,"victory":true,"max_hp_per_floor":[75,75,75,75,75,75,75,80,80,80,80,80,80,80,80,80,80,80,80,78,78,78,78,78,76,76,76,76,76,76,76,74,74,74,74,74,72,72,72,72,72,70,70,70,70,70,70,68,68,68],"card_choices":[{"not_picked":["hermit:TakeAim","hermit:PistolWhip"],"picked":"hermit:Desperado","floor":2},{"not_picked":["hermit:ItchyTrigger","hermit:HoleUp"],"picked":"hermit:Manifest","floor":4},{"not_picked":["hermit:HighCaliber","hermit:Dive"],"picked":"hermit:GoldenBullet","floor":5},{"not_picked":["hermit:Vantage","hermit:BodyArmor"],"picked":"hermit:Misfire+1","floor":9},{"not_picked":["hermit:Headshot+1","hermit:Determination"],"picked":"hermit:SprayPray+1","floor":11},{"not_picked":["hermit:Virtue","hermit:HighNoon"],"picked":"hermit:Malice+1","floor":12},{"not_picked":["hermit:CalledShot+1","hermit:FullyLoaded"],"picked":"hermit:Dive","floor":15},{"not_picked":["hermit:HeroicBravado","hermit:Gambit"],"picked":"hermit:RoundhouseKick+1","floor":16},{"not_picked":["hermit:Cheat","hermit:Roulette+1"],"picked":"hermit:Enervate+1","floor":19},{"not_picked":["hermit:Glare","hermit:WideOpen+1"],"picked":"hermit:RoundhouseKick+1","floor":20},{"not_picked":["hermit:CalledShot+1","hermit:Ricochet+1"],"picked":"hermit:LowProfile+1","floor":21},{"not_picked":["hermit:Feint","hermit:Snipe"],"picked":"hermit:Quickdraw+1","floor":22},{"not_picked":["hermit:Headshot+1","hermit:TakeCover+1"],"picked":"hermit:Determination","floor":25},{"not_picked":["hermit:HighNoon","hermit:Roulette+1"],"picked":"hermit:Grudge+1","floor":28},{"not_picked":["hermit:Midnight+1","hermit:BodyArmor+1"],"picked":"hermit:ShadowCloak","floor":30},{"not_picked":["hermit:FromBeyond","hermit:Coalescence"],"picked":"hermit:BodyArmor+1","floor":31},{"not_picked":["hermit:LuckOfTheDraw+1","hermit:SprayPray+1"],"picked":"hermit:Grudge+1","floor":32},{"not_picked":["hermit:Adapt","hermit:OverwhelmingPower"],"picked":"hermit:Gambit","floor":33},{"not_picked":["hermit:WideOpen+1","hermit:Headshot+1"],"picked":"hermit:Coalescence","floor":36},{"not_picked":["hermit:Snipe+1","hermit:EternalForm"],"picked":"hermit:Manifest","floor":37},{"not_picked":["hermit:TrackingShot+1","hermit:BigShot+1"],"picked":"hermit:Misfire+1","floor":38},{"not_picked":["hermit:TakeCover+1","hermit:CursedWeapon+1"],"picked":"hermit:Misfire+1","floor":42},{"not_picked":["hermit:TakeCover","hermit:CursedWeapon+1"],"picked":"hermit:TrackingShot+1","floor":44},{"not_picked":["hermit:Ricochet+1","hermit:Headshot+1"],"picked":"hermit:Determination","floor":46},{"not_picked":["hermit:TakeCover+1","hermit:WideOpen+1"],"picked":"hermit:FlashPowder","floor":49}],"player_experience":478487,"relics_obtained":[{"floor":6,"key":"ReplayTheSpireMod:Ring of Collecting"},{"floor":6,"key":"ReplayTheSpireMod:Ring of Challenge"},{"floor":7,"key":"Ring of Misfortune"},{"floor":7,"key":"Molten Egg 2"},{"floor":14,"key":"ReplayTheSpireMod:Ring of Addiction"},{"floor":14,"key":"ReplayTheSpireMod:Shallot"},{"floor":14,"key":"SacredBark"},{"floor":14,"key":"White Beast Statue"},{"floor":24,"key":"Ring of Fury"},{"floor":24,"key":"CaptainsWheel"},{"floor":25,"key":"Onion Ring"},{"floor":41,"key":"Ring of Fangs"},{"floor":41,"key":"conspire:DeflatedDodgeball"},{"floor":44,"key":"Bag of Marbles"}],"event_choices":[{"damage_healed":0,"gold_gain":0,"player_choice":"Ignored","damage_taken":0,"max_hp_gain":0,"max_hp_loss":0,"event_name":"Purifier","floor":3,"gold_loss":0},{"damage_healed":0,"gold_gain":0,"player_choice":"Got Potions","damage_taken":0,"max_hp_gain":0,"max_hp_loss":0,"event_name":"Lab","floor":8,"gold_loss":0},{"damage_healed":0,"gold_gain":0,"player_choice":"Read","damage_taken":0,"max_hp_gain":0,"max_hp_loss":0,"event_name":"The Library","floor":26,"gold_loss":0,"cards_obtained":["hermit:Grudge"]},{"damage_healed":0,"gold_gain":0,"player_choice":"Ignored","damage_taken":0,"max_hp_gain":0,"max_hp_loss":0,"event_name":"Vampires","floor":27,"gold_loss":0},{"damage_healed":0,"gold_gain":0,"player_choice":"Ignored","damage_taken":0,"max_hp_gain":0,"max_hp_loss":0,"event_name":"Purifier","floor":39,"gold_loss":0},{"damage_healed":0,"gold_gain":0,"player_choice":"Invest 2","damage_taken":0,"max_hp_gain":0,"max_hp_loss":0,"event_name":"conspire:Investor","floor":45,"gold_loss":0},{"cards_removed":["hermit:Defend_Hermit"],"damage_healed":0,"gold_gain":0,"player_choice":"Removed Skill","damage_taken":0,"max_hp_gain":0,"max_hp_loss":0,"event_name":"Falling","floor":47,"gold_loss":0},{"damage_healed":0,"gold_gain":0,"player_choice":"Ignored","damage_taken":0,"max_hp_gain":0,"max_hp_loss":0,"event_name":"OrinTheCat","floor":48,"gold_loss":0}],"is_beta":false,"boss_relics":[{"not_picked":["Kintsugi","Astrolabe"],"picked":"Black Star"},{"not_picked":["Runic Pyramid","Painkiller Herb"],"picked":"Cursed Key"}],"items_purged_floors":[],"is_endless":false,"potions_floor_spawned":[11,12,15,16,19,20,21,22,25,28,30,31,32,33,36,37,38,42,44,46,49],"ascension_level":1}}