{"host":"dhv3u8yhd2rnugsp","time":1610252771,"event":{"mods":["BaseMod","Block Reminder","Colored Map","Googly Eyes","Highlight Path","Minty Spire (QoL Compilation)","Permanent Neow","Quick Restart","Random Character Button","StSLib"],"gold_per_floor":[112,212,228,238,209,239,239,265,288,288,300,316,348,358,358,435,435,450,461,461,461,476,476,138,173,200,25,38,64,77,110,110,183,183,201,201,201,120,140,195,195,230,230,105,105,30,45,45,45,45],"floor_reached":51,"playtime":2551,"items_purged":["Pain","Strike_P","Doubt"],"score":1475,"play_id":"c8caf405-16d6-4ef6-a240-0f64b598e420","local_time":"20210109222611","is_ascension_mode":true,"campfire_choices":[{"data":"Eruption","floor":7.0,"key":"SMITH"},{"data":"Consecrate","floor":10.0,"key":"SMITH"},{"data":"Conclude","floor":15.0,"key":"SMITH"},{"floor":23.0,"key":"REST"},{"floor":32.0,"key":"REST"},{"floor":41,"key":"REST"},{"floor":49,"key":"REST"}],"circlet_count":0,"master_deck":["AscendersBane","Strike_P+1","Defend_P","Defend_P","Defend_P","Eruption+1","Vigilance","FlurryOfBlows+1","Halt+1","SpiritShield+1","Consecrate+1","Wireheading","FlurryOfBlows","CutThroughFate","Meditate","SashWhip","Conclude+1","Wallop+1","Devotion","BowlingBash+1","Halt","FearNoEvil","Tantrum","Prostrate","Prostrate+1","Weave+1","Wish","TalkToTheHand","ThirdEye","SandsOfTime"],"relics":["Astrolabe","Tiny Chest","Oddly Smooth Stone","Regal Pillow","Damaru","Fusion Hammer","WarpedTongs","HornCleat","Pear","Ancient Tea Set","Bottled Tornado","Whetstone","Cursed Key","TeardropLocket","Toy Ornithopter"],"acts_visited":["Exordium","TheCity","TheBeyond"],"potions_floor_usage":[33,39,40,50],"damage_taken":[{"damage":0.0,"enemies":"Small Slimes","floor":1.0,"turns":4.0},{"damage":0.0,"enemies":"Cultist","floor":3.0,"turns":3.0},{"damage":0.0,"enemies":"Jaw Worm","floor":4.0,"turns":3.0},{"damage":6.0,"enemies":"3 Sentries","floor":6.0,"turns":4.0},{"damage":10.0,"enemies":"Gremlin Nob","floor":8.0,"turns":3.0},{"damage":1.0,"enemies":"Gremlin Gang","floor":11.0,"turns":3.0},{"damage":7.0,"enemies":"Blue Slaver","floor":12.0,"turns":3.0},{"damage":15.0,"enemies":"Lagavulin","floor":13.0,"turns":6.0},{"damage":2.0,"enemies":"Looter","floor":14.0,"turns":3.0},{"damage":13.0,"enemies":"Slime Boss","floor":16.0,"turns":8.0},{"damage":0.0,"enemies":"2 Thieves","floor":18.0,"turns":1.0},{"damage":16.0,"enemies":"3 Byrds","floor":19.0,"turns":4.0},{"damage":4.0,"enemies":"Shelled Parasite and Fungi","floor":21.0,"turns":2.0},{"damage":0.0,"enemies":"Cultist and Chosen","floor":22.0,"turns":3.0},{"damage":2.0,"enemies":"Slavers","floor":25.0,"turns":4.0},{"damage":0.0,"enemies":"Sentry and Sphere","floor":28.0,"turns":3.0},{"damage":0.0,"enemies":"Gremlin Leader","floor":29.0,"turns":3.0},{"damage":32.0,"enemies":"Snake Plant","floor":30.0,"turns":5.0},{"damage":0.0,"enemies":"Book of Stabbing","floor":31.0,"turns":3.0},{"damage":26,"enemies":"Automaton","floor":33,"turns":7},{"damage":0,"enemies":"3 Shapes","floor":35,"turns":4},{"damage":1,"enemies":"3 Darklings","floor":39,"turns":3},{"damage":12,"enemies":"Reptomancer","floor":40,"turns":4},{"damage":10,"enemies":"4 Shapes","floor":42,"turns":5},{"damage":54,"enemies":"Transient","floor":47,"turns":6},{"damage":25,"enemies":"Time Eater","floor":50,"turns":7}],"seed_played":"-2461297994260775593","potions_obtained":[{"floor":3.0,"key":"Fire Potion"},{"floor":4.0,"key":"SteroidPotion"},{"floor":14.0,"key":"SmokeBomb"},{"floor":16.0,"key":"DuplicationPotion"},{"floor":22.0,"key":"Fruit Juice"},{"floor":28.0,"key":"DuplicationPotion"},{"floor":31.0,"key":"Fruit Juice"},{"floor":33,"key":"SneckoOil"},{"floor":40,"key":"FearPotion"}],"is_trial":false,"path_per_floor":["M","?","M","M","$","E","R","E","T","R","M","M","E","M","R","B",null,"M","M","?","M","M","R","$","E","T","$","M","E","M","E","R","B",null,"M","?","T","$","M","E","R","M","T","$","?","$","M","T","R","B",null],"character_chosen":"WATCHER","items_purchased":["FlurryOfBlows","HornCleat","Tantrum","TalkToTheHand","SandsOfTime"],"campfire_rested":4,"item_purchase_floors":[5,24,27,38,46],"current_hp_per_floor":[61,61,61,61,61,55,55,45,45,45,44,37,22,20,20,7,53,53,37,37,33,33,68,68,81,81,81,81,81,49,49,83,62,82,82,82,82,82,81,69,88,78,78,78,73,73,19,19,60,40],"gold":45,"neow_bonus":"BOSS_RELIC","is_daily":false,"chose_seed":false,"campfire_upgraded":3,"win_rate":0.0,"timestamp":1610252771,"path_taken":["M","?","?","M","$","E","R","E","T","R","M","M","E","M","R","BOSS","M","M","?","?","M","R","$","E","T","$","M","E","M","E","R","BOSS","M","?","?","$","M","E","R","?","T","?","?","$","M","?","R","BOSS"],"items_purchased_type":["Card","Relic","Card","Card","Card"],"build_version":"2020-12-22","purchased_purges":3,"victory":true,"max_hp_per_floor":[68,68,68,68,68,68,68,68,68,68,68,68,68,68,68,68,68,68,68,68,68,68,68,68,83,83,83,83,83,83,83,83,88,88,88,88,88,88,88,88,88,88,88,88,88,88,88,88,88,88],"card_choices":[{"not_picked":["ClearTheMind","EmptyBody"],"picked":"Consecrate","floor":1.0},{"not_picked":["Evaluate","ForeignInfluence","Fasting2"],"picked":"SKIP","floor":3.0},{"not_picked":["Crescendo","PathToVictory"],"picked":"Wireheading","floor":4.0},{"not_picked":["Wireheading","Blasphemy"],"picked":"CutThroughFate","floor":6.0},{"not_picked":["Consecrate","Perseverance"],"picked":"Meditate","floor":8.0},{"not_picked":["Worship","Swivel","Sanctity"],"picked":"SKIP","floor":11.0},{"not_picked":["LikeWater","Crescendo"],"picked":"SashWhip","floor":12.0},{"not_picked":["InnerPeace","ThirdEye"],"picked":"Conclude","floor":13.0},{"not_picked":["Prostrate","JustLucky"],"picked":"Wallop","floor":14.0},{"not_picked":["Alpha","Establishment"],"picked":"Devotion","floor":16.0},{"not_picked":["DeceiveReality","CutThroughFate"],"picked":"BowlingBash+1","floor":18.0},{"not_picked":["SashWhip","ClearTheMind","FollowUp"],"picked":"SKIP","floor":19.0},{"not_picked":["CrushJoints","Sanctity"],"picked":"Halt","floor":22.0},{"not_picked":["ClearTheMind","Omniscience"],"picked":"FearNoEvil","floor":25.0},{"not_picked":["EmptyFist","ClearTheMind"],"picked":"Prostrate","floor":28.0},{"not_picked":["Pray","FollowUp","BowlingBash"],"picked":"SKIP","floor":29.0},{"not_picked":["FollowUp+1","Worship"],"picked":"Prostrate+1","floor":30.0},{"not_picked":["EmptyMind","FlurryOfBlows"],"picked":"Weave+1","floor":31.0},{"not_picked":["Ragnarok","DevaForm"],"picked":"Wish","floor":33},{"not_picked":["Protect+1","EmptyBody","Crescendo+1"],"picked":"SKIP","floor":35},{"not_picked":["Perseverance","Protect","Consecrate"],"picked":"SKIP","floor":39},{"not_picked":["Consecrate","PathToVictory"],"picked":"ThirdEye","floor":40},{"not_picked":["Halt","Evaluate","LessonLearned"],"picked":"SKIP","floor":42},{"not_picked":["EmptyFist","ThirdEye","Collect"],"picked":"SKIP","floor":47}],"player_experience":1639013,"relics_obtained":[{"floor":6.0,"key":"Tiny Chest"},{"floor":8.0,"key":"Oddly Smooth Stone"},{"floor":9.0,"key":"Regal Pillow"},{"floor":13.0,"key":"Damaru"},{"floor":25.0,"key":"Pear"},{"floor":26.0,"key":"Ancient Tea Set"},{"floor":29.0,"key":"Bottled Tornado"},{"floor":31.0,"key":"Whetstone"},{"floor":37,"key":"TeardropLocket"},{"floor":40,"key":"Toy Ornithopter"}],"event_choices":[{"damage_healed":0.0,"max_hp_gain":0.0,"max_hp_loss":0.0,"gold_gain":100.0,"event_name":"Wheel of Change","player_choice":"Gold","floor":2.0,"gold_loss":0.0,"damage_taken":0.0},{"damage_healed":0.0,"max_hp_gain":0.0,"max_hp_loss":0.0,"gold_gain":0.0,"event_name":"Accursed Blacksmith","player_choice":"Rummage","floor":20.0,"gold_loss":0.0,"damage_taken":0.0,"relics_obtained":["WarpedTongs"],"cards_obtained":["Pain"]},{"damage_healed":0,"gold_gain":0,"player_choice":"Ignored","damage_taken":0,"max_hp_gain":0,"max_hp_loss":0,"event_name":"Tomb of Lord Red Mask","floor":36,"gold_loss":0},{"damage_healed":0,"gold_gain":0,"player_choice":"Bought 0 Potions","damage_taken":0,"max_hp_gain":0,"max_hp_loss":0,"event_name":"The Woman in Blue","floor":45,"gold_loss":0}],"is_beta":false,"boss_relics":[{"not_picked":["Ectoplasm","Runic Pyramid"],"picked":"Fusion Hammer"},{"not_picked":["Pandora\u0027s Box","Runic Dome"],"picked":"Cursed Key"}],"items_purged_floors":[24,27,44],"is_endless":false,"potions_floor_spawned":[3,4,14,16,22,28,31,33,35,40],"ascension_level":17}}