{"host":"mydft8i2zzydgggw","time":1610297331,"event":{"mods":["AchievementEnabler","BaseMod","BetterRewards","Colored Map","Colored Powertips","DeckTracker","Keyboard Shortcuts","Minty Spire (QoL Compilation)","Quick Restart","Rare Cards Sparkle","StSLib","SuperFastMode","The Poker Player","everything is the same but u backflip on backflip"],"gold_per_floor":[119,43,43,43,63,63,93,103,173,185,185,214,10,0,0,99,99,109,23,23,23,42,42,141,173,198,113,113,113],"floor_reached":28,"playtime":398,"items_purged":["Defend_P","Defend_P"],"score":320,"play_id":"b3c63921-d57f-4a76-a5a2-e55a7895ffe5","local_time":"20210111014851","is_ascension_mode":true,"campfire_choices":[{"data":"Adaptation","floor":6,"key":"SMITH"},{"data":"Strike_P","floor":11,"key":"PURGE"},{"floor":15,"key":"REST"},{"data":"Defend_P","floor":23,"key":"PURGE"}],"circlet_count":0,"master_deck":["Strike_P","Strike_P","Strike_P","Defend_P","Eruption","Vigilance","FlurryOfBlows","InnerPeace","Adaptation+1","TalkToTheHand","Scrawl"],"relics":["PureWater","NeowsBlessing","Juzu Bracelet","Peace Pipe","Darkstone Periapt","Blood Vial","Membership Card","SacredBark","Potion Belt","Orichalcum","Ginger"],"acts_visited":["Exordium","TheCity"],"potions_floor_usage":[10,10,16,25,25,25],"damage_taken":[{"damage":0,"enemies":"Jaw Worm","floor":1,"turns":1},{"damage":0,"enemies":"Small Slimes","floor":5,"turns":1},{"damage":0,"enemies":"Lagavulin","floor":7,"turns":1},{"damage":1,"enemies":"2 Louse","floor":8,"turns":2},{"damage":0,"enemies":"Exordium Wildlife","floor":10,"turns":3},{"damage":37,"enemies":"Gremlin Nob","floor":12,"turns":4},{"damage":25,"enemies":"Slime Boss","floor":16,"turns":7},{"damage":40,"enemies":"Shell Parasite","floor":18,"turns":6},{"damage":1,"enemies":"Spheric Guardian","floor":22,"turns":3},{"damage":34,"enemies":"Book of Stabbing","floor":25,"turns":3},{"damage":22,"enemies":"Snake Plant","floor":28,"turns":2}],"seed_played":"8257178364784338920","potions_obtained":[{"floor":1,"key":"DistilledChaos"},{"floor":8,"key":"EssenceOfSteel"},{"floor":10,"key":"Fire Potion"},{"floor":21,"key":"Fire Potion"},{"floor":21,"key":"ColorlessPotion"},{"floor":22,"key":"Fire Potion"},{"floor":25,"key":"StancePotion"}],"is_trial":false,"path_per_floor":["M","$","?","?","M","R","E","M","T","M","R","E","$","?","R","B",null,"M","$","?","?","M","R","?","E","T","?","M"],"character_chosen":"WATCHER","items_purchased":["InnerPeace","Membership Card","TalkToTheHand","Regen Potion"],"campfire_rested":1,"item_purchase_floors":[2,13,13,19],"current_hp_per_floor":[72,72,72,60,60,60,60,59,59,59,59,22,22,22,43,20,72,32,32,32,32,33,33,33,20,20,20,0,0],"gold":113,"neow_bonus":"THREE_ENEMY_KILL","is_daily":false,"chose_seed":false,"campfire_upgraded":1,"win_rate":0.0,"timestamp":1610297331,"path_taken":["M","$","?","?","M","R","E","M","T","M","R","E","?","?","R","BOSS","M","$","?","?","M","R","?","E","T","?","M"],"items_purchased_type":["Card","Relic","Card","Potion"],"build_version":"2020-12-22","purchased_purges":2,"victory":false,"max_hp_per_floor":[72,72,72,72,72,72,72,72,72,72,72,72,72,72,72,72,72,72,72,72,72,72,72,72,72,72,72,72,72],"card_choices":[{"not_picked":["BattleHymn","FollowUp"],"picked":"FlurryOfBlows","floor":1},{"not_picked":["JustLucky","Consecrate"],"picked":"Adaptation","floor":5},{"not_picked":["ThirdEye","Tantrum","Consecrate"],"picked":"SKIP","floor":7},{"not_picked":["Evaluate","Study","Blasphemy"],"picked":"SKIP","floor":8},{"not_picked":["EmptyFist","EmptyBody","BowlingBash"],"picked":"SKIP","floor":10},{"not_picked":["ClearTheMind","WreathOfFlame","ForeignInfluence"],"picked":"SKIP","floor":12},{"not_picked":["Judgement","Vault"],"picked":"Scrawl","floor":16},{"not_picked":["FlurryOfBlows","Prostrate","Protect"],"picked":"SKIP","floor":18},{"not_picked":["BowlingBash","Halt","PathToVictory"],"picked":"SKIP","floor":22},{"not_picked":["FlurryOfBlows","PathToVictory+1","CrushJoints"],"picked":"SKIP","floor":25}],"player_experience":170898,"relics_obtained":[{"floor":7,"key":"Peace Pipe"},{"floor":9,"key":"Darkstone Periapt"},{"floor":12,"key":"Blood Vial"},{"floor":25,"key":"Potion Belt"},{"floor":26,"key":"Orichalcum"}],"event_choices":[{"damage_healed":0,"gold_gain":0,"player_choice":"Ignored","damage_taken":0,"max_hp_gain":0,"max_hp_loss":0,"event_name":"Shining Light","floor":3,"gold_loss":0},{"damage_healed":0,"gold_gain":0,"player_choice":"Success","damage_taken":12,"relics_obtained":["Juzu Bracelet"],"max_hp_gain":0,"max_hp_loss":0,"event_name":"Scrap Ooze","floor":4,"gold_loss":0},{"damage_healed":0,"gold_gain":0,"player_choice":"Left Gold","damage_taken":0,"max_hp_gain":0,"max_hp_loss":0,"event_name":"World of Goop","floor":14,"gold_loss":10},{"damage_healed":0,"gold_gain":0,"player_choice":"Ignored","damage_taken":0,"max_hp_gain":0,"max_hp_loss":0,"event_name":"Ghosts","floor":20,"gold_loss":0},{"damage_healed":0,"gold_gain":0,"player_choice":"Got Potions","damage_taken":0,"max_hp_gain":0,"max_hp_loss":0,"event_name":"Lab","floor":21,"gold_loss":0},{"damage_healed":0,"gold_gain":99,"player_choice":"Stole From Cult","damage_taken":0,"max_hp_gain":0,"max_hp_loss":0,"event_name":"Nest","floor":24,"gold_loss":0},{"damage_healed":0,"gold_gain":0,"player_choice":"Obtained Relic","damage_taken":0,"relics_obtained":["Ginger"],"max_hp_gain":0,"max_hp_loss":0,"event_name":"Addict","floor":27,"gold_loss":85}],"is_beta":false,"boss_relics":[{"not_picked":["Runic Dome","Snecko Eye"],"picked":"SacredBark"}],"items_purged_floors":[13,19],"is_endless":false,"potions_floor_spawned":[1,8,10,22,25],"killed_by":"Snake Plant","ascension_level":4}}