{"host":"ojme7g6xlqwffsso","time":1610281690,"event":{"mods":["Act Like it!","BaseMod","Downfall","Hermit","MarisaÅiñ∂âJÅ@ñÇóùçπÅj","Minty Spire (QoL Compilation)","Quick Restart","Replay The Spire","Shade Mod","Shop Mod","StSLib","The Alterego","The Bug Knight","The Cursed","The Hierophant","The Marked","The Mystic","The Necromancer","The Servant 0.9.4","Yuri Mod"],"gold_per_floor":[115,133,133,153,165,165,194,212,212,212,231,53,66,86,86,189,189,206,86,86,149,149,149],"floor_reached":22,"playtime":976,"items_purged":[],"score":188,"play_id":"431d7a4d-f2ce-4f87-b256-9dd073c55539","local_time":"20210110212810","is_ascension_mode":false,"campfire_choices":[{"data":"alterego_mod:Impale","floor":6,"key":"SMITH"},{"data":"alterego_mod:Valentines","floor":10,"key":"SMITH"},{"data":"alterego_mod:Nekomimi","floor":15,"key":"SMITH"}],"circlet_count":0,"master_deck":["alterego_mod:Strike","alterego_mod:Strike","alterego_mod:Strike","alterego_mod:Strike","alterego_mod:Defend","alterego_mod:Defend","alterego_mod:Defend","alterego_mod:Impale+1","alterego_mod:BigMeatyClaws","alterego_mod:BrynhildrsRune","alterego_mod:Valentines+1","alterego_mod:Birthday","alterego_mod:DeftHands","alterego_mod:Exercise","alterego_mod:Nekomimi+1","alterego_mod:Smother","alterego_mod:TrashNCrash","alterego_mod:PerceptionDisorder","alterego_mod:Nekomimi+1","alterego_mod:AlterEgo","alterego_mod:Lift","alterego_mod:Punishment","alterego_mod:Cycle","alterego_mod:BeGentle","Slimebound:CheckThePlaybook","ReplayTheSpireMod:Splinters","alterego_mod:HighServant","alterego_mod:Cooking"],"relics":["alterego_mod:MasochisticConstitution","NeowsBlessing","Bronze Scales","Replay:Bottled Steam","MerchantsRug","Painkiller Herb","Mirror"],"acts_visited":["Exordium","TheCity"],"potions_floor_usage":[16,16],"damage_taken":[{"damage":0,"enemies":"Jaw Worm","floor":1,"turns":1},{"damage":0,"enemies":"Cultist","floor":2,"turns":1},{"damage":0,"enemies":"2 Louse","floor":4,"turns":1},{"damage":7,"enemies":"Exordium Thugs","floor":5,"turns":4},{"damage":20,"enemies":"Lagavulin","floor":7,"turns":8},{"damage":19,"enemies":"Lots of Slimes","floor":8,"turns":4},{"damage":14,"enemies":"Red Slaver","floor":11,"turns":3},{"damage":7,"enemies":"3 Louse","floor":13,"turns":4},{"damage":5,"enemies":"Large Slime","floor":14,"turns":7},{"damage":26,"enemies":"Hexaghost","floor":16,"turns":9},{"damage":29,"enemies":"2 Thieves","floor":18,"turns":4},{"damage":24,"enemies":"3 Byrds","floor":22,"turns":2}],"seed_played":"-6796775227521681363","potions_obtained":[{"floor":1,"key":"Adrenaline Potion"},{"floor":4,"key":"DistilledChaos"},{"floor":8,"key":"PowerPotion"},{"floor":14,"key":"DuplicationPotion"},{"floor":16,"key":"PowerPotion"}],"is_trial":false,"path_per_floor":["M","M","?","M","M","R","E","M","T","R","M","$","M","M","R","B",null,"?","T","?","?","?"],"character_chosen":"The_Alterego","items_purchased":["MerchantsRug","alterego_mod:Nekomimi+1","alterego_mod:Cycle","alterego_mod:BeGentle"],"campfire_rested":0,"item_purchase_floors":[12,12,19,19],"current_hp_per_floor":[70,70,70,70,71,71,52,57,57,57,46,46,42,40,40,17,77,51,51,24,24,0,0],"gold":149,"neow_bonus":"THREE_ENEMY_KILL","is_daily":false,"chose_seed":false,"campfire_upgraded":3,"win_rate":0.0,"timestamp":1610281690,"path_taken":["M","M","?","M","M","R","E","M","T","R","M","$","M","M","R","BOSS","?","T","?","?","?"],"items_purchased_type":["Relic","Card","Card","Card"],"build_version":"2020-12-22","purchased_purges":0,"victory":false,"max_hp_per_floor":[70,70,70,70,71,71,72,73,73,73,74,74,75,76,76,77,77,78,78,78,78,78,78],"card_choices":[{"not_picked":["alterego_mod:PresenceConcealment","alterego_mod:IndependentAction"],"picked":"alterego_mod:Valentines","floor":1},{"not_picked":["alterego_mod:Pet","alterego_mod:MagicResistance"],"picked":"alterego_mod:Birthday","floor":2},{"not_picked":["alterego_mod:1TonWallop","alterego_mod:Belle"],"picked":"alterego_mod:Exercise","floor":4},{"not_picked":["alterego_mod:Belts","alterego_mod:Smother"],"picked":"alterego_mod:Nekomimi","floor":5},{"not_picked":["alterego_mod:Skirt","alterego_mod:Undulate"],"picked":"alterego_mod:Smother","floor":7},{"not_picked":["alterego_mod:Santa","alterego_mod:DiscoLights"],"picked":"alterego_mod:TrashNCrash","floor":8},{"not_picked":["alterego_mod:Skirt","alterego_mod:Schoolgirl"],"picked":"alterego_mod:PerceptionDisorder","floor":11},{"not_picked":["alterego_mod:HighServant","alterego_mod:Smother"],"picked":"alterego_mod:AlterEgo","floor":13},{"not_picked":["alterego_mod:PerceptionDisorder","alterego_mod:Smother","alterego_mod:Bounce"],"picked":"SKIP","floor":14},{"not_picked":["alterego_mod:GIGAMILK","alterego_mod:Palingenesis"],"picked":"alterego_mod:Lift","floor":16},{"not_picked":["alterego_mod:Maid","alterego_mod:DeftHands"],"picked":"alterego_mod:Punishment","floor":18},{"not_picked":["alterego_mod:Schoolgirl","alterego_mod:Bounce"],"picked":"alterego_mod:HighServant","floor":21},{"not_picked":["alterego_mod:Skirt","alterego_mod:Pet+1"],"picked":"alterego_mod:Cooking","floor":21}],"player_experience":957294,"relics_obtained":[{"floor":7,"key":"Bronze Scales"},{"floor":9,"key":"Replay:Bottled Steam"},{"floor":21,"key":"Mirror"}],"event_choices":[{"damage_healed":0,"gold_gain":0,"cards_transformed":["alterego_mod:Defend"],"player_choice":"Transformed","damage_taken":0,"max_hp_gain":0,"max_hp_loss":0,"event_name":"Transmorgrifier","floor":3,"gold_loss":0,"cards_obtained":["alterego_mod:DeftHands"]}],"is_beta":false,"boss_relics":[{"not_picked":["Cursed Key","Velvet Choker"],"picked":"Painkiller Herb"}],"items_purged_floors":[],"is_endless":false,"potions_floor_spawned":[1,4,8,14,16],"killed_by":"3 Byrds","ascension_level":0}}