{"host":"61r95uy0hn86b9iu","time":1610315979,"event":{"mods":["AchievementEnabler","BaseMod","Better Vampires","BetterRewards","Colored Powertips","Hubris","Minty Spire (QoL Compilation)","Shop Mod","StSLib"],"gold_per_floor":[114,114,39,59,2,2,17,17,17,17,35,35,149,51,51,124,124,134,134,111,36,36,36,36,36],"floor_reached":24,"playtime":760,"items_purged":["Decay"],"score":572,"play_id":"b6f4d59f-0d47-40e8-bb35-b10b2a01b743","local_time":"20210110155939","is_ascension_mode":true,"campfire_choices":[{"data":"Body Slam","floor":6.0,"key":"SMITH"},{"data":"Heavy Blade","floor":10.0,"key":"SMITH"},{"floor":15.0,"key":"REST"},{"floor":23.0,"key":"REST"}],"circlet_count":0,"master_deck":["AscendersBane","Strike_R","Strike_R","Strike_R","Strike_R","Defend_R","Defend_R","Defend_R","Defend_R","Bash","Shrug It Off","Body Slam+1","Armaments+1","Heavy Blade+1","Iron Wave","Clothesline","Panacea+1","Exhume+1","CurseOfTheBell","Flex+1"],"relics":["Burning Blood","hubris:OldNail","Toxic Egg 2","hubris:TinFlute","hubris:Icosahedron","Calling Bell","Anchor","InkBottle","hubris:CuriousFeather"],"acts_visited":["Exordium","TheCity"],"potions_floor_usage":[24],"damage_taken":[{"damage":4.0,"enemies":"Small Slimes","floor":1.0,"turns":5.0},{"damage":12.0,"enemies":"Jaw Worm","floor":4.0,"turns":4.0},{"damage":0.0,"enemies":"2 Louse","floor":7.0,"turns":3.0},{"damage":21.0,"enemies":"Large Slime","floor":11.0,"turns":9.0},{"damage":1.0,"enemies":"2 Fungi Beasts","floor":13.0,"turns":4.0},{"damage":84.0,"enemies":"The Guardian","floor":16.0,"turns":18.0},{"damage":40.0,"enemies":"Spheric Guardian","floor":18.0,"turns":10.0},{"damage":10.0,"enemies":"2 Thieves","floor":20.0,"turns":4.0},{"damage":0.0,"enemies":"Snake Plant","floor":22.0,"turns":1.0},{"damage":76,"enemies":"Gremlin Leader","floor":24,"turns":5}],"seed_played":"-7048675239649970155","potions_obtained":[{"floor":11.0,"key":"Regen Potion"}],"is_trial":false,"path_per_floor":["M","?","?","M","$","R","M","?","T","R","M","?","M","$","R","B",null,"M","?","M","$","M","R","E"],"character_chosen":"IRONCLAD","items_purchased":["hubris:OldNail","Shrug It Off","Armaments+1","Panacea+1"],"campfire_rested":2,"item_purchase_floors":[0,0,5,14],"current_hp_per_floor":[70,70,70,64,64,64,70,70,70,70,55,55,60,60,75,12,59,25,25,21,21,27,49,0,0],"gold":36,"neow_bonus":"","is_daily":false,"chose_seed":false,"campfire_upgraded":2,"win_rate":0.0,"timestamp":1610315979,"path_taken":["M","?","?","M","$","R","M","?","T","R","M","?","M","$","R","BOSS","M","?","M","$","M","R","E"],"items_purchased_type":["Relic","Card","Card","Card"],"build_version":"2020-12-22","purchased_purges":1,"victory":false,"max_hp_per_floor":[75,75,75,75,75,75,75,75,75,75,75,75,75,75,75,75,75,75,75,75,75,75,75,75,75],"card_choices":[{"not_picked":["Sentinel","Carnage","Headbutt"],"picked":"SKIP","floor":1.0},{"not_picked":["Dark Embrace","Wild Strike"],"picked":"Body Slam","floor":4.0},{"not_picked":["Shockwave+1","Armaments+1"],"picked":"Heavy Blade","floor":7.0},{"not_picked":["Heavy Blade","Armaments+1","Anger"],"picked":"SKIP","floor":11.0},{"not_picked":["Burning Pact+1","Feel No Pain"],"picked":"Clothesline","floor":13.0},{"not_picked":["Impervious+1","Brutality"],"picked":"Exhume+1","floor":16.0},{"not_picked":["Shrug It Off+1","Body Slam"],"picked":"Flex+1","floor":18.0},{"not_picked":["Anger","Blood for Blood+1","Warcry+1"],"picked":"SKIP","floor":20.0}],"player_experience":3260003,"relics_obtained":[{"floor":9.0,"key":"hubris:TinFlute"},{"floor":17.0,"key":"Anchor"},{"floor":17.0,"key":"InkBottle"},{"floor":17.0,"key":"hubris:CuriousFeather"}],"event_choices":[{"damage_healed":0.0,"max_hp_gain":0.0,"max_hp_loss":0.0,"gold_gain":0.0,"event_name":"Big Fish","player_choice":"Box","floor":2.0,"gold_loss":0.0,"damage_taken":0.0,"relics_obtained":["Toxic Egg 2"],"cards_obtained":["Regret"]},{"cards_removed":["Regret"],"damage_healed":0.0,"max_hp_gain":0.0,"max_hp_loss":0.0,"gold_gain":0.0,"event_name":"The Cleric","player_choice":"Card Removal","floor":3.0,"gold_loss":75.0,"damage_taken":0.0},{"damage_healed":0.0,"max_hp_gain":0.0,"max_hp_loss":0.0,"gold_gain":0.0,"cards_transformed":["Strike_R"],"event_name":"Living Wall","player_choice":"Change","floor":8.0,"gold_loss":0.0,"damage_taken":0.0,"cards_obtained":["Iron Wave"]},{"damage_healed":0.0,"max_hp_gain":0.0,"max_hp_loss":0.0,"gold_gain":0.0,"event_name":"Wheel of Change","player_choice":"Cursed","floor":19.0,"gold_loss":0.0,"damage_taken":0.0,"cards_obtained":["Decay"]}],"is_beta":false,"boss_relics":[{"not_picked":["hubris:BlackHole","SlaversCollar"],"picked":"Calling Bell"}],"items_purged_floors":[21],"is_endless":false,"potions_floor_spawned":[11],"killed_by":"Gremlin Leader","ascension_level":20}}