{"host":"oehe2dxjvdgux73m","time":1610296206,"event":{"mods":["AchievementEnabler","BaseMod","Colored Map","Colored Powertips","DeckTracker","Keyboard Shortcuts","Minty Spire (QoL Compilation)","Permanent Neow","Quick Restart","StSLib","SuperFastMode"],"gold_per_floor":[113,127,7,21,31,62,62,93,93,93,93,123,123,141,141,236,236,253,253,58,73,86,116,116,126,150,163,163,163,163,174,174,174,174],"floor_reached":33,"playtime":1277,"items_purged":["Strike_G"],"score":406,"play_id":"de916750-351d-4bd4-ae10-faba9ac2719a","local_time":"20210111013006","is_ascension_mode":true,"campfire_choices":[{"data":"Neutralize","floor":7.0,"key":"SMITH"},{"floor":11.0,"key":"REST"},{"data":"A Thousand Cuts","floor":13.0,"key":"SMITH"},{"data":"Well Laid Plans","floor":15.0,"key":"SMITH"},{"floor":29.0,"key":"REST"},{"data":"Tactician","floor":32.0,"key":"SMITH"}],"circlet_count":0,"master_deck":["Strike_G","Strike_G","Strike_G","Defend_G","Defend_G","Defend_G","Defend_G","Survivor","Neutralize+1","Dagger Throw","Quick Slash","Dagger Spray","Dagger Spray+1","Escape Plan","A Thousand Cuts+1","Well Laid Plans+1","Adrenaline","Writhe","Apotheosis","Acrobatics","Prepared+1","Tactician+1"],"relics":["Ring of the Snake","Art of War","Kunai","Potion Belt","Regal Pillow","Ninja Scroll","Empty Cage","Anchor","Bottled Lightning","Mummified Hand","Blood Vial"],"acts_visited":["Exordium","TheCity"],"potions_floor_usage":[33,33],"damage_taken":[{"damage":1.0,"enemies":"Small Slimes","floor":1.0,"turns":5.0},{"damage":0.0,"enemies":"Cultist","floor":2.0,"turns":4.0},{"damage":4.0,"enemies":"Jaw Worm","floor":4.0,"turns":3.0},{"damage":7.0,"enemies":"Gremlin Gang","floor":5.0,"turns":2.0},{"damage":16.0,"enemies":"Gremlin Nob","floor":6.0,"turns":3.0},{"damage":19.0,"enemies":"3 Sentries","floor":8.0,"turns":6.0},{"damage":26.0,"enemies":"Lagavulin","floor":12.0,"turns":4.0},{"damage":0.0,"enemies":"Blue Slaver","floor":14.0,"turns":4.0},{"damage":20.0,"enemies":"Hexaghost","floor":16.0,"turns":11.0},{"damage":0.0,"enemies":"3 Byrds","floor":18.0,"turns":3.0},{"damage":2.0,"enemies":"Shell Parasite","floor":21.0,"turns":4.0},{"damage":2.0,"enemies":"3 Cultists","floor":22.0,"turns":5.0},{"damage":0.0,"enemies":"Gremlin Leader","floor":23.0,"turns":9.0},{"damage":4.0,"enemies":"Centurion and Healer","floor":25.0,"turns":7.0},{"damage":29.0,"enemies":"Snake Plant","floor":27.0,"turns":8.0},{"damage":28.0,"enemies":"Snecko","floor":31.0,"turns":5.0},{"damage":39,"enemies":"Collector","floor":33,"turns":5}],"seed_played":"-5768783593873231954","potions_obtained":[{"floor":1.0,"key":"ColorlessPotion"},{"floor":2.0,"key":"Weak Potion"},{"floor":4.0,"key":"Fire Potion"},{"floor":23.0,"key":"LiquidMemories"},{"floor":25.0,"key":"DistilledChaos"},{"floor":27.0,"key":"Ancient Potion"},{"floor":31.0,"key":"Strength Potion"}],"is_trial":false,"path_per_floor":["M","M","$","M","M","E","R","E","T","?","R","E","R","M","R","B",null,"M","?","$","M","M","E","T","M","T","M","?","R","?","M","R","B"],"character_chosen":"THE_SILENT","items_purchased":["Dagger Spray","Apotheosis","Acrobatics"],"campfire_rested":2,"item_purchase_floors":[3,20,20],"current_hp_per_floor":[62,62,62,58,51,35,35,16,16,16,52,26,26,26,26,6,54,54,54,54,52,50,50,50,46,46,19,19,55,60,34,34,0,0],"gold":174,"neow_bonus":"RANDOM_COMMON_RELIC","is_daily":false,"chose_seed":false,"campfire_upgraded":4,"win_rate":0.0,"timestamp":1610296206,"path_taken":["M","M","$","M","M","E","R","E","T","?","R","E","R","?","R","BOSS","M","?","$","M","M","E","?","?","T","M","?","R","?","?","R","BOSS"],"items_purchased_type":["Card","Card","Card"],"build_version":"2020-12-22","purchased_purges":1,"victory":false,"max_hp_per_floor":[70,70,70,70,70,70,70,70,70,70,70,70,70,70,70,70,70,70,70,70,70,70,70,70,70,70,70,70,70,70,70,70,70,70],"card_choices":[{"not_picked":["Well Laid Plans","Accuracy"],"picked":"Dagger Throw","floor":1.0},{"not_picked":["Concentrate","Dodge and Roll"],"picked":"Quick Slash","floor":2.0},{"not_picked":["Blade Dance","Poisoned Stab"],"picked":"Dagger Spray","floor":4.0},{"not_picked":["Eviscerate","Flying Knee","Bane"],"picked":"SKIP","floor":5.0},{"not_picked":["Flying Knee","Cloak And Dagger"],"picked":"Escape Plan","floor":6.0},{"not_picked":["Outmaneuver","Dagger Throw","Underhanded Strike"],"picked":"SKIP","floor":8.0},{"not_picked":["Noxious Fumes","Terror"],"picked":"A Thousand Cuts","floor":12.0},{"not_picked":["Dash","Setup"],"picked":"Well Laid Plans","floor":14.0},{"not_picked":["Wraith Form v2","Grand Finale"],"picked":"Adrenaline","floor":16.0},{"not_picked":["Expertise+1","Terror","Flechettes"],"picked":"SKIP","floor":18.0},{"not_picked":["Quick Slash","Leg Sweep","Slice"],"picked":"SKIP","floor":21.0},{"not_picked":["Predator","Bane","Cloak And Dagger"],"picked":"SKIP","floor":22.0},{"not_picked":["Deflect+1","Dagger Throw"],"picked":"Underhanded Strike+1","floor":23.0},{"not_picked":["Sucker Punch","Bouncing Flask","Quick Slash"],"picked":"SKIP","floor":25.0},{"not_picked":["Crippling Poison","Deflect"],"picked":"Prepared+1","floor":27.0},{"not_picked":["Crippling Poison+1","Dash"],"picked":"Tactician","floor":31.0}],"player_experience":85158,"relics_obtained":[{"floor":6.0,"key":"Kunai"},{"floor":8.0,"key":"Potion Belt"},{"floor":9.0,"key":"Regal Pillow"},{"floor":12.0,"key":"Ninja Scroll"},{"floor":23.0,"key":"Bottled Lightning"},{"floor":24.0,"key":"Mummified Hand"},{"floor":26.0,"key":"Blood Vial"}],"event_choices":[{"damage_healed":0.0,"max_hp_gain":0.0,"max_hp_loss":0.0,"gold_gain":0.0,"event_name":"Accursed Blacksmith","player_choice":"Forge","floor":10.0,"gold_loss":0.0,"damage_taken":0.0,"cards_upgraded":["Dagger Spray"]},{"damage_healed":0.0,"max_hp_gain":0.0,"max_hp_loss":0.0,"gold_gain":0.0,"event_name":"The Mausoleum","player_choice":"Opened","floor":19.0,"gold_loss":0.0,"damage_taken":0.0,"relics_obtained":["Anchor"],"cards_obtained":["Writhe"]},{"damage_healed":0.0,"max_hp_gain":0.0,"max_hp_loss":0.0,"gold_gain":0.0,"event_name":"Ghosts","player_choice":"Ignored","floor":28.0,"gold_loss":0.0,"damage_taken":0.0},{"cards_removed":["Underhanded Strike"],"damage_healed":5.0,"max_hp_gain":0.0,"max_hp_loss":0.0,"gold_gain":0.0,"event_name":"Bonfire Elementals","player_choice":"Offered Common","floor":30.0,"gold_loss":0.0,"damage_taken":0.0},{"cards_removed":["Underhanded Strike"],"damage_healed":5.0,"max_hp_gain":0.0,"max_hp_loss":0.0,"gold_gain":0.0,"event_name":"Bonfire Elementals","player_choice":"Offered Special","floor":30.0,"gold_loss":0.0,"damage_taken":0.0}],"is_beta":false,"boss_relics":[{"not_picked":["Ectoplasm","SacredBark"],"picked":"Empty Cage"}],"items_purged_floors":[3],"is_endless":false,"potions_floor_spawned":[1,2,4,23,25,27,31],"killed_by":"Collector","ascension_level":6}}