{"host":"0iuhrgzkozzv273x","time":1610250952,"event":{"mods":["2.2 Compatiblity","Astrologer","BaseMod","ChefMod","Colored Map","Downfall","Hermit","Jorbs\u0027s Wanderer Trilogy","Key Reminder","Minty Spire (QoL Compilation)","Robot Space Explorer","Shade Mod","StSLib","The Caster","The Construct","The Cursed","The Disciple","The Hayseed","The Runesmith","The Showman","TheFirefly","Unceasing Turn Reminder","Wandering Minibosses","thorton"],"gold_per_floor":[114,134,151,151,101,101,126,126,126,126,139,158,83,108,108,207,207,218,317,332,88,3,31,31,31,57,70,170,170,20,35,35,133,133,133,133,146,146,146,146,180,196,196,196,225,27,27,47,47,47,47,47,47,79,79],"floor_reached":56,"playtime":5294,"items_purged":["caster:strike"],"score":1181,"play_id":"7e2c8efc-a2d9-476b-8730-521644c98266","local_time":"20210109225552","is_ascension_mode":false,"campfire_choices":[{"data":"caster:DiablosFlame","floor":6.0,"key":"SMITH"},{"data":"caster:Fissure","floor":10.0,"key":"SMITH"},{"data":"caster:WallOfMirrors","floor":15.0,"key":"SMITH"},{"data":"caster:LordOfVermillion","floor":25,"key":"SMITH"},{"data":"caster:DiamondDust","floor":32,"key":"SMITH"},{"data":"Madness","floor":40,"key":"SMITH"},{"floor":47,"key":"RECALL"},{"data":"Madness","floor":49,"key":"SMITH"},{"data":"caster:defend","floor":52,"key":"SMITH"}],"circlet_count":0,"master_deck":["caster:Meteor+1","caster:DivertFocus","caster:strike","caster:defend+1","caster:defend+1","caster:defend","caster:defend","caster:defend+1","Discovery+1","caster:DiablosFlame+1","caster:Surge","caster:Fissure+1","caster:Slick+1","caster:ShivasGrace+1","caster:Cryogenesis","caster:WallOfMirrors+1","caster:LordOfVermillion+1","CurseOfTheBell","caster:Incantation+1","caster:DiamondDust+1","caster:Sleet+1","caster:IzanagisObdurance+1","Violence","Madness+1","Madness+1","caster:Charge+1","caster:AlternatingCurrent+1"],"relics":["caster:MagicBook","Meat on the Bone","Frozen Egg 2","Potion Belt","Calling Bell","Strawberry","Sundial","Pocketwatch","Medical Kit","Torii","Omamori","War Paint","Ice Cream","InkBottle","Lee\u0027s Waffle","Coffee Dripper","Orichalcum","Blue Candle","Shuriken","Lantern","Ginger"],"acts_visited":["Exordium","TheCity","TheBeyond","TheEnding"],"potions_floor_usage":[21,28,28,31,35,45,55],"damage_taken":[{"damage":0.0,"enemies":"2 Louse","floor":1.0,"turns":4.0},{"damage":0.0,"enemies":"Small Slimes","floor":2.0,"turns":5.0},{"damage":0.0,"enemies":"Jaw Worm","floor":3.0,"turns":4.0},{"damage":12.0,"enemies":"Gremlin Nob","floor":7.0,"turns":5.0},{"damage":10.0,"enemies":"3 Louse","floor":11.0,"turns":3.0},{"damage":0.0,"enemies":"Large Slime","floor":12.0,"turns":5.0},{"damage":3.0,"enemies":"Lagavulin","floor":14.0,"turns":7.0},{"damage":18.0,"enemies":"The Guardian","floor":16.0,"turns":11.0},{"damage":2,"enemies":"Chosen","floor":18,"turns":6},{"damage":5,"enemies":"2 Thieves","floor":20,"turns":5},{"damage":8,"enemies":"Book of Stabbing","floor":23,"turns":7},{"damage":1,"enemies":"Snecko","floor":27,"turns":3},{"damage":27,"enemies":"Colosseum Slavers","floor":28,"turns":7},{"damage":7,"enemies":"Colosseum Nobs","floor":28,"turns":4},{"damage":15,"enemies":"Snake Plant","floor":31,"turns":6},{"damage":36,"enemies":"Champ","floor":33,"turns":12},{"damage":0,"enemies":"3 Darklings","floor":35,"turns":2},{"damage":0,"enemies":"Orb Walker","floor":37,"turns":6},{"damage":1,"enemies":"Giant Head","floor":41,"turns":10},{"damage":24,"enemies":"Transient","floor":42,"turns":5},{"damage":81,"enemies":"Reptomancer","floor":45,"turns":6},{"damage":0,"enemies":"Spire Growth","floor":48,"turns":6},{"damage":22,"enemies":"Awakened One","floor":50,"turns":11},{"damage":22,"enemies":"Shield and Spear","floor":54,"turns":5},{"damage":62,"enemies":"The Heart","floor":55,"turns":11}],"seed_played":"-4635950920381713450","potions_obtained":[{"floor":2.0,"key":"Dexterity Potion"},{"floor":7.0,"key":"FairyPotion"},{"floor":12.0,"key":"Weak Potion"},{"floor":20,"key":"FearPotion"},{"floor":27,"key":"CultistPotion"},{"floor":33,"key":"SmokeBomb"},{"floor":42,"key":"SpeedPotion"},{"floor":54,"key":"Weak Potion"}],"is_trial":false,"path_per_floor":["M","M","M","?","?","R","E","?","T","R","M","M","$","E","R","B",null,"M","?","M","$","?","E","?","R","T","M","?","T","$","M","R","B",null,"M","?","M","?","?","R","E","M","T","?","E","$","R","M","R","B",null,"R","$","E","B",null],"character_chosen":"THE_CASTER","items_purchased":["Medical Kit","Fruit Juice","Lee\u0027s Waffle","Lantern","SpeedPotion"],"campfire_rested":0,"item_purchase_floors":[21,21,30,46,46],"current_hp_per_floor":[64,64,64,51,51,51,39,39,39,39,41,41,41,38,38,32,71,69,69,64,69,69,61,47,47,47,46,36,36,88,73,73,49,88,88,88,88,88,77,77,76,52,52,52,38,38,38,50,50,40,88,88,88,66,16],"gold":79,"neow_bonus":"RANDOM_COLORLESS","is_daily":false,"chose_seed":false,"campfire_upgraded":8,"win_rate":0.0,"timestamp":1610250952,"path_taken":["M","M","M","?","?","R","E","?","T","R","M","M","$","E","R","BOSS","M","?","M","$","?","E","?","R","T","M","?","?","?","M","R","BOSS","M","?","M","?","?","R","E","M","T","?","E","$","R","M","R","BOSS","R","$","E","BOSS"],"items_purchased_type":["Relic","Potion","Relic","Relic","Potion"],"build_version":"2020-12-22","purchased_purges":1,"victory":true,"max_hp_per_floor":[64,64,64,64,64,64,64,64,64,64,64,64,64,64,64,64,71,71,71,71,76,76,76,81,81,81,81,81,81,88,88,88,88,88,88,88,88,88,88,88,88,88,88,88,88,88,88,88,88,88,88,88,88,88,88],"card_choices":[{"not_picked":["Purity","Forethought"],"picked":"Discovery","floor":0.0},{"not_picked":["caster:ShivasGrace","caster:LightningBolt"],"picked":"caster:DiablosFlame","floor":1.0},{"not_picked":["caster:PyroclasticTide","caster:Illusion"],"picked":"caster:Surge","floor":2.0},{"not_picked":["caster:MagicWeapon","caster:Charge"],"picked":"caster:Fissure","floor":3.0},{"not_picked":["caster:LightningBolt","caster:IcicleLance","caster:Enfeeble"],"picked":"SKIP","floor":7.0},{"not_picked":["caster:Sandstorm","caster:FireWall"],"picked":"caster:ShivasGrace+1","floor":11.0},{"not_picked":["caster:MagicWeapon","caster:Sandstorm"],"picked":"caster:Cryogenesis","floor":12.0},{"not_picked":["caster:MagicWeapon","caster:FlashFrost"],"picked":"caster:WallOfMirrors","floor":14.0},{"not_picked":["caster:Susanoo","caster:StormGust"],"picked":"caster:LordOfVermillion","floor":16.0},{"not_picked":["caster:DiamondDust","caster:Illusion"],"picked":"caster:MagicWeapon+1","floor":18},{"not_picked":["caster:MagicResonance","caster:LightningBolt","caster:AbsoluteZero+1"],"picked":"SKIP","floor":20},{"not_picked":["caster:FireWall","caster:Fireball+1"],"picked":"caster:Incantation+1","floor":23},{"not_picked":["caster:QuickCast+1","caster:Cryogenesis","caster:Discharge"],"picked":"SKIP","floor":27},{"not_picked":["caster:GaiasBlessing","caster:Accumulation"],"picked":"caster:DiamondDust","floor":28},{"not_picked":["caster:FireWall","caster:EchoingVoice"],"picked":"caster:Sleet+1","floor":31},{"not_picked":["caster:ManaOverflow+1","caster:EchoingVoice"],"picked":"caster:IzanagisObdurance+1","floor":33},{"not_picked":["caster:Tundra","caster:Illusion","caster:Conflagrate+1"],"picked":"SKIP","floor":37},{"not_picked":["Good Instincts","Chrysalis"],"picked":"Violence","floor":38},{"not_picked":["caster:JupitelThunder+1","caster:FrigidBeam"],"picked":"caster:Charge+1","floor":41},{"not_picked":["caster:FlashSpeed","caster:BurnItDown","caster:JupitelThunder"],"picked":"SKIP","floor":42},{"not_picked":["caster:Eruption+1","caster:GaiasBlessing+1","caster:Explosion"],"picked":"SKIP","floor":45},{"not_picked":["caster:FrigidBeam","caster:DiablosFlame+1"],"picked":"caster:AlternatingCurrent+1","floor":48},{"not_picked":["caster:FlashSpeed+1","caster:WallOfRocks+1","caster:FrigidBeam"],"picked":"SKIP","floor":54}],"player_experience":1456490,"relics_obtained":[{"floor":7.0,"key":"Meat on the Bone"},{"floor":9.0,"key":"Frozen Egg 2"},{"floor":14.0,"key":"Potion Belt"},{"floor":17,"key":"Strawberry"},{"floor":17,"key":"Sundial"},{"floor":17,"key":"Pocketwatch"},{"floor":23,"key":"Omamori"},{"floor":26,"key":"War Paint"},{"floor":28,"key":"Ice Cream"},{"floor":28,"key":"InkBottle"},{"floor":41,"key":"Orichalcum"},{"floor":43,"key":"Blue Candle"},{"floor":45,"key":"Shuriken"},{"floor":54,"key":"Ginger"}],"event_choices":[{"damage_healed":0.0,"max_hp_gain":0.0,"max_hp_loss":0.0,"gold_gain":0.0,"event_name":"Shining Light","player_choice":"Entered Light","floor":4.0,"gold_loss":0.0,"damage_taken":13.0,"cards_upgraded":["caster:Meteor","caster:defend"]},{"cards_removed":["caster:strike"],"damage_healed":0.0,"max_hp_gain":0.0,"max_hp_loss":0.0,"gold_gain":0.0,"event_name":"The Cleric","player_choice":"Card Removal","floor":5.0,"gold_loss":50.0,"damage_taken":0.0},{"damage_healed":0,"gold_gain":99,"player_choice":"Stole From Cult","damage_taken":0,"max_hp_gain":0,"max_hp_loss":0,"event_name":"Nest","floor":19,"gold_loss":0},{"damage_healed":0,"gold_gain":0,"player_choice":"Obtained Relic","damage_taken":0,"relics_obtained":["Torii"],"max_hp_gain":0,"max_hp_loss":0,"event_name":"Addict","floor":22,"gold_loss":85},{"damage_healed":0,"gold_gain":0,"player_choice":"Shed Blood","damage_taken":19,"max_hp_gain":5,"max_hp_loss":0,"event_name":"Forgotten Altar","floor":24,"gold_loss":0},{"damage_healed":0,"gold_gain":0,"player_choice":"Fight","damage_taken":0,"max_hp_gain":0,"max_hp_loss":0,"event_name":"Colosseum","floor":28,"gold_loss":0},{"damage_healed":0,"gold_gain":0,"player_choice":"Fought Nobs","damage_taken":0,"max_hp_gain":0,"max_hp_loss":0,"event_name":"Colosseum","floor":28,"gold_loss":0},{"cards_removed":["caster:MagicWeapon"],"damage_healed":0,"gold_gain":0,"player_choice":"Removed Attack","damage_taken":0,"max_hp_gain":0,"max_hp_loss":0,"event_name":"Falling","floor":36,"gold_loss":0},{"damage_healed":0,"gold_gain":0,"player_choice":"Memory 1","damage_taken":0,"max_hp_gain":0,"max_hp_loss":0,"event_name":"SensoryStone","floor":38,"gold_loss":0},{"damage_healed":0,"gold_gain":0,"player_choice":"Embrace Madness","damage_taken":11,"max_hp_gain":0,"max_hp_loss":0,"event_name":"Winding Halls","floor":39,"gold_loss":0,"cards_obtained":["Madness","Madness"]},{"cards_removed":["caster:strike"],"damage_healed":0,"gold_gain":0,"player_choice":"Purged","damage_taken":0,"max_hp_gain":0,"max_hp_loss":0,"event_name":"Purifier","floor":44,"gold_loss":0}],"is_beta":false,"boss_relics":[{"not_picked":["Snecko Eye","construct:WeddingRing"],"picked":"Calling Bell"},{"not_picked":["Velvet Choker","Tiny House"],"picked":"Coffee Dripper"}],"items_purged_floors":[13],"is_endless":false,"potions_floor_spawned":[2,7,12,20,27,28,33,35,42,54],"ascension_level":0}}