{"host":"i58uscbei3sy5089","time":1610281175,"event":{"mods":["ATMod(阿瑾Mod)","Act Like it!","BaseMod","Challenge The Spire","Colored Powertips","Conspire","Infinite Spire","Koishi","Lobotomy","LobotomyExtend","Minty Spire (QoL Compilation)","MostiFishMod","Prisma Mod","Quick Restart","Replay The Spire","Shop Mod","Spicy Shops","StSLib","TestMod","The Administrix","The Construct","The Marked","UnlockEverythingMod","WarShipGirlsR/战舰少女R mod","[IsaacMod]以撒尖塔","vexMod","【功能Mod】混沌之环修复补丁","【遗物卡牌】REMEMod","篝火指南"],"gold_per_floor":[118,68,68,68,92,128,128,167,167,167,167,188,188,50,50,179,179,204,204,219,237,107,107,146,160,205,226,247,247,260,278,278,397,397,422,503,524,544,380,380,407,407,407,407,420,441,484,508,18,18,18],"floor_reached":52,"playtime":3701,"items_purged":["conspire:GhostlyDefend","conspire:GhostlyStrike","BigBadWolf"],"score":1011,"play_id":"a4a1fb3f-8bbd-4fa0-a4b5-5f9408530382","local_time":"20210110201935","is_ascension_mode":true,"campfire_choices":[{"data":"AT_ShrugMaster","floor":10.0,"key":"SMITH"},{"data":"theMarked:EmpowerWeapon","floor":15.0,"key":"SMITH"},{"data":"theMarked:EternalStudent","floor":23.0,"key":"SMITH"},{"floor":29.0,"key":"REST"},{"data":"theMarked:EmpowerWeapon","floor":32.0,"key":"SMITH"},{"data":"theMarked:StartUp","floor":40.0,"key":"SMITH"},{"data":"theMarked:SoldierForm","floor":42.0,"key":"SMITH"}],"circlet_count":0,"master_deck":["conspire:GhostlyStrike","conspire:GhostlyStrike","conspire:GhostlyStrike+1","conspire:GhostlyDefend","conspire:GhostlyDefend+1","conspire:GhostlyDefend","theMarked:SoldierOfQuellstein","Tools of the Trade","AT_ShrugMaster+1","theMarked:EmpowerWeapon+1","theMarked:EmpowerWeapon+1","theMarked:EternalStudent+1","theMarked:SoldierForm+1","theMarked:EmpowerWeapon+1","theMarked:EternalStudent+1","theMarked:WardOff+1","theMarked:Indomitable+1","theMarked:DeterminationOfTheMarked+1","theMarked:StartUp+1","theMarked:Panic+1","theMarked:WardOff","theMarked:ElementalBlade","theMarked:WardOff"],"relics":["theMarked:ArtifactOfAir","testmod-TestBox","HushsDoor","DaveBox","AT_ATBox","REME_ComplimentaryCards","ChiXiaoBlade","BookofShadows","testmod-BatchProcessingSystem","CogitoBucket","RabbitCall","LetterFromLob","SynthV:TestCard","Golden Idol","conspire:GlowingRock","Replay:WaspNest","MerchantsRug","PreservedInsect","RhineSuit","Sundial","ClockworkSouvenir","AT_BladeRuinedKing","testmod-LifeArmor","Bag of Preparation","HowToJump","Torii","Ying","testmod-HeartOfStrike","theMarked:DemonDagger","Orrery"],"acts_visited":["Exordium","TheCity","TheBeyond"],"potions_floor_usage":[],"damage_taken":[{"damage":0.0,"enemies":"Jaw Worm","floor":1.0,"turns":2.0},{"damage":2.0,"enemies":"2 Louse","floor":5.0,"turns":3.0},{"damage":0.0,"enemies":"3 Sentries","floor":6.0,"turns":2.0},{"damage":12.0,"enemies":"Gremlin Nob","floor":8.0,"turns":4.0},{"damage":0.0,"enemies":"Small Slimes","floor":12.0,"turns":2.0},{"damage":0.0,"enemies":"Fading Forest","floor":16.0,"turns":8.0},{"damage":8.0,"enemies":"3 Byrds","floor":18.0,"turns":1.0},{"damage":0.0,"enemies":"Spheric Guardian","floor":20.0,"turns":2.0},{"damage":0.0,"enemies":"Snecko","floor":21.0,"turns":3.0},{"damage":22.0,"enemies":"Gremlin Leader","floor":24.0,"turns":3.0},{"damage":25.0,"enemies":"Snake Plant","floor":25.0,"turns":3.0},{"damage":0.0,"enemies":"3 Cultists","floor":27.0,"turns":3.0},{"damage":7.0,"enemies":"Chosen and Byrds","floor":28.0,"turns":3.0},{"damage":9.0,"enemies":"Centurion and Healer","floor":30.0,"turns":3.0},{"damage":1.0,"enemies":"Shelled Parasite and Fungi","floor":31.0,"turns":2.0},{"damage":1.0,"enemies":"Champ","floor":33.0,"turns":4.0},{"damage":8.0,"enemies":"Orb Walker","floor":35.0,"turns":2.0},{"damage":0.0,"enemies":"3 Darklings","floor":37.0,"turns":3.0},{"damage":0.0,"enemies":"4 Shapes","floor":38.0,"turns":3.0},{"damage":0.0,"enemies":"Jaw Worm Horde","floor":41.0,"turns":3.0},{"damage":0.0,"enemies":"Transient","floor":45.0,"turns":4.0},{"damage":0.0,"enemies":"Sphere and 2 Shapes","floor":46.0,"turns":3.0},{"damage":0.0,"enemies":"Giant Head","floor":47.0,"turns":5.0},{"damage":0,"enemies":"FixerMidnight","floor":50,"turns":4}],"seed_played":"-2694220992618042436","potions_obtained":[{"floor":6.0,"key":"Dexterity Potion"},{"floor":16.0,"key":"REME_GoldPotion"},{"floor":18.0,"key":"Block Potion"},{"floor":20.0,"key":"DistilledChaos"},{"floor":25.0,"key":"EssenceOfSteel"},{"floor":30.0,"key":"construct:ShiftPotion"},{"floor":33.0,"key":"SkillPotion"},{"floor":35.0,"key":"SteroidPotion"},{"floor":36.0,"key":"GamblersBrew"},{"floor":45.0,"key":"GamblersBrew"},{"floor":47.0,"key":"SpeedPotion"}],"is_trial":false,"path_per_floor":["M","?","?","?","M","E","?","E","T","R","E","M","?","$","R","B",null,"M","?","M","M","$","R","E","M","T","M","M","R","M","M","R","B",null,"M","?","M","M","$","R","M","R","T","?","M","M","E","T","R","B",null,null],"character_chosen":"THE_DEFAULT","items_purchased":["MerchantsRug","Potion Belt","theMarked:SoldierForm","SteamSale","theMarked:EternalStudent+1","AT_GoldPhoenixTree","ClockworkSouvenir","CeramicFish","Torii","Ying","testmod-HeartOfStrike","theMarked:DemonDagger","Orrery"],"campfire_rested":1,"item_purchase_floors":[14,14,17,22,22,39,39,39,49,49,49,49,49],"current_hp_per_floor":[70,70,70,53,51,51,51,39,39,39,39,39,39,39,39,47,66,58,64,64,64,64,64,42,17,17,17,10,29,20,19,19,18,66,58,42,42,42,42,42,42,42,42,42,42,42,42,42,42,42,42],"gold":18,"neow_bonus":"","is_daily":false,"chose_seed":false,"campfire_upgraded":6,"win_rate":0.0,"timestamp":1610281175,"path_taken":["M","?","?","?","M","E","?","E","T","R","E","M","?","$","R","BOSS","M","?","?","M","?","R","E","?","T","M","M","R","M","M","R","BOSS","M","?","M","?","$","R","M","R","T","?","M","M","E","?","R","BOSS"],"items_purchased_type":["Relic","Relic","Card","Relic","Card","Relic","Relic","Relic","Relic","Relic","Relic","Relic","Relic"],"build_version":"2020-12-22","purchased_purges":3,"victory":true,"max_hp_per_floor":[70,70,70,70,70,70,70,70,70,70,70,70,70,70,70,70,66,66,66,66,66,66,66,66,66,66,66,66,66,66,66,66,66,66,66,66,66,66,66,66,66,66,66,66,66,66,66,66,66,66,66],"card_choices":[{"not_picked":[],"picked":"ChaosCard","floor":0.0},{"not_picked":["CherryBlossoms","OldLady","ShyLook"],"picked":"Singing Bowl","floor":1.0},{"not_picked":["theMarked:BanishingStrike","theMarked:WardOff","theMarked:Parkour"],"picked":"SKIP","floor":1.0},{"not_picked":["Murderer","CrumblingArmor","LittlePrince"],"picked":"Singing Bowl","floor":5.0},{"not_picked":["theMarked:SummonStrength","theMarked:Frustration","theMarked:ParalyzingBlade","theMarked:WardOff"],"picked":"Bomb","floor":5.0},{"not_picked":["MHz","SpiderBud","ShyLook"],"picked":"Singing Bowl","floor":6.0},{"not_picked":["theMarked:WastefulDefense","theMarked:ChainLightning","theMarked:Standoff","theMarked:HeightenedSenses","theMarked:RogueSparks"],"picked":"SKIP","floor":6.0},{"not_picked":["Bloodbath","Scorched","Alriune"],"picked":"Singing Bowl","floor":8.0},{"not_picked":["theMarked:DispelDoubt","theMarked:Electrify","Bomb","theMarked:Frustration"],"picked":"theMarked:EmpowerWeapon","floor":8.0},{"not_picked":["theMarked:MaelstromOfLightning","theMarked:HeightenedSenses","theMarked:AttractMetal","theMarked:TwofoldDefense"],"picked":"theMarked:EmpowerWeapon","floor":12.0},{"not_picked":["theMarked:TurnInvisible","theMarked:SuspiciousRaven","theMarked:MagicAdept","theMarked:TakeOffHeels"],"picked":"theMarked:EternalStudent","floor":16.0},{"not_picked":["theMarked:ChainLightning","theMarked:SwordAndMagic","theMarked:TwofoldDefense","theMarked:RepellingDischarge","theMarked:Polarize"],"picked":"SKIP","floor":18.0},{"not_picked":["theMarked:Aftermath","theMarked:TunnelVision","theMarked:Static","theMarked:Electrify","theMarked:ResourceFulStrike"],"picked":"SKIP","floor":20.0},{"not_picked":["theMarked:ResourceFulStrike","theMarked:ChainLightning+1","theMarked:Aftermath","theMarked:HeritageOfTheMarked"],"picked":"theMarked:EmpowerWeapon+1","floor":21.0},{"not_picked":["BeautyBeast","DespairKnight","OSAHOGD"],"picked":"Singing Bowl","floor":24.0},{"not_picked":["theMarked:ParalyzingBlade+1","theMarked:HeritageOfTheMarked+1","theMarked:PowerFlow","theMarked:SwordAndMagic+1","theMarked:TakeCover"],"picked":"SKIP","floor":24.0},{"not_picked":["theMarked:Static","theMarked:Parkour+1","theMarked:ElectricStrings","theMarked:EnhanceMovement","theMarked:Standoff"],"picked":"SKIP","floor":25.0},{"not_picked":["theMarked:GodGivenPower+1","theMarked:TwofoldDefense","theMarked:Electrocute","theMarked:SelfDefenseTraining+1","theMarked:SwordAndMagic+1"],"picked":"SKIP","floor":27.0},{"not_picked":["Murderer","SpiderBud","Laetitia"],"picked":"Singing Bowl","floor":28.0},{"not_picked":["theMarked:Indomitable","theMarked:EmpowerWeapon","theMarked:SwordAndMagic","theMarked:Frustration"],"picked":"theMarked:WardOff+1","floor":28.0},{"not_picked":["theMarked:RogueSparks","theMarked:BanishingStrike","theMarked:WastefulDefense+1","theMarked:ResourceFulStrike","theMarked:Seal+1"],"picked":"SKIP","floor":30.0},{"not_picked":["WhiteNight","WallGazer","Alriune"],"picked":"Singing Bowl","floor":31.0},{"not_picked":["theMarked:BanishingWave","theMarked:MaelstromOfLightning+1","theMarked:Challenge","theMarked:TwofoldDefense","theMarked:SwordAndMagic"],"picked":"SKIP","floor":31.0},{"not_picked":["theMarked:Frustration+1","theMarked:EmpowerWeapon+1","theMarked:WastefulAttack+1","theMarked:ElectricStrings","theMarked:WastefulDefense+1"],"picked":"SKIP","floor":35.0},{"not_picked":["theMarked:EmpowerWeapon+1","theMarked:WardOff+1","theMarked:GodGivenPower+1","theMarked:ChainLightning+1"],"picked":"theMarked:Indomitable+1","floor":36.0},{"not_picked":["HeroicMonk","LaLuna","BeautyBeast"],"picked":"Singing Bowl","floor":37.0},{"not_picked":["theMarked:HeightenedSenses+1","theMarked:Electrify","theMarked:Convert+1","theMarked:Panic+1"],"picked":"theMarked:DeterminationOfTheMarked+1","floor":37.0},{"not_picked":["Laetitia","SnowQueen"],"picked":"BigBadWolf","floor":38.0},{"not_picked":["theMarked:RepellingDischarge+1","theMarked:Aftermath+1","theMarked:WastefulDefense+1","theMarked:ShockingTouch"],"picked":"theMarked:StartUp","floor":38.0},{"not_picked":["theMarked:Snap","theMarked:TunnelVision+1","theMarked:TwofoldDefense+1","theMarked:Indomitable"],"picked":"theMarked:AttractMetal+1","floor":41.0},{"not_picked":["Freischutz","MeatLantern","PunishingBird"],"picked":"Singing Bowl","floor":45.0},{"not_picked":["theMarked:Generate","theMarked:Panic+1","theMarked:Overcharge","theMarked:Opportunist","theMarked:ContemptForTheProud"],"picked":"SKIP","floor":45.0},{"not_picked":["theMarked:Overcharge","theMarked:EmpowerWeapon+1","theMarked:Parkour","theMarked:TwofoldDefense+1","theMarked:CreepingChasm"],"picked":"SKIP","floor":46.0},{"not_picked":["theMarked:FavorableWinds","theMarked:Standoff","theMarked:SwordAndMagic","theMarked:ElementalBlade"],"picked":"theMarked:Panic+1","floor":47.0},{"not_picked":["theMarked:Improvise","theMarked:ShockingTouch+1","theMarked:DeterminationOfTheMarked+1","theMarked:Overcharge"],"picked":"theMarked:WardOff","floor":49.0},{"not_picked":["theMarked:Aftermath","theMarked:TwofoldDefense","theMarked:RogueSparks+1","theMarked:RepellingDischarge"],"picked":"theMarked:ElementalBlade","floor":49.0},{"not_picked":["theMarked:TakeCover+1","theMarked:Opportunist+1","theMarked:Challenge","theMarked:Frustration"],"picked":"theMarked:WardOff","floor":49.0}],"player_experience":704966,"relics_obtained":[{"floor":1.0,"key":"LetterFromLob"},{"floor":1.0,"key":"SynthV:TestCard"},{"floor":6.0,"key":"conspire:GlowingRock"},{"floor":8.0,"key":"Replay:WaspNest"},{"floor":9.0,"key":"MoneyPower"},{"floor":24.0,"key":"PreservedInsect"},{"floor":26.0,"key":"Simple Rune"},{"floor":36.0,"key":"Sundial"},{"floor":43.0,"key":"AT_BladeRuinedKing"},{"floor":47.0,"key":"Bag of Preparation"},{"floor":48.0,"key":"HowToJump"}],"event_choices":[{"cards_removed":["theMarked:Strike"],"damage_healed":0.0,"max_hp_gain":0.0,"max_hp_loss":0.0,"gold_gain":0.0,"event_name":"The Cleric","player_choice":"Card Removal","floor":2.0,"gold_loss":50.0,"damage_taken":0.0},{"damage_healed":0.0,"max_hp_gain":0.0,"max_hp_loss":0.0,"gold_gain":0.0,"event_name":"conspire:LoneGhost","player_choice":"Agree","floor":3.0,"gold_loss":0.0,"damage_taken":0.0},{"damage_healed":0.0,"max_hp_gain":0.0,"max_hp_loss":0.0,"gold_gain":0.0,"event_name":"Golden Idol","player_choice":"Take Damage","floor":4.0,"gold_loss":0.0,"damage_taken":17.0,"relics_obtained":["Golden Idol"]},{"damage_healed":0.0,"max_hp_gain":0.0,"max_hp_loss":0.0,"gold_gain":0.0,"event_name":"conspire:Investor","player_choice":"Leave","floor":7.0,"gold_loss":0.0,"damage_taken":0.0},{"damage_healed":0.0,"max_hp_gain":0.0,"max_hp_loss":0.0,"gold_gain":0.0,"event_name":"给自己的盒子","player_choice":"Swap Relic","floor":44.0,"relics_lost":["SteamSale"],"gold_loss":0.0,"damage_taken":0.0,"relics_obtained":["testmod-LifeArmor"]}],"is_beta":false,"boss_relics":[{"not_picked":["Pandora\u0027s Box","testmod-TimeTraveler"],"picked":"Ring of Chaos"},{"not_picked":[]},{"not_picked":["Replay:Bronze Core","Replay:Ancient Bell"],"picked":"RhineSuit"},{"not_picked":[]}],"items_purged_floors":[22,39,49],"is_endless":false,"potions_floor_spawned":[6,16,18,20,25,30,33,35,45,47],"ascension_level":3}}