{"host":"5qewjvycy34u7aeo","time":1610307348,"event":{"mods":["Act Like it!","Aspiration","BaseMod","Conspire","Downfall","GifTheSpireLib","Hubris","Infinite Spire","Minty Spire (QoL Compilation)","Permanent Neow","Replay The Spire","Shop Mod","StSLib","Stuff the Spire"],"gold_per_floor":[99,118,128,278,278,294,294,294,311,325,355,372,50,50,60,156,156,6,6,6,25,45,63,63,63,63,48,61,93,18,37,57,57,57,57],"floor_reached":33,"playtime":2130,"items_purged":["hexamod:Strike"],"score":271,"play_id":"64aacec9-591c-40a2-acc6-4badd9e8e9f5","local_time":"20210110133548","is_ascension_mode":false,"campfire_choices":[{"data":"hexamod:Defend","floor":1,"key":"SMITH"},{"floor":18,"key":"RECALL"},{"data":"hexamod:SoulSteal","floor":26,"key":"SMITH"},{"floor":30,"key":"REST"}],"circlet_count":0,"master_deck":["hexamod:Strike","hexamod:Strike","hexamod:Defend","hexamod:Defend","hexamod:Defend+1","hexamod:Sear","hexamod:Float","hexamod:AdvancingGuard","Slimebound:Icky","hexamod:VolcanoVisage","hexamod:SoulSteal+1","hexamod:BurningTouch","hexamod:ExtraCrispy","hexamod:AdvancingGuard","hexamod:Hexaguard+1","hexamod:EmpoweredFlame","StuffTheSpire:Innocence","hexamod:BurningTouch"],"relics":["hexamod:SpiritBrand","infinitespire:Broken Mirror","Turnip","conspire:TreasureMap","conspire:RunicOctahedron","downfall:HeartBlessingBlue","downfall:HeartBlessingGreen","downfall:RedIOU","Darkstone Periapt","infinitespire:Beetle Shell","ReplayFunnel","downfall:HeartBlessingRed"],"acts_visited":["Exordium","TheCity"],"potions_floor_usage":[21,27,29],"damage_taken":[{"damage":0,"enemies":"Small Slimes","floor":2,"turns":4},{"damage":0,"enemies":"Jaw Worm","floor":3,"turns":3},{"damage":2,"enemies":"2 Louse","floor":6,"turns":4},{"damage":4,"enemies":"conspire:2 RoseBushes","floor":9,"turns":5},{"damage":2,"enemies":"Gremlin Gang","floor":10,"turns":4},{"damage":4,"enemies":"3 Sentries","floor":11,"turns":5},{"damage":7,"enemies":"Blue Slaver","floor":12,"turns":3},{"damage":0,"enemies":"downfall:FleeingMerchant","floor":13,"turns":4},{"damage":6,"enemies":"Exordium Wildlife","floor":15,"turns":3},{"damage":24,"enemies":"downfall:Ironclad","floor":16,"turns":9},{"damage":0,"enemies":"conspire:FuzzyDice","floor":21,"turns":4},{"damage":1,"enemies":"Shell Parasite","floor":22,"turns":6},{"damage":26,"enemies":"conspire:HollyBat","floor":23,"turns":10},{"damage":3,"enemies":"downfall:FleeingMerchant","floor":27,"turns":4},{"damage":0,"enemies":"Snake Plant","floor":28,"turns":6},{"damage":27,"enemies":"Gremlin Leader","floor":29,"turns":9},{"damage":12,"enemies":"Centurion and Healer","floor":31,"turns":6},{"damage":9,"enemies":"Cultist and Chosen","floor":32,"turns":8},{"damage":12,"enemies":"downfall:Silent","floor":33,"turns":4}],"seed_played":"3524061190093071929","potions_obtained":[{"floor":9,"key":"Block Potion"},{"floor":10,"key":"DuplicationPotion"},{"floor":11,"key":"Weak Potion"},{"floor":16,"key":"hexamod:InfernoChargePotion"},{"floor":21,"key":"PowerPotion"},{"floor":31,"key":"Weak Potion"}],"is_trial":false,"path_per_floor":["R","M","M","?","?","M","T","?","M","M","E","M","$","T","M","B",null,"R","?","?","M","M","M","T","?","R","$","M","E","R","M","M","B"],"character_chosen":"THE_SPIRIT","items_purchased":["hexamod:ExtraCrispy","conspire:TreasureMap"],"campfire_rested":1,"item_purchase_floors":[13,13],"current_hp_per_floor":[70,70,70,70,70,68,68,68,64,62,58,51,51,51,45,21,70,80,80,80,80,79,53,53,38,38,35,35,8,32,20,11,0,0,0],"gold":57,"neow_bonus":"RANDOM_COMMON_RELIC","is_daily":false,"chose_seed":false,"campfire_upgraded":2,"win_rate":0.0,"timestamp":1610307348,"path_taken":["R","M","M","?","?","M","T","?","M","M","E","M","$","?","M","BOSS","R","?","?","M","M","?","T","?","R","?","M","E","R","M","M","BOSS"],"items_purchased_type":["Card","Relic"],"build_version":"2020-12-22","purchased_purges":1,"victory":false,"max_hp_per_floor":[70,70,70,70,70,70,70,70,70,70,70,70,70,70,70,70,70,80,80,80,80,80,80,80,80,80,80,80,80,80,80,80,80,80,80],"card_choices":[{"not_picked":["hexamod:NightmareGuise","hexamod:ChargedBarrage"],"picked":"hexamod:AdvancingGuard","floor":2},{"not_picked":["hexamod:BacktrackSmack","hexamod:FastForward","hexamod:ChargedBarrage"],"picked":"SKIP","floor":3},{"not_picked":["hexamod:PhantomFireball","hexamod:PowerFromBeyond"],"picked":"hexamod:VolcanoVisage","floor":6},{"not_picked":["hexamod:InspiringFlames","hexamod:Firestarter","hexamod:BurningTouch"],"picked":"SKIP","floor":9},{"not_picked":["hexamod:StepThrough","hexamod:HauntingEcho"],"picked":"hexamod:SoulSteal","floor":10},{"not_picked":["hexamod:StepThrough","hexamod:Hexaguard","hexamod:HauntingEcho"],"picked":"SKIP","floor":11},{"not_picked":["hexamod:PhantomFireball","hexamod:RainOfEmbers"],"picked":"hexamod:BurningTouch","floor":12},{"not_picked":["hexamod:FourthSeal","hexamod:SpectersWail","hexamod:InspiringFlames"],"picked":"SKIP","floor":13},{"not_picked":["hexamod:TimeWarp","hexamod:FlamesFromBeyond"],"picked":"hexamod:AdvancingGuard","floor":15},{"not_picked":["hexamod:AdvancingGuard","hexamod:NecessarySacrifice","hexamod:DynamicBlow"],"picked":"SKIP","floor":21},{"not_picked":["hexamod:InspiringFlames","hexamod:NecessarySacrifice"],"picked":"hexamod:Hexaguard+1","floor":22},{"not_picked":["hexamod:PhantomFireball+1","hexamod:ThermalTransfer"],"picked":"hexamod:EmpoweredFlame","floor":23},{"not_picked":["hexamod:ShieldOfDarkness","hexamod:GhostLash+1","hexamod:FastForward"],"picked":"SKIP","floor":27},{"not_picked":["hexamod:EtherealExpedition","hexamod:RainOfEmbers+1"],"picked":"hexamod:BurningTouch","floor":28},{"not_picked":["hexamod:EtherealExpedition","hexamod:TimeOfNeed","hexamod:ThirdSeal"],"picked":"SKIP","floor":29},{"not_picked":["hexamod:InspiringFlames","hexamod:RecurringNightmare","hexamod:NightmareGuise"],"picked":"SKIP","floor":31},{"not_picked":["hexamod:NightmareStrike+1","hexamod:InspiringFlames","hexamod:NightmareGuise"],"picked":"SKIP","floor":32}],"player_experience":407672,"relics_obtained":[{"floor":7,"key":"infinitespire:Broken Mirror"},{"floor":11,"key":"Turnip"},{"floor":20,"key":"Darkstone Periapt"},{"floor":24,"key":"infinitespire:Beetle Shell"},{"floor":29,"key":"ReplayFunnel"}],"event_choices":[{"cards_removed":["hexamod:Strike"],"damage_healed":0,"gold_gain":0,"player_choice":"Card Removal","damage_taken":0,"max_hp_gain":0,"max_hp_loss":0,"event_name":"The Cleric","floor":5,"gold_loss":0},{"damage_healed":0,"gold_gain":0,"player_choice":"Relic","damage_taken":0,"max_hp_gain":0,"max_hp_loss":0,"event_name":"Wheel of Change","floor":20,"gold_loss":0}],"is_beta":false,"boss_relics":[{"not_picked":["infinitespire:Cupcake","conspire:SlowCooker"],"picked":"conspire:RunicOctahedron"}],"items_purged_floors":[13],"is_endless":false,"potions_floor_spawned":[9,10,11,16,21,23,31],"killed_by":"downfall:Silent","ascension_level":0}}