{"host":"q8niu1x2pgv94o1d","time":1610286424,"event":{"mods":["AchievementEnabler","BaseMod","Colored Map","Colored Powertips","Minty Spire (QoL Compilation)","StSLib"],"gold_per_floor":[110,129,79,79,44,44,78,97,123,141,171,187,200,200,200,297,297,316,316,330,24,24,24,54,68,116,116,141,167,167,167],"floor_reached":30,"playtime":2003,"items_purged":[],"score":271,"play_id":"30bb3d06-ca31-439b-ae11-7adf41679b34","local_time":"20210110144704","is_ascension_mode":true,"campfire_choices":[{"data":"Blood for Blood","floor":6.0,"key":"SMITH"},{"data":"Armaments","floor":15.0,"key":"SMITH"},{"data":"Flame Barrier","floor":23.0,"key":"SMITH"},{"data":"Limit Break","floor":27.0,"key":"SMITH"}],"circlet_count":0,"master_deck":["Strike_R","Strike_R","Strike_R+1","Strike_R","Defend_R","Defend_R","Defend_R","Bash","Blood for Blood+1","Thunderclap","Battle Trance","Flame Barrier+1","Flex","Dropkick","Pommel Strike+1","Armaments+1","Limit Break+1","Dual Wield","Battle Trance","Flex+1"],"relics":["Burning Blood","Pen Nib","Smiling Mask","Art of War","Mercury Hourglass","Velvet Choker","Cauldron","Happy Flower","Lantern","Bag of Preparation","Red Mask","Whetstone"],"acts_visited":["Exordium","TheCity"],"potions_floor_usage":[30,30],"damage_taken":[{"damage":2.0,"enemies":"2 Louse","floor":1.0,"turns":3.0},{"damage":6.0,"enemies":"Jaw Worm","floor":2.0,"turns":4.0},{"damage":17.0,"enemies":"Gremlin Nob","floor":7.0,"turns":4.0},{"damage":0.0,"enemies":"Cultist","floor":8.0,"turns":4.0},{"damage":4.0,"enemies":"Blue Slaver","floor":10.0,"turns":5.0},{"damage":12.0,"enemies":"3 Sentries","floor":11.0,"turns":6.0},{"damage":0.0,"enemies":"Looter","floor":12.0,"turns":3.0},{"damage":2.0,"enemies":"Large Slime","floor":13.0,"turns":5.0},{"damage":23.0,"enemies":"The Guardian","floor":16.0,"turns":4.0},{"damage":14.0,"enemies":"Spheric Guardian","floor":18.0,"turns":4.0},{"damage":0.0,"enemies":"Chosen","floor":20.0,"turns":3.0},{"damage":6.0,"enemies":"Gremlin Leader","floor":24.0,"turns":4.0},{"damage":2.0,"enemies":"3 Cultists","floor":25.0,"turns":5.0},{"damage":5,"enemies":"Masked Bandits","floor":28,"turns":3},{"damage":3,"enemies":"Centurion and Healer","floor":30,"turns":9}],"seed_played":"-149625035602370508","potions_obtained":[{"floor":2.0,"key":"Ancient Potion"},{"floor":7.0,"key":"DistilledChaos"},{"floor":8.0,"key":"CultistPotion"},{"floor":12.0,"key":"AttackPotion"},{"floor":20.0,"key":"GamblersBrew"},{"floor":21.0,"key":"LiquidMemories"},{"floor":24.0,"key":"Block Potion"}],"is_trial":false,"path_per_floor":["M","M","?","?","$","R","E","M","T","M","E","M","M","?","R","B",null,"M","?","M","$","?","R","E","M","T","R","?","T","M"],"character_chosen":"IRONCLAD","items_purchased":["Battle Trance","Cauldron","Happy Flower"],"campfire_rested":0,"item_purchase_floors":[5,21,21],"current_hp_per_floor":[80,80,80,73,73,73,62,68,68,70,64,70,74,74,74,57,80,72,57,63,63,63,63,63,67,67,67,68,68,65,65],"gold":167,"neow_bonus":"RANDOM_COMMON_RELIC","is_daily":false,"chose_seed":false,"campfire_upgraded":4,"win_rate":0.0,"timestamp":1610286424,"path_taken":["M","M","?","?","?","R","E","M","T","?","E","M","M","?","R","BOSS","M","?","M","$","?","R","E","M","T","R","?","?","?"],"items_purchased_type":["Card","Relic","Relic"],"build_version":"2020-12-22","purchased_purges":0,"victory":false,"max_hp_per_floor":[80,80,80,80,80,80,80,80,80,80,80,80,80,80,80,80,80,80,85,85,85,85,85,85,85,85,85,85,85,85,85],"card_choices":[{"not_picked":["True Grit","Havoc"],"picked":"Blood for Blood","floor":1.0},{"not_picked":["Twin Strike","Feel No Pain"],"picked":"Thunderclap","floor":2.0},{"not_picked":["True Grit","Metallicize"],"picked":"Flame Barrier","floor":7.0},{"not_picked":["Clothesline","Uppercut","Cleave"],"picked":"SKIP","floor":8.0},{"not_picked":["Sword Boomerang","Thunderclap"],"picked":"Flex","floor":10.0},{"not_picked":["Sever Soul","Body Slam"],"picked":"Dropkick","floor":11.0},{"not_picked":["Wild Strike","Carnage"],"picked":"Pommel Strike","floor":12.0},{"not_picked":["Rampage","Power Through"],"picked":"Armaments","floor":13.0},{"not_picked":["Fiend Fire","Corruption"],"picked":"Limit Break","floor":16.0},{"not_picked":["Iron Wave","Havoc","Sword Boomerang+1"],"picked":"SKIP","floor":18.0},{"not_picked":["Clothesline","Shockwave"],"picked":"Dual Wield","floor":20.0},{"not_picked":["Feed","Body Slam"],"picked":"Battle Trance","floor":24.0},{"not_picked":["Headbutt","Iron Wave"],"picked":"Flex+1","floor":25.0}],"player_experience":1785430,"relics_obtained":[{"floor":7.0,"key":"Smiling Mask"},{"floor":9.0,"key":"Art of War"},{"floor":11.0,"key":"Mercury Hourglass"},{"floor":24.0,"key":"Lantern"},{"floor":26.0,"key":"Bag of Preparation"},{"floor":28,"key":"Red Mask"},{"floor":29,"key":"Whetstone"}],"event_choices":[{"cards_removed":["Strike_R"],"damage_healed":0.0,"max_hp_gain":0.0,"max_hp_loss":0.0,"gold_gain":0.0,"event_name":"The Cleric","player_choice":"Card Removal","floor":3.0,"gold_loss":50.0,"damage_taken":0.0},{"cards_removed":["Defend_R"],"damage_healed":0.0,"max_hp_gain":0.0,"max_hp_loss":0.0,"gold_gain":0.0,"event_name":"Golden Wing","player_choice":"Card Removal","floor":4.0,"gold_loss":0.0,"damage_taken":7.0},{"damage_healed":0.0,"max_hp_gain":0.0,"max_hp_loss":0.0,"gold_gain":0.0,"event_name":"Liars Game","player_choice":"Ignored","floor":14.0,"gold_loss":0.0,"damage_taken":0.0},{"damage_healed":0.0,"max_hp_gain":5.0,"max_hp_loss":0.0,"gold_gain":0.0,"event_name":"Forgotten Altar","player_choice":"Shed Blood","floor":19.0,"gold_loss":0.0,"damage_taken":20.0},{"damage_healed":0.0,"max_hp_gain":0.0,"max_hp_loss":0.0,"gold_gain":0.0,"event_name":"Ghosts","player_choice":"Ignored","floor":22.0,"gold_loss":0.0,"damage_taken":0.0},{"damage_healed":0,"gold_gain":0,"player_choice":"Fought Bandits","damage_taken":0,"max_hp_gain":0,"max_hp_loss":0,"event_name":"Masked Bandits","floor":28,"gold_loss":0}],"is_beta":false,"boss_relics":[{"not_picked":["Busted Crown","Runic Cube"],"picked":"Velvet Choker"}],"items_purged_floors":[],"is_endless":false,"potions_floor_spawned":[2,7,8,12,20,24],"killed_by":"Centurion and Healer","ascension_level":1}}