{"host":"mydft8i2zzydgggw","time":1610295942,"event":{"mods":["AchievementEnabler","BaseMod","BetterRewards","Colored Map","Colored Powertips","DeckTracker","Keyboard Shortcuts","Minty Spire (QoL Compilation)","Quick Restart","Rare Cards Sparkle","StSLib","SuperFastMode","The Poker Player","everything is the same but u backflip on backflip"],"gold_per_floor":[119,130,130,143,161,189,189,203,249,263,263,298,317,317,317,317,317],"floor_reached":16,"playtime":364,"items_purged":[],"score":137,"play_id":"0a979a36-b36b-4025-803d-b851be848570","local_time":"20210111012542","is_ascension_mode":true,"campfire_choices":[{"floor":15,"key":"REST"}],"circlet_count":0,"master_deck":["Strike_P","Strike_P","Strike_P","Defend_P","Defend_P","Defend_P","Eruption","Vigilance","FearNoEvil","MentalFortress","SashWhip"],"relics":["PureWater","Anchor","Ornamental Fan","Golden Idol","Vajra","Letter Opener","Sundial"],"acts_visited":["Exordium"],"potions_floor_usage":[6,12,16],"damage_taken":[{"damage":2,"enemies":"Jaw Worm","floor":1,"turns":4},{"damage":6,"enemies":"Cultist","floor":2,"turns":3},{"damage":1,"enemies":"Small Slimes","floor":4,"turns":3},{"damage":0,"enemies":"Exordium Wildlife","floor":5,"turns":3},{"damage":26,"enemies":"Lagavulin","floor":6,"turns":6},{"damage":5,"enemies":"Gremlin Gang","floor":8,"turns":5},{"damage":10,"enemies":"Lots of Slimes","floor":10,"turns":5},{"damage":12,"enemies":"3 Sentries","floor":12,"turns":6},{"damage":2,"enemies":"3 Louse","floor":13,"turns":3},{"damage":35,"enemies":"The Guardian","floor":16,"turns":6}],"seed_played":"1655353738117907109","potions_obtained":[{"floor":2,"key":"CultistPotion"},{"floor":10,"key":"CultistPotion"},{"floor":12,"key":"FearPotion"},{"floor":13,"key":"Swift Potion"}],"is_trial":false,"path_per_floor":["M","M","?","M","M","E","?","M","T","M","T","E","M","?","R","B"],"character_chosen":"WATCHER","items_purchased":[],"campfire_rested":1,"item_purchase_floors":[],"current_hp_per_floor":[70,64,64,63,63,37,37,32,32,22,22,10,8,8,28,0,0],"gold":317,"neow_bonus":"RANDOM_COMMON_RELIC","is_daily":false,"chose_seed":false,"campfire_upgraded":0,"win_rate":0.0,"timestamp":1610295942,"path_taken":["M","M","?","M","?","E","?","M","T","M","?","E","?","?","R","BOSS"],"items_purchased_type":[],"build_version":"2020-12-22","purchased_purges":0,"victory":false,"max_hp_per_floor":[72,72,72,72,72,72,67,67,67,67,67,67,67,67,67,67,67],"card_choices":[{"not_picked":["Prostrate","EmptyFist"],"picked":"FearNoEvil","floor":1},{"not_picked":["Crescendo","Prostrate","FollowUp"],"picked":"SKIP","floor":2},{"not_picked":["Evaluate","PathToVictory"],"picked":"MentalFortress","floor":4},{"not_picked":["Vengeance","FearNoEvil","Perseverance"],"picked":"SKIP","floor":5},{"not_picked":["Protect","ReachHeaven","ClearTheMind"],"picked":"SKIP","floor":6},{"not_picked":["Halt","Prostrate","Swivel"],"picked":"SKIP","floor":8},{"not_picked":["Prostrate","Omniscience","Consecrate"],"picked":"SKIP","floor":10},{"not_picked":["Prostrate","Perseverance","BattleHymn"],"picked":"SKIP","floor":12},{"not_picked":["FlyingSleeves","SignatureMove","FollowUp"],"picked":"SKIP","floor":13}],"player_experience":169299,"relics_obtained":[{"floor":6,"key":"Ornamental Fan"},{"floor":9,"key":"Vajra"},{"floor":11,"key":"Letter Opener"},{"floor":12,"key":"Sundial"}],"event_choices":[{"cards_removed":["Strike_P"],"damage_healed":0,"gold_gain":0,"player_choice":"Offered Basic","damage_taken":0,"max_hp_gain":0,"max_hp_loss":0,"event_name":"Bonfire Elementals","floor":3,"gold_loss":0},{"damage_healed":0,"gold_gain":0,"player_choice":"Lose Max HP","damage_taken":0,"relics_obtained":["Golden Idol"],"max_hp_gain":0,"max_hp_loss":5,"event_name":"Golden Idol","floor":7,"gold_loss":0},{"damage_healed":0,"gold_gain":0,"cards_transformed":["Defend_P"],"player_choice":"Transformed","damage_taken":0,"max_hp_gain":0,"max_hp_loss":0,"event_name":"Transmorgrifier","floor":14,"gold_loss":0,"cards_obtained":["SashWhip"]}],"is_beta":false,"boss_relics":[],"items_purged_floors":[],"is_endless":false,"potions_floor_spawned":[2,10,12,13],"killed_by":"The Guardian","ascension_level":4}}