{"host":"3oax8yz66k5njorr","time":1610294180,"event":{"mods":["AchievementEnabler","BaseMod","Colored Map","Colored Powertips","DeckTracker","Minty Spire (QoL Compilation)"],"gold_per_floor":[119,130,145,165,179,179,206,216,216,236,255,289,301,71,71,172,172,187,112,33,44,62,62,76,76,101,115,115,126,126,143,143,242,242,261,277,277,287,287,287],"floor_reached":39,"playtime":1659,"items_purged":["Strike_R"],"score":423,"play_id":"1bbca487-46e1-4316-ba07-1a1df89c3d42","local_time":"20210111005620","is_ascension_mode":true,"campfire_choices":[{"data":"Whirlwind","floor":6.0,"key":"SMITH"},{"data":"True Grit","floor":15.0,"key":"SMITH"},{"data":"Limit Break","floor":23.0,"key":"SMITH"},{"data":"Sword Boomerang","floor":25.0,"key":"SMITH"},{"floor":32.0,"key":"REST"}],"circlet_count":0,"master_deck":["Strike_R","Strike_R","Strike_R","Defend_R","Defend_R","Defend_R","Defend_R","Bash","Inflame","Perfected Strike","Whirlwind+1","Anger","Carnage","Disarm","Shrug It Off","Double Tap","True Grit+1","Sword Boomerang+1","Limit Break+1","Pummel","Headbutt+1","Inflame+1","Rage+1","Flex","Twin Strike","Clothesline+1","Limit Break+1","Headbutt","Shockwave"],"relics":["Burning Blood","Lantern","Frozen Egg 2","Toy Ornithopter","Gambling Chip","Blood Vial","SlaversCollar","MealTicket","Pen Nib","Runic Pyramid"],"acts_visited":["Exordium","TheCity","TheBeyond"],"potions_floor_usage":[],"damage_taken":[{"damage":10.0,"enemies":"Cultist","floor":1.0,"turns":4.0},{"damage":0.0,"enemies":"Small Slimes","floor":2.0,"turns":3.0},{"damage":0.0,"enemies":"2 Louse","floor":3.0,"turns":3.0},{"damage":7.0,"enemies":"Gremlin Gang","floor":4.0,"turns":2.0},{"damage":18.0,"enemies":"2 Fungi Beasts","floor":5.0,"turns":3.0},{"damage":31.0,"enemies":"Lagavulin","floor":7.0,"turns":5.0},{"damage":7.0,"enemies":"Blue Slaver","floor":8.0,"turns":3.0},{"damage":10.0,"enemies":"Looter","floor":10.0,"turns":2.0},{"damage":5.0,"enemies":"Exordium Wildlife","floor":11.0,"turns":5.0},{"damage":10.0,"enemies":"Gremlin Nob","floor":12.0,"turns":3.0},{"damage":0.0,"enemies":"3 Louse","floor":13.0,"turns":2.0},{"damage":31.0,"enemies":"Hexaghost","floor":16.0,"turns":9.0},{"damage":20.0,"enemies":"2 Thieves","floor":18.0,"turns":2.0},{"damage":24.0,"enemies":"Shell Parasite","floor":21.0,"turns":4.0},{"damage":25.0,"enemies":"Shelled Parasite and Fungi","floor":22.0,"turns":6.0},{"damage":10.0,"enemies":"Cultist and Chosen","floor":24.0,"turns":3.0},{"damage":10.0,"enemies":"Snecko","floor":27.0,"turns":3.0},{"damage":18.0,"enemies":"Centurion and Healer","floor":29.0,"turns":4.0},{"damage":4.0,"enemies":"Shelled Parasite and Fungi","floor":31.0,"turns":3.0},{"damage":13.0,"enemies":"Champ","floor":33.0,"turns":8.0},{"damage":11.0,"enemies":"Orb Walker","floor":35.0,"turns":4.0},{"damage":17,"enemies":"3 Darklings","floor":36,"turns":3},{"damage":54,"enemies":"Spire Growth","floor":38,"turns":4},{"damage":23,"enemies":"4 Shapes","floor":39,"turns":1}],"seed_played":"10634504611580178","potions_obtained":[{"floor":1.0,"key":"EssenceOfSteel"},{"floor":4.0,"key":"ElixirPotion"},{"floor":8.0,"key":"Dexterity Potion"},{"floor":12.0,"key":"ColorlessPotion"},{"floor":13.0,"key":"GamblersBrew"},{"floor":24.0,"key":"LiquidMemories"},{"floor":27.0,"key":"Ancient Potion"},{"floor":29.0,"key":"SkillPotion"},{"floor":35.0,"key":"Dexterity Potion"}],"is_trial":false,"path_per_floor":["M","M","M","M","M","R","E","M","T","M","M","E","M","$","R","B",null,"M","?","$","M","M","R","M","R","T","M","?","M","?","M","R","B",null,"M","M","?","M","M"],"character_chosen":"IRONCLAD","items_purchased":["Blood Vial","Pummel"],"campfire_rested":1,"item_purchase_floors":[14,20],"current_hp_per_floor":[76,80,80,79,67,67,42,41,41,37,38,39,45,45,45,27,80,66,66,66,50,33,33,31,31,31,29,29,24,24,38,62,57,80,75,66,66,20,0,0],"gold":287,"neow_bonus":"RANDOM_COMMON_RELIC","is_daily":false,"chose_seed":false,"campfire_upgraded":4,"win_rate":0.0,"timestamp":1610294180,"path_taken":["M","M","M","?","M","R","E","M","T","M","M","E","M","$","R","BOSS","M","?","$","M","M","R","M","R","T","M","?","M","?","M","R","BOSS","M","?","?","M","M"],"items_purchased_type":["Relic","Card"],"build_version":"2020-12-22","purchased_purges":1,"victory":false,"max_hp_per_floor":[80,80,80,80,80,80,80,80,80,80,80,80,80,80,80,80,80,80,80,80,80,80,80,80,80,80,80,80,80,80,80,80,80,80,80,80,80,80,80,80],"card_choices":[{"not_picked":["Power Through","Rupture"],"picked":"Inflame","floor":1.0},{"not_picked":["Clothesline","Pommel Strike"],"picked":"Perfected Strike","floor":2.0},{"not_picked":["Thunderclap","Twin Strike"],"picked":"Whirlwind","floor":3.0},{"not_picked":["Havoc","Sentinel"],"picked":"Anger","floor":4.0},{"not_picked":["Cleave","Headbutt"],"picked":"Carnage","floor":5.0},{"not_picked":["Pommel Strike","Uppercut"],"picked":"Disarm","floor":7.0},{"not_picked":["Body Slam","Combust+1"],"picked":"Shrug It Off","floor":8.0},{"not_picked":["Flame Barrier","Power Through","Rupture+1"],"picked":"SKIP","floor":10.0},{"not_picked":["Headbutt","Burning Pact"],"picked":"Double Tap","floor":11.0},{"not_picked":["Headbutt","Warcry"],"picked":"True Grit","floor":12.0},{"not_picked":["Pummel","True Grit"],"picked":"Sword Boomerang","floor":13.0},{"not_picked":["Exhume","Bludgeon"],"picked":"Limit Break","floor":16.0},{"not_picked":["Heavy Blade","Second Wind","Cleave+1"],"picked":"SKIP","floor":18.0},{"not_picked":["Heavy Blade","Shrug It Off"],"picked":"Headbutt+1","floor":21.0},{"not_picked":["Twin Strike","Armaments"],"picked":"Inflame+1","floor":22.0},{"not_picked":["Anger+1","Blood for Blood","Hemokinesis"],"picked":"SKIP","floor":24.0},{"not_picked":["Dark Embrace+1","Heavy Blade"],"picked":"Rage+1","floor":27.0},{"not_picked":["Bloodletting","Heavy Blade"],"picked":"Twin Strike","floor":29.0},{"not_picked":["Anger+1","Havoc"],"picked":"Clothesline+1","floor":31.0},{"not_picked":["Fiend Fire","Berserk+1"],"picked":"Limit Break","floor":33.0},{"not_picked":["Feel No Pain+1","Flame Barrier+1"],"picked":"Headbutt","floor":35.0},{"not_picked":["Body Slam","Rampage+1","Feel No Pain+1"],"picked":"SKIP","floor":36},{"not_picked":["Shrug It Off+1","Havoc"],"picked":"Shockwave","floor":38}],"player_experience":29129,"relics_obtained":[{"floor":7.0,"key":"Frozen Egg 2"},{"floor":9.0,"key":"Toy Ornithopter"},{"floor":12.0,"key":"Gambling Chip"},{"floor":26.0,"key":"MealTicket"}],"event_choices":[{"cards_removed":["Strike_R"],"damage_healed":0.0,"max_hp_gain":0.0,"max_hp_loss":0.0,"gold_gain":0.0,"event_name":"Beggar","player_choice":"Gave Gold","floor":19.0,"gold_loss":75.0,"damage_taken":0.0},{"damage_healed":0.0,"max_hp_gain":0.0,"max_hp_loss":0.0,"gold_gain":0.0,"event_name":"The Library","player_choice":"Read","floor":28.0,"gold_loss":0.0,"damage_taken":0.0,"cards_obtained":["Flex"]},{"damage_healed":0.0,"max_hp_gain":0.0,"max_hp_loss":0.0,"gold_gain":0.0,"event_name":"WeMeetAgain","player_choice":"Gave Potion","floor":30.0,"gold_loss":0.0,"damage_taken":0.0,"relics_obtained":["Pen Nib"]},{"damage_healed":0,"gold_gain":0,"player_choice":"Forge","damage_taken":0,"max_hp_gain":0,"max_hp_loss":0,"event_name":"Accursed Blacksmith","floor":37,"gold_loss":0,"cards_upgraded":["Limit Break"]}],"is_beta":false,"boss_relics":[{"not_picked":["Runic Dome","Snecko Eye"],"picked":"SlaversCollar"},{"not_picked":["Cursed Key","SacredBark"],"picked":"Runic Pyramid"}],"items_purged_floors":[14],"is_endless":false,"potions_floor_spawned":[1,4,8,10,12,13,24,27,29,35],"killed_by":"4 Shapes","ascension_level":1}}