{"host":"anz4lkntay50iiwf","time":1610257034,"event":{"mods":["AchievementEnabler","Act Like it!","BaseMod","Colored Map","Colored Powertips","Downfall","Gensokyo","Hallownest","Hermit","Marisa????????","Minty Spire (QoL Compilation)","Remilia??????","Replay The Spire","StSLib","The Animator","The Bug Knight","The Cursed","The Dragon Tamer","The Hierophant","The Jungle","The Servant 0.9.4"],"gold_per_floor":[114,214,232,248,261,261,291,305,305,324,340,340,390,409,409,409,409,409],"floor_reached":16,"playtime":2777,"items_purged":[],"score":106,"play_id":"e52a3728-9be4-4b66-b10b-479430f49a2b","local_time":"20210110003714","daily_mods":["Colorless Cards","Heirloom"],"is_ascension_mode":false,"metric_token":1363,"campfire_choices":[{"floor":6,"key":"REST"},{"floor":12,"key":"REST"},{"floor":15,"key":"REST"}],"dtmod_dragon_data":[0,50,-1,-1,0,0],"circlet_count":0,"master_deck":["DTMod:Strike","DTMod:Strike","DTMod:Strike","DTMod:Strike","DTMod:DoubleHit","DTMod:TargetDefense","DTMod:TargetDefense","DTMod:TargetDefense","DTMod:TargetDefense","DTMod:SwitchingTactic","Flash of Steel","DTMod:BuildUp","DTMod:MasterPlan","expansioncontent:LastStand","DTMod:Feint","DTMod:QuickFly","Transmutation","Blind","CommonCold","DTMod:Hide"],"relics":["DTMod:PactStone","Calipers","ReplayTheSpireMod:TigerMarble","Thread and Needle","Ring of Greed","Golden Egg","Replay:Wax Seal"],"acts_visited":["Exordium"],"potions_floor_usage":[16,16],"damage_taken":[{"damage":6,"enemies":"Jaw Worm","floor":1,"turns":4},{"damage":0,"enemies":"Cultist","floor":3,"turns":3},{"damage":2,"enemies":"2 Louse","floor":4,"turns":2},{"damage":1,"enemies":"Large Slime","floor":5,"turns":6},{"damage":21,"enemies":"HollowMod:MossKnight","floor":7,"turns":23},{"damage":0,"enemies":"Blue Slaver","floor":8,"turns":3},{"damage":0,"enemies":"Gremlin Gang","floor":10,"turns":6},{"damage":0,"enemies":"2 Fungi Beasts","floor":11,"turns":3},{"damage":0,"enemies":"Blue Slaver","floor":14,"turns":3},{"damage":56,"enemies":"Slime Boss","floor":16,"turns":14}],"seed_played":"4243777736747442509","potions_obtained":[{"floor":5,"key":"BlessingOfTheForge"},{"floor":10,"key":"DuplicationPotion"},{"floor":11,"key":"Venom Potion"},{"floor":14,"key":"SteroidPotion"}],"is_trial":true,"path_per_floor":["M","?","M","M","M","R","E","M","T","M","M","R","?","M","R_BF","B"],"character_chosen":"THE_DT","items_purchased":[],"campfire_rested":3,"item_purchase_floors":[],"current_hp_per_floor":[39,39,39,37,36,45,24,24,24,24,24,37,37,37,45,0,0,0],"gold":409,"neow_bonus":"","is_daily":false,"chose_seed":false,"campfire_upgraded":0,"win_rate":0.0,"timestamp":1610257034,"path_taken":["M","?","M","M","M","R","E","M","T","M","?","R","?","M","R_BF","BOSS"],"items_purchased_type":[],"build_version":"2020-12-22","purchased_purges":0,"victory":false,"max_hp_per_floor":[45,45,45,45,45,45,45,45,45,45,45,45,45,45,45,45,45,45],"card_choices":[{"not_picked":["DTMod:MagicField","DTMod:Threaten"],"picked":"Flash of Steel","floor":1},{"not_picked":["DTMod:Hide","DTMod:Threaten"],"picked":"DTMod:BuildUp","floor":3},{"not_picked":["DTMod:BlueScale","Discovery"],"picked":"DTMod:MasterPlan","floor":4},{"not_picked":["DTMod:BizarreTactic","DTMod:MagicField"],"picked":"expansioncontent:LastStand","floor":5},{"not_picked":["DTMod:TagTeam","DTMod:Cover"],"picked":"DTMod:Feint","floor":7},{"not_picked":["DTMod:FlameSlash","DTMod:Weaken"],"picked":"DTMod:QuickFly","floor":8},{"not_picked":["DTMod:MasterPlan","Good Instincts"],"picked":"Transmutation","floor":10},{"not_picked":["DTMod:Threaten","DTMod:CleansingStrike"],"picked":"Blind","floor":11},{"not_picked":["DTMod:BreakAttack","DTMod:Punisher"],"picked":"DTMod:Hide","floor":14}],"player_experience":25431,"relics_obtained":[{"floor":7,"key":"ReplayTheSpireMod:TigerMarble"},{"floor":9,"key":"Thread and Needle"},{"floor":13,"key":"Ring of Greed"},{"floor":13,"key":"Golden Egg"},{"floor":13,"key":"Replay:Wax Seal"}],"event_choices":[{"damage_healed":0,"gold_gain":100,"player_choice":"Pray","damage_taken":0,"max_hp_gain":0,"max_hp_loss":0,"event_name":"Golden Shrine","floor":2,"gold_loss":0}],"is_beta":false,"boss_relics":[],"items_purged_floors":[],"is_endless":false,"potions_floor_spawned":[5,10,11,14],"killed_by":"Slime Boss","ascension_level":0}}