{"host":"xurz8oye0j2lsa2k","time":1610244133,"event":{"mods":["AchievementEnabler","BaseMod","Bestiary","BetterRewards","Colored Map","Hubris","Marisa????????","Minty Spire (QoL Compilation)","Permanent Neow","Replay The Spire","Spicy Shops","StSLib","UnlockEverythingMod"],"gold_per_floor":[109,109,119,119,130,162,162,162,162,162,193,226,226,83,83,220,220,243,276,298,332,25,25,74,117,117,117,117,137,137,176,176,305,305,337,354,0,37,63,63,106,133,133,133,164,197,50,50,72],"floor_reached":51,"playtime":4576,"items_purged":["Injury","Strike_B"],"score":889,"play_id":"3735c3cc-8d19-4c98-83b6-037d1a02e8d3","local_time":"20210109210213","is_ascension_mode":false,"campfire_choices":[{"floor":7.0,"key":"REST"},{"floor":15.0,"key":"REST"},{"data":"Defragment","floor":23.0,"key":"SMITH"},{"floor":28.0,"key":"REST"},{"floor":32.0,"key":"REST"},{"data":"Echo Form","floor":40,"key":"SMITH"},{"floor":49,"key":"REST"}],"circlet_count":0,"master_deck":["Strike_B+1","Defend_B+1","Defend_B+1","Zap+1","Dualcast","Defragment+1","Gash+1","ReplaySort+1","Hallucinations","Storm","Conserve Battery+1","Panic Button+1","Zap+1","ReplayGash+1","ReplayRNGCard+1","Gash","Replay:Sssssssssshield+1","Creative AI","Coolheaded+1","Echo Form+1","Defragment+1","hubris:DoWhile+1","Echo Form+1","ReplaySort+1","Core Surge+1","White Noise+1","Double Energy+1","Turbo+1","BasicCrystalCard+1","Self Repair","Fusion+1","Leap+1","Hello World+1","Force Field+1"],"relics":["Cracked Core","Gremlin Food","Replay:PocketPolymizer","Toxic Egg 2","ReplayTheSpireMod:Ring of Collecting","Ring of Peace","hubris:Zylophone","Golden Idol","Ring of Shattering","Replay:Bandana","hubris:Backtick","Chemical X","Replay:Bottled Snecko","Matryoshka","hubris:Teleporter","Replay:Ringing Soul","Boot","Ring of Panic","Nloth\u0027s Gift","Painkiller Herb","BargainBundle","Akabeko","Snack Pack","ReplayTheSpireMod:Ring of Challenge","ReplayFunnel","ReplayTheSpireMod:Lightbulb","Centennial Puzzle","Raider\u0027s Mask"],"acts_visited":["Exordium","TheCity","TheBeyond"],"potions_floor_usage":[46,50,50],"damage_taken":[{"damage":4.0,"enemies":"Cultist","floor":1.0,"turns":4.0},{"damage":0.0,"enemies":"Small Slimes","floor":3.0,"turns":3.0},{"damage":0.0,"enemies":"2 Louse","floor":5.0,"turns":3.0},{"damage":15.0,"enemies":"Gremlin Nob","floor":6.0,"turns":5.0},{"damage":0.0,"enemies":"3 Sentries","floor":11.0,"turns":5.0},{"damage":0.0,"enemies":"Large Slime","floor":12.0,"turns":4.0},{"damage":0.0,"enemies":"The Guardian","floor":16.0,"turns":7.0},{"damage":0.0,"enemies":"Chosen","floor":18.0,"turns":3.0},{"damage":0.0,"enemies":"Shell Parasite","floor":19.0,"turns":2.0},{"damage":7.0,"enemies":"Cultist and Chosen","floor":20.0,"turns":6.0},{"damage":0.0,"enemies":"Snake Plant","floor":21.0,"turns":3.0},{"damage":20.0,"enemies":"Gremlin Leader","floor":24.0,"turns":8.0},{"damage":6.0,"enemies":"Centurion and Healer","floor":25.0,"turns":4.0},{"damage":0.0,"enemies":"Sentry and Sphere","floor":29.0,"turns":4.0},{"damage":0.0,"enemies":"Snake Plant","floor":31.0,"turns":2.0},{"damage":36.0,"enemies":"Collector","floor":33.0,"turns":7.0},{"damage":18,"enemies":"3 Darklings","floor":35,"turns":5},{"damage":7,"enemies":"3 Shapes","floor":36,"turns":4},{"damage":7,"enemies":"Sphere and 2 Shapes","floor":38,"turns":5},{"damage":0,"enemies":"Jaw Worm Horde","floor":39,"turns":4},{"damage":30,"enemies":"Reptomancer","floor":41,"turns":5},{"damage":0,"enemies":"Spire Growth","floor":42,"turns":3},{"damage":22,"enemies":"Maw","floor":45,"turns":5},{"damage":0,"enemies":"R_Hoarder","floor":46,"turns":4},{"damage":26,"enemies":"hubris:GrandSnecko","floor":50,"turns":4}],"seed_played":"3192298097973591689","potions_obtained":[{"floor":5.0,"key":"ColorlessPotion"},{"floor":16.0,"key":"PotionOfCapacity"},{"floor":18.0,"key":"DuplicationPotion"},{"floor":20.0,"key":"AttackPotion"},{"floor":24.0,"key":"Energy Potion"},{"floor":33.0,"key":"Languid Potion"},{"floor":36,"key":"Elixir"},{"floor":38,"key":"DistilledChaos"},{"floor":42,"key":"PowerPotion"}],"is_trial":false,"path_per_floor":["M","?","M","?","M","E","R","?","T","?","E","M","?","$","R","B",null,"M","M","M","M","$","R","E","M","T","?","R","M","?","M","R","B",null,"?","?","T","?","?","T","E","?","T","T","?","E","T","T","B",null],"character_chosen":"DEFECT","items_purchased":["Gremlin Food","Defragment","Gash","Toxic Egg 2","Gash","Panacea+1","Replay:Bottled Snecko","Matryoshka","BargainBundle","Turbo+1","BasicCrystalCard+1","Akabeko","SpeedPotion","BlessingOfTheForge","Raider\u0027s Mask"],"campfire_rested":5,"item_purchase_floors":[0,0,0,0,14,14,22,22,37,37,37,37,37,37,47],"current_hp_per_floor":[36,36,36,36,36,21,43,43,43,43,43,43,36,36,56,56,69,69,69,62,62,62,62,42,36,36,36,60,63,63,66,81,48,84,69,65,68,61,64,67,44,51,51,54,42,45,45,81,55],"gold":72,"neow_bonus":"","is_daily":false,"chose_seed":false,"campfire_upgraded":2,"win_rate":0.0,"timestamp":1610244133,"path_taken":["M","?","M","?","M","E","R","?","T","?","E","?","?","$","R","BOSS","M","M","M","M","$","R","E","M","T","?","R","?","?","M","R","BOSS","?","?","T","?","?","T","E","?","T","T","?","E","T","T","BOSS"],"items_purchased_type":["Relic","Card","Card","Relic","Card","Card","Relic","Relic","Relic","Card","Card","Relic","Potion","Potion","Relic"],"build_version":"2020-12-22","purchased_purges":2,"victory":true,"max_hp_per_floor":[75,75,75,75,75,75,75,69,69,69,69,69,69,69,69,69,69,69,69,69,69,69,69,69,69,69,69,72,75,75,78,81,84,84,87,90,93,93,96,99,99,99,99,102,105,108,108,111,111],"card_choices":[{"not_picked":["ReplayTheSpireMod:GoodbyeWorld","Sweeping Beam"],"picked":"Conserve Battery+1","floor":1.0},{"not_picked":["Sweeping Beam","Rebound","ReplayTheSpireMod:GoodbyeWorld"],"picked":"SKIP","floor":3.0},{"not_picked":["Recycle+1","ReplayGash"],"picked":"Storm","floor":5.0},{"not_picked":["ReplaySolidLightProjector+1","Lockon"],"picked":"Conserve Battery+1","floor":6.0},{"not_picked":["Skim+1","Rebound"],"picked":"ReplayGash","floor":11.0},{"not_picked":["Stack+1","Defragment"],"picked":"ReplayRNGCard+1","floor":12.0},{"not_picked":["Machine Learning","Rainbow+1"],"picked":"Creative AI","floor":16.0},{"not_picked":["hubris:Ukulele+1","Genetic Algorithm+1","Ball Lightning+1"],"picked":"SKIP","floor":18.0},{"not_picked":["Steam+1","Compile Driver","Heatsinks"],"picked":"SKIP","floor":19.0},{"not_picked":["Auto Shields+1","Machine Learning"],"picked":"Coolheaded+1","floor":20.0},{"not_picked":["Reinforced Body+1","BasicCrystalCard+1","Rebound"],"picked":"SKIP","floor":21.0},{"not_picked":["Reprogram+1","Go for the Eyes"],"picked":"Echo Form","floor":24.0},{"not_picked":["Beam Cell","Aggregate+1"],"picked":"Defragment+1","floor":25.0},{"not_picked":["Stack+1","Turbo+1"],"picked":"hubris:DoWhile+1","floor":29.0},{"not_picked":["Sweeping Beam+1","Go for the Eyes"],"picked":"Echo Form","floor":31.0},{"not_picked":["Seek+1","Machine Learning"],"picked":"Core Surge","floor":33.0},{"not_picked":["Barrage+1","Tempest+1"],"picked":"White Noise+1","floor":35},{"not_picked":["Conserve Battery+1","Auto Shields+1"],"picked":"Double Energy+1","floor":36},{"not_picked":["FTL","BasicCrystalCard+1","Reprogram+1"],"picked":"SKIP","floor":38},{"not_picked":["Go for the Eyes","Recycle+1"],"picked":"Self Repair","floor":39},{"not_picked":["Genetic Algorithm+1","ReplayTheSpireMod:Reroute Power+1","Beam Cell"],"picked":"SKIP","floor":41},{"not_picked":["Panic Button+1","Melter","Rebound"],"picked":"SKIP","floor":42},{"not_picked":["Coolheaded+1","Stack+1"],"picked":"Leap+1","floor":45},{"not_picked":["Beam Cell+1","Creative AI"],"picked":"Hello World+1","floor":46}],"player_experience":510840,"relics_obtained":[{"floor":4.0,"key":"ReplayTheSpireMod:Ring of Collecting"},{"floor":4.0,"key":"Ring of Peace"},{"floor":6.0,"key":"hubris:Zylophone"},{"floor":9.0,"key":"Ring of Shattering"},{"floor":9.0,"key":"War Paint"},{"floor":11.0,"key":"Replay:Bandana"},{"floor":24.0,"key":"hubris:Teleporter"},{"floor":26.0,"key":"Replay:Ringing Soul"},{"floor":26.0,"key":"Boot"},{"floor":26.0,"key":"Ring of Panic"},{"floor":41,"key":"Snack Pack"},{"floor":43,"key":"ReplayTheSpireMod:Ring of Challenge"},{"floor":43,"key":"ReplayFunnel"},{"floor":43,"key":"ReplayTheSpireMod:Lightbulb"},{"floor":46,"key":"Centennial Puzzle"}],"event_choices":[{"damage_healed":0.0,"max_hp_gain":0.0,"max_hp_loss":6.0,"gold_gain":0.0,"event_name":"Golden Idol","player_choice":"Lose Max HP","floor":8.0,"gold_loss":0.0,"damage_taken":0.0,"relics_obtained":["Golden Idol"]},{"damage_healed":0.0,"max_hp_gain":0.0,"max_hp_loss":0.0,"gold_gain":0.0,"event_name":"Match and Keep!","player_choice":"1 cards matched","floor":10.0,"gold_loss":0.0,"damage_taken":0.0,"cards_obtained":["Zap"]},{"cards_removed":["Defend_B"],"damage_healed":0.0,"max_hp_gain":0.0,"max_hp_loss":0.0,"gold_gain":0.0,"event_name":"Golden Wing","player_choice":"Card Removal","floor":13.0,"gold_loss":0.0,"damage_taken":7.0},{"damage_healed":0.0,"max_hp_gain":0.0,"max_hp_loss":0.0,"gold_gain":0.0,"event_name":"Match and Keep!","player_choice":"0 cards matched","floor":27.0,"gold_loss":0.0,"damage_taken":0.0,"cards_obtained":[]},{"damage_healed":0.0,"max_hp_gain":0.0,"max_hp_loss":0.0,"gold_gain":0.0,"event_name":"N\u0027loth","player_choice":"Traded Relic","floor":30.0,"relics_lost":["War Paint"],"gold_loss":0.0,"damage_taken":0.0,"relics_obtained":["Nloth\u0027s Gift"]}],"is_beta":false,"boss_relics":[{"not_picked":["Black Star","Sozu"],"picked":"hubris:Backtick"},{"not_picked":["hubris:VirtuousBlindfold","SlaversCollar"],"picked":"Painkiller Herb"}],"items_purged_floors":[22,37],"is_endless":false,"potions_floor_spawned":[5,16,18,20,24,33,36,38,39,42],"ascension_level":0}}