{"host":"4id8injl4bo2b6ih","time":1610299237,"event":{"mods":["Act Like it!","BaseMod","Better Third Choice","Colored Map","Downfall","Ekko","Friendly Minions","Highlight Path","Ironclad Rager","Minty Spire (QoL Compilation)","Relic Stats","Robot Space Explorer","Shade Mod","Shop Mod","Spicy Shops","StSLib","The Bug Knight"],"gold_per_floor":[99,114,23,38,38,55,109,34,50,79,79,79,97,124,144,245,245,170,182,92,106,122,122,122,154,43,69,69,79,89,103,122,223,223,223,2,21,22,41,41,89,89,103,103,149,164,164,214,233,233],"floor_reached":51,"playtime":7194,"items_purged":["Regret","Clumsy"],"score":1039,"play_id":"ac502b57-4a38-48d9-9714-4d42c39ea1e7","local_time":"20210110182037","is_ascension_mode":true,"campfire_choices":[{"floor":1.0,"key":"RECALL"},{"data":"sneckomod:SnekBite","floor":8.0,"key":"SMITH"},{"floor":11.0,"key":"REST"},{"data":"sneckomod:UnknownColorless","floor":18.0,"key":"SMITH"},{"data":"sneckomod:Nope","floor":23.0,"key":"SMITH"},{"floor":28.0,"key":"REST"},{"data":"sneckomod:Nope","floor":35,"key":"SMITH"},{"data":"sneckomod:UnknownUncommonPower","floor":40,"key":"SMITH"},{"data":"sneckomod:CheapStock","floor":42,"key":"SMITH"},{"floor":47,"key":"REST"}],"circlet_count":0,"master_deck":["sneckomod:Strike","sneckomod:Strike","sneckomod:Strike+1","sneckomod:Defend","sneckomod:Defend","sneckomod:Defend","sneckomod:TailWhip","sneckomod:SnekBite+1","sneckomod:Unknown","sneckomod:Unknown","sneckomod:UnknownClassBUGKNIGHT_GRAY_COLOR","sneckomod:UnknownWeak","sneckomod:UnknownClassSLIMEBOUND","sneckomod:UnknownClassBUGKNIGHT_GRAY_COLOR+1","sneckomod:UnlimitedRolls+1","sneckomod:Nope+1","sneckomod:UnknownBlock","sneckomod:UnknownClassTHE_CHAMP_GRAY+2","sneckomod:SnekBeam","sneckomod:UnknownColorless+1","sneckomod:UnknownBlock","sneckomod:UnknownExhaust","sneckomod:DiceBlock","sneckomod:Nope+1","Parasite","sneckomod:UnknownRareSkill","sneckomod:CheapStock+1","sneckomod:UnknownClassRED","sneckomod:UnknownClassHEXA_GHOST_PURPLE","sneckomod:UnknownClassEKKO_BLUE_COLOR","sneckomod:UnknownClassRED","sneckomod:QuickMove","sneckomod:UnknownClassSLIMEBOUND","sneckomod:Unknown3Cost","sneckomod:UnknownBlock+1","sneckomod:UnknownUncommonPower+1","sneckomod:UnknownEthereal","sneckomod:SerpentIdol","sneckomod:UnknownClassHEXA_GHOST_PURPLE+1","sneckomod:UnknownClassSHADE_COLOR","sneckomod:PureSnecko","Writhe","sneckomod:UnknownWeak","hexamod:FourthSeal","sneckomod:DiceCrush","expansioncontent:DefensiveStance","sneckomod:ImprovisedGuard+1","sneckomod:UnknownBlock+1","sneckomod:QuickBite+1","sneckomod:UnknownClassTHE_CHAMP_GRAY+1"],"relics":["sneckomod:SneckoSoul","Blood Vial","Toolbox","Pen Nib","Juzu Bracelet","downfall:HeartBlessingRed","Dream Catcher","Cursed Key","downfall:HeartBlessingBlue","sneckomod:LoadedDie","Thread and Needle","Gambling Chip","Nunchaku","Calipers","Busted Crown","Happy Flower","Vajra","Toy Ornithopter","CaptainsWheel","Dead Branch"],"acts_visited":["Exordium","TheCity","TheBeyond"],"potions_floor_usage":[],"damage_taken":[{"damage":0.0,"enemies":"2 Louse","floor":2.0,"turns":3.0},{"damage":0.0,"enemies":"downfall:FleeingMerchant","floor":3.0,"turns":4.0},{"damage":0.0,"enemies":"Jaw Worm","floor":4.0,"turns":3.0},{"damage":0.0,"enemies":"Small Slimes","floor":6.0,"turns":2.0},{"damage":18.0,"enemies":"Exordium Wildlife","floor":9.0,"turns":3.0},{"damage":20.0,"enemies":"3 Sentries","floor":10.0,"turns":3.0},{"damage":8.0,"enemies":"2 Fungi Beasts","floor":13.0,"turns":2.0},{"damage":14.0,"enemies":"Exordium Thugs","floor":15.0,"turns":2.0},{"damage":56.0,"enemies":"downfall:Ironclad","floor":16.0,"turns":8.0},{"damage":9.0,"enemies":"Shell Parasite","floor":19.0,"turns":4.0},{"damage":2.0,"enemies":"downfall:FleeingMerchant","floor":20.0,"turns":4.0},{"damage":1.0,"enemies":"Chosen","floor":21.0,"turns":5.0},{"damage":18.0,"enemies":"Centurion and Healer","floor":22.0,"turns":4.0},{"damage":26.0,"enemies":"Book of Stabbing","floor":25.0,"turns":5.0},{"damage":3.0,"enemies":"downfall:FleeingMerchant","floor":26.0,"turns":4.0},{"damage":24.0,"enemies":"Gremlin Leader","floor":27.0,"turns":7.0},{"damage":17.0,"enemies":"Snake Plant","floor":29.0,"turns":4.0},{"damage":0.0,"enemies":"Cultist and Chosen","floor":30.0,"turns":4.0},{"damage":13.0,"enemies":"Centurion and Healer","floor":31.0,"turns":3.0},{"damage":0.0,"enemies":"3 Cultists","floor":32.0,"turns":3.0},{"damage":19.0,"enemies":"downfall:Defect","floor":33.0,"turns":7.0},{"damage":5,"enemies":"downfall:FleeingMerchant","floor":36,"turns":4},{"damage":0,"enemies":"Orb Walker","floor":37,"turns":3},{"damage":8,"enemies":"downfall:FleeingMerchant","floor":38,"turns":4},{"damage":11,"enemies":"3 Shapes","floor":39,"turns":4},{"damage":61,"enemies":"Spire Growth","floor":43,"turns":5},{"damage":52,"enemies":"2 Orb Walkers","floor":45,"turns":5},{"damage":7,"enemies":"Sphere and 2 Shapes","floor":46,"turns":4},{"damage":6,"enemies":"Mind Bloom Boss Battle","floor":48,"turns":5},{"damage":2,"enemies":"4 Shapes","floor":49,"turns":5},{"damage":11,"enemies":"downfall:Silent","floor":50,"turns":10}],"seed_played":"2107825568399567123","potions_obtained":[{"floor":2.0,"key":"GamblersBrew"},{"floor":6.0,"key":"Ancient Potion"},{"floor":10.0,"key":"Strength Potion"},{"floor":13.0,"key":"LiquidBronze"},{"floor":25.0,"key":"Block Potion"},{"floor":30.0,"key":"Strength Potion"}],"is_trial":false,"path_per_floor":["R","M","$","M","?","M","T","R","M","E","R","?","M","T","M","B",null,"R","M","$","M","M","R","T","E","$","E","R","M","M","M","M","B",null,"R","$","M","$","M","R","T","R","M","?","?","M","R","?","M","B",null],"character_chosen":"THE_SNECKO","items_purchased":["Toolbox","Nunchaku","sneckomod:CheapStock","sneckomod:UnknownUncommonPower","sneckomod:UnknownEthereal","Happy Flower","Vajra","sneckomod:UnknownClassSHADE_COLOR"],"campfire_rested":3,"item_purchase_floors":[3,26,26,36,36,38,38,38],"current_hp_per_floor":[90,91,92,93,81,84,84,84,68,50,79,79,78,78,66,18,97,107,103,104,105,89,89,89,70,69,48,82,74,77,74,77,77,116,116,114,116,113,112,112,112,112,79,79,36,32,68,86,95,90],"gold":233,"neow_bonus":"RANDOM_COMMON_RELIC","is_daily":false,"chose_seed":false,"campfire_upgraded":6,"win_rate":0.0,"timestamp":1610299237,"path_taken":["R","M","$","M","?","M","T","R","M","E","R","?","M","?","M","BOSS","R","M","$","M","M","R","T","E","$","E","R","M","M","M","M","BOSS","R","$","M","$","M","R","T","R","M","?","?","M","R","?","M","BOSS"],"items_purchased_type":["Relic","Relic","Card","Card","Card","Relic","Relic","Card"],"build_version":"2020-12-22","purchased_purges":2,"victory":true,"max_hp_per_floor":[90,91,92,93,93,94,94,94,94,94,95,95,96,96,96,97,97,107,108,109,109,109,109,109,110,110,111,112,113,114,114,115,116,116,116,119,119,121,121,121,121,121,122,122,122,123,123,123,124,124],"relic_stats":{"Happy Flower":[12],"counters":[31,132],"Dead Branch":[77],"Pen Nib":[22],"Juzu Bracelet":0,"Cursed Key":2,"Blood Vial":52,"Dream Catcher":3,"Nunchaku":[14],"Busted Crown":30,"Gambling Chip":[31],"obtain_stats":[{"Calipers":27,"downfall:HeartBlessingRed":8,"sneckomod:LoadedDie":22,"Happy Flower":38,"Dead Branch":48,"Vajra":38,"Thread and Needle":24,"Pen Nib":5,"Juzu Bracelet":7,"sneckomod:SneckoSoul":0,"Cursed Key":17,"Blood Vial":0,"Dream Catcher":10,"Nunchaku":26,"CaptainsWheel":45,"Busted Crown":34,"downfall:HeartBlessingBlue":18,"Gambling Chip":25,"Toolbox":3,"Toy Ornithopter":41},{"Calipers":16,"downfall:HeartBlessingRed":4,"sneckomod:LoadedDie":13,"Happy Flower":24,"Dead Branch":29,"Vajra":24,"Thread and Needle":13,"Pen Nib":3,"Juzu Bracelet":4,"sneckomod:SneckoSoul":0,"Cursed Key":9,"Blood Vial":0,"Dream Catcher":6,"Nunchaku":15,"CaptainsWheel":27,"Busted Crown":21,"downfall:HeartBlessingBlue":9,"Gambling Chip":14,"Toolbox":2,"Toy Ornithopter":25},{"Calipers":63,"downfall:HeartBlessingRed":12,"sneckomod:LoadedDie":47,"Happy Flower":95,"Dead Branch":117,"Vajra":95,"Thread and Needle":47,"Pen Nib":10,"Juzu Bracelet":12,"sneckomod:SneckoSoul":0,"Cursed Key":30,"Blood Vial":0,"Dream Catcher":18,"Nunchaku":56,"CaptainsWheel":109,"Busted Crown":84,"downfall:HeartBlessingBlue":30,"Gambling Chip":52,"Toolbox":7,"Toy Ornithopter":99}],"Toy Ornithopter":0},"card_choices":[{"not_picked":["sneckomod:MixItUp","sneckomod:UnknownClassTHE_CHAMP_GRAY"],"picked":"sneckomod:UnknownClassBUGKNIGHT_GRAY_COLOR","floor":2.0},{"not_picked":["sneckomod:UnknownVulnerable","sneckomod:WideSting"],"picked":"sneckomod:UnknownWeak","floor":3.0},{"not_picked":["sneckomod:SoulCleanse","sneckomod:RainOfDice"],"picked":"sneckomod:UnknownClassSLIMEBOUND","floor":4.0},{"not_picked":["sneckomod:QuickBite","sneckomod:MixItUp"],"picked":"sneckomod:UnknownClassBUGKNIGHT_GRAY_COLOR","floor":6.0},{"not_picked":["sneckomod:SoulCleanse","sneckomod:Nope"],"picked":"sneckomod:UnlimitedRolls","floor":9.0},{"not_picked":["sneckomod:Unknown1Cost","sneckomod:RainOfDice"],"picked":"sneckomod:Nope","floor":10.0},{"not_picked":["sneckomod:WideSting","sneckomod:UnknownCommonAttack"],"picked":"sneckomod:UnknownBlock","floor":11.0},{"not_picked":["sneckomod:QuickBite","sneckomod:SoulRoll"],"picked":"sneckomod:UnknownClassTHE_CHAMP_GRAY","floor":13.0},{"not_picked":["sneckomod:UnknownVulnerable","sneckomod:UnknownCommonSkill"],"picked":"sneckomod:SnekBeam","floor":15.0},{"not_picked":["sneckomod:UnknownRareAttack","sneckomod:Unknown3Cost"],"picked":"sneckomod:UnknownColorless","floor":16.0},{"not_picked":["sneckomod:DiceBlock","sneckomod:SnekBeam+1"],"picked":"sneckomod:UnknownBlock","floor":19.0},{"not_picked":["sneckomod:TrashToTreasure","sneckomod:Unknown1Cost"],"picked":"sneckomod:UnknownExhaust","floor":20.0},{"not_picked":["sneckomod:SoulRoll+1","sneckomod:QuickBite"],"picked":"sneckomod:DiceBlock","floor":21.0},{"not_picked":["sneckomod:DiceCrush","sneckomod:UnknownWeak"],"picked":"sneckomod:Nope","floor":22.0},{"not_picked":["sneckomod:Unknown2Cost","sneckomod:UnknownClassHEXA_GHOST_PURPLE"],"picked":"sneckomod:UnknownRareSkill","floor":25.0},{"not_picked":["sneckomod:SoulRoll","sneckomod:WideSting","sneckomod:UnknownStrike"],"picked":"SKIP","floor":26.0},{"not_picked":["sneckomod:DefensiveFlair","sneckomod:UnknownClassBLUE"],"picked":"sneckomod:UnknownClassRED","floor":27.0},{"not_picked":["sneckomod:UnknownCommonSkill+1","sneckomod:SoulDraw"],"picked":"sneckomod:UnknownClassHEXA_GHOST_PURPLE","floor":28.0},{"not_picked":["sneckomod:UnknownVulnerable+1","sneckomod:UnknownCommonAttack"],"picked":"sneckomod:UnknownClassEKKO_BLUE_COLOR","floor":29.0},{"not_picked":["sneckomod:IronFang","sneckomod:UnknownX"],"picked":"sneckomod:UnknownClassRED","floor":30.0},{"not_picked":["sneckomod:SoulRoll","sneckomod:UnknownCommonSkill"],"picked":"sneckomod:QuickMove","floor":31.0},{"not_picked":["sneckomod:DiceCrush+1","sneckomod:SoulDraw+1"],"picked":"sneckomod:UnknownClassSLIMEBOUND","floor":32.0},{"not_picked":["sneckomod:SoulExchange","sneckomod:UnknownRareAttack"],"picked":"sneckomod:Unknown3Cost","floor":33.0},{"not_picked":[],"picked":"sneckomod:UnknownBlock+1","floor":36},{"not_picked":[],"picked":"sneckomod:SerpentIdol","floor":37},{"not_picked":[],"picked":"sneckomod:UnknownClassHEXA_GHOST_PURPLE+1","floor":38},{"not_picked":[],"picked":"sneckomod:PureSnecko","floor":39},{"not_picked":[],"picked":"sneckomod:UnknownWeak","floor":43},{"not_picked":[],"picked":"hexamod:FourthSeal","floor":43},{"not_picked":[],"picked":"sneckomod:DiceCrush","floor":43},{"not_picked":[],"picked":"expansioncontent:DefensiveStance","floor":44},{"not_picked":[],"picked":"sneckomod:ImprovisedGuard+1","floor":45},{"not_picked":[],"picked":"sneckomod:UnknownBlock+1","floor":46},{"not_picked":[],"picked":"sneckomod:QuickBite+1","floor":47},{"not_picked":[],"picked":"sneckomod:UnknownClassTHE_CHAMP_GRAY+1","floor":49}],"player_experience":414804,"relics_obtained":[{"floor":7.0,"key":"Juzu Bracelet"},{"floor":10.0,"key":"Dream Catcher"},{"floor":22.0,"key":"sneckomod:LoadedDie"},{"floor":24.0,"key":"Thread and Needle"},{"floor":25.0,"key":"Gambling Chip"},{"floor":27.0,"key":"Calipers"},{"floor":41,"key":"Toy Ornithopter"},{"floor":45,"key":"CaptainsWheel"},{"floor":48,"key":"Dead Branch"}],"event_choices":[{"damage_healed":0.0,"max_hp_gain":0.0,"max_hp_loss":0.0,"gold_gain":0.0,"event_name":"betterThird:BetterScrap","player_choice":"Relic ","floor":5.0,"gold_loss":0.0,"damage_taken":12.0,"cards_obtained":["Offering"]},{"damage_healed":0,"gold_gain":0,"player_choice":"Fight","damage_taken":0,"max_hp_gain":0,"max_hp_loss":0,"event_name":"Mysterious Sphere","floor":45,"gold_loss":0}],"is_beta":false,"boss_relics":[{"not_picked":["Runic Pyramid","Runic Dome"],"picked":"Cursed Key"},{"not_picked":["Astrolabe","Tiny House"],"picked":"Busted Crown"}],"items_purged_floors":[20,36],"is_endless":false,"potions_floor_spawned":[2,6,10,13,15,21,25,30,31,33,37,39,45,46],"ascension_level":4}}