{"host":"ikjt6v4q6zrcj3if","time":1610295064,"event":{"mods":["100% Spire Juice","Arknights The Spire","BaseMod","CapriCore","Colored Map","Downfall","Jorbs\u0027s Wanderer Trilogy","Koishi","Luminous","Minty Spire (QoL Compilation)","Permanent Neow","Quick Restart","Replay The Spire","StSLib","SuperFastMode","The Marked","The Necromancer","The Runesmith"],"gold_per_floor":[119,44,124,124,137,137,171,171,171,191,191,205,221,221,221,323,323,340,340,360,55,55,55,55,55,55,55,74,99,130,144,144,242,242,258,258,258,305,133,133,168,168,168,202,215,228,61,87,87,87],"floor_reached":51,"playtime":2194,"items_purged":["Strike_W","Defend_W"],"score":861,"play_id":"9b9022a3-76cd-475c-bb50-7136747cc286","local_time":"20210111011104","is_ascension_mode":true,"campfire_choices":[{"data":"Cloudkill","floor":6,"key":"SMITH"},{"data":"Consume_Illness","floor":8,"key":"SMITH"},{"data":"Spectral_Armor","floor":11,"key":"SMITH"},{"data":"Blood_Magic","floor":15,"key":"SMITH"},{"data":"Cloudkill","floor":23,"key":"SMITH"},{"data":"Spectral_Armor","floor":25,"key":"SMITH"},{"data":"Negative_Energy_Shield","floor":27,"key":"SMITH"},{"data":"Siphon_Strength","floor":32,"key":"SMITH"},{"data":"Madness","floor":40,"key":"SMITH"},{"data":"Madness","floor":42,"key":"SMITH"},{"data":"Siphon_Strength","floor":49,"key":"SMITH"}],"circlet_count":0,"master_deck":["Strike_W","Strike_W","Defend_W","Defend_W","Negative_Energy_Arrows","Bone_Wall","Cloudkill+1","Negative_Energy_Shield+1","Consume_Illness+1","Spectral_Armor+1","Blood_Magic+1","Cloudkill+1","Summon_Lich+1","Negative_Energy_Burst+1","Bone_Prison+1","Spectral_Armor+1","Siphon_Strength+1","Siphon_Strength+1","Uncharnel+1","Grasp_Heart","Madness+1","Madness+1","Summon_Undead_Army+1","Summon_Lich+1","Corrupt+1","Siphon_Strength+1","Spectral_Walk+1","Siphon_Strength+1","Violent_Necrosis+1","Sadistic Nature+1","Summon_Vampire_Lady+1"],"relics":["Vampire_Amulet","StoneCalendar","Gremlin Horn","Frozen Egg 2","Astrolabe","Calipers","Strawberry","Replay:Wax Seal","Torii","Philosopher\u0027s Stone","Simple Rune","Replay:Accelerometer","Prayer Wheel","Garlic","Lizard Tail"],"acts_visited":["Exordium","TheCity","TheBeyond"],"potions_floor_usage":[7,16,50],"damage_taken":[{"damage":0,"enemies":"Small Slimes","floor":1,"turns":3},{"damage":0,"enemies":"Cultist","floor":5,"turns":5},{"damage":5,"enemies":"3 Sentries","floor":7,"turns":6},{"damage":3,"enemies":"Jaw Worm","floor":10,"turns":4},{"damage":5,"enemies":"2 Fungi Beasts","floor":12,"turns":4},{"damage":1,"enemies":"Exordium Wildlife","floor":13,"turns":3},{"damage":13,"enemies":"Slime Boss","floor":16,"turns":9},{"damage":10,"enemies":"2 Thieves","floor":18,"turns":3},{"damage":9,"enemies":"Spheric Guardian","floor":20,"turns":6},{"damage":15,"enemies":"Snecko","floor":28,"turns":5},{"damage":0,"enemies":"Gremlin Leader","floor":30,"turns":6},{"damage":8,"enemies":"Centurion and Healer","floor":31,"turns":5},{"damage":19,"enemies":"Champ","floor":33,"turns":12},{"damage":0,"enemies":"Orb Walker","floor":35,"turns":4},{"damage":0,"enemies":"R_Hoarder","floor":41,"turns":6},{"damage":22,"enemies":"Giant Head","floor":44,"turns":9},{"damage":0,"enemies":"3 Shapes","floor":45,"turns":2},{"damage":24,"enemies":"Spire Growth","floor":46,"turns":5},{"damage":8,"enemies":"R_Hoarder","floor":48,"turns":6},{"damage":7,"enemies":"Time Eater","floor":50,"turns":6}],"seed_played":"2081206387874644985","potions_obtained":[{"floor":1,"key":"LiquidMemories"},{"floor":12,"key":"Fire Potion"},{"floor":13,"key":"Dexterity Potion"},{"floor":28,"key":"SteroidPotion"},{"floor":30,"key":"SpeedPotion"},{"floor":33,"key":"DuplicationPotion"},{"floor":41,"key":"LiquidMemories"}],"is_trial":false,"path_per_floor":["M","$","?","?","M","R","E","R","T","M","R","M","M","T","R","B",null,"M","?","M","$","?","R","?","R","T","R","M","T","E","M","R","B",null,"M","?","?","T","$","R","E","R","T","E","M","M","$","E","R","B",null],"character_chosen":"NECROMANCER","items_purchased":["Calipers","Summon_Undead_Army+1","Sadistic Nature+1"],"campfire_rested":0,"item_purchase_floors":[21,39,47],"current_hp_per_floor":[75,75,75,75,75,75,75,75,75,74,74,75,75,75,75,68,75,69,69,62,62,62,62,62,62,69,69,56,56,69,68,68,54,82,82,72,72,72,72,72,74,74,74,54,60,41,41,35,35,48],"gold":87,"neow_bonus":"ONE_RANDOM_RARE_CARD","is_daily":false,"chose_seed":false,"campfire_upgraded":11,"win_rate":0.0,"timestamp":1610295064,"path_taken":["M","$","?","?","?","R","E","R","T","M","R","M","M","?","R","BOSS","M","?","M","$","?","R","?","R","T","R","M","?","E","M","R","BOSS","M","?","?","?","$","R","E","R","T","E","M","?","$","E","R","BOSS"],"items_purchased_type":["Relic","Card","Card"],"build_version":"2020-12-22","purchased_purges":2,"victory":true,"max_hp_per_floor":[75,75,75,75,75,75,75,75,75,75,75,75,75,75,75,75,75,75,75,75,75,75,75,75,75,82,82,82,82,82,82,82,82,82,82,82,82,82,82,82,82,82,82,82,82,82,82,82,82,82],"card_choices":[{"not_picked":["Deaths_Shadow","Death_Coil","Vampiric_Strike"],"picked":"SKIP","floor":1},{"not_picked":["Negative_Energy_Mist","Death_March_Dance"],"picked":"Negative_Energy_Shield","floor":5},{"not_picked":["Death_March_Dance","Shackles_Of_Pain"],"picked":"Consume_Illness","floor":7},{"not_picked":["Consume_Illness","Shackles_Of_Pain"],"picked":"Spectral_Armor","floor":10},{"not_picked":["Whirlwind_of_Bones","Finger_Of_Death","Bone_Bullets"],"picked":"SKIP","floor":12},{"not_picked":["Finger_Of_Death","Strike_from_Beyond"],"picked":"Blood_Magic","floor":13},{"not_picked":["Reap_The_Weak","Requiem"],"picked":"Cloudkill","floor":16},{"not_picked":["Vampiric_Strike","Negative_Energy_Javelin","Shackles_Of_Pain+1"],"picked":"SKIP","floor":18},{"not_picked":["Scare+1","Strike_from_Beyond","Bone_Armor"],"picked":"SKIP","floor":20},{"not_picked":["Finger_Of_Death","Bone_Spikes"],"picked":"Siphon_Strength","floor":28},{"not_picked":["Consume_Illness+1","Skeleton_Dragon+1"],"picked":"Siphon_Strength+1","floor":30},{"not_picked":["Negative_Energy_Burst","Bone_Armor"],"picked":"Uncharnel+1","floor":31},{"not_picked":["Reap_The_Weak","Blood_Wake"],"picked":"Grasp_Heart","floor":33},{"not_picked":["Negative_Energy_Javelin+1","Chill_Blood+1","Blood_Whip"],"picked":"SKIP","floor":35},{"not_picked":["Negative_Energy_Sphere","Pandemic+1"],"picked":"Summon_Lich+1","floor":41},{"not_picked":["Scare","Life_Tap+1"],"picked":"Corrupt+1","floor":44},{"not_picked":["Bones_to_Steel+1","Life_Tap+1"],"picked":"Siphon_Strength","floor":45},{"not_picked":["Scare+1","Bones_to_Steel+1"],"picked":"Spectral_Walk+1","floor":45},{"not_picked":["Blood_Curse","Chill_Blood+1"],"picked":"Siphon_Strength+1","floor":46},{"not_picked":["Chill_Blood","Death_Coil"],"picked":"Violent_Necrosis+1","floor":46},{"not_picked":["Finger_Of_Death","Corrupt+1"],"picked":"Summon_Vampire_Lady+1","floor":48}],"player_experience":403907,"relics_obtained":[{"floor":7,"key":"StoneCalendar"},{"floor":9,"key":"Gremlin Horn"},{"floor":14,"key":"Frozen Egg 2"},{"floor":26,"key":"Strawberry"},{"floor":29,"key":"Replay:Wax Seal"},{"floor":30,"key":"Torii"},{"floor":38,"key":"Simple Rune"},{"floor":41,"key":"Replay:Accelerometer"},{"floor":43,"key":"Prayer Wheel"},{"floor":44,"key":"Garlic"},{"floor":48,"key":"Lizard Tail"}],"event_choices":[{"damage_healed":0,"gold_gain":0,"player_choice":"1 cards matched","damage_taken":0,"max_hp_gain":0,"max_hp_loss":0,"event_name":"Match and Keep!","floor":4,"gold_loss":0,"cards_obtained":["Detonate_Bones"]},{"damage_healed":0,"gold_gain":0,"player_choice":"Ignored","damage_taken":0,"max_hp_gain":0,"max_hp_loss":0,"event_name":"The Mausoleum","floor":22,"gold_loss":0},{"damage_healed":0,"gold_gain":0,"player_choice":"Read","damage_taken":0,"max_hp_gain":0,"max_hp_loss":0,"event_name":"The Library","floor":24,"gold_loss":0,"cards_obtained":["Spectral_Armor"]},{"damage_healed":0,"gold_gain":0,"player_choice":"Embrace Madness","damage_taken":10,"max_hp_gain":0,"max_hp_loss":0,"event_name":"Winding Halls","floor":36,"gold_loss":0,"cards_obtained":["Madness","Madness"]},{"damage_healed":0,"gold_gain":0,"player_choice":"Ignored","damage_taken":0,"max_hp_gain":0,"max_hp_loss":0,"event_name":"Tomb of Lord Red Mask","floor":37,"gold_loss":0}],"is_beta":false,"boss_relics":[{"not_picked":["Painkiller Herb","Snecko Heart"],"picked":"Astrolabe"},{"not_picked":["Replay:Drink Me","Replay:Bronze Core"],"picked":"Philosopher\u0027s Stone"}],"items_purged_floors":[2,39],"is_endless":false,"potions_floor_spawned":[1,12,13,28,30,33,41,45,46,48],"ascension_level":1}}