{"host":"6h0diz2ap0m56grs","time":1610317739,"event":{"mods":["2.2 Compatiblity","BaseMod","Colored Map","Marisa????????","Minty Spire (QoL Compilation)","Quick Restart","Replay The Spire","Shop Mod","StSLib","The Servant 0.9.4"],"gold_per_floor":[113,132,132,37,53,82,111,111,137,137,171,171,199,224,224,329,329,346,359,299,98,13,46,46,79,79,108,108,136,136,136,136,240,240,252,252,252,453,152,177,209,240,240,272,298,325,325,355,355,355],"floor_reached":51,"playtime":1587,"items_purged":[],"score":1596,"play_id":"2b24695e-db00-458c-b8bb-ed67e1e1b078","local_time":"20210110162859","daily_mods":["SealedDeck","Heirloom","Time Dilation","Flight"],"is_ascension_mode":true,"campfire_choices":[{"data":"Defy","floor":8,"key":"SMITH"},{"data":"Defy","floor":8,"key":"SMITH"},{"data":"Unruled","floor":10,"key":"SMITH"},{"data":"Spin","floor":10,"key":"SMITH"},{"data":"Unruled","floor":15,"key":"SMITH"},{"data":"Spin","floor":15,"key":"SMITH"},{"data":"DoubleEdge","floor":24,"key":"SMITH"},{"data":"TimeTheft","floor":24,"key":"SMITH"},{"data":"MoonPhase","floor":30,"key":"SMITH"},{"data":"MoonPhase","floor":30,"key":"SMITH"},{"data":"SoulSculpture","floor":32,"key":"SMITH"},{"data":"Unruled","floor":32,"key":"SMITH"},{"data":"Pot Of Greed","floor":47,"key":"SMITH"},{"data":"Defy","floor":47,"key":"SMITH"},{"data":"Pot Of Greed","floor":49,"key":"SMITH"},{"data":"Pot Of Greed","floor":49,"key":"SMITH"}],"circlet_count":0,"master_deck":["TimeTheft+1","Hightail","SpecialFormula","BottledTime","Barrier","BottledTime","Spin+1","DoubleEdge+1","DoubleEdge+1","Defy+1","MoonPhase+1","Spin+1","Defy+1","Unruled+1","Unruled+1","LightFlow+1","AbeCurse","Defy","DoubleEdge+1","MoonPhase+1","MoonPhase+1","Unruled+1","SoulSculpture+1","FlawlessForm","Pot Of Greed+1","Pot Of Greed+1","Pot Of Greed+1","Defy+1","MoonPhase+1"],"relics":["Uniform","replay:Trail_Library","Replay:Arrowhead","Blood Vial","Anchor","ReplayTheSpireMod:TigerMarble","ReplayTheSpireMod:Lightbulb","Lantern","Snack Pack","Blue Candle","Abe\u0027s Treasure","Bag of Preparation","Shuriken","Whetstone","ReplayTheSpireMod:Ninjato","Omamori","Replay:Mystery Machine","Nunchaku","Empty Cage","Bag of Marbles","MerchantsRug","Vajra","Gremlin Food","Grinning Jar","Replay:Bottled Snecko","White Beast Statue","Juzu Bracelet","MealTicket","Regal Pillow"],"acts_visited":["Exordium","TheCity","TheBeyond"],"potions_floor_usage":[],"damage_taken":[{"damage":0,"enemies":"2 Louse","floor":1,"turns":2},{"damage":0,"enemies":"Cultist","floor":2,"turns":2},{"damage":0,"enemies":"Jaw Worm","floor":5,"turns":2},{"damage":0,"enemies":"Gremlin Nob","floor":6,"turns":3},{"damage":0,"enemies":"3 Sentries","floor":7,"turns":4},{"damage":0,"enemies":"Gremlin Nob","floor":11,"turns":2},{"damage":0,"enemies":"3 Sentries","floor":13,"turns":2},{"damage":0,"enemies":"Lagavulin","floor":14,"turns":2},{"damage":0,"enemies":"Fading Forest","floor":16,"turns":7},{"damage":0,"enemies":"3 Byrds","floor":18,"turns":2},{"damage":0,"enemies":"Spheric Guardian","floor":19,"turns":2},{"damage":0,"enemies":"Slavers","floor":23,"turns":3},{"damage":0,"enemies":"Book of Stabbing","floor":25,"turns":1},{"damage":0,"enemies":"Gremlin Leader","floor":27,"turns":3},{"damage":0,"enemies":"Book of Stabbing","floor":29,"turns":2},{"damage":18,"enemies":"Automaton","floor":33,"turns":5},{"damage":0,"enemies":"3 Darklings","floor":35,"turns":1},{"damage":0,"enemies":"R_Hoarder","floor":40,"turns":2},{"damage":0,"enemies":"Reptomancer","floor":41,"turns":2},{"damage":0,"enemies":"Nemesis","floor":42,"turns":3},{"damage":0,"enemies":"Giant Head","floor":44,"turns":3},{"damage":0,"enemies":"Reptomancer","floor":45,"turns":2},{"damage":0,"enemies":"R_Hoarder","floor":48,"turns":2},{"damage":0,"enemies":"Awakened One","floor":50,"turns":5}],"seed_played":"-6717039756584071319","potions_obtained":[{"floor":2,"key":"CultistPotion"},{"floor":7,"key":"Dexterity Potion"},{"floor":13,"key":"Adrenaline Potion"}],"is_trial":true,"path_per_floor":["M","M","?","$","M","E","E","R","T","R","E","?","E","E","R","B",null,"M","M","?","$","?","E","R","E","T","E","?","E","R","?","R","B",null,"M","?","?","?","$","E","E","E","T","E","E","T","R","E","R","B",null],"character_chosen":"THE_SERVANT","items_purchased":["Spin","Sabotage","Bag of Preparation","Defy","Bag of Marbles","MerchantsRug"],"campfire_rested":0,"item_purchase_floors":[4,4,21,21,39,39],"current_hp_per_floor":[65,65,65,65,65,65,65,65,65,65,65,65,65,65,65,65,65,65,65,65,65,65,65,65,65,65,65,65,65,65,65,65,54,65,65,65,62,47,47,53,57,62,62,62,62,62,62,62,62,62],"gold":355,"neow_bonus":"","is_daily":false,"chose_seed":false,"campfire_upgraded":16,"win_rate":0.0,"timestamp":1610317739,"path_taken":["M","M","?","?","M","E","E","R","T","R","E","?","E","E","R","BOSS","M","?","?","$","?","E","R","E","T","E","?","E","R","?","R","BOSS","M","?","?","?","$","E","E","E","T","E","E","?","R","E","R","BOSS"],"items_purchased_type":["Card","Card","Relic","Card","Relic","Relic"],"build_version":"2020-12-22","purchased_purges":0,"victory":true,"max_hp_per_floor":[65,65,65,65,65,65,65,65,65,65,65,65,65,65,65,65,65,65,65,65,65,65,65,65,65,65,65,65,65,65,65,65,65,65,65,65,62,62,62,62,62,62,62,62,62,62,62,62,62,62],"card_choices":[{"not_picked":["Barrier","Alleviate"],"picked":"Misdirection","floor":1},{"not_picked":["Collapse","Unruled"],"picked":"MoonPhase","floor":2},{"not_picked":["TimeTheft","Reset","Rewind"],"picked":"SKIP","floor":5},{"not_picked":["Replace","BottledTime","FastForward"],"picked":"SKIP","floor":6},{"not_picked":["BottledTime","Spin"],"picked":"Defy","floor":7},{"not_picked":["Alleviate","Misdirection"],"picked":"Unruled","floor":11},{"not_picked":["Starlight","Replace","BottledTime"],"picked":"SKIP","floor":13},{"not_picked":["Ricochet","Hightail","Shuttle"],"picked":"SKIP","floor":14},{"not_picked":["TrueSight","Deny"],"picked":"LightFlow","floor":16},{"not_picked":["Starlight","Moondial","Spin"],"picked":"SKIP","floor":18},{"not_picked":["Rewind","Alleviate","Ricochet"],"picked":"SKIP","floor":19},{"not_picked":["PendulumOfEternity","ShatteredReality"],"picked":"DoubleEdge+1","floor":23},{"not_picked":["Replace","Ricochet"],"picked":"MoonPhase","floor":25},{"not_picked":["BestPractice","FanOfKnives+1","Ricochet+1"],"picked":"SKIP","floor":27},{"not_picked":["Rewind","Hightail"],"picked":"SoulSculpture","floor":29},{"not_picked":["Replace","Potential","WasteNot"],"picked":"SKIP","floor":35},{"not_picked":["Potential+1","FastForward+1","Snipe+1"],"picked":"SKIP","floor":40},{"not_picked":["Revamp+1","ShatteredReality"],"picked":"FlawlessForm","floor":41},{"not_picked":["DualDimension+1","Gouge","GearUp"],"picked":"SKIP","floor":42},{"not_picked":["Reset+1","Moondial","FanOfKnives+1"],"picked":"SKIP","floor":44},{"not_picked":["Replace","DoubleEdge+1","Sabotage"],"picked":"SKIP","floor":45},{"not_picked":["Starlight","Revamp+1"],"picked":"MoonPhase+1","floor":48}],"player_experience":164174,"relics_obtained":[{"floor":6,"key":"Blood Vial"},{"floor":7,"key":"Anchor"},{"floor":9,"key":"ReplayTheSpireMod:TigerMarble"},{"floor":11,"key":"ReplayTheSpireMod:Lightbulb"},{"floor":12,"key":"Lantern"},{"floor":13,"key":"Snack Pack"},{"floor":14,"key":"Blue Candle"},{"floor":23,"key":"Whetstone"},{"floor":25,"key":"ReplayTheSpireMod:Ninjato"},{"floor":26,"key":"Omamori"},{"floor":27,"key":"Replay:Mystery Machine"},{"floor":29,"key":"Nunchaku"},{"floor":40,"key":"Vajra"},{"floor":41,"key":"Gremlin Food"},{"floor":42,"key":"Grinning Jar"},{"floor":43,"key":"Replay:Bottled Snecko"},{"floor":44,"key":"White Beast Statue"},{"floor":45,"key":"Juzu Bracelet"},{"floor":46,"key":"MealTicket"},{"floor":48,"key":"Regal Pillow"}],"event_choices":[{"damage_healed":0,"gold_gain":0,"player_choice":"Upgraded","damage_taken":0,"max_hp_gain":0,"max_hp_loss":0,"event_name":"Upgrade Shrine","floor":3,"gold_loss":0,"cards_upgraded":["MoonPhase"]},{"damage_healed":0,"gold_gain":0,"player_choice":"Relic","damage_taken":0,"max_hp_gain":0,"max_hp_loss":0,"event_name":"Wheel of Change","floor":12,"gold_loss":0},{"damage_healed":0,"gold_gain":0,"player_choice":"Obtained Relic","damage_taken":0,"relics_obtained":["Shuriken"],"max_hp_gain":0,"max_hp_loss":0,"event_name":"Addict","floor":22,"gold_loss":85},{"damage_healed":0,"gold_gain":0,"player_choice":"Read","damage_taken":0,"max_hp_gain":0,"max_hp_loss":0,"event_name":"The Library","floor":28,"gold_loss":0,"cards_obtained":["Unruled"]},{"damage_healed":0,"gold_gain":0,"player_choice":"Ignored","damage_taken":0,"max_hp_gain":0,"max_hp_loss":0,"event_name":"The Mausoleum","floor":31,"gold_loss":0},{"damage_healed":0,"gold_gain":0,"player_choice":"Max HP","damage_taken":0,"max_hp_gain":0,"max_hp_loss":3,"event_name":"Winding Halls","floor":37,"gold_loss":0}],"is_beta":false,"boss_relics":[{"not_picked":["Painkiller Herb","Calling Bell"],"picked":"Abe\u0027s Treasure"},{"not_picked":["Snecko Heart","StoneMask"],"picked":"Empty Cage"}],"items_purged_floors":[],"is_endless":false,"potions_floor_spawned":[2,7,13,16,18,23,25,27,33,40,42,45,48],"ascension_level":1}}