{"host":"wha9hktbkslqvblg","time":1610277021,"event":{"mods":["BaseMod","Colored Map","Minty Spire (QoL Compilation)","Relic Stats","SuperFastMode","everything is the same but u backflip on backflip"],"gold_per_floor":[111,129,129,26,26,26,61,61,61,73,23,43,43,60,60,60,60],"floor_reached":16,"playtime":298,"items_purged":["Strike_B"],"score":250,"play_id":"2dfd3b13-4a07-4cd2-b2e4-3d673692756d","local_time":"20210110201021","is_ascension_mode":true,"campfire_choices":[{"data":"Doom and Gloom","floor":6,"key":"SMITH"},{"data":"Dualcast","floor":8,"key":"SMITH"},{"data":"Sweeping Beam","floor":15,"key":"SMITH"}],"circlet_count":0,"master_deck":["AscendersBane","Strike_B","Strike_B","Defend_B","Defend_B","Defend_B","Defend_B","Zap","Dualcast+1","Sweeping Beam+1","Doom and Gloom+1","Scrape","Hologram","Cold Snap","Compile Driver","Chill"],"relics":["Cracked Core","NeowsBlessing","Blood Vial"],"acts_visited":["Exordium"],"potions_floor_usage":[],"damage_taken":[{"damage":0,"enemies":"2 Louse","floor":1,"turns":1},{"damage":0,"enemies":"Cultist","floor":2,"turns":1},{"damage":0,"enemies":"Lagavulin","floor":7,"turns":1},{"damage":0,"enemies":"Jaw Worm","floor":10,"turns":2},{"damage":20,"enemies":"Large Slime","floor":12,"turns":5},{"damage":13,"enemies":"Exordium Thugs","floor":14,"turns":4},{"damage":34,"enemies":"Slime Boss","floor":16,"turns":6}],"seed_played":"-319288598010733927","potions_obtained":[{"floor":1,"key":"Weak Potion"}],"is_trial":false,"path_per_floor":["M","M","?","$","$","R","E","R","T","M","$","M","?","M","R","B"],"character_chosen":"DEFECT","items_purchased":["Hologram","Compile Driver"],"campfire_rested":0,"item_purchase_floors":[4,11],"current_hp_per_floor":[64,64,64,64,64,64,64,64,64,66,66,48,48,37,37,5,5],"gold":60,"neow_bonus":"THREE_ENEMY_KILL","is_daily":false,"chose_seed":false,"campfire_upgraded":3,"win_rate":0.0,"timestamp":1610277021,"path_taken":["M","M","?","?","$","R","E","R","T","?","$","M","?","M","R","BOSS"],"items_purchased_type":["Card","Card"],"build_version":"2020-12-22","purchased_purges":1,"victory":false,"max_hp_per_floor":[71,71,71,71,71,71,71,71,71,71,71,71,71,71,71,71,71],"relic_stats":{"Blood Vial":8,"counters":[7,20],"obtain_stats":[{"Blood Vial":7,"NeowsBlessing":0,"Cracked Core":0},{"Blood Vial":3,"NeowsBlessing":0,"Cracked Core":0},{"Blood Vial":3,"NeowsBlessing":0,"Cracked Core":0}]},"card_choices":[{"not_picked":["Loop","Conserve Battery"],"picked":"Sweeping Beam","floor":1},{"not_picked":["Go for the Eyes","Beam Cell"],"picked":"Doom and Gloom","floor":2},{"not_picked":["Redo","Leap"],"picked":"Cold Snap","floor":7},{"not_picked":["Gash","White Noise","Leap"],"picked":"SKIP","floor":10},{"not_picked":["Conserve Battery","Hologram"],"picked":"Chill","floor":12},{"not_picked":["Double Energy","Steam Power","Blizzard"],"picked":"SKIP","floor":14}],"player_experience":952426,"relics_obtained":[{"floor":7,"key":"Blood Vial"}],"event_choices":[{"damage_healed":0,"gold_gain":0,"cards_transformed":["Strike_B"],"player_choice":"Transformed","damage_taken":0,"max_hp_gain":0,"max_hp_loss":0,"event_name":"Transmorgrifier","floor":3,"gold_loss":0,"cards_obtained":["Scrape"]},{"damage_healed":0,"gold_gain":0,"player_choice":"0 cards matched","damage_taken":0,"max_hp_gain":0,"max_hp_loss":0,"event_name":"Match and Keep!","floor":13,"gold_loss":0,"cards_obtained":[]}],"is_beta":false,"boss_relics":[],"items_purged_floors":[4],"is_endless":false,"potions_floor_spawned":[1],"killed_by":"Slime Boss","ascension_level":20}}