{"host":"3lu18h28pc0a6dwf","time":1610307770,"event":{"mods":["2.2 Compatiblity","Act Like it!","BaseMod","Colored Map","Downfall","Jorbs\u0027s Wanderer Trilogy","Melee Mod","Minty Spire (QoL Compilation)","Rare Cards Sparkle","Replay The Spire","StSLib","The Cursed","Treasure Hunter"],"gold_per_floor":[99,99,99,99,99,112,180,105,105,117,150,160,160,175,195,195,195],"floor_reached":16,"playtime":946,"items_purged":[],"score":100,"play_id":"cf14ef1c-2fc2-4385-b6cf-ebdf8f3ad4ef","local_time":"20210110144250","is_ascension_mode":false,"campfire_choices":[{"floor":1,"key":"RECALL"},{"data":"sneckomod:SerpentIdol","floor":8,"key":"SMITH"},{"floor":13,"key":"REST"}],"circlet_count":0,"master_deck":["sneckomod:Strike","sneckomod:Strike","sneckomod:Strike","sneckomod:Defend","sneckomod:Defend","sneckomod:TailWhip","sneckomod:SnekBite","sneckomod:Unknown","sneckomod:Unknown","sneckomod:SerpentIdol+1","sneckomod:CheapStock+1","sneckomod:ImprovisedGuard","sneckomod:UnknownClassWANDERER_GRAY_COLOR","sneckomod:SoulExchange","sneckomod:UnknownEthereal","sneckomod:SoulCleanse","sneckomod:UnknownRarePower"],"relics":["sneckomod:SneckoSoul","downfall:HeartsMalice","Iron Hammer","downfall:HeartBlessingRed","PreservedInsect","Prayer Wheel","Prayer Wheel"],"acts_visited":["Exordium"],"potions_floor_usage":[11,15,16],"damage_taken":[{"damage":0,"enemies":"Cultist","floor":2,"turns":1},{"damage":0,"enemies":"Jaw Worm","floor":3,"turns":1},{"damage":0,"enemies":"2 Louse","floor":4,"turns":1},{"damage":23,"enemies":"Lots of Slimes","floor":6,"turns":4},{"damage":16,"enemies":"Exordium Thugs","floor":10,"turns":4},{"damage":35,"enemies":"Gremlin Nob","floor":11,"turns":5},{"damage":8,"enemies":"2 Fungi Beasts","floor":12,"turns":3},{"damage":8,"enemies":"Large Slime","floor":14,"turns":5},{"damage":15,"enemies":"Exordium Thugs","floor":15,"turns":5},{"damage":17,"enemies":"downfall:Defect","floor":16,"turns":4}],"seed_played":"-4926701089856290772","potions_obtained":[{"floor":6,"key":"PowerPotion"},{"floor":11,"key":"FearPotion"},{"floor":12,"key":"champ:CounterPotion"},{"floor":15,"key":"Dexterity Potion"}],"is_trial":false,"path_per_floor":["R","M","M","M","?","M","T","R","?","M","E","M","R","M","M","B"],"character_chosen":"THE_SNECKO","items_purchased":[],"campfire_rested":1,"item_purchase_floors":[],"current_hp_per_floor":[90,90,90,90,90,68,68,68,68,52,17,9,36,29,15,0,0],"gold":195,"neow_bonus":"THREE_ENEMY_KILL","is_daily":false,"chose_seed":false,"campfire_upgraded":1,"win_rate":0.0,"timestamp":1610307770,"path_taken":["R","M","M","M","?","?","T","R","?","M","E","?","R","M","M","BOSS"],"items_purchased_type":[],"build_version":"2020-12-22","purchased_purges":0,"victory":false,"max_hp_per_floor":[90,90,90,90,90,91,91,91,91,91,91,91,91,92,93,93,93],"card_choices":[{"not_picked":["sneckomod:UnknownEthereal","sneckomod:WideSting"],"picked":"sneckomod:SerpentIdol","floor":2},{"not_picked":["sneckomod:UnknownClassGREEN","sneckomod:UnknownCommonSkill"],"picked":"sneckomod:CheapStock","floor":3},{"not_picked":["sneckomod:UnknownCommonSkill","sneckomod:UnknownStrike"],"picked":"sneckomod:ImprovisedGuard","floor":4},{"not_picked":["sneckomod:QuickBite","sneckomod:DiceCrush"],"picked":"sneckomod:UnknownClassWANDERER_GRAY_COLOR","floor":6},{"not_picked":["TH:PixieDust","TH:Mimic"],"picked":"SKIP","floor":7},{"not_picked":["sneckomod:UnknownClassBLUE","sneckomod:DiceBlock","sneckomod:Unknown2Cost"],"picked":"SKIP","floor":10},{"not_picked":["TH:DeckOfManyThings","TH:ElvenBoots"],"picked":"SKIP","floor":11},{"not_picked":["sneckomod:DefensiveFlair","sneckomod:UnknownClassPURPLE","sneckomod:UnknownClassBLUE"],"picked":"SKIP","floor":11},{"not_picked":["sneckomod:UnknownStrike","sneckomod:UnknownCommonSkill","sneckomod:DiceBlock"],"picked":"SKIP","floor":12},{"not_picked":["sneckomod:MasterEye","sneckomod:SlitherStrike"],"picked":"sneckomod:UnknownEthereal","floor":14},{"not_picked":["sneckomod:UnknownCommonSkill","sneckomod:SoulRoll","sneckomod:SnekBeam"],"picked":"SKIP","floor":14},{"not_picked":["sneckomod:UnknownStrike","sneckomod:IronFang"],"picked":"sneckomod:SoulCleanse","floor":15},{"not_picked":["sneckomod:UnknownCommonAttack","sneckomod:SnakeSap"],"picked":"sneckomod:UnknownRarePower","floor":15},{"not_picked":["sneckomod:WideSting","sneckomod:UnknownCommonAttack","sneckomod:UnknownClassWANDERER_GRAY_COLOR"],"picked":"SKIP","floor":15}],"player_experience":234157,"relics_obtained":[{"floor":7,"key":"Iron Hammer"},{"floor":11,"key":"PreservedInsect"}],"event_choices":[{"damage_healed":0,"gold_gain":0,"player_choice":"Upgraded","damage_taken":0,"max_hp_gain":0,"max_hp_loss":0,"event_name":"Upgrade Shrine","floor":5,"gold_loss":0,"cards_upgraded":["sneckomod:CheapStock"]},{"damage_healed":0,"gold_gain":0,"cards_transformed":["sneckomod:Defend"],"player_choice":"Transformed","damage_taken":0,"max_hp_gain":0,"max_hp_loss":0,"event_name":"Transmorgrifier","floor":9,"gold_loss":0,"cards_obtained":["sneckomod:SoulExchange"]}],"is_beta":false,"boss_relics":[],"items_purged_floors":[],"is_endless":false,"potions_floor_spawned":[6,11,12,15],"killed_by":"downfall:Defect","ascension_level":0}}