{"host":"j4g6ia6asvpyu2b0","time":1610290688,"event":{"mods":["BaseMod","Colored Map","Minty Spire (QoL Compilation)","Permanent Neow","Quick Restart","Relic Stats","StSLib","Unceasing Turn Reminder"],"gold_per_floor":[118,138,138,154,131,131,162,162,187,218,218,248,248,276,276,373,373,385,397,45,59,78,78,90,123,123,123,123,123],"floor_reached":28,"playtime":1214,"items_purged":["Strike_G"],"score":386,"play_id":"1393a56b-bb59-4de9-a6d4-fcc3cfda34a0","local_time":"20210110075808","is_ascension_mode":true,"campfire_choices":[{"data":"Glass Knife","floor":6.0,"key":"SMITH"},{"floor":11,"key":"REST"},{"data":"Glass Knife","floor":13,"key":"SMITH"},{"data":"Well Laid Plans","floor":15,"key":"SMITH"},{"data":"Adrenaline","floor":23,"key":"SMITH"}],"circlet_count":0,"master_deck":["Strike_G+1","Strike_G+1","Strike_G+1","Defend_G+1","Defend_G+1","Defend_G+1","Defend_G+1","Defend_G+1","Survivor","Neutralize","Glass Knife+1","Flying Knee","Well Laid Plans+1","Neutralize","Outmaneuver","Escape Plan","Quick Slash","Glass Knife+1","Predator","Blade Dance","Masterful Stab","Adrenaline+1","Noxious Fumes+1","Dodge and Roll","Dagger Spray","Poisoned Stab+1","Blade Dance","Doppelganger","Footwork+1","Pain"],"relics":["Ring of the Snake","Regal Pillow","Centennial Puzzle","Tiny Chest","Pantograph","Frozen Egg 2","Cursed Key","Eternal Feather","Toxic Egg 2","Bird Faced Urn"],"acts_visited":["Exordium","TheCity"],"potions_floor_usage":[19,21,25,28],"damage_taken":[{"damage":2.0,"enemies":"Small Slimes","floor":1.0,"turns":5.0},{"damage":0.0,"enemies":"Cultist","floor":2.0,"turns":3.0},{"damage":1.0,"enemies":"Jaw Worm","floor":4.0,"turns":2.0},{"damage":24,"enemies":"Gremlin Nob","floor":7,"turns":4},{"damage":17,"enemies":"3 Sentries","floor":10,"turns":6},{"damage":4,"enemies":"Lagavulin","floor":12,"turns":6},{"damage":9,"enemies":"3 Sentries","floor":14,"turns":5},{"damage":37,"enemies":"The Guardian","floor":16,"turns":11},{"damage":0,"enemies":"Chosen","floor":18,"turns":4},{"damage":2,"enemies":"3 Byrds","floor":19,"turns":3},{"damage":21,"enemies":"Snake Plant","floor":21,"turns":4},{"damage":7,"enemies":"3 Cultists","floor":22,"turns":4},{"damage":7,"enemies":"Chosen and Byrds","floor":24,"turns":3},{"damage":24,"enemies":"Book of Stabbing","floor":25,"turns":5},{"damage":14,"enemies":"Gremlin Leader","floor":28,"turns":2}],"seed_played":"4096014509375714385","potions_obtained":[{"floor":7,"key":"PowerPotion"},{"floor":10,"key":"LiquidBronze"},{"floor":12,"key":"SkillPotion"},{"floor":22,"key":"Dexterity Potion"},{"floor":24,"key":"BlessingOfTheForge"}],"is_trial":false,"path_per_floor":["M","M","?","M","$","R","E","?","T","E","R","E","R","E","R","B",null,"M","M","$","M","M","R","M","E","T","?","E"],"character_chosen":"THE_SILENT","items_purchased":["Quick Slash","Eternal Feather","Dagger Spray"],"campfire_rested":1,"item_purchase_floors":[5,20,20],"current_hp_per_floor":[61,61,61,60,60,60,36,29,29,12,45,41,41,32,32,20,52,52,50,50,29,22,37,30,6,6,6,0,0],"gold":123,"neow_bonus":"THREE_RARE_CARDS","is_daily":false,"chose_seed":false,"campfire_upgraded":4,"win_rate":0.0,"timestamp":1610290688,"path_taken":["M","M","?","M","?","R","E","?","T","E","R","E","R","E","R","BOSS","M","M","$","M","M","R","M","E","T","?","E"],"items_purchased_type":["Card","Relic","Card"],"build_version":"2020-12-22","purchased_purges":1,"victory":false,"max_hp_per_floor":[63,63,63,63,63,63,63,63,63,63,63,63,63,63,63,63,63,63,63,63,63,63,63,63,63,63,63,63,63],"relic_stats":{"Regal Pillow":15,"Centennial Puzzle":[30],"counters":[15,67],"Pantograph":25,"Bird Faced Urn":[4],"Tiny Chest":0,"Eternal Feather":15,"Cursed Key":1,"obtain_stats":[{"Regal Pillow":7,"Centennial Puzzle":9,"Pantograph":12,"Bird Faced Urn":26,"Tiny Chest":10,"Eternal Feather":20,"Frozen Egg 2":14,"Toxic Egg 2":25,"Cursed Key":17,"Ring of the Snake":0},{"Regal Pillow":4,"Centennial Puzzle":4,"Pantograph":6,"Bird Faced Urn":14,"Tiny Chest":5,"Eternal Feather":10,"Frozen Egg 2":7,"Toxic Egg 2":14,"Cursed Key":8,"Ring of the Snake":0},{"Regal Pillow":14,"Centennial Puzzle":14,"Pantograph":26,"Bird Faced Urn":65,"Tiny Chest":20,"Eternal Feather":49,"Frozen Egg 2":31,"Toxic Egg 2":65,"Cursed Key":42,"Ring of the Snake":0}],"Ring of the Snake":[30]},"card_choices":[{"not_picked":["Envenom","Venomology"],"picked":"Glass Knife","floor":0.0},{"not_picked":["Backflip","Dodge and Roll"],"picked":"Flying Knee","floor":1.0},{"not_picked":["Deadly Poison","Underhanded Strike"],"picked":"Well Laid Plans","floor":2.0},{"not_picked":["Underhanded Strike","Deflect"],"picked":"Escape Plan","floor":4.0},{"not_picked":["Acrobatics","Underhanded Strike"],"picked":"Glass Knife","floor":7},{"not_picked":["Eviscerate","Bane"],"picked":"Predator","floor":10},{"not_picked":["Dagger Throw","Underhanded Strike"],"picked":"Blade Dance","floor":12},{"not_picked":["Prepared","Slice"],"picked":"Masterful Stab","floor":14},{"not_picked":["Night Terror","Malaise"],"picked":"Adrenaline","floor":16},{"not_picked":["Blade Dance+1","Finisher"],"picked":"Noxious Fumes+1","floor":18},{"not_picked":["Outmaneuver","Bane+1"],"picked":"Dodge and Roll","floor":19},{"not_picked":["Sucker Punch","Catalyst+1"],"picked":"Poisoned Stab+1","floor":21},{"not_picked":["Prepared+1","Endless Agony"],"picked":"Blade Dance","floor":22},{"not_picked":["Accuracy+1","Bane"],"picked":"Doppelganger","floor":24},{"not_picked":["Slice","Bouncing Flask+1"],"picked":"Footwork+1","floor":25}],"player_experience":784302,"relics_obtained":[{"floor":7,"key":"Regal Pillow"},{"floor":9,"key":"Centennial Puzzle"},{"floor":10,"key":"Tiny Chest"},{"floor":12,"key":"Pantograph"},{"floor":14,"key":"Frozen Egg 2"},{"floor":25,"key":"Toxic Egg 2"},{"floor":26,"key":"Bird Faced Urn"}],"event_choices":[{"damage_healed":0.0,"max_hp_gain":0.0,"max_hp_loss":0.0,"gold_gain":0.0,"event_name":"Match and Keep!","player_choice":"2 cards matched","floor":3.0,"gold_loss":0.0,"damage_taken":0.0,"cards_obtained":["Neutralize","Outmaneuver"]},{"damage_healed":0.0,"max_hp_gain":0.0,"max_hp_loss":0.0,"gold_gain":0.0,"event_name":"Match and Keep!","player_choice":"2 cards matched","floor":3.0,"gold_loss":0.0,"damage_taken":0.0,"cards_obtained":["Neutralize","Outmaneuver"]},{"cards_removed":["Strike_G"],"damage_healed":0,"gold_gain":0,"player_choice":"Card Removal","damage_taken":7,"max_hp_gain":0,"max_hp_loss":0,"event_name":"Golden Wing","floor":8,"gold_loss":0},{"damage_healed":0,"gold_gain":0,"player_choice":"Simplicity","damage_taken":0,"max_hp_gain":0,"max_hp_loss":0,"event_name":"Back to Basics","floor":27,"gold_loss":0,"cards_upgraded":["Strike_G","Strike_G","Strike_G","Defend_G","Defend_G","Defend_G","Defend_G","Defend_G"]}],"is_beta":false,"boss_relics":[{"not_picked":["Busted Crown","Ectoplasm"],"picked":"Cursed Key"}],"items_purged_floors":[20],"is_endless":false,"potions_floor_spawned":[7,10,12,16,22,24],"killed_by":"Gremlin Leader","ascension_level":9}}