{"host":"hn99riirbf0lv0ml","time":1610307306,"event":{"mods":["AchievementEnabler","Act Like it!","Bard","BaseMod","Beaked The Cultist","Colored Map","Colored Powertips","Conspire","Downfall","Duelist Mod","Friendly Minions","Gensokyo","GifTheSpireLib","Glutton Mod","Halation","Jorbs\u0027s Wanderer Trilogy","Mad Scientist","Marisa????????","Minty Spire (QoL Compilation)","Rare Cards Sparkle","Replay The Spire","StSLib","The Blackbeard","The Bug Knight","The Construct","The Cursed","The Disciple","The Mystic","The Runesmith","The Servant 0.9.4","The Witch"],"gold_per_floor":[109,109,120,35,45,75,75,86,86,86,86,86,86,86,11,37,37,134,134,154,154,171,191,204,204,204,204,230,230,230,242,142,160,160,160,160],"floor_reached":35,"playtime":5387,"items_purged":["Defend_B","Strike_B"],"score":265,"play_id":"422cdcdf-0adc-4165-8c1f-8371b6809a74","local_time":"20210110143506","is_ascension_mode":false,"campfire_choices":[{"floor":7.0,"key":"REST"},{"data":"Aggregate","floor":10.0,"key":"SMITH"},{"floor":17.0,"key":"REST"},{"data":"expansioncontent:PrepareCrush","floor":25.0,"key":"SMITH"},{"data":"Rainbow","floor":27.0,"key":"SMITH"},{"data":"Turbo","floor":29.0,"key":"SMITH"},{"floor":34.0,"key":"REST"}],"circlet_count":0,"master_deck":["Strike_B","Strike_B","Strike_B","Defend_B+1","Defend_B","Defend_B","expansioncontent:PrepareCrush+1","Undo+1","Vigilance","Eruption","conspire:SharedLibrary","expansioncontent:TimeRipple","Turbo+1","Sweeping Beam","Aggregate+1","Hologram","Rainbow+1","Stack","Melter","Sweeping Beam","Skim","RitualDagger","Conserve Battery","Turbo"],"relics":["Cracked Core","Replay:Baseball","halation:KoshaPiece","HornCleat","Divine Protection","conspire:SpecialSausage"],"acts_visited":["Exordium","TheCity"],"potions_floor_usage":[],"damage_taken":[{"damage":0.0,"enemies":"Jaw Worm","floor":1.0,"turns":2.0},{"damage":4.0,"enemies":"conspire:RoseBush","floor":3.0,"turns":2.0},{"damage":0.0,"enemies":"2 Louse","floor":5.0,"turns":1.0},{"damage":28.0,"enemies":"Lagavulin","floor":6.0,"turns":5.0},{"damage":0.0,"enemies":"Blue Slaver","floor":8.0,"turns":3.0},{"damage":22.0,"enemies":"HollowMod:MossKnight","floor":16.0,"turns":9.0},{"damage":48.0,"enemies":"Hexaghost","floor":18.0,"turns":13.0},{"damage":0.0,"enemies":"Spheric Guardian","floor":20.0,"turns":5.0},{"damage":0.0,"enemies":"Chosen","floor":22.0,"turns":6.0},{"damage":0.0,"enemies":"Sentry and Sphere","floor":23.0,"turns":4.0},{"damage":19.0,"enemies":"Snecko","floor":24.0,"turns":4.0},{"damage":0.0,"enemies":"Snake Plant","floor":31.0,"turns":5.0},{"damage":8.0,"enemies":"Centurion and Healer","floor":33.0,"turns":4.0},{"damage":82,"enemies":"Champ","floor":35,"turns":7}],"seed_played":"7280127336190383189","potions_obtained":[{"floor":1.0,"key":"hexamod:EctoCoolerPotion"},{"floor":3.0,"key":"Energy Potion"},{"floor":20.0,"key":"Fire Potion"},{"floor":24.0,"key":"Energy Potion"}],"is_trial":false,"path_per_floor":["M","?","M","$","M","E","R","M","T","R","PTL","PTL","T","?","$","E","R_BF","B",null,"M","?","M","M","M","R","?","R","T","R","?","M","$","M","R","B"],"character_chosen":"DEFECT","items_purchased":["expansioncontent:TimeRipple"],"campfire_rested":3,"item_purchase_floors":[4],"current_hp_per_floor":[75,75,71,71,71,43,65,65,65,65,65,65,65,50,50,28,50,2,75,75,75,75,75,56,56,50,50,50,50,50,50,50,42,64,0,0],"gold":160,"neow_bonus":"RANDOM_COLORLESS","is_daily":false,"chose_seed":false,"campfire_upgraded":4,"win_rate":0.0,"timestamp":1610307306,"path_taken":["M","?","M","$","M","E","R","M","T","R","PTL","PTL","?","?","?","E","R_BF","BOSS","M","?","M","M","M","R","?","R","T","R","?","M","?","M","R","BOSS"],"items_purchased_type":["Card"],"build_version":"2020-12-22","purchased_purges":2,"victory":false,"max_hp_per_floor":[75,75,75,75,75,75,75,75,75,75,75,75,75,75,75,75,75,75,75,75,75,75,75,75,75,75,75,75,75,75,75,75,75,75,75,75],"card_choices":[{"not_picked":["Survey Options","Trip"],"picked":"expansioncontent:PrepareCrush","floor":0.0},{"not_picked":["Compile Driver","Ball Lightning"],"picked":"Undo","floor":1.0},{"not_picked":["Reprogram","Rebound"],"picked":"conspire:SharedLibrary","floor":3.0},{"not_picked":["Go for the Eyes","Reinforced Body"],"picked":"Turbo","floor":5.0},{"not_picked":["Self Repair","Redo"],"picked":"Sweeping Beam","floor":6.0},{"not_picked":["Scrape","Leap"],"picked":"Aggregate","floor":8.0},{"not_picked":["All For One","Sweeping Beam"],"picked":"Hologram","floor":16.0},{"not_picked":["Multi-Cast","ReplayTheSpireMod:Omega Cannon"],"picked":"Rainbow","floor":18.0},{"not_picked":["Reprogram+1","Gash"],"picked":"Stack","floor":20.0},{"not_picked":["ReplayTheSpireMod:Dual Polarity","Redo"],"picked":"Melter","floor":22.0},{"not_picked":["Rebound","Time Bomb"],"picked":"Sweeping Beam","floor":23.0},{"not_picked":["Steam Power","Barrage"],"picked":"Skim","floor":24.0},{"not_picked":["Coolheaded","Rebound"],"picked":"Conserve Battery","floor":31.0},{"not_picked":["FIFO Queue","Double Energy+1"],"picked":"Turbo","floor":33.0}],"player_experience":124386,"relics_obtained":[{"floor":6.0,"key":"Replay:Baseball"},{"floor":9.0,"key":"halation:KoshaPiece"},{"floor":13.0,"key":"HornCleat"},{"floor":16.0,"key":"Divine Protection"}],"event_choices":[{"damage_healed":0.0,"max_hp_gain":0.0,"max_hp_loss":0.0,"gold_gain":0.0,"event_name":"Shining Light","player_choice":"Entered Light","floor":14.0,"gold_loss":0.0,"damage_taken":15.0,"cards_upgraded":["Undo","Defend_B"]},{"damage_healed":0.0,"max_hp_gain":0.0,"max_hp_loss":0.0,"gold_gain":0.0,"event_name":"Nest","player_choice":"Joined the Cult","floor":26.0,"gold_loss":0.0,"damage_taken":6.0,"cards_obtained":["RitualDagger"]},{"damage_healed":0.0,"max_hp_gain":0.0,"max_hp_loss":0.0,"gold_gain":0.0,"event_name":"conspire:Investor","player_choice":"Leave","floor":30.0,"gold_loss":0.0,"damage_taken":0.0}],"is_beta":false,"boss_relics":[{"not_picked":["Black Star","Tiny House"],"picked":"conspire:SpecialSausage"}],"items_purged_floors":[15,32],"is_endless":false,"potions_floor_spawned":[1,3,20,24],"killed_by":"Champ","ascension_level":0}}