{"host":"1yib4t3blvbtzkw7","time":1610294385,"event":{"mods":["2.2 Compatiblity","AchievementEnabler","BaseMod","Colored Map","DeckTracker","Highlight Path","Minty Spire (QoL Compilation)","Random Character Button","Rare Cards Sparkle"],"gold_per_floor":[111,61,61,78,91,118,118,20,73,84,84,124,124,140,140,259,259,280,295,316,331,256,256,355,355,355,355,410,443,133,147,147,147,147],"floor_reached":33,"playtime":1171,"items_purged":[],"score":275,"play_id":"6c0ca8da-0622-44a3-b26c-d4a0b05c827f","local_time":"20210110165945","is_ascension_mode":false,"campfire_choices":[{"floor":7.0,"key":"RECALL"},{"floor":13.0,"key":"REST"},{"floor":15.0,"key":"REST"},{"floor":23,"key":"REST"},{"floor":25,"key":"REST"},{"data":"Barricade","floor":27,"key":"SMITH"},{"floor":32,"key":"REST"}],"circlet_count":0,"master_deck":["Strike_R","Strike_R","Strike_R","Defend_R+1","Defend_R","Defend_R","Defend_R+1","Bash","Cleave","Cleave","Twin Strike","Feel No Pain","Rage","Panacea","Wild Strike","Burning Pact","Burning Pact","Barricade+1","True Grit","Intimidate","Feel No Pain+1","Fire Breathing+1","Havoc","Seeing Red+1"],"relics":["Burning Blood","Bronze Scales","War Paint","Golden Idol","Paper Frog","Runic Cube","Happy Flower","PreservedInsect","Incense Burner","Peace Pipe"],"acts_visited":["Exordium","TheCity"],"potions_floor_usage":[21],"damage_taken":[{"damage":1.0,"enemies":"Jaw Worm","floor":1.0,"turns":3.0},{"damage":2.0,"enemies":"Small Slimes","floor":4.0,"turns":2.0},{"damage":0.0,"enemies":"Cultist","floor":5.0,"turns":2.0},{"damage":39.0,"enemies":"3 Sentries","floor":6.0,"turns":7.0},{"damage":3.0,"enemies":"Blue Slaver","floor":10.0,"turns":3.0},{"damage":25.0,"enemies":"Lagavulin","floor":12.0,"turns":5.0},{"damage":2.0,"enemies":"2 Fungi Beasts","floor":14.0,"turns":2.0},{"damage":56.0,"enemies":"Hexaghost","floor":16.0,"turns":12.0},{"damage":23.0,"enemies":"Chosen","floor":18.0,"turns":5.0},{"damage":23.0,"enemies":"2 Thieves","floor":19.0,"turns":5.0},{"damage":22.0,"enemies":"Snecko","floor":20.0,"turns":11.0},{"damage":25,"enemies":"3 Cultists","floor":21,"turns":7},{"damage":27,"enemies":"Book of Stabbing","floor":29,"turns":5},{"damage":6,"enemies":"Centurion and Healer","floor":31,"turns":8},{"damage":72,"enemies":"Automaton","floor":33,"turns":12}],"seed_played":"-1320352804476511847","potions_obtained":[{"floor":5.0,"key":"Strength Potion"},{"floor":6.0,"key":"BlessingOfTheForge"},{"floor":14.0,"key":"ColorlessPotion"},{"floor":16.0,"key":"GamblersBrew"},{"floor":19.0,"key":"DuplicationPotion"},{"floor":21,"key":"Regen Potion"},{"floor":31,"key":"DuplicationPotion"}],"is_trial":false,"path_per_floor":["M","?","?","M","M","E","R","$","T","M","?","E","R","M","R","B",null,"M","M","M","M","?","R","?","R","T","R","T","E","$","M","R","B"],"character_chosen":"IRONCLAD","items_purchased":["Panacea","Peace Pipe"],"campfire_rested":5,"item_purchase_floors":[8,30],"current_hp_per_floor":[80,80,80,80,80,47,47,47,47,50,30,11,35,39,63,13,80,63,46,30,11,11,35,35,59,59,59,59,38,38,38,62,0,0],"gold":147,"neow_bonus":"TRANSFORM_CARD","is_daily":false,"chose_seed":false,"campfire_upgraded":1,"win_rate":0.0,"timestamp":1610294385,"path_taken":["M","?","?","M","M","E","R","?","T","?","?","E","R","M","R","BOSS","M","M","M","M","?","R","?","R","T","R","?","E","$","M","R","BOSS"],"items_purchased_type":["Card","Relic"],"build_version":"2020-12-22","purchased_purges":0,"victory":false,"max_hp_per_floor":[80,80,80,80,80,80,80,80,80,80,80,80,80,80,80,80,80,80,80,80,80,80,80,80,80,80,80,80,80,80,80,80,80,80],"card_choices":[{"not_picked":["Clothesline","Sentinel"],"picked":"Cleave","floor":1.0},{"not_picked":["Second Wind","Headbutt"],"picked":"Twin Strike","floor":4.0},{"not_picked":["Bloodletting","Heavy Blade"],"picked":"Feel No Pain","floor":5.0},{"not_picked":["Armaments","Thunderclap"],"picked":"Rage","floor":6.0},{"not_picked":["Headbutt","Bludgeon"],"picked":"Wild Strike","floor":10.0},{"not_picked":["Pommel Strike","Perfected Strike"],"picked":"Burning Pact","floor":12.0},{"not_picked":["Wild Strike","Body Slam"],"picked":"Burning Pact","floor":14.0},{"not_picked":["Bludgeon","Feed"],"picked":"Barricade","floor":16.0},{"not_picked":["Twin Strike+1","Heavy Blade"],"picked":"True Grit","floor":18.0},{"not_picked":["Perfected Strike+1","Entrench"],"picked":"Intimidate","floor":19.0},{"not_picked":["Infernal Blade","Hemokinesis"],"picked":"Feel No Pain+1","floor":20.0},{"not_picked":["Headbutt+1","Warcry+1"],"picked":"Fire Breathing+1","floor":21},{"not_picked":["Flex","Heavy Blade"],"picked":"Havoc","floor":29},{"not_picked":["Armaments","Iron Wave"],"picked":"Seeing Red+1","floor":31}],"player_experience":761507,"relics_obtained":[{"floor":6.0,"key":"War Paint"},{"floor":12.0,"key":"Paper Frog"},{"floor":26,"key":"Happy Flower"},{"floor":28,"key":"PreservedInsect"},{"floor":29,"key":"Incense Burner"}],"event_choices":[{"cards_removed":["Strike_R"],"damage_healed":0.0,"max_hp_gain":0.0,"max_hp_loss":0.0,"gold_gain":0.0,"event_name":"The Cleric","player_choice":"Card Removal","floor":2.0,"gold_loss":50.0,"damage_taken":0.0},{"damage_healed":0.0,"max_hp_gain":0.0,"max_hp_loss":0.0,"gold_gain":0.0,"event_name":"Big Fish","player_choice":"Box","floor":3.0,"gold_loss":0.0,"damage_taken":0.0,"relics_obtained":["Bronze Scales"],"cards_obtained":["Regret"]},{"damage_healed":0.0,"max_hp_gain":0.0,"max_hp_loss":0.0,"gold_gain":0.0,"event_name":"Golden Idol","player_choice":"Take Damage","floor":11.0,"gold_loss":0.0,"damage_taken":20.0,"relics_obtained":["Golden Idol"]},{"cards_removed":["Regret"],"damage_healed":0,"gold_gain":0,"player_choice":"Gave Gold","damage_taken":0,"max_hp_gain":0,"max_hp_loss":0,"event_name":"Beggar","floor":22,"gold_loss":75},{"damage_healed":0,"gold_gain":99,"player_choice":"Stole From Cult","damage_taken":0,"max_hp_gain":0,"max_hp_loss":0,"event_name":"Nest","floor":24,"gold_loss":0}],"is_beta":false,"boss_relics":[{"not_picked":["Ectoplasm","Sozu"],"picked":"Runic Cube"}],"items_purged_floors":[],"is_endless":false,"potions_floor_spawned":[5,6,14,16,19,20,21,31],"killed_by":"Automaton","ascension_level":0}}