{"host":"Connor","time":1610272372,"event":{"mods":["Aspiration","BaseMod","Downfall","Hubris","Marisa????????","Minty Spire (QoL Compilation)","Replay The Spire","StSLib","The Cursed","The Jungle","The Servant 0.9.4"],"gold_per_floor":[113,263,277,296,23,54,54,66,66,66,141,41,41,41,41,117,117,127,35,50,50,63,63,75,75,130,5,39,39,39,39,39],"floor_reached":31,"playtime":924,"items_purged":["Doubt","Strike_R","Doubt"],"score":464,"play_id":"eeeb417d-a266-4bcf-90bf-00ba216d66da","local_time":"20210110015252","is_ascension_mode":true,"campfire_choices":[{"floor":7,"key":"RECALL"},{"data":"expansioncontent:StudyTheSpire","floor":10,"key":"SMITH"},{"floor":23,"key":"REST"},{"floor":25,"key":"REST"},{"data":"Barricade","floor":29,"key":"SMITH"}],"circlet_count":0,"master_deck":["AscendersBane","Strike_R","Strike_R","Strike_R","Strike_R","Defend_R","Defend_R","Defend_R","Defend_R","Bash","Metallicize","Armaments+1","Evolve+1","expansioncontent:StudyTheSpire+1","Bludgeon","Warcry","Demon Form","Intimidate","Barricade+1","Madness","Armaments","Infernal Blade","Seeing Red","Decay"],"relics":["Burning Blood","aspiration:StickyExplosives_weak","Eternal Feather","Cursed Key","ReplayTheSpireMod:CursedCoin","hubris:Towel","Replay:Mystery Machine","Iron Hammer"],"acts_visited":["Exordium","TheCity"],"potions_floor_usage":[6,16,22,22,24],"damage_taken":[{"damage":11,"enemies":"Cultist","floor":1,"turns":5},{"damage":9,"enemies":"2 Louse","floor":3,"turns":4},{"damage":9,"enemies":"Small Slimes","floor":4,"turns":5},{"damage":15,"enemies":"Replay:BlueRogue","floor":6,"turns":13},{"damage":9,"enemies":"Looter","floor":8,"turns":3},{"damage":30,"enemies":"Slime Boss","floor":16,"turns":9},{"damage":22,"enemies":"Shell Parasite","floor":18,"turns":7},{"damage":15,"enemies":"Chosen","floor":20,"turns":6},{"damage":34,"enemies":"Centurion and Healer","floor":22,"turns":6},{"damage":43,"enemies":"Snake Plant","floor":24,"turns":3},{"damage":45,"enemies":"Gremlin Leader","floor":28,"turns":11},{"damage":12,"enemies":"Shelled Parasite and Fungi","floor":31,"turns":1}],"seed_played":"3243093390101838706","potions_obtained":[{"floor":3,"key":"Toxic Potion"},{"floor":6,"key":"Adrenaline Potion"},{"floor":8,"key":"champ:CounterPotion"},{"floor":18,"key":"ColorlessPotion"},{"floor":22,"key":"Regen Potion"}],"is_trial":false,"path_per_floor":["M","?","M","M","$","E","R","M","T","R","?","$","?","T","R","B",null,"M","$","M","?","M","R","M","R","T","$","E","R","?","M"],"character_chosen":"IRONCLAD","items_purchased":["expansioncontent:StudyTheSpire","Barricade","ReplayTheSpireMod:CursedCoin","Madness","Armaments"],"campfire_rested":2,"item_purchase_floors":[5,19,19,19,19],"current_hp_per_floor":[63,63,60,57,57,48,48,45,45,45,34,34,34,34,65,41,67,51,51,42,42,14,48,20,54,54,54,15,27,7,0,0],"gold":39,"neow_bonus":"THREE_CARDS","is_daily":false,"chose_seed":false,"campfire_upgraded":2,"win_rate":0.0,"timestamp":1610272372,"path_taken":["M","?","M","M","$","E","R","M","T","R","?","$","?","?","R","BOSS","M","$","M","?","M","R","M","R","T","$","E","R","?","M"],"items_purchased_type":["Card","Card","Relic","Card","Card"],"build_version":"2020-12-18","purchased_purges":3,"victory":false,"max_hp_per_floor":[75,75,75,75,75,75,75,75,75,75,75,75,75,75,75,75,75,75,75,75,75,75,75,75,75,75,75,75,75,75,75,75],"card_choices":[{"not_picked":["Warcry","Ghostly Armor"],"picked":"Metallicize","floor":0},{"not_picked":["Sword Boomerang","Heavy Blade"],"picked":"Armaments","floor":1},{"not_picked":["Anger","Clash","Flex"],"picked":"SKIP","floor":3},{"not_picked":["Replay:Undeath\u0027s Touch","Havoc"],"picked":"Evolve","floor":4},{"not_picked":["Pommel Strike","Rage"],"picked":"Bludgeon","floor":6},{"not_picked":["Havoc","Uppercut"],"picked":"Warcry","floor":8},{"not_picked":["Fiend Fire","Replay:Many Hands"],"picked":"Demon Form","floor":16},{"not_picked":["Anger","ReplayTheSpireMod:Muscle Training"],"picked":"Intimidate","floor":18},{"not_picked":["Heavy Blade","Twin Strike","True Grit"],"picked":"SKIP","floor":20},{"not_picked":["Clothesline","Dark Embrace"],"picked":"Infernal Blade","floor":22},{"not_picked":["Rupture","Uppercut+1"],"picked":"Seeing Red","floor":24},{"not_picked":["Whirlwind","Massacre","hubris:ReadiedAction+1"],"picked":"SKIP","floor":28}],"player_experience":586512,"relics_obtained":[{"floor":6,"key":"aspiration:StickyExplosives_weak"},{"floor":14,"key":"Eternal Feather"},{"floor":26,"key":"Replay:Mystery Machine"},{"floor":28,"key":"Iron Hammer"}],"event_choices":[{"damage_healed":0,"gold_gain":150,"player_choice":"AGREE","damage_taken":0,"max_hp_gain":0,"max_hp_loss":0,"event_name":"Liars Game","floor":2,"gold_loss":0,"cards_obtained":["Doubt"]},{"damage_healed":0,"gold_gain":75,"player_choice":"Gather Gold","damage_taken":11,"max_hp_gain":0,"max_hp_loss":0,"event_name":"World of Goop","floor":11,"gold_loss":0}],"is_beta":true,"boss_relics":[{"not_picked":["aspiration:PoetsPen_weak","aspiration:RitualDagger"],"picked":"Cursed Key"}],"items_purged_floors":[5,12,27],"is_endless":false,"potions_floor_spawned":[3,6,8,18,20,22],"killed_by":"Shelled Parasite and Fungi","ascension_level":17}}