{"host":"bf9sa99gaumonoeu","time":1610247363,"event":{"mods":["AchievementEnabler","Act Like it!","BaseMod","Better Sensory Stone","Colored Map","Colored Powertips","Friendly Minions","Gensokyo","GifTheSpireLib","Googly Eyes","Hallownest","Hermit","Hubris","Jorbs\u0027s Wanderer Trilogy","KinomotoSakuraMod(????)","Koishi","Lobotomy","Marisa????????","Minty Spire (QoL Compilation)","Rare Cards Sparkle","Reimu??????","Relic Stats","Remilia??????","Replay The Spire","StSLib","The Administrix","The Alterego","The Animator","The Bug Knight","The Construct","The Cursed","The Disciple","The Hierophant","The Mystic","The Necromancer","The Poker Player","The Runesmith","The Senshi","The Servant 0.9.4","TheLocksmith","Yakumo Yukari mod","thorton"],"gold_per_floor":[214,228,127,127,140,140,165,165,213,228,248,26,43,68,68,142,142,142,62,62,2,2,2,2,2,2,2,2,2,2,2,2,2,2],"floor_reached":33,"playtime":2354,"items_purged":["Strike_G","Strike_G"],"score":581,"play_id":"59915bd6-6ed7-43a8-a08d-739804e2cc08","local_time":"20210110005603","is_ascension_mode":true,"campfire_choices":[{"data":"Dash","floor":6.0,"key":"SMITH"},{"data":"Sucker Punch","floor":8,"key":"SMITH"},{"floor":15,"key":"REST"},{"floor":23,"key":"REST"},{"floor":25,"key":"REST"},{"data":"Replay:Poison Smokescreen","floor":32,"key":"SMITH"}],"circlet_count":0,"master_deck":["AscendersBane","Defend_G+1","Defend_G+1","Defend_G+1","Defend_G+1","Defend_G+1","Survivor","Neutralize","Dash+1","Sucker Punch+1","Dagger Throw","Master of Strategy","Replay:Poison Smokescreen+1","Blur","Leg Sweep+1","Noxious Fumes","Predator","Bullet Time","Escape Plan","Acrobatics","Shame","Deadly Poison+1","Quick Slash","RitualDagger","Replay:Poison Smokescreen"],"relics":["Ring of the Snake","Juzu Bracelet","MealTicket","Replay:PocketPolymizer","Ectoplasm","ZunR:ReiMu","Replay:Mystery Machine","Pantograph","Unceasing Top","Byrd Skull"],"acts_visited":["Exordium","TheCity"],"potions_floor_usage":[7,13,16,16,33],"damage_taken":[{"damage":7.0,"enemies":"Jaw Worm","floor":1.0,"turns":7.0},{"damage":1.0,"enemies":"2 Louse","floor":2.0,"turns":3.0},{"damage":0.0,"enemies":"Small Slimes","floor":5.0,"turns":3.0},{"damage":12,"enemies":"3 Sentries","floor":7,"turns":8},{"damage":2,"enemies":"Looter","floor":10,"turns":3},{"damage":11,"enemies":"3 Louse","floor":11,"turns":5},{"damage":9,"enemies":"Exordium Wildlife","floor":13,"turns":6},{"damage":21,"enemies":"Gremlin Nob","floor":14,"turns":5},{"damage":26,"enemies":"Hexaghost","floor":16,"turns":11},{"damage":20,"enemies":"Chosen","floor":18,"turns":6},{"damage":0,"enemies":"2 Thieves","floor":21,"turns":4},{"damage":3,"enemies":"Snake Plant","floor":27,"turns":4},{"damage":0,"enemies":"Replay:Snechameleon","floor":31,"turns":4},{"damage":76,"enemies":"Champ","floor":33,"turns":11}],"seed_played":"-7328418238653690684","potions_obtained":[{"floor":1.0,"key":"SteroidPotion"},{"floor":13,"key":"Reflective Coating"},{"floor":14,"key":"Elixir"},{"floor":16,"key":"SpeedPotion"},{"floor":18,"key":"ZuzhouPotion:ReiMu"},{"floor":21,"key":"SpeedPotion"},{"floor":24,"key":"SmokeBomb"}],"is_trial":false,"path_per_floor":["M","M","$","?","M","R","E","R","T","M","M","$","M","E","R","B",null,"M","?","?","M","?","R","?","R","T","M","$","?","?","E","R","B"],"character_chosen":"THE_SILENT","items_purchased":["Dagger Throw","Regen Potion","Noxious Fumes"],"campfire_rested":3,"item_purchase_floors":[3,12,12],"current_hp_per_floor":[52,51,51,51,51,51,39,39,39,37,26,41,47,26,45,19,54,34,28,28,28,28,47,26,45,45,42,57,51,51,51,51,0,0],"gold":2,"neow_bonus":"HUNDRED_GOLD","is_daily":false,"chose_seed":false,"campfire_upgraded":3,"win_rate":0.0,"timestamp":1610247363,"path_taken":["M","M","$","?","M","R","E","R","T","M","M","$","M","E","R","BOSS","M","?","?","M","?","R","?","R","T","M","?","?","?","E","R","BOSS"],"items_purchased_type":["Card","Potion","Card"],"build_version":"2020-12-22","purchased_purges":2,"victory":false,"max_hp_per_floor":[66,66,66,66,66,66,66,66,66,66,66,66,66,66,66,66,66,66,66,66,66,66,66,66,66,66,66,66,66,66,66,66,66,66],"relic_stats":{"counters":[14,80],"Pantograph":15,"MealTicket":30,"Ectoplasm":146,"Juzu Bracelet":1,"obtain_stats":[{"Replay:PocketPolymizer":14,"Pantograph":24,"ZunR:ReiMu":19,"MealTicket":9,"Ectoplasm":17,"Juzu Bracelet":7,"Replay:Mystery Machine":22,"Byrd Skull":31,"Unceasing Top":26,"Ring of the Snake":0},{"Replay:PocketPolymizer":8,"Pantograph":11,"ZunR:ReiMu":10,"MealTicket":4,"Ectoplasm":9,"Juzu Bracelet":4,"Replay:Mystery Machine":11,"Byrd Skull":13,"Unceasing Top":11,"Ring of the Snake":0},{"Replay:PocketPolymizer":40,"Pantograph":61,"ZunR:ReiMu":57,"MealTicket":21,"Ectoplasm":51,"Juzu Bracelet":21,"Replay:Mystery Machine":61,"Byrd Skull":69,"Unceasing Top":61,"Ring of the Snake":0}],"Unceasing Top":[0],"Ring of the Snake":[28]},"card_choices":[{"not_picked":["Slice","PiercingWail"],"picked":"Dash","floor":1.0},{"not_picked":["Underhanded Strike","Bane"],"picked":"Sucker Punch","floor":2.0},{"not_picked":["Deep Breath","Replay:Parry"],"picked":"Master of Strategy","floor":4.0},{"not_picked":["Dodge and Roll","ReplayTheSpireMod:The Works"],"picked":"Replay:Poison Smokescreen","floor":5.0},{"not_picked":["Underhanded Strike","Deadly Poison"],"picked":"Blur","floor":7},{"not_picked":["Sucker Punch","Finisher","Poisoned Stab"],"picked":"SKIP","floor":10},{"not_picked":["Deadly Poison","Well Laid Plans"],"picked":"Leg Sweep","floor":11},{"not_picked":["Infinite Blades","Endless Agony","Cloak And Dagger"],"picked":"SKIP","floor":13},{"not_picked":["Sucker Punch","Slice","Predator"],"picked":"SKIP","floor":14},{"not_picked":["Phantasmal Killer","Replay:Bag of Tricks"],"picked":"Bullet Time","floor":16},{"not_picked":["Deadly Poison","Prepared"],"picked":"Escape Plan","floor":18},{"not_picked":["Quick Slash","Hidden Blade"],"picked":"Acrobatics","floor":21},{"not_picked":["Flying Knee","Endless Agony"],"picked":"Deadly Poison+1","floor":24},{"not_picked":["Eviscerate","Deflect","Dagger Throw"],"picked":"SKIP","floor":27},{"not_picked":["Eviscerate","Deflect","Dagger Throw"],"picked":"SKIP","floor":27},{"not_picked":["Underhanded Strike","Doppelganger","Poisoned Stab"],"picked":"SKIP","floor":31}],"player_experience":869907,"relics_obtained":[{"floor":7,"key":"Juzu Bracelet"},{"floor":9,"key":"MealTicket"},{"floor":14,"key":"Replay:PocketPolymizer"},{"floor":24,"key":"Pantograph"},{"floor":26,"key":"Unceasing Top"},{"floor":31,"key":"Byrd Skull"}],"event_choices":[{"damage_healed":0.0,"max_hp_gain":0.0,"max_hp_loss":0.0,"gold_gain":1.0,"event_name":"betterStone:BetterStone","player_choice":"1","floor":4.0,"gold_loss":0.0,"damage_taken":0.0},{"damage_healed":0,"gold_gain":0,"player_choice":"Keep O-miki","damage_taken":6,"relics_obtained":["ZunR:ReiMu"],"max_hp_gain":0,"max_hp_loss":0,"event_name":"ZunEvent","floor":19,"gold_loss":0},{"damage_healed":0,"gold_gain":0,"player_choice":"Simplicity","damage_taken":0,"max_hp_gain":0,"max_hp_loss":0,"event_name":"Back to Basics","floor":20,"gold_loss":0,"cards_upgraded":["Strike_G","Strike_G","Defend_G","Defend_G","Defend_G","Defend_G","Defend_G"]},{"damage_healed":0,"gold_gain":0,"player_choice":"Stole Relic","damage_taken":0,"relics_obtained":["Replay:Mystery Machine"],"max_hp_gain":0,"max_hp_loss":0,"event_name":"Addict","floor":22,"gold_loss":0,"cards_obtained":["Shame"]},{"damage_healed":0,"gold_gain":0,"player_choice":"Joined the Cult","damage_taken":6,"max_hp_gain":0,"max_hp_loss":0,"event_name":"Nest","floor":29,"gold_loss":0,"cards_obtained":["RitualDagger"]},{"damage_healed":0,"gold_gain":0,"player_choice":"Upgraded","damage_taken":0,"max_hp_gain":0,"max_hp_loss":0,"event_name":"Upgrade Shrine","floor":30,"gold_loss":0,"cards_upgraded":["Leg Sweep"]}],"is_beta":false,"boss_relics":[{"not_picked":["ChewingGum","Replay:Bronze Core"],"picked":"Ectoplasm"}],"items_purged_floors":[3,12],"is_endless":false,"potions_floor_spawned":[1,13,14,16,18,21],"killed_by":"Champ","ascension_level":19}}