{"host":"2xi35nzst5j6xtbr","time":1610263562,"event":{"mods":["BaseMod","Colored Map","Dota2Spire","Downfall","Minty Spire (QoL Compilation)","StSLib","The Gatherer","The Servant 0.9.4","[地精首领爬塔]The Maniac","【遗物卡牌】REMEMod"],"gold_per_floor":[99,115,5,21,121,46,120,130,130,130,140,140,152,152,172,275,275,275,292,292,292,292,292,317,242,254,271,287,304,304,304,304],"floor_reached":30,"playtime":1715,"items_purged":[],"score":247,"play_id":"8c97180a-c50d-4a43-9e63-b4eafebf44a8","local_time":"20210110152602","is_ascension_mode":false,"campfire_choices":[{"floor":1,"key":"RECALL"},{"data":"Guardian:PrismaticBeam","floor":6,"key":"SMITH"},{"floor":10,"key":"REST"},{"data":"Guardian:BaubleBeam","floor":12,"key":"SMITH"},{"data":"Guardian:HyperBeam_Guardian","floor":18,"key":"SMITH"},{"data":"Guardian:GuardianWhirl","floor":23,"key":"SMITH"},{"floor":25,"key":"REST"}],"circlet_count":0,"master_deck":["Guardian:Defend_Guardian","Guardian:Defend_Guardian","Guardian:Defend_Guardian","Guardian:Defend_Guardian","Guardian:CurlUp","Guardian:TwinSlam","Guardian:RevengeProtocol","Guardian:CrystalBeam+1","Guardian:PrimingBeam","Guardian:SentryBeam+1","Guardian:PrimingBeam+1","Guardian:BaubleBeam+1","Guardian:PrismaticBeam+1","Guardian:RollAttack","Clumsy","expansioncontent:ManipulateTime","Regret","Guardian:PrimingBeam","Parasite","Guardian:Repulse+1","Guardian:HyperBeam_Guardian+1","Guardian:GuardianWhirl+1","Slimebound:Tackle+1","Slimebound:Tackle+1","Slimebound:Tackle+1","Guardian:PrismaticBeam","Guardian:Gem_Lightblue","Guardian:BronzeArmor"],"relics":["Guardian:ModeShifter","REME_ComplimentaryCards","downfall:GremlinSack","downfall:HeartBlessingRed","Philosopher\u0027s Stone","downfall:RedIOU","downfall:HeartBlessingBlue"],"acts_visited":["Exordium","TheCity"],"potions_floor_usage":[15,16,16,27,28,28],"damage_taken":[{"damage":1,"enemies":"Cultist","floor":2,"turns":4},{"damage":3,"enemies":"downfall:FleeingMerchant","floor":3,"turns":4},{"damage":7,"enemies":"2 Louse","floor":4,"turns":2},{"damage":25,"enemies":"2 Louse","floor":5,"turns":5},{"damage":6,"enemies":"Jaw Worm","floor":8,"turns":3},{"damage":7,"enemies":"Blue Slaver","floor":11,"turns":2},{"damage":8,"enemies":"Exordium Wildlife","floor":13,"turns":2},{"damage":4,"enemies":"Large Slime","floor":15,"turns":3},{"damage":23,"enemies":"downfall:Watcher","floor":16,"turns":6},{"damage":14,"enemies":"3 Byrds","floor":19,"turns":3},{"damage":0,"enemies":"Centurion and Healer","floor":26,"turns":7},{"damage":35,"enemies":"Shelled Parasite and Fungi","floor":27,"turns":5},{"damage":20,"enemies":"Cultist and Chosen","floor":28,"turns":5},{"damage":21,"enemies":"Snecko","floor":29,"turns":5},{"damage":0,"enemies":"Snake Plant","floor":30,"turns":1}],"seed_played":"-1260569985626820835","potions_obtained":[{"floor":2,"key":"Guardian:BlockOnCardUsePotion"},{"floor":4,"key":"Strength Potion"},{"floor":15,"key":"CultistPotion"},{"floor":16,"key":"PowerPotion"},{"floor":19,"key":"Fire Potion"},{"floor":26,"key":"Swift Potion"},{"floor":28,"key":"Fire Potion"}],"is_trial":false,"path_per_floor":["R","M","$","M","?","R","T","M","?","R","M","R","M","?","M","B",null,"R","M","?","?","?","R","T","R","M","M","M","M","M"],"character_chosen":"GUARDIAN","items_purchased":["Guardian:SentryBeam","Guardian:PrimingBeam"],"campfire_rested":2,"item_purchase_floors":[3,3],"current_hp_per_floor":[88,87,84,77,52,52,52,46,46,72,65,65,57,79,75,52,88,88,74,74,57,57,57,57,97,97,62,42,21,21,21,21],"gold":304,"neow_bonus":"TEN_PERCENT_HP_BONUS","is_daily":false,"chose_seed":false,"campfire_upgraded":4,"win_rate":0.0,"timestamp":1610263562,"path_taken":["R","M","?","M","?","R","T","?","?","R","M","R","M","?","M","BOSS","R","M","?","?","?","R","T","R","M","M","M","M","M"],"items_purchased_type":["Card","Card"],"build_version":"2020-12-22","purchased_purges":0,"victory":false,"max_hp_per_floor":[88,88,88,88,88,88,88,88,88,88,88,88,88,88,88,88,88,88,88,88,93,93,93,93,103,103,103,103,103,103,103,103],"card_choices":[{"not_picked":["Guardian:Suspension","Guardian:Planning"],"picked":"Guardian:CrystalBeam","floor":2},{"not_picked":["Guardian:Gem_Green","Guardian:Suspension"],"picked":"Guardian:PrimingBeam","floor":3},{"not_picked":["Guardian:CrystalBeam","Guardian:BronzeArmor"],"picked":"Guardian:Gem_Red","floor":4},{"not_picked":["Guardian:Reroute","Guardian:CrystalBeam"],"picked":"Guardian:Gem_Green","floor":5},{"not_picked":["Guardian:Planning","Guardian:SentryBeam"],"picked":"Guardian:Gem_Cyan","floor":8},{"not_picked":["Guardian:TimeBomb","Guardian:WalkerClaw"],"picked":"Guardian:PrimingBeam","floor":11},{"not_picked":["Guardian:StasisField","Guardian:Incinerate","Guardian:Repulse+1"],"picked":"SKIP","floor":13},{"not_picked":["Guardian:Planning","Guardian:ChargeCore"],"picked":"Guardian:Repulse+1","floor":15},{"not_picked":["Guardian:AncientConstruct+1","Guardian:ConstructionForm+1"],"picked":"Guardian:HyperBeam_Guardian","floor":16},{"not_picked":["Guardian:Suspension","Guardian:ChargeCore"],"picked":"Guardian:GuardianWhirl","floor":19},{"not_picked":["Guardian:TemporalStrike","Guardian:Incinerate"],"picked":"Guardian:PrismaticBeam","floor":26},{"not_picked":["Guardian:TemporalStrike","Guardian:PiercingHide"],"picked":"Guardian:Gem_Lightblue","floor":27},{"not_picked":["Guardian:Suspension","Guardian:PrismaticBeam","Guardian:TemporalShield"],"picked":"SKIP","floor":28},{"not_picked":["Guardian:Reroute+1","Guardian:GuardianWhirl"],"picked":"Guardian:BronzeArmor","floor":29}],"player_experience":105517,"relics_obtained":[{"floor":5,"key":"downfall:GremlinSack"},{"floor":7,"key":"Frozen Egg 2"}],"event_choices":[{"damage_healed":22,"gold_gain":0,"player_choice":"Healed and dodged fight","damage_taken":0,"max_hp_gain":0,"max_hp_loss":0,"event_name":"Mushrooms","floor":14,"gold_loss":0,"cards_obtained":["Parasite"]}],"is_beta":false,"boss_relics":[{"not_picked":["Calling Bell","REME_DemonsWealth"],"picked":"Philosopher\u0027s Stone"}],"items_purged_floors":[],"is_endless":false,"potions_floor_spawned":[2,4,15,16,19,26,28],"killed_by":"Snake Plant","ascension_level":0}}