{"host":"j4g6ia6asvpyu2b0","time":1610314808,"event":{"mods":["BaseMod","Colored Map","Minty Spire (QoL Compilation)","Permanent Neow","Quick Restart","Relic Stats","StSLib","Unceasing Turn Reminder"],"gold_per_floor":[111,127,127,127,142,172,172,206,206,219,219,232,265,265,265,364,364,381,406,406,159,173,200,200,228,228,241,116,131,149,174,174,274,274,292,310,323,174,184,209,224,224,224,234,265,280,312,325,325,325,325,325,19,50,50],"floor_reached":56,"playtime":8714,"items_purged":["Strike_G","Strike_G","Strike_G"],"score":1853,"play_id":"16a9441c-f34f-467e-afd5-dc3151ed12ee","local_time":"20210110144008","is_ascension_mode":true,"campfire_choices":[{"floor":7,"key":"REST"},{"data":"1","floor":15,"key":"LIFT"},{"data":"2","floor":24,"key":"LIFT"},{"data":"3","floor":32,"key":"LIFT"},{"floor":49,"key":"RECALL"},{"floor":52,"key":"REST"}],"circlet_count":0,"master_deck":["Strike_G","Defend_G","Defend_G","Defend_G","Defend_G","Defend_G","Survivor","Neutralize","Heel Hook","Noxious Fumes+1","Cloak And Dagger","Terror","All Out Attack","After Image","Backstab","After Image","Backstab+1","Noxious Fumes+1","Well Laid Plans","Cloak And Dagger","Footwork","Crippling Poison","Acrobatics+1","Poisoned Stab+1","Dodge and Roll+1","PiercingWail+1","Blade Dance","Crippling Poison","Backflip","Caltrops","Wraith Form v2","Dagger Spray+1","Dodge and Roll+1","PiercingWail","Madness","Discovery+1","Enlightenment","Blind+1","Pommel Strike+1","The Bomb","Backflip+1","Catalyst","Noxious Fumes+1"],"relics":["Ring of the Snake","Akabeko","Regal Pillow","Pantograph","Pen Nib","PreservedInsect","Girya","Fusion Hammer","Red Mask","Boot","Gremlin Horn","Dream Catcher","Black Star","PrismaticShard","Torii","Anchor","Mercury Hourglass","Snake Skull","Ginger","Orichalcum","Ice Cream","OrangePellets","Oddly Smooth Stone","Bottled Flame"],"acts_visited":["Exordium","TheCity","TheBeyond","TheEnding"],"potions_floor_usage":[8,13,18,19,22,23,25,25,29,30,31,33,35,36,37,40,55,55],"damage_taken":[{"damage":1,"enemies":"Cultist","floor":1,"turns":4},{"damage":2,"enemies":"Jaw Worm","floor":2,"turns":4},{"damage":0,"enemies":"2 Louse","floor":5,"turns":3},{"damage":25,"enemies":"Lagavulin","floor":6,"turns":8},{"damage":14,"enemies":"3 Sentries","floor":8,"turns":8},{"damage":3,"enemies":"Lots of Slimes","floor":10,"turns":3},{"damage":4,"enemies":"3 Louse","floor":12,"turns":3},{"damage":0,"enemies":"Lagavulin","floor":13,"turns":6},{"damage":14,"enemies":"The Guardian","floor":16,"turns":11},{"damage":11,"enemies":"3 Byrds","floor":18,"turns":5},{"damage":2,"enemies":"Masked Bandits","floor":19,"turns":4},{"damage":4,"enemies":"Shell Parasite","floor":22,"turns":3},{"damage":13,"enemies":"Gremlin Leader","floor":23,"turns":5},{"damage":4,"enemies":"Slavers","floor":25,"turns":4},{"damage":5,"enemies":"Shelled Parasite and Fungi","floor":27,"turns":6},{"damage":3,"enemies":"Snake Plant","floor":29,"turns":3},{"damage":1,"enemies":"Cultist and Chosen","floor":30,"turns":6},{"damage":5,"enemies":"Gremlin Leader","floor":31,"turns":5},{"damage":36,"enemies":"Collector","floor":33,"turns":8},{"damage":0,"enemies":"Orb Walker","floor":35,"turns":3},{"damage":4,"enemies":"3 Shapes","floor":36,"turns":5},{"damage":0,"enemies":"Maw","floor":37,"turns":7},{"damage":0,"enemies":"Jaw Worm Horde","floor":39,"turns":1},{"damage":12,"enemies":"Reptomancer","floor":40,"turns":5},{"damage":21,"enemies":"Transient","floor":41,"turns":5},{"damage":0,"enemies":"Maw","floor":44,"turns":7},{"damage":7,"enemies":"Giant Head","floor":45,"turns":8},{"damage":1,"enemies":"3 Darklings","floor":46,"turns":4},{"damage":15,"enemies":"Reptomancer","floor":47,"turns":4},{"damage":0,"enemies":"Sphere and 2 Shapes","floor":48,"turns":4},{"damage":25,"enemies":"Awakened One","floor":50,"turns":15},{"damage":0,"enemies":"Shield and Spear","floor":54,"turns":5},{"damage":55,"enemies":"The Heart","floor":55,"turns":9}],"seed_played":"4701076397490532514","potions_obtained":[{"floor":1,"key":"Energy Potion"},{"floor":6,"key":"Block Potion"},{"floor":10,"key":"Dexterity Potion"},{"floor":13,"key":"Strength Potion"},{"floor":18,"key":"SteroidPotion"},{"floor":22,"key":"EssenceOfSteel"},{"floor":29,"key":"FairyPotion"},{"floor":36,"key":"Regen Potion"}],"is_trial":false,"path_per_floor":["M","M","?","?","M","E","R","E","T","M","?","M","E","?","R","B",null,"M","?","?","$","M","E","R","E","T","M","$","M","M","E","R","B",null,"M","M","M","$","M","E","M","?","T","M","E","M","E","M","R","B",null,"R","$","E","B",null],"character_chosen":"THE_SILENT","items_purchased":["Cloak And Dagger","Footwork","Crippling Poison","Blade Dance","PrismaticShard","OrangePellets","Catalyst"],"campfire_rested":2,"item_purchase_floors":[21,21,21,28,38,53,53],"current_hp_per_floor":[62,60,48,48,48,23,59,45,45,42,47,43,43,36,36,47,68,57,55,55,55,51,38,38,34,34,29,29,26,25,20,20,9,59,59,55,69,69,69,57,36,85,85,85,78,77,62,62,62,60,79,85,85,85,30],"gold":50,"neow_bonus":"RANDOM_COMMON_RELIC","is_daily":false,"chose_seed":false,"campfire_upgraded":0,"win_rate":0.0,"timestamp":1610314808,"path_taken":["M","?","?","?","?","E","R","E","T","M","?","M","E","?","R","BOSS","M","?","?","$","M","E","R","E","T","M","$","?","M","E","R","BOSS","M","M","M","$","M","E","M","?","T","M","E","M","E","M","R","BOSS","R","$","E","BOSS"],"items_purchased_type":["Card","Card","Card","Card","Relic","Relic","Card"],"build_version":"2020-12-22","purchased_purges":3,"victory":true,"max_hp_per_floor":[70,70,70,70,70,70,70,70,70,70,75,75,75,75,75,75,75,75,75,75,75,75,75,75,75,75,75,75,75,75,75,75,75,75,75,75,75,75,75,75,75,85,85,85,85,85,85,85,85,85,85,85,85,85,85],"relic_stats":{"Regal Pillow":15,"Gremlin Horn":[25,25],"Torii":12,"counters":[33,181],"Pen Nib":[28],"PreservedInsect":495,"Snake Skull":[49],"Ginger":[2],"Orichalcum":[0],"Boot":[8],"Mercury Hourglass":[215],"OrangePellets":[5],"Dream Catcher":1,"Pantograph":73,"Black Star":4,"obtain_stats":[{"Ice Cream":47,"Girya":13,"Regal Pillow":3,"Gremlin Horn":25,"Torii":40,"Oddly Smooth Stone":54,"Pen Nib":8,"PreservedInsect":9,"Snake Skull":45,"Ginger":45,"Orichalcum":47,"Boot":23,"PrismaticShard":38,"Akabeko":0,"Mercury Hourglass":43,"OrangePellets":53,"Dream Catcher":31,"Anchor":40,"Bottled Flame":54,"Pantograph":6,"Fusion Hammer":17,"Red Mask":19,"Black Star":34,"Ring of the Snake":0},{"Ice Cream":29,"Girya":8,"Regal Pillow":2,"Gremlin Horn":14,"Torii":24,"Oddly Smooth Stone":32,"Pen Nib":5,"PreservedInsect":5,"Snake Skull":27,"Ginger":27,"Orichalcum":29,"Boot":13,"PrismaticShard":22,"Akabeko":0,"Mercury Hourglass":25,"OrangePellets":31,"Dream Catcher":18,"Anchor":24,"Bottled Flame":32,"Pantograph":4,"Fusion Hammer":9,"Red Mask":11,"Black Star":19,"Ring of the Snake":0},{"Ice Cream":148,"Girya":39,"Regal Pillow":8,"Gremlin Horn":71,"Torii":120,"Oddly Smooth Stone":172,"Pen Nib":27,"PreservedInsect":27,"Snake Skull":140,"Ginger":140,"Orichalcum":148,"Boot":67,"PrismaticShard":114,"Akabeko":0,"Mercury Hourglass":125,"OrangePellets":167,"Dream Catcher":91,"Anchor":120,"Bottled Flame":172,"Pantograph":19,"Fusion Hammer":50,"Red Mask":59,"Black Star":99,"Ring of the Snake":0}],"Ring of the Snake":[66]},"card_choices":[{"not_picked":["Underhanded Strike","Prepared"],"picked":"Heel Hook","floor":1},{"not_picked":["Prepared","Setup"],"picked":"Noxious Fumes","floor":2},{"not_picked":["Underhanded Strike","Sucker Punch"],"picked":"Cloak And Dagger","floor":5},{"not_picked":["Sucker Punch","Underhanded Strike"],"picked":"Terror","floor":6},{"not_picked":["Bane","Terror"],"picked":"All Out Attack","floor":8},{"not_picked":["Acrobatics","Poisoned Stab"],"picked":"After Image","floor":10},{"not_picked":["Bane","Deflect"],"picked":"Backstab","floor":12},{"not_picked":["Backflip","Prepared"],"picked":"Venomology","floor":13},{"not_picked":["Adrenaline","Corpse Explosion"],"picked":"After Image","floor":16},{"not_picked":["Underhanded Strike","PiercingWail"],"picked":"Backstab+1","floor":18},{"not_picked":["Backflip","Calculated Gamble"],"picked":"Noxious Fumes+1","floor":19},{"not_picked":["Dagger Throw","Concentrate"],"picked":"Acrobatics+1","floor":22},{"not_picked":["Flying Knee","Well Laid Plans"],"picked":"Poisoned Stab+1","floor":23},{"not_picked":["Escape Plan+1","Accuracy"],"picked":"Dodge and Roll+1","floor":25},{"not_picked":["Heel Hook+1","Outmaneuver"],"picked":"PiercingWail+1","floor":27},{"not_picked":["Flechettes","Skewer"],"picked":"Crippling Poison","floor":29},{"not_picked":["Sucker Punch","Prepared+1"],"picked":"Backflip","floor":30},{"not_picked":["PiercingWail","Outmaneuver"],"picked":"Caltrops","floor":31},{"not_picked":["Venomology","Night Terror"],"picked":"Wraith Form v2","floor":33},{"not_picked":["Reflex+1","Terror"],"picked":"Dagger Spray+1","floor":35},{"not_picked":["Sucker Punch","Dagger Spray"],"picked":"Dodge and Roll+1","floor":36},{"not_picked":["Slice+1","Quick Slash"],"picked":"PiercingWail","floor":37},{"not_picked":["Rebound","Hologram"],"picked":"Madness","floor":39},{"not_picked":["Searing Blow+1","Whirlwind+1"],"picked":"Discovery+1","floor":40},{"not_picked":["Turbo+1","Anger","SashWhip"],"picked":"SKIP","floor":41},{"not_picked":["BowlingBash+1","MentalFortress+1"],"picked":"Enlightenment","floor":44},{"not_picked":["Genetic Algorithm","Hemokinesis+1"],"picked":"Blind+1","floor":45},{"not_picked":["Shockwave+1","Terror+1"],"picked":"Pommel Strike+1","floor":46},{"not_picked":["Iron Wave","Body Slam"],"picked":"The Bomb","floor":47},{"not_picked":["JustLucky+1","Melter+1"],"picked":"Backflip+1","floor":48},{"not_picked":["FlyingSleeves","Bullet Time"],"picked":"Noxious Fumes+1","floor":54}],"player_experience":789909,"relics_obtained":[{"floor":6,"key":"Pantograph"},{"floor":8,"key":"Pen Nib"},{"floor":9,"key":"PreservedInsect"},{"floor":13,"key":"Girya"},{"floor":19,"key":"Red Mask"},{"floor":23,"key":"Boot"},{"floor":25,"key":"Gremlin Horn"},{"floor":31,"key":"Dream Catcher"},{"floor":40,"key":"Torii"},{"floor":40,"key":"Anchor"},{"floor":43,"key":"Mercury Hourglass"},{"floor":45,"key":"Snake Skull"},{"floor":45,"key":"Ginger"},{"floor":47,"key":"Orichalcum"},{"floor":47,"key":"Ice Cream"},{"floor":54,"key":"Oddly Smooth Stone"},{"floor":54,"key":"Bottled Flame"}],"event_choices":[{"damage_healed":0,"gold_gain":0,"player_choice":"Success","damage_taken":12,"relics_obtained":["Regal Pillow"],"max_hp_gain":0,"max_hp_loss":0,"event_name":"Scrap Ooze","floor":3,"gold_loss":0},{"damage_healed":0,"gold_gain":0,"player_choice":"Upgraded","damage_taken":0,"max_hp_gain":0,"max_hp_loss":0,"event_name":"Upgrade Shrine","floor":4,"gold_loss":0,"cards_upgraded":["Noxious Fumes"]},{"damage_healed":0,"gold_gain":0,"player_choice":"Donut","damage_taken":0,"max_hp_gain":5,"max_hp_loss":0,"event_name":"Big Fish","floor":11,"gold_loss":0},{"cards_removed":["Strike_G"],"damage_healed":0,"gold_gain":0,"player_choice":"Card Removal","damage_taken":7,"max_hp_gain":0,"max_hp_loss":0,"event_name":"Golden Wing","floor":14,"gold_loss":0},{"damage_healed":0,"gold_gain":0,"player_choice":"Fought Bandits","damage_taken":0,"max_hp_gain":0,"max_hp_loss":0,"event_name":"Masked Bandits","floor":19,"gold_loss":0},{"damage_healed":0,"gold_gain":0,"player_choice":"Read","damage_taken":0,"max_hp_gain":0,"max_hp_loss":0,"event_name":"The Library","floor":20,"gold_loss":0,"cards_obtained":["Well Laid Plans"]},{"cards_removed":["Venomology"],"damage_healed":39,"gold_gain":0,"player_choice":"Offered Rare","damage_taken":0,"max_hp_gain":10,"max_hp_loss":0,"event_name":"Bonfire Elementals","floor":42,"gold_loss":0}],"is_beta":false,"boss_relics":[{"not_picked":["Ectoplasm","Tiny House"],"picked":"Fusion Hammer"},{"not_picked":["Snecko Eye","WristBlade"],"picked":"Black Star"}],"items_purged_floors":[21,28,53],"is_endless":false,"potions_floor_spawned":[1,6,10,13,18,22,29,35,36,39,44,45,48],"ascension_level":9}}