{"host":"yvxwvf4t2vu8n8lg","time":1610290111,"event":{"mods":["BaseMod","Downfall","Hermit","Marisa£®ÏF”Í°°ƒß¿Ì…≥£©","Minty Spire (QoL Compilation)","Prisma Mod","Reimu£®≤©¿ˆ¡È√Œ£©","Remilia£®¿Ÿ√◊¿Ú—«£©","Replay The Spire","StSLib","The Alterego","The Cursed","The Servant 0.9.4","WarShipGirlsR/’ΩΩ¢…Ÿ≈ÆR mod","Yakumo Yukari mod","Youmu£®ªÍ∆«—˝√Œ£©","Yuyuko"],"gold_per_floor":[144,144,199,245,284,395,493,587,625,637,649,736,748,204,204,519,519,568,568,568,568,192,277,362,476,503,202,309,394,485,485,485,800,800,800],"floor_reached":34,"playtime":1217,"items_purged":["rmod:maintain"],"score":630,"play_id":"87449155-79e9-46ed-8161-144ae73b1461","local_time":"20210110224831","daily_mods":["SealedDeck","Vintage","Heirloom","Time Dilation","Flight","downfall:Jewelcrafting","downfall:ChampStances","downfall:Lament","DeadlyEvents","Elite Swarm","Midas","downfall:Enraging","downfall:ExchangeController","Binary"],"is_ascension_mode":false,"campfire_choices":[{"floor":11,"key":"REST"},{"floor":13,"key":"REST"},{"floor":32,"key":"REST"}],"circlet_count":0,"master_deck":["Guardian:ExploitGems","Guardian:ExploitGems+1","rmod:diaomin+1","rmod:fletcherpendant","rmod:goodsister","rmod:salvage","rmod:openingtorpedo+1","rmod:chargemoney+1","rmod:fletcherpendant","rmod:diamondstrike+1","rmod:fletcherpendant","rmod:salvage","rmod:fletcherpendant","rmod:fletcherpendant+1","rmod:fletcherpendant","rmod:expedition+2","Flash of Steel+1","rmod:goodsister+1","rmod:fletcherpendant","rmod:chargemoney+1"],"relics":["rmod:firstchargereward","Busted Crown","Guardian:PickAxe","champ:ChampStancesModRelic","downfall:NeowBlessing_Player","NeowsBlessing","replay:Trail_Library","Incense Burner","Dream Catcher","Golden Idol","Calipers","Happy Flower","Gremlin Food","Omamori","Golden Egg","MawBank","Strawberry","OrangePellets","Akabeko","Anchor","Fusion Hammer","Regal Pillow","RuthlessExorcism:ReiMu","champ:Barbells","Tiny Chest","Nunchaku","Art of War","ScarletDevilRocket","Membership Card","Peace Pipe","Lantern","Replay:PocketPolymizer","Replay:Ancient Bell","War Paint","Matryoshka","PureWhite:ReiMu"],"acts_visited":["Exordium","TheCity"],"potions_floor_usage":[],"damage_taken":[{"damage":0,"enemies":"Jaw Worm","floor":1,"turns":1},{"damage":0,"enemies":"Small Slimes","floor":3,"turns":1},{"damage":8,"enemies":"2 Louse","floor":4,"turns":2},{"damage":0,"enemies":"Large Slime","floor":5,"turns":2},{"damage":29,"enemies":"3 Sentries","floor":6,"turns":4},{"damage":0,"enemies":"Gremlin Nob","floor":7,"turns":2},{"damage":28,"enemies":"Lagavulin","floor":8,"turns":4},{"damage":5,"enemies":"Hexaghost","floor":16,"turns":3},{"damage":0,"enemies":"Spheric Guardian","floor":18,"turns":2},{"damage":7,"enemies":"Book of Stabbing","floor":23,"turns":2},{"damage":0,"enemies":"Gremlin Leader","floor":24,"turns":2},{"damage":18,"enemies":"Replay:Snechameleon","floor":25,"turns":3},{"damage":0,"enemies":"Gremlin Leader","floor":28,"turns":2},{"damage":55,"enemies":"Book of Stabbing","floor":29,"turns":4},{"damage":11,"enemies":"Slavers","floor":30,"turns":3},{"damage":75,"enemies":"Automaton","floor":33,"turns":8}],"seed_played":"-5489166108062381208","potions_obtained":[{"floor":3,"key":"Swift Potion"},{"floor":4,"key":"Swift Potion"},{"floor":6,"key":"FearPotion"},{"floor":8,"key":"Milkshake"},{"floor":16,"key":"hexamod:EctoCoolerPotion"},{"floor":18,"key":"Ancient Potion"},{"floor":23,"key":"DistilledChaos"},{"floor":25,"key":"LifebloodPotion"},{"floor":30,"key":"Swift Potion"},{"floor":33,"key":"ColorlessPotion"}],"is_trial":true,"path_per_floor":["M","?","M","M","M","E","E","E","T","R","R","?","R","$","R","B",null,"M","WH","?","WH","$","E","E","E","T","$","E","E","E","WH","R","B",null],"character_chosen":"PRAEFECT","items_purchased":["OrangePellets","Akabeko","Anchor","Flash of Steel","RuthlessExorcism:ReiMu","champ:Barbells","rmod:goodsister","rmod:chargemoney","Membership Card"],"campfire_rested":3,"item_purchase_floors":[14,14,14,14,22,22,22,27,27],"current_hp_per_floor":[175,132,132,124,124,95,95,67,74,74,128,117,171,171,171,169,282,282,310,237,268,268,261,261,243,243,243,243,188,177,211,340,265,265,265],"gold":800,"neow_bonus":"TEN_PERCENT_HP_BONUS","is_daily":false,"chose_seed":false,"campfire_upgraded":0,"win_rate":0.0,"timestamp":1610290111,"path_taken":["M","?","M","M","M","E","E","E","T","R","R","?","R","$","R","BOSS","M","WH","?","WH","$","E","E","E","T","$","E","E","E","WH","R","BOSS"],"items_purchased_type":["Relic","Relic","Relic","Card","Relic","Relic","Card","Card","Relic"],"build_version":"2020-12-22","purchased_purges":1,"victory":false,"max_hp_per_floor":[175,175,175,175,175,175,175,175,182,182,182,182,182,182,182,182,282,282,310,315,346,346,346,346,346,346,346,346,346,346,380,380,380,380,380],"card_choices":[],"player_experience":20144,"relics_obtained":[{"floor":1,"key":"Dream Catcher"},{"floor":3,"key":"Calipers"},{"floor":4,"key":"Happy Flower"},{"floor":5,"key":"Gremlin Food"},{"floor":6,"key":"Omamori"},{"floor":7,"key":"Golden Egg"},{"floor":8,"key":"MawBank"},{"floor":9,"key":"Strawberry"},{"floor":18,"key":"Regal Pillow"},{"floor":23,"key":"Tiny Chest"},{"floor":24,"key":"Nunchaku"},{"floor":25,"key":"Art of War"},{"floor":26,"key":"ScarletDevilRocket"},{"floor":28,"key":"Peace Pipe"},{"floor":29,"key":"Lantern"},{"floor":30,"key":"Replay:PocketPolymizer"}],"event_choices":[{"damage_healed":0,"gold_gain":0,"player_choice":"Take Damage","damage_taken":43,"relics_obtained":["Golden Idol"],"max_hp_gain":0,"max_hp_loss":0,"event_name":"Golden Idol","floor":2,"gold_loss":0},{"damage_healed":0,"gold_gain":75,"player_choice":"Gather Gold","damage_taken":11,"max_hp_gain":0,"max_hp_loss":0,"event_name":"World of Goop","floor":12,"gold_loss":0},{"damage_healed":0,"gold_gain":0,"player_choice":"Shed Blood","damage_taken":78,"max_hp_gain":5,"max_hp_loss":0,"event_name":"Forgotten Altar","floor":20,"gold_loss":0}],"is_beta":false,"boss_relics":[{"not_picked":["SacredBark","Kintsugi"],"picked":"Fusion Hammer"},{"not_picked":["Painkiller Herb","Astrolabe"],"picked":"Replay:Ancient Bell"},{"not_picked":["Blue Doll","Smiling Mask"],"picked":"War Paint"},{"not_picked":["StrikeDummy","Snack Pack"],"picked":"Matryoshka"},{"not_picked":["TungstenRod","FossilizedHelix"],"picked":"PureWhite:ReiMu"}],"items_purged_floors":[27],"is_endless":false,"potions_floor_spawned":[3,4,6,8,16,18,23,25,30,33],"ascension_level":0}}