{"host":"j7au2ovow4c9pz79","time":1610307153,"event":{"mods":["AchievementEnabler","BaseMod","Better Third Choice","BetterRewards","Colored Powertips","Defuse TimeMaze Blight","Energized Spire","Googly Eyes","Hubris","Infinite Spire","Minty Spire (QoL Compilation)","Quick Restart","Replay The Spire","Spicy Shops","StSLib","SuperFastMode","Transform Curses"],"gold_per_floor":[115,115,127,146,163,188,203,203,203],"floor_reached":8,"playtime":808,"items_purged":[],"score":60,"play_id":"eab89326-4bcd-4ed5-842c-c5fd9ef024bf","local_time":"20210110203233","is_ascension_mode":false,"campfire_choices":[],"circlet_count":0,"master_deck":["Strike_R","Strike_R","Strike_R","Strike_R","Strike_R","Defend_R","Defend_R","Defend_R","Defend_R","Bash","Shrug It Off","Pommel Strike","Pummel","Reaper","Inflame","Shockwave"],"relics":["Burning Blood","NeowsBlessing","hubris:Metronome"],"acts_visited":["Exordium"],"potions_floor_usage":[5,8],"damage_taken":[{"damage":0,"enemies":"Jaw Worm","floor":1,"turns":1},{"damage":0,"enemies":"2 Louse","floor":3,"turns":1},{"damage":0,"enemies":"Small Slimes","floor":4,"turns":1},{"damage":7,"enemies":"Exordium Thugs","floor":5,"turns":5},{"damage":79,"enemies":"Lagavulin","floor":6,"turns":10},{"damage":7,"enemies":"Exordium Wildlife","floor":7,"turns":5},{"damage":41,"enemies":"3 Sentries","floor":8,"turns":8}],"seed_played":"-7779007352333338916","potions_obtained":[{"floor":3,"key":"Toxic Potion"},{"floor":6,"key":"SteroidPotion"},{"floor":7,"key":"LiquidMemories"}],"is_trial":false,"path_per_floor":["M","?","M","M","M","E","M","E"],"character_chosen":"IRONCLAD","items_purchased":[],"campfire_rested":0,"item_purchase_floors":[],"current_hp_per_floor":[80,80,80,80,79,7,14,0,0],"gold":203,"neow_bonus":"THREE_ENEMY_KILL","is_daily":false,"chose_seed":false,"campfire_upgraded":0,"win_rate":0.0,"timestamp":1610307153,"path_taken":["M","?","M","M","M","E","M","E"],"items_purchased_type":[],"build_version":"2020-12-22","purchased_purges":0,"victory":false,"max_hp_per_floor":[80,80,80,80,80,80,80,80,80],"card_choices":[{"not_picked":["Combust","Power Through"],"picked":"Shrug It Off","floor":1},{"not_picked":["Massacre","Second Wind"],"picked":"Pommel Strike","floor":3},{"not_picked":["ReplayTheSpireMod:Stacked","Run Through"],"picked":"Pummel","floor":4},{"not_picked":["Havoc","ReplayTheSpireMod:LeadingStrike"],"picked":"Reaper","floor":5},{"not_picked":["Rampage","True Grit"],"picked":"Inflame","floor":6},{"not_picked":["Sentinel","Evolve"],"picked":"Shockwave","floor":7}],"player_experience":1883633,"relics_obtained":[{"floor":6,"key":"hubris:Metronome"}],"event_choices":[{"damage_healed":0,"gold_gain":0,"player_choice":"Leave","damage_taken":0,"max_hp_gain":0,"max_hp_loss":0,"event_name":"The Cleric","floor":2,"gold_loss":0}],"is_beta":false,"boss_relics":[],"items_purged_floors":[],"is_endless":false,"potions_floor_spawned":[3,6,7],"killed_by":"3 Sentries","ascension_level":0}}