{"host":"xnrw1j8ho83czkv7","time":1610319825,"event":{"mods":["AchievementEnabler","BaseMod","Colored Map","Colored Powertips","Minty Spire (QoL Compilation)","Quick Restart","StSLib"],"gold_per_floor":[215,215,228,246,321,348,348,348,348],"floor_reached":8,"playtime":280,"items_purged":[],"score":62,"play_id":"194768ad-f230-438b-aab6-2e636cf995c8","local_time":"20210110230345","is_ascension_mode":true,"campfire_choices":[{"data":"Footwork","floor":7,"key":"SMITH"}],"circlet_count":0,"master_deck":["Strike_G","Strike_G","Strike_G","Strike_G","Strike_G","Defend_G","Defend_G","Defend_G","Defend_G","Defend_G","Survivor","Neutralize","Footwork+1","Caltrops"],"relics":["Ring of the Snake","Pen Nib"],"acts_visited":["Exordium"],"potions_floor_usage":[],"damage_taken":[{"damage":4,"enemies":"Jaw Worm","floor":1,"turns":7},{"damage":1,"enemies":"2 Louse","floor":3,"turns":3},{"damage":0,"enemies":"Cultist","floor":4,"turns":5},{"damage":53,"enemies":"Gremlin Nob","floor":6,"turns":7},{"damage":0,"enemies":"Lagavulin","floor":8,"turns":1}],"seed_played":"-1140433151792050638","potions_obtained":[],"is_trial":false,"path_per_floor":["M","?","M","M","?","E","R","E"],"character_chosen":"THE_SILENT","items_purchased":[],"campfire_rested":0,"item_purchase_floors":[],"current_hp_per_floor":[66,71,70,70,59,6,6,6,6],"gold":348,"neow_bonus":"HUNDRED_GOLD","is_daily":false,"chose_seed":false,"campfire_upgraded":1,"win_rate":0.0,"timestamp":1610319825,"path_taken":["M","?","M","M","?","E","R","E"],"items_purchased_type":[],"build_version":"2020-12-22","purchased_purges":0,"victory":false,"max_hp_per_floor":[70,75,75,75,75,75,75,75,75],"card_choices":[{"not_picked":["Backflip","Dagger Throw","Endless Agony"],"picked":"SKIP","floor":1},{"not_picked":["Flechettes","Backflip","Sucker Punch"],"picked":"SKIP","floor":3},{"not_picked":["Sucker Punch","Bane"],"picked":"Footwork","floor":4},{"not_picked":["Outmaneuver","Tactician"],"picked":"Caltrops","floor":6}],"player_experience":28401,"relics_obtained":[{"floor":6,"key":"Pen Nib"}],"event_choices":[{"damage_healed":0,"gold_gain":0,"player_choice":"Donut","damage_taken":0,"max_hp_gain":5,"max_hp_loss":0,"event_name":"Big Fish","floor":2,"gold_loss":0},{"damage_healed":0,"gold_gain":75,"player_choice":"Gather Gold","damage_taken":11,"max_hp_gain":0,"max_hp_loss":0,"event_name":"World of Goop","floor":5,"gold_loss":0}],"is_beta":false,"boss_relics":[],"items_purged_floors":[],"is_endless":false,"potions_floor_spawned":[],"killed_by":"Lagavulin","ascension_level":2}}