{"host":"8i4doyxqctgl5qb0","time":1610296188,"event":{"mods":["AchievementEnabler","BaseMod","Block Reminder","Colored Powertips","Downfall","Minty Spire (QoL Compilation)","Permanent Neow","Potion Indicator Mod","Rare Cards Sparkle","StSLib","SuperFastMode"],"gold_per_floor":[0,14,26,39,39,51,132,132,148,159,159,182,21,21,33,138,188,188,198,198,208,228,244,295,307,419,431,431,431],"floor_reached":27,"playtime":1217,"items_purged":[],"score":207,"play_id":"2d830519-f2ce-4dd1-b84c-60466462e8e9","local_time":"20210111002948","is_ascension_mode":false,"campfire_choices":[{"data":"hexamod:Sear","floor":1.0,"key":"SMITH"},{"data":"hexamod:TimeOfNeed","floor":18.0,"key":"SMITH"},{"floor":25,"key":"REST"}],"circlet_count":0,"master_deck":["hexamod:Strike","hexamod:Strike","hexamod:Defend","hexamod:Defend","hexamod:Defend","hexamod:Sear+1","hexamod:Float","hexamod:BurningTouch","hexamod:PhantomCloak","hexamod:RainOfEmbers","hexamod:ShieldOfDarkness","hexamod:AdvancingGuard","hexamod:ShieldOfDarkness+1","hexamod:GhostflameInferno","hexamod:TimeOfNeed+1","hexamod:RadiantFlame","hexamod:FifthSeal","hexamod:RainOfEmbers","hexamod:FirstSeal","hexamod:FlamesFromBeyond","hexamod:SearingWound","hexamod:NightmareGuise"],"relics":["hexamod:SpiritBrand","Lizard Tail","InkBottle","Toy Ornithopter","Odd Mushroom","Lee\u0027s Waffle","Tiny House","MawBank"],"acts_visited":["Exordium","TheCity"],"potions_floor_usage":[23],"damage_taken":[{"damage":0.0,"enemies":"2 Louse","floor":2.0,"turns":3.0},{"damage":6.0,"enemies":"Jaw Worm","floor":3.0,"turns":3.0},{"damage":0.0,"enemies":"Cultist","floor":4.0,"turns":3.0},{"damage":7.0,"enemies":"Gremlin Gang","floor":6.0,"turns":7.0},{"damage":9.0,"enemies":"3 Louse","floor":9.0,"turns":4.0},{"damage":2.0,"enemies":"2 Fungi Beasts","floor":10.0,"turns":4.0},{"damage":8.0,"enemies":"The Mushroom Lair","floor":12.0,"turns":4.0},{"damage":0.0,"enemies":"downfall:FleeingMerchant","floor":13.0,"turns":4.0},{"damage":0.0,"enemies":"Red Slaver","floor":15.0,"turns":4.0},{"damage":94.0,"enemies":"downfall:Defect","floor":16.0,"turns":13.0},{"damage":25.0,"enemies":"Shell Parasite","floor":19.0,"turns":7.0},{"damage":26,"enemies":"3 Byrds","floor":21,"turns":5},{"damage":14,"enemies":"Shelled Parasite and Fungi","floor":22,"turns":8},{"damage":12,"enemies":"Snake Plant","floor":23,"turns":6},{"damage":58,"enemies":"3 Cultists","floor":27,"turns":5}],"seed_played":"2906712189328910292","potions_obtained":[{"floor":3.0,"key":"Fire Potion"},{"floor":6.0,"key":"champ:CounterPotion"},{"floor":9.0,"key":"AttackPotion"},{"floor":12.0,"key":"SpeedPotion"},{"floor":17.0,"key":"FearPotion"}],"is_trial":false,"path_per_floor":["R","M","M","M","?","M","T","?","M","M","?","?","$","?","M","B",null,"R","M","?","M","M","M","T","R","?","M"],"character_chosen":"THE_SPIRIT","items_purchased":["Lee\u0027s Waffle"],"campfire_rested":1,"item_purchase_floors":[13],"current_hp_per_floor":[70,70,64,64,64,57,57,57,48,46,34,31,77,77,77,22,82,82,57,57,38,31,31,31,55,55,0,0,0],"gold":431,"neow_bonus":"ONE_RARE_RELIC","is_daily":false,"chose_seed":false,"campfire_upgraded":2,"win_rate":0.0,"timestamp":1610296188,"path_taken":["R","M","M","M","?","M","T","?","?","?","?","?","$","?","M","BOSS","R","M","?","M","M","M","T","R","?","?"],"items_purchased_type":["Relic"],"build_version":"2020-12-22","purchased_purges":0,"victory":false,"max_hp_per_floor":[70,70,70,70,70,70,70,70,70,70,70,70,77,77,77,77,82,82,82,82,82,82,82,82,82,82,82,82,82],"card_choices":[{"not_picked":["hexamod:HauntingEcho","hexamod:GhostOfSpirePast"],"picked":"hexamod:BurningTouch","floor":2.0},{"not_picked":["hexamod:ShieldOfDarkness","hexamod:NightmareStrike"],"picked":"hexamod:PhantomCloak","floor":3.0},{"not_picked":["hexamod:SpectersWail","hexamod:UnleashSpirits"],"picked":"hexamod:RainOfEmbers","floor":4.0},{"not_picked":["hexamod:SwordOfDarkness","hexamod:SpectersWail"],"picked":"hexamod:ShieldOfDarkness","floor":6.0},{"not_picked":["hexamod:SoulSteal","hexamod:InspiringFlames"],"picked":"hexamod:AdvancingGuard","floor":9.0},{"not_picked":["hexamod:HeatShield","hexamod:RetreatToShadows"],"picked":"hexamod:ShieldOfDarkness","floor":10.0},{"not_picked":["hexamod:AdvancingGuard","hexamod:GhostLash"],"picked":"hexamod:GhostflameInferno","floor":12.0},{"not_picked":["hexamod:FastForward","hexamod:SpectersWail"],"picked":"hexamod:TimeOfNeed","floor":13.0},{"not_picked":["hexamod:HeatMetal","hexamod:CatchUp"],"picked":"hexamod:RadiantFlame","floor":15.0},{"not_picked":["hexamod:TimeWarp","hexamod:CrushingStance"],"picked":"hexamod:FifthSeal","floor":16.0},{"not_picked":["hexamod:BurningTouch","hexamod:GhostLash"],"picked":"hexamod:RainOfEmbers","floor":17.0},{"not_picked":["hexamod:FourthSeal","hexamod:SecondSeal"],"picked":"hexamod:FirstSeal","floor":19.0},{"not_picked":["hexamod:NightmareGuise","hexamod:RetreatToShadows+1"],"picked":"hexamod:FlamesFromBeyond","floor":19.0},{"not_picked":["hexamod:ThermalTransfer","hexamod:GhostLash+1"],"picked":"hexamod:SearingWound","floor":21},{"not_picked":["hexamod:Again","hexamod:SwordOfDarkness"],"picked":"hexamod:NightmareGuise","floor":22},{"not_picked":["hexamod:GhostOfSpireFuture+1","hexamod:BacktrackSmack+1","hexamod:NightmareStrike"],"picked":"SKIP","floor":23}],"player_experience":142974,"relics_obtained":[{"floor":7.0,"key":"InkBottle"},{"floor":12.0,"key":"Odd Mushroom"},{"floor":24,"key":"MawBank"}],"event_choices":[{"damage_healed":0.0,"max_hp_gain":0.0,"max_hp_loss":0.0,"gold_gain":0.0,"event_name":"FaceTrader","player_choice":"Leave","floor":8.0,"gold_loss":0.0,"damage_taken":0.0},{"damage_healed":0.0,"max_hp_gain":0.0,"max_hp_loss":0.0,"gold_gain":0.0,"event_name":"Scrap Ooze","player_choice":"Success","floor":11.0,"gold_loss":0.0,"damage_taken":12.0,"relics_obtained":["Toy Ornithopter"]},{"damage_healed":0.0,"max_hp_gain":0.0,"max_hp_loss":0.0,"gold_gain":0.0,"event_name":"Mushrooms","player_choice":"Fought Mushrooms","floor":12.0,"gold_loss":0.0,"damage_taken":0.0},{"cards_removed":["hexamod:Defend"],"damage_healed":0.0,"max_hp_gain":0.0,"max_hp_loss":0.0,"gold_gain":0.0,"event_name":"Bonfire Elementals","player_choice":"Offered Basic","floor":14.0,"gold_loss":0.0,"damage_taken":0.0}],"is_beta":false,"boss_relics":[{"not_picked":["Velvet Choker","Runic Pyramid"],"picked":"Tiny House"}],"items_purged_floors":[],"is_endless":false,"potions_floor_spawned":[3,6,9,12],"killed_by":"3 Cultists","ascension_level":0}}