{"host":"dbkc9h3etq50r1dq","time":1610301886,"event":{"mods":["AchievementEnabler","BaseMod","Block Reminder","Colored Powertips","Curses Come First","Custom Start","Dark Map","Marisa£®ÏF”Í°°ƒß¿Ì…≥£©","Minty Spire (QoL Compilation)","Permanent Neow","Potion Indicator Mod","Rare Cards Sparkle","StSLib","SuperFastMode"],"gold_per_floor":[115,290,290,290,301,301,335,410,483,162,179,79,32,44,44,139,139,153,181,195,195,206,206,206,226,226,226,243,29,40,54,54,151,201,217,217,290,310,327,327,344,344,367,367,387,11,11,27,27,27],"floor_reached":51,"playtime":2107,"items_purged":["Strike_MRS","Defend_MRS","Defend_MRS"],"score":967,"play_id":"4ecc5faf-97aa-4dc0-8560-3c6abd31202e","local_time":"20210111020446","is_ascension_mode":true,"campfire_choices":[{"data":"PowerUp","floor":6.0,"key":"SMITH"},{"data":"MilkyWay","floor":15.0,"key":"SMITH"},{"floor":23.0,"key":"REST"},{"data":"SprinkleStarSeal","floor":27.0,"key":"SMITH"},{"data":"MilkyWay","floor":32.0,"key":"SMITH"},{"data":"PowerUp","floor":40,"key":"SMITH"},{"data":"PowerUp","floor":42,"key":"SMITH"},{"floor":44,"key":"REST"},{"data":"UpSweep","floor":47,"key":"SMITH"},{"floor":49,"key":"REST"}],"circlet_count":0,"master_deck":["Strike_MRS","Strike_MRS","Defend_MRS+1","MasterSpark","UpSweep+1","PowerUp+1","MilkyWay+1","SprinkleStarSeal+1","SporeBomb","TreasureHunter+1","PowerUp+1","PowerUp+1","PowerUp+1","StarBarrage+1","MilkyWay+1","MilkyWay+1","Finesse","NonDirectionalLaser+1","UnstableBomb+1","StarBarrage+1","NonDirectionalLaser+1","Wraith","MachineGunSpark+1","EnergyFlow+1","Parasite","Parasite","DarkMatter+1","MilkyWay"],"relics":["MiniHakkero","NeowsBlessing","Nunchaku","Molten Egg 2","Anchor","TungstenRod","ExperimentalFamiliar","Red Mask","White Beast Statue","Tiny House","HandmadeGrimoire","ShroomBag","Calipers"],"acts_visited":["Exordium","TheCity","TheBeyond"],"potions_floor_usage":[39,39,50,50,50],"damage_taken":[{"damage":0.0,"enemies":"Small Slimes","floor":1.0,"turns":1.0},{"damage":0.0,"enemies":"2 Louse","floor":5.0,"turns":1.0},{"damage":0.0,"enemies":"3 Sentries","floor":7.0,"turns":2.0},{"damage":0.0,"enemies":"Cultist","floor":11.0,"turns":3.0},{"damage":0.0,"enemies":"Exordium Wildlife","floor":14.0,"turns":3.0},{"damage":27.0,"enemies":"The Guardian","floor":16.0,"turns":8.0},{"damage":7.0,"enemies":"2 Thieves","floor":18.0,"turns":3.0},{"damage":0.0,"enemies":"Masked Bandits","floor":19.0,"turns":2.0},{"damage":3.0,"enemies":"Spheric Guardian","floor":20.0,"turns":3.0},{"damage":6.0,"enemies":"Snake Plant","floor":22.0,"turns":2.0},{"damage":0.0,"enemies":"Centurion and Healer","floor":25.0,"turns":3.0},{"damage":0.0,"enemies":"Sentry and Sphere","floor":28.0,"turns":3.0},{"damage":0.0,"enemies":"Shelled Parasite and Fungi","floor":30.0,"turns":3.0},{"damage":0.0,"enemies":"Snecko","floor":31.0,"turns":3.0},{"damage":2.0,"enemies":"Champ","floor":33.0,"turns":5.0},{"damage":0.0,"enemies":"3 Darklings","floor":35.0,"turns":3.0},{"damage":0.0,"enemies":"3 Shapes","floor":38.0,"turns":1.0},{"damage":17,"enemies":"Writhing Mass","floor":39,"turns":4},{"damage":0,"enemies":"4 Shapes","floor":41,"turns":3},{"damage":33,"enemies":"Spire Growth","floor":45,"turns":3},{"damage":1,"enemies":"Jaw Worm Horde","floor":48,"turns":3},{"damage":51,"enemies":"Donu and Deca","floor":50,"turns":6}],"seed_played":"6812632231499715173","potions_obtained":[{"floor":5.0,"key":"ShroomBrew"},{"floor":7.0,"key":"Weak Potion"},{"floor":18.0,"key":"BlessingOfTheForge"},{"floor":22.0,"key":"DuplicationPotion"},{"floor":28.0,"key":"FearPotion"},{"floor":30.0,"key":"PowerPotion"},{"floor":31.0,"key":"BlessingOfTheForge"},{"floor":33.0,"key":"Block Potion"},{"floor":34.0,"key":"Energy Potion"},{"floor":35.0,"key":"ColorlessPotion"},{"floor":39,"key":"DuplicationPotion"},{"floor":41,"key":"SpeedPotion"},{"floor":45,"key":"EssenceOfSteel"},{"floor":48,"key":"Strength Potion"}],"is_trial":false,"path_per_floor":["M","?","?","?","M","R","E","?","T","$","M","$","$","M","R","B",null,"M","?","M","?","M","R","?","M","T","R","M","$","M","M","R","B",null,"M","?","T","M","M","R","M","R","T","R","M","$","R","M","R","B",null],"character_chosen":"MARISA","items_purchased":["SprinkleStarSeal","SporeBomb","Anchor","PowerUp","Finesse","Calipers","LiquidBronze"],"campfire_rested":3,"item_purchase_floors":[10,10,10,13,29,46,46],"current_hp_per_floor":[68,68,61,61,61,61,61,50,50,50,50,50,50,50,50,23,62,55,55,52,52,46,68,68,68,68,68,68,68,68,68,68,66,78,78,78,78,78,61,61,61,61,61,80,49,49,49,48,72,25],"gold":27,"neow_bonus":"THREE_ENEMY_KILL","is_daily":false,"chose_seed":false,"campfire_upgraded":7,"win_rate":0.0,"timestamp":1610301886,"path_taken":["M","?","?","?","?","R","E","?","T","$","M","?","$","M","R","BOSS","M","?","M","?","M","R","?","?","T","R","M","$","M","M","R","BOSS","M","?","?","M","M","R","M","R","T","R","M","$","R","?","R","BOSS"],"items_purchased_type":["Card","Card","Relic","Card","Card","Relic","Potion"],"build_version":"2020-12-22","purchased_purges":3,"victory":true,"max_hp_per_floor":[75,75,75,75,75,75,75,75,75,75,75,75,75,75,75,75,75,75,75,75,75,75,75,75,75,75,75,75,75,75,75,75,75,80,80,80,80,80,80,80,80,80,80,80,80,80,80,80,80,80],"card_choices":[{"not_picked":["NonDirectionalLaser","EventHorizon"],"picked":"PowerUp","floor":1.0},{"not_picked":["GravityBeat","GrandCross","WitchLeyline"],"picked":"SKIP","floor":5.0},{"not_picked":["MeteoricShower","DeepEcoloBomb"],"picked":"MilkyWay","floor":7.0},{"not_picked":["OrrerysSun","ShootingEcho+1"],"picked":"TreasureHunter+1","floor":11.0},{"not_picked":["MagicAbsorber","DragonMeteor+1"],"picked":"PowerUp","floor":14.0},{"not_picked":["DeepEcoloBomb+1","WitchLeyline+1"],"picked":"PowerUp+1","floor":18.0},{"not_picked":["SporeBomb+1","WitchOfGreed"],"picked":"StarBarrage+1","floor":20.0},{"not_picked":["Acceleration+1","GravityBeat+1","ShootingEcho+1"],"picked":"SKIP","floor":22.0},{"not_picked":["SporeBomb","ShootingEcho+1","RefractionSpark+1"],"picked":"SKIP","floor":25.0},{"not_picked":["MysteriousBeam+1","IllusionStar"],"picked":"MilkyWay","floor":28.0},{"not_picked":["DarkSpark+1","Orbital"],"picked":"NonDirectionalLaser+1","floor":30.0},{"not_picked":["Occultation","MagicAbsorber+1"],"picked":"UnstableBomb+1","floor":31.0},{"not_picked":["PowerUp","EventHorizon"],"picked":"StarBarrage+1","floor":34.0},{"not_picked":["IllusionStar+1","WitchOfGreed"],"picked":"NonDirectionalLaser+1","floor":35.0},{"not_picked":["TreasureHunter+1","AsteroidBelt+1","Acceleration"],"picked":"SKIP","floor":38.0},{"not_picked":["ShootingEcho+1","IllusionStar"],"picked":"MachineGunSpark+1","floor":39},{"not_picked":["MysteriousBeam+1","WitchLeyline+1"],"picked":"EnergyFlow+1","floor":41},{"not_picked":["DeepEcoloBomb+1","WitchLeyline+1"],"picked":"DarkMatter+1","floor":45},{"not_picked":["PowerUp+1","GravityBeat+1"],"picked":"MilkyWay","floor":48}],"player_experience":156328,"relics_obtained":[{"floor":7.0,"key":"Nunchaku"},{"floor":9.0,"key":"Molten Egg 2"},{"floor":16.0,"key":"TungstenRod"},{"floor":19.0,"key":"Red Mask"},{"floor":26.0,"key":"White Beast Statue"},{"floor":37.0,"key":"HandmadeGrimoire"},{"floor":43,"key":"ShroomBag"}],"event_choices":[{"damage_healed":0.0,"max_hp_gain":0.0,"max_hp_loss":0.0,"gold_gain":175.0,"event_name":"Liars Game","player_choice":"AGREE","floor":2.0,"gold_loss":0.0,"damage_taken":0.0,"cards_obtained":["Doubt"]},{"cards_removed":["Doubt"],"damage_healed":0.0,"max_hp_gain":0.0,"max_hp_loss":0.0,"gold_gain":0.0,"event_name":"Golden Wing","player_choice":"Card Removal","floor":3.0,"gold_loss":0.0,"damage_taken":7.0},{"cards_removed":["Defend_MRS"],"damage_healed":0.0,"max_hp_gain":0.0,"max_hp_loss":0.0,"gold_gain":0.0,"event_name":"Bonfire Elementals","player_choice":"Offered Basic","floor":4.0,"gold_loss":0.0,"damage_taken":0.0},{"damage_healed":0.0,"max_hp_gain":0.0,"max_hp_loss":0.0,"gold_gain":75.0,"event_name":"World of Goop","player_choice":"Gather Gold","floor":8.0,"gold_loss":0.0,"damage_taken":11.0},{"damage_healed":0.0,"max_hp_gain":0.0,"max_hp_loss":0.0,"gold_gain":0.0,"event_name":"Masked Bandits","player_choice":"Fought Bandits","floor":19.0,"gold_loss":0.0,"damage_taken":0.0},{"cards_removed":["Strike_MRS"],"damage_healed":0.0,"max_hp_gain":0.0,"max_hp_loss":0.0,"gold_gain":0.0,"event_name":"Back to Basics","player_choice":"Elegance","floor":21.0,"gold_loss":0.0,"damage_taken":0.0},{"damage_healed":0.0,"max_hp_gain":0.0,"max_hp_loss":0.0,"gold_gain":0.0,"event_name":"Duplicator","player_choice":"Copied","floor":24.0,"gold_loss":0.0,"damage_taken":0.0,"cards_obtained":["MilkyWay"]},{"damage_healed":0.0,"max_hp_gain":0.0,"max_hp_loss":0.0,"gold_gain":0.0,"event_name":"OrinTheCat","player_choice":"Ignored","floor":36.0,"gold_loss":0.0,"damage_taken":0.0}],"is_beta":false,"boss_relics":[{"not_picked":["Black Star","BewitchedHakkero"],"picked":"ExperimentalFamiliar"},{"not_picked":["Runic Dome","Cursed Key"],"picked":"Tiny House"}],"items_purged_floors":[10,12,29],"is_endless":false,"potions_floor_spawned":[5,7,18,22,28,30,31,33,35,38,39,41,45,48],"ascension_level":7}}