{"host":"Ian","time":1610315242,"event":{"mods":["BaseMod","Bestiary","Block Reminder","Colored Map","Highlight Path","Key Reminder","Minty Spire (QoL Compilation)","Relic Stats"],"gold_per_floor":[113,38,51,64,64,92,92,126,150,150,184,210,236,252,252,330,380,399,399,80,96,96,96,96,96],"floor_reached":24,"playtime":980,"items_purged":["Strike_R"],"score":494,"play_id":"8af934de-a0e3-4b45-8092-e13f41d54a19","local_time":"20210110214722","is_ascension_mode":true,"campfire_choices":[{"floor":7.0,"key":"REST"},{"floor":10,"key":"REST"},{"floor":15,"key":"REST"},{"floor":23,"key":"REST"}],"circlet_count":0,"master_deck":["AscendersBane","Strike_R","Strike_R","Strike_R+1","Defend_R","Defend_R","Defend_R","Defend_R","Bash","Iron Wave","Twin Strike","Armaments","Iron Wave","Juggernaut","Juggernaut","Second Wind","Ghostly Armor","Master of Strategy","Ghostly Armor","True Grit","Rage"],"relics":["Fusion Hammer","MealTicket","Oddly Smooth Stone","Red Skull","Bag of Marbles","Potion Belt","Pen Nib","Tiny House","Bottled Lightning"],"acts_visited":["Exordium","TheCity"],"potions_floor_usage":[8,16,18,24],"damage_taken":[{"damage":1.0,"enemies":"Small Slimes","floor":1.0,"turns":3.0},{"damage":0.0,"enemies":"2 Louse","floor":3.0,"turns":2.0},{"damage":7.0,"enemies":"Jaw Worm","floor":4.0,"turns":3.0},{"damage":22.0,"enemies":"Lagavulin","floor":6.0,"turns":7.0},{"damage":0,"enemies":"3 Sentries","floor":8,"turns":6},{"damage":24,"enemies":"Gremlin Nob","floor":11,"turns":4},{"damage":16,"enemies":"Lagavulin","floor":13,"turns":4},{"damage":2,"enemies":"Red Slaver","floor":14,"turns":2},{"damage":39,"enemies":"Hexaghost","floor":16,"turns":10},{"damage":4,"enemies":"2 Thieves","floor":18,"turns":3},{"damage":12,"enemies":"Chosen","floor":21,"turns":4},{"damage":88,"enemies":"Slavers","floor":24,"turns":6}],"seed_played":"-6185024734673803939","potions_obtained":[{"floor":1.0,"key":"Block Potion"},{"floor":4.0,"key":"Energy Potion"},{"floor":6.0,"key":"AttackPotion"},{"floor":11,"key":"SpeedPotion"},{"floor":17,"key":"SneckoOil"},{"floor":18,"key":"EssenceOfSteel"}],"is_trial":false,"path_per_floor":["M","?","M","M","?","E","R","E","T","R","E","T","E","M","R","B",null,"M","T","$","M","?","R","E"],"character_chosen":"IRONCLAD","items_purchased":["Master of Strategy","Ghostly Armor"],"campfire_rested":4,"item_purchase_floors":[20,20],"current_hp_per_floor":[67,67,67,60,60,38,60,60,60,75,51,51,35,33,55,16,65,61,61,76,64,64,80,0,0],"gold":96,"neow_bonus":"BOSS_RELIC","is_daily":false,"chose_seed":false,"campfire_upgraded":0,"win_rate":0.0,"timestamp":1610315242,"path_taken":["M","?","M","M","?","E","R","E","T","R","E","?","E","M","R","BOSS","M","?","$","?","?","R","E"],"items_purchased_type":["Card","Card"],"build_version":"2020-12-18","purchased_purges":1,"victory":false,"max_hp_per_floor":[75,75,75,75,75,75,75,75,75,75,75,75,75,75,75,75,80,80,80,80,80,80,80,80,80],"relic_stats":{"counters":[12,54],"MealTicket":15,"Pen Nib":[3],"obtain_stats":[{"Potion Belt":12,"Tiny House":17,"Oddly Smooth Stone":8,"MealTicket":6,"Fusion Hammer":0,"Pen Nib":13,"Bag of Marbles":11,"Bottled Lightning":19,"Burning Blood":0,"Red Skull":9},{"Potion Belt":6,"Tiny House":9,"Oddly Smooth Stone":5,"MealTicket":4,"Fusion Hammer":0,"Pen Nib":7,"Bag of Marbles":6,"Bottled Lightning":10,"Burning Blood":0,"Red Skull":5},{"Potion Belt":25,"Tiny House":41,"Oddly Smooth Stone":21,"MealTicket":15,"Fusion Hammer":0,"Pen Nib":29,"Bag of Marbles":25,"Bottled Lightning":44,"Burning Blood":0,"Red Skull":21}]},"card_choices":[{"not_picked":["Seeing Red","Clash"],"picked":"Iron Wave","floor":1.0},{"not_picked":["Reckless Charge","Warcry"],"picked":"Twin Strike","floor":3.0},{"not_picked":["Wild Strike","Clash"],"picked":"Armaments","floor":4.0},{"not_picked":["Flex","Anger"],"picked":"Iron Wave","floor":6.0},{"not_picked":["Twin Strike","Wild Strike","Cleave"],"picked":"SKIP","floor":8},{"not_picked":["Seeing Red","Thunderclap","Twin Strike"],"picked":"SKIP","floor":11},{"not_picked":["Body Slam","Seeing Red"],"picked":"Juggernaut","floor":13},{"not_picked":["Sword Boomerang","Cleave","Sever Soul"],"picked":"SKIP","floor":14},{"not_picked":["Immolate","Reaper"],"picked":"Juggernaut","floor":16},{"not_picked":["Perfected Strike","Pummel"],"picked":"Second Wind","floor":17},{"not_picked":["Bloodletting","Sentinel"],"picked":"Ghostly Armor","floor":18},{"not_picked":["Twin Strike","Flex"],"picked":"True Grit","floor":21}],"player_experience":2668678,"relics_obtained":[{"floor":6.0,"key":"MealTicket"},{"floor":8,"key":"Oddly Smooth Stone"},{"floor":9,"key":"Red Skull"},{"floor":11,"key":"Bag of Marbles"},{"floor":12,"key":"Potion Belt"},{"floor":13,"key":"Pen Nib"},{"floor":19,"key":"Bottled Lightning"}],"event_choices":[{"cards_removed":["Strike_R"],"damage_healed":0.0,"max_hp_gain":0.0,"max_hp_loss":0.0,"gold_gain":0.0,"event_name":"The Cleric","player_choice":"Card Removal","floor":2.0,"gold_loss":75.0,"damage_taken":0.0},{"damage_healed":0.0,"max_hp_gain":0.0,"max_hp_loss":0.0,"gold_gain":0.0,"event_name":"Liars Game","player_choice":"Ignored","floor":5.0,"gold_loss":0.0,"damage_taken":0.0},{"damage_healed":0,"gold_gain":0,"player_choice":"Read","damage_taken":0,"max_hp_gain":0,"max_hp_loss":0,"event_name":"The Library","floor":22,"gold_loss":0,"cards_obtained":["Rage"]}],"is_beta":true,"boss_relics":[{"not_picked":["Snecko Eye","SlaversCollar"],"picked":"Tiny House"}],"items_purged_floors":[20],"is_endless":false,"potions_floor_spawned":[1,4,6,11,18],"killed_by":"Slavers","ascension_level":20}}