{"host":"mmyob72dycyg5z21","time":1610262154,"event":{"mods":["Act Like it!","Alarm Clock","BaseMod","Bestiary","Better Note","Better Third Choice","Better Vampires","Colored Powertips","Custom Start","Gold Saver","Gremlin Skip","Luminous","Marked Mod","Minty Spire (QoL Compilation)","Rare Cards Sparkle","Spicy Shops","StSLib","SuperFastMode","[功能]功能增强和修复MOD","【功能Mod】精心准备"],"gold_per_floor":[110,120,120,136,136,136,136,171,171,185,185,185,185,196,196,301,301,315,675,675,686,686,720,720,720,720],"floor_reached":25,"playtime":420,"items_purged":[],"score":344,"play_id":"ac5c0ef3-513b-4aa6-a413-6d52c88ba8b5","local_time":"20210110150234","is_ascension_mode":false,"campfire_choices":[{"data":"Adaptation","floor":6,"key":"SMITH"},{"data":"Tantrum","floor":13,"key":"SMITH"},{"data":"FlurryOfBlows","floor":15,"key":"SMITH"},{"data":"TalkToTheHand","floor":24,"key":"SMITH"}],"circlet_count":0,"master_deck":["TalkToTheHand+1","FlurryOfBlows+1","FearNoEvil","Tantrum+1","Adaptation+1","Beam Cell+1","Shrug It Off+1"],"relics":["Unceasing Top","Pear"],"acts_visited":["Exordium","TheCity"],"potions_floor_usage":[10,23,23],"damage_taken":[{"damage":0,"enemies":"Cultist","floor":1,"turns":1},{"damage":0,"enemies":"Small Slimes","floor":2,"turns":1},{"damage":0,"enemies":"Jaw Worm","floor":4,"turns":1},{"damage":0,"enemies":"Gremlin Nob","floor":8,"turns":2},{"damage":0,"enemies":"Looter","floor":10,"turns":1},{"damage":0,"enemies":"2 Fungi Beasts","floor":14,"turns":1},{"damage":0,"enemies":"The Guardian","floor":16,"turns":3},{"damage":0,"enemies":"3 Byrds","floor":18,"turns":2},{"damage":0,"enemies":"Chosen","floor":21,"turns":1},{"damage":0,"enemies":"Book of Stabbing","floor":23,"turns":1},{"damage":0,"enemies":"Gremlin Leader","floor":25,"turns":1}],"seed_played":"-5738318224990631814","potions_obtained":[{"floor":1,"key":"AttackPotion"},{"floor":8,"key":"Dexterity Potion"},{"floor":8,"key":"AttackPotion"},{"floor":16,"key":"Energy Potion"}],"is_trial":true,"path_per_floor":["M","M","$","M","$","R","?","E","T","M","$","?","R","M","R","B",null,"M","?","$","M","?","E","R","E"],"character_chosen":"IRONCLAD","items_purchased":[],"campfire_rested":0,"item_purchase_floors":[],"current_hp_per_floor":[80,80,80,80,80,80,64,64,64,64,64,69,69,69,69,69,85,85,49,49,49,49,59,59,59,59],"gold":720,"neow_bonus":"","is_daily":false,"chose_seed":false,"campfire_upgraded":4,"win_rate":0.0,"timestamp":1610262154,"path_taken":["M","?","$","M","$","R","?","E","T","M","$","?","R","M","R","BOSS","M","?","$","M","?","E","R","E"],"items_purchased_type":[],"build_version":"2020-12-22","purchased_purges":0,"victory":false,"max_hp_per_floor":[80,80,80,80,80,80,80,80,80,80,80,85,85,85,85,85,85,85,85,85,85,85,95,95,95,95],"card_choices":[{"not_picked":["Sever Soul","Warcry","Flame Barrier"],"picked":"SKIP","floor":1},{"not_picked":["Hemokinesis","Sword Boomerang","Twin Strike"],"picked":"SKIP","floor":2},{"not_picked":["Clothesline","Berserk"],"picked":"Shrug It Off","floor":4},{"not_picked":["Combust","Dual Wield","Iron Wave"],"picked":"SKIP","floor":8},{"not_picked":["Shockwave","Havoc","Headbutt"],"picked":"SKIP","floor":10},{"not_picked":["Bloodletting","True Grit","Heavy Blade"],"picked":"SKIP","floor":14},{"not_picked":["Clothesline","Anger+1","Pommel Strike"],"picked":"SKIP","floor":18},{"not_picked":["Pummel","Sword Boomerang","Heavy Blade"],"picked":"SKIP","floor":21},{"not_picked":["Entrench","Exhume","Warcry+1"],"picked":"SKIP","floor":23}],"player_experience":375000,"relics_obtained":[{"floor":23,"key":"Pear"}],"event_choices":[{"damage_healed":80,"gold_gain":0,"player_choice":"Upgrade","damage_taken":16,"max_hp_gain":0,"max_hp_loss":80,"event_name":"betterThird:BetterShining","floor":7,"gold_loss":0,"cards_upgraded":["Shrug It Off","Beam Cell"]},{"damage_healed":0,"gold_gain":0,"player_choice":"Donut","damage_taken":0,"max_hp_gain":5,"max_hp_loss":0,"event_name":"Big Fish","floor":12,"gold_loss":0},{"damage_healed":0,"gold_gain":360,"player_choice":"GOLD GOLD GOLD GOLD ","damage_taken":36,"max_hp_gain":0,"max_hp_loss":0,"event_name":"Knowing Skull","floor":19,"potions_obtained":[],"gold_loss":0,"cards_obtained":[]}],"is_beta":false,"boss_relics":[{"not_picked":["Empty Cage","Astrolabe","Sozu"]}],"items_purged_floors":[],"is_endless":false,"potions_floor_spawned":[1,8,8,16,21],"killed_by":"Gremlin Leader","ascension_level":0}}