{"host":"00tqcjwpycel7e54","time":1610253389,"event":{"mods":["ATMod(阿瑾Mod)","Act Like it!","BaseMod","Colored Powertips","Decade(王小明)","Hermit","Highlight Path","Hubris","Luminous","Marisa（F雨　魔理沙）","Minty Spire (QoL Compilation)","Reimu（博丽灵梦）","Remilia（蕾米莉亚）","Robot Space Explorer","SOS（斯巴达之子）","Shop Mod","Spicy Shops","StSLib","The Administrix","The Animator","The Bug Knight","The Construct","The Cursed","The Gatherer","The Hierophant","The Mystic","The Runesmith","The Servant 0.9.4","WarShipGirlsR/战舰少女R mod","Youmu（魂魄妖梦）","Yuyuko","vexMod","【遗物卡牌】REMEMod"],"gold_per_floor":[158,158,158,173,201,324,347,347,347,402,402,95,244,228,228,329,329,382,419,173,233,330,496,496,496,550,705,705,891,891,152,152,458,458,553,22,22,67,187,377,448,178,178,360,360,401,635,696,696,839,839,839,38,314,454],"floor_reached":56,"playtime":3343,"items_purged":["Writhe","Shoot","Defend_Dante"],"score":2299,"play_id":"ed710fd1-52e8-4255-b6e7-ff07171ef6f4","local_time":"20210110123629","is_ascension_mode":true,"campfire_choices":[{"data":"Stylechange","floor":8,"key":"SMITH"},{"data":"Royaldefend","floor":11,"key":"SMITH"},{"data":"Dash2","floor":15,"key":"SMITH"},{"data":"Gilgamesh","floor":24,"key":"SMITH"},{"data":"Unrisingdragon","floor":30,"key":"SMITH"},{"floor":32,"key":"RECALL"},{"data":"Darkslayer","floor":45,"key":"SMITH"},{"data":"BeastUppercut","floor":49,"key":"SMITH"},{"data":"Airtrick","floor":52,"key":"SMITH"}],"circlet_count":0,"master_deck":["Attack_a","Attack_a","Attack_b","Provocation+1","Defend_Dante","Defend_Dante","Defend_Dante","Redorb","Straight","BeastUppercut","VitalstarM","Stylechange+1","Royaldefend+1","Dash2+1","Dash1","Airtrick+1","Dash2+1","Unrisingdragon+1","Gilgamesh+1","Hightime","Darkslayer+1","Hightime+1","Swordmaster+1","SSScard+1","BeastUppercut+1","Swordcombo"],"relics":["SSS","Combocheck","AT_ATBox","REME_ComplimentaryCards","NeowsBlessing","AT_TheCollector","vexMod:MemoryStick","Bottled Flame","RuthlessExorcism:ReiMu","AT_ArcaneBoots","AT_ImmortalShieldbow","hubris:Backtick","Ice Cream","Anchor","AT_MibuBalloonWealth","vexMod:FocusSash","Regal Pillow","hubris:64BitClover","hubris:Icosahedron","AT_DeathDance","AT_LudenTempest","vexMod:Spyglass","hubris:Metronome","hubris:TerracottaHorce","Pear","Shuriken","AT_BladeRuinedKing","Art of War","Nunchaku","AT_GuinsooRageblade","vexMod:PlasmaPancake","Runesmith:AutoHammer","Eternal Feather","AT_BellowingDragoncrestRing","Pen Nib","TentaclePot:ReiMu","Sundial","construct:FoamFinger"],"acts_visited":["Exordium","TheCity","TheBeyond","TheEnding"],"potions_floor_usage":[6,33,55],"damage_taken":[{"damage":0.0,"enemies":"Small Slimes","floor":1.0,"turns":2.0},{"damage":0,"enemies":"Jaw Worm","floor":4,"turns":1},{"damage":0,"enemies":"Cultist","floor":5,"turns":1},{"damage":31,"enemies":"Lagavulin","floor":6,"turns":7},{"damage":16,"enemies":"2 Fungi Beasts","floor":7,"turns":5},{"damage":0,"enemies":"3 Louse","floor":10,"turns":1},{"damage":0,"enemies":"Gremlin Nob","floor":13,"turns":1},{"damage":6,"enemies":"Large Slime","floor":14,"turns":7},{"damage":27,"enemies":"Slime Boss","floor":16,"turns":7},{"damage":0,"enemies":"Chosen","floor":18,"turns":2},{"damage":0,"enemies":"3 Byrds","floor":19,"turns":5},{"damage":1,"enemies":"Snake Plant","floor":21,"turns":3},{"damage":2,"enemies":"Chosen and Byrds","floor":22,"turns":3},{"damage":0,"enemies":"Book of Stabbing","floor":23,"turns":3},{"damage":0,"enemies":"HollowMod:Nosk","floor":27,"turns":2},{"damage":0,"enemies":"Book of Stabbing","floor":29,"turns":3},{"damage":0,"enemies":"Automaton","floor":33,"turns":2},{"damage":0,"enemies":"3 Shapes","floor":35,"turns":2},{"damage":0,"enemies":"Orb Walker","floor":38,"turns":1},{"damage":0,"enemies":"4 Shapes","floor":39,"turns":1},{"damage":18,"enemies":"Nemesis","floor":40,"turns":4},{"damage":0,"enemies":"Sphere and 2 Shapes","floor":41,"turns":2},{"damage":0,"enemies":"Giant Head","floor":44,"turns":2},{"damage":0,"enemies":"Maw","floor":46,"turns":2},{"damage":0,"enemies":"Reptomancer","floor":47,"turns":2},{"damage":0,"enemies":"Transient","floor":48,"turns":1},{"damage":0,"enemies":"hubris:GrandSnecko","floor":50,"turns":2},{"damage":0,"enemies":"Shield and Spear","floor":54,"turns":1},{"damage":0,"enemies":"The Heart","floor":55,"turns":3}],"seed_played":"6008008814965514589","potions_obtained":[{"floor":1.0,"key":"SmokeBomb"},{"floor":5,"key":"Swift Potion"},{"floor":7,"key":"SneckoOil"},{"floor":13,"key":"BlessingOfTheForge"},{"floor":19,"key":"Swift Potion"},{"floor":21,"key":"Dexterity Potion"},{"floor":33,"key":"BlessingOfTheForge"}],"is_trial":false,"path_per_floor":["M","?","T","M","M","E","M","R","T","M","R","$","E","M","R","B",null,"M","M","$","M","M","E","R","?","T","E","?","E","R","$","R","B",null,"M","$","T","M","M","E","M","$","T","E","R","M","E","M","R","B",null,"R","$","E","B",null],"character_chosen":"DANTE","items_purchased":["RuthlessExorcism:ReiMu","AT_SpeedBoots","Anchor","Gilgamesh","AT_MibuBalloonWealth","AT_LudenTempest","vexMod:Spyglass","hubris:Metronome","Pear","Shuriken","AT_BladeRuinedKing","Nunchaku","AT_BellowingDragoncrestRing","Pen Nib","TentaclePot:ReiMu","Sundial"],"campfire_rested":0,"item_purchase_floors":[12,12,20,20,20,31,31,31,36,36,36,42,53,53,53,53],"current_hp_per_floor":[80,80,80,80,80,59,43,43,43,43,43,43,43,47,47,27,80,80,80,80,79,77,77,77,77,77,77,77,77,77,77,77,77,79,79,89,89,89,89,71,81,81,81,87,87,87,87,87,96,96,96,96,96,96,96],"gold":454,"neow_bonus":"THREE_ENEMY_KILL","is_daily":false,"chose_seed":false,"campfire_upgraded":8,"win_rate":0.0,"timestamp":1610253389,"path_taken":["M","?","?","?","M","E","M","R","T","M","R","$","E","M","R","BOSS","M","M","$","M","M","E","R","?","T","E","?","E","R","$","R","BOSS","M","$","?","?","?","E","M","$","T","E","R","M","E","M","R","BOSS","R","$","E","BOSS"],"items_purchased_type":["Relic","Relic","Relic","Card","Relic","Relic","Relic","Relic","Relic","Relic","Relic","Relic","Relic","Relic","Relic","Relic"],"build_version":"2020-12-22","purchased_purges":3,"victory":true,"max_hp_per_floor":[80,80,80,80,80,80,80,80,80,80,80,80,80,80,80,80,80,80,80,80,80,80,80,80,80,80,80,80,80,80,80,80,80,80,80,90,90,90,90,90,90,90,90,96,96,96,96,96,96,96,96,96,96,96,96],"card_choices":[{"not_picked":["DT","Chargeshoot"],"picked":"Straight","floor":1.0},{"not_picked":["LucifercomboA","Millionstab"],"picked":"BeastUppercut","floor":4},{"not_picked":["Pandora","VitalstarS"],"picked":"VitalstarM","floor":5},{"not_picked":["LucifercomboD","Weaponchange"],"picked":"Stylechange","floor":6},{"not_picked":["Dash1","Millionkick"],"picked":"Royaldefend","floor":7},{"not_picked":["EbonyIvory","Fullhouse"],"picked":"Dash2","floor":10},{"not_picked":["Weaponchange","Chargeshoot2","Stinger"],"picked":"SKIP","floor":13},{"not_picked":["Airhike","Honeycombofire"],"picked":"Dash1","floor":14},{"not_picked":["VitalstarL","Enemystep"],"picked":"Airtrick","floor":16},{"not_picked":["Weaponchange","GilgameshcomboA"],"picked":"Dash2+1","floor":18},{"not_picked":["DevilstarS","Chargeshoot2"],"picked":"Unrisingdragon","floor":19},{"not_picked":["Dash1","Chargeshoot2+1","Lucifer+1"],"picked":"SKIP","floor":21},{"not_picked":["Whiteorb","Royaldefend","Rebellion"],"picked":"SKIP","floor":22},{"not_picked":["Millionstab+1","Gunstinger"],"picked":"Hightime","floor":23},{"not_picked":["Pandora","LucifercomboB","VitalstarM"],"picked":"SKIP","floor":27},{"not_picked":["VitalstarM","EbonyIvory+1","Gunslinger+1"],"picked":"SKIP","floor":29},{"not_picked":["Demonreform","Goldorb"],"picked":"Darkslayer","floor":33},{"not_picked":["LucifercomboA+1","LucifercomboD"],"picked":"Hightime+1","floor":35},{"not_picked":["Royaldefend","LucifercomboA+1"],"picked":"Swordmaster+1","floor":38},{"not_picked":["LucifercomboC","Whiteorb+1","Millionstab+1"],"picked":"SKIP","floor":39},{"not_picked":["BeastUppercut","Weaponchange+1"],"picked":"SSScard+1","floor":40},{"not_picked":["Weaponupgrade+1","Dash1+1","GilgameshcomboA+1"],"picked":"SKIP","floor":41},{"not_picked":["Gunslinger+1","Whiteorb","Lucifer+1"],"picked":"SKIP","floor":44},{"not_picked":["Royaldefend+1","Dash2"],"picked":"BeastUppercut","floor":46},{"not_picked":["Trickster","DevilstarS","CoyoteA+1"],"picked":"SKIP","floor":47},{"not_picked":["Doubleshoot","EbonyIvory+1","LucifercomboB"],"picked":"SKIP","floor":48},{"not_picked":["Greenorb+1","SSScard+1"],"picked":"Swordcombo","floor":54}],"player_experience":703681,"relics_obtained":[{"floor":3,"key":"AT_TheCollector"},{"floor":6,"key":"vexMod:MemoryStick"},{"floor":9,"key":"Bottled Flame"},{"floor":13,"key":"AT_ImmortalShieldbow"},{"floor":23,"key":"vexMod:FocusSash"},{"floor":26,"key":"Regal Pillow"},{"floor":27,"key":"hubris:64BitClover"},{"floor":29,"key":"AT_DeathDance"},{"floor":40,"key":"Art of War"},{"floor":43,"key":"AT_GuinsooRageblade"},{"floor":44,"key":"vexMod:PlasmaPancake"},{"floor":47,"key":"Runesmith:AutoHammer"},{"floor":48,"key":"Eternal Feather"},{"floor":54,"key":"construct:FoamFinger"}],"event_choices":[{"damage_healed":0,"gold_gain":0,"player_choice":"Grow","damage_taken":0,"max_hp_gain":0,"max_hp_loss":0,"event_name":"Living Wall","floor":2,"gold_loss":0,"cards_upgraded":["Provocation"]},{"cards_removed":["Shoot"],"damage_healed":0,"gold_gain":0,"player_choice":"Elegance","damage_taken":0,"max_hp_gain":0,"max_hp_loss":0,"event_name":"Back to Basics","floor":25,"gold_loss":0}],"is_beta":false,"boss_relics":[{"not_picked":["vexMod:MegatonBomb","Pandora\u0027s Box"],"picked":"hubris:Backtick"},{"not_picked":["Tiny House","AT_MortalBlade"],"picked":"hubris:TerracottaHorce"}],"items_purged_floors":[20,31,42],"is_endless":false,"potions_floor_spawned":[1,5,7,13,19,21,27,33,38,40,44,47],"ascension_level":7}}