{"host":"fjaupvxe7fzqrf4j","time":1610284157,"event":{"mods":["ATMod(°¢èªMod)","BaseMod","Minty Spire (QoL Compilation)","StSLib"],"gold_per_floor":[111,36,36,48,48,80,80,111,111,146,177,211,288,315,315,390,390,401,411,244,277,277,312,341,382,405,449,488,511,553,585,585,663,663,681,693,288,27,27,63,87,115,115,146,180,202,227,265,265,265,265,265,265,68,96,96],"floor_reached":57,"playtime":1487,"items_purged":["BowlingBash+1","Consecrate+1","AT_OneInchPunch+1"],"score":4281,"play_id":"51f25156-9a97-4a8b-9d67-dc0c8d2f8dea","local_time":"20210110210917","daily_mods":["SealedDeck","Heirloom","Time Dilation","Flight","Elite Swarm"],"is_ascension_mode":true,"campfire_choices":[{"data":"Crescendo","floor":7.0,"key":"SMITH"},{"data":"Vault","floor":15.0,"key":"SMITH"},{"data":"Scrawl","floor":32.0,"key":"SMITH"},{"floor":49.0,"key":"RECALL"},{"floor":53.0,"key":"REST"}],"circlet_count":0,"master_deck":["AscendersBane","Prostrate+1","WheelKick+1","Wallop+1","ClearTheMind+1","Prostrate+1","FlurryOfBlows+1","Tantrum+1","Crescendo+1","LessonLearned+1","Vault+1","Brilliance+1","Omniscience+1","AT_ChampionStep+1","Brilliance+1","Ragnarok+1","DevaForm+1","Scrawl+1","Omniscience+1","Tantrum+1","DeusExMachina+1","Scrawl+1","Adaptation+1","EmptyBody+1","Omniscience+1","Fasting2+1"],"relics":["PureWater","AT_ATBox","AT_Manta","Ginger","Lantern","Singing Bowl","Ancient Tea Set","StoneCalendar","AT_ForceNature","Centennial Puzzle","VioletLotus","Vajra","Red Mask","Question Card","Prayer Wheel","CeramicFish","Strawberry","Mango","Damaru","Nunchaku","AT_EbonyIvory","SlaversCollar","Orrery","PreservedInsect","OrangePellets","Toy Ornithopter","Anchor","TeardropLocket","AT_RedTearstoneRing","Gremlin Horn","Gambling Chip","Orichalcum","Ornamental Fan"],"acts_visited":["Exordium","TheCity","TheBeyond","TheEnding"],"potions_floor_usage":[56],"damage_taken":[{"damage":0.0,"enemies":"Small Slimes","floor":1.0,"turns":1.0},{"damage":0.0,"enemies":"Jaw Worm","floor":4.0,"turns":2.0},{"damage":0.0,"enemies":"3 Sentries","floor":6.0,"turns":2.0},{"damage":0.0,"enemies":"Gremlin Nob","floor":8.0,"turns":2.0},{"damage":16.0,"enemies":"3 Sentries","floor":10.0,"turns":5.0},{"damage":0.0,"enemies":"Gremlin Nob","floor":11.0,"turns":2.0},{"damage":0.0,"enemies":"Lagavulin","floor":12.0,"turns":2.0},{"damage":0.0,"enemies":"Gremlin Nob","floor":14.0,"turns":2.0},{"damage":6.0,"enemies":"The Guardian","floor":16.0,"turns":4.0},{"damage":0.0,"enemies":"2 Thieves","floor":18.0,"turns":1.0},{"damage":0.0,"enemies":"Chosen","floor":19.0,"turns":2.0},{"damage":0.0,"enemies":"Masked Bandits","floor":21.0,"turns":1.0},{"damage":0.0,"enemies":"Gremlin Leader","floor":23.0,"turns":1.0},{"damage":5.0,"enemies":"Slavers","floor":24.0,"turns":3.0},{"damage":0.0,"enemies":"Gremlin Leader","floor":25.0,"turns":1.0},{"damage":20.0,"enemies":"Book of Stabbing","floor":27.0,"turns":2.0},{"damage":0.0,"enemies":"Slavers","floor":28.0,"turns":2.0},{"damage":0.0,"enemies":"Centurion and Healer","floor":29.0,"turns":2.0},{"damage":0.0,"enemies":"Book of Stabbing","floor":30.0,"turns":1.0},{"damage":10.0,"enemies":"Slavers","floor":31.0,"turns":2.0},{"damage":9.0,"enemies":"Champ","floor":33.0,"turns":2.0},{"damage":0.0,"enemies":"Orb Walker","floor":35.0,"turns":1.0},{"damage":0.0,"enemies":"3 Darklings","floor":36.0,"turns":1.0},{"damage":0.0,"enemies":"Nemesis","floor":40.0,"turns":1.0},{"damage":0.0,"enemies":"Jaw Worm Horde","floor":41.0,"turns":1.0},{"damage":0.0,"enemies":"Reptomancer","floor":42.0,"turns":1.0},{"damage":0.0,"enemies":"Nemesis","floor":44.0,"turns":1.0},{"damage":0.0,"enemies":"Reptomancer","floor":45.0,"turns":1.0},{"damage":0.0,"enemies":"Sphere and 2 Shapes","floor":46.0,"turns":1.0},{"damage":0.0,"enemies":"Mind Bloom Boss Battle","floor":47.0,"turns":2.0},{"damage":0.0,"enemies":"Nemesis","floor":48.0,"turns":1.0},{"damage":0.0,"enemies":"Donu and Deca","floor":50.0,"turns":1.0},{"damage":0.0,"enemies":"Awakened One","floor":51.0,"turns":2.0},{"damage":0.0,"enemies":"Shield and Spear","floor":55.0,"turns":1.0},{"damage":37,"enemies":"The Heart","floor":56,"turns":4}],"seed_played":"-6543480313954524056","potions_obtained":[{"floor":1.0,"key":"Fire Potion"},{"floor":10.0,"key":"Ancient Potion"},{"floor":12.0,"key":"SkillPotion"},{"floor":18.0,"key":"DuplicationPotion"},{"floor":21.0,"key":"Fruit Juice"},{"floor":23.0,"key":"ColorlessPotion"},{"floor":45.0,"key":"Fruit Juice"}],"is_trial":true,"path_per_floor":["M","?","?","M","?","E","R","E","T","E","E","E","T","E","R","B",null,"M","M","$","?","?","E","E","E","T","E","E","M","E","E","R","B",null,"M","M","$","$","?","E","M","E","T","E","E","M","?","E","R","B","B",null,"R","$","E","B",null],"character_chosen":"WATCHER","items_purchased":["Vajra","Orrery","PreservedInsect","OrangePellets","Fasting2"],"campfire_rested":1,"item_purchase_floors":[20,37,37,38,54],"current_hp_per_floor":[61,61,61,61,61,61,61,61,61,47,49,51,51,51,51,45,67,67,69,69,76,76,76,71,71,78,72,72,74,74,66,66,59,97,101,105,115,115,115,115,117,119,119,121,133,135,137,137,137,137,137,143,145,145,147,110],"gold":96,"neow_bonus":"","is_daily":false,"chose_seed":false,"campfire_upgraded":3,"win_rate":0.0,"timestamp":1610284157,"path_taken":["M","?","?","?","?","E","R","E","T","E","E","E","?","E","R","BOSS","M","M","$","?","?","E","E","E","T","E","E","?","E","E","R","BOSS","M","M","$","$","?","E","M","E","T","E","E","?","?","E","R","BOSS","BOSS","R","$","E","BOSS"],"items_purchased_type":["Relic","Relic","Relic","Relic","Card"],"build_version":"2020-12-22","purchased_purges":3,"victory":true,"max_hp_per_floor":[68,68,68,68,68,68,68,68,68,70,72,74,74,74,74,74,74,74,76,76,83,83,83,83,83,90,104,104,106,106,108,108,110,110,114,118,128,128,128,128,130,132,132,134,141,143,145,145,145,145,145,145,145,145,147,147],"card_choices":[{"not_picked":["Conclude","Worship","FollowUp"],"picked":"SKIP","floor":1.0},{"not_picked":["Conclude","Worship"],"picked":"FollowUp","floor":1.0},{"not_picked":["JustLucky","Prostrate"],"picked":"Crescendo","floor":4.0},{"not_picked":["SpiritShield","AT_ChampionKick"],"picked":"LessonLearned","floor":6.0},{"not_picked":["AT_ChampionKick","Wish"],"picked":"Vault","floor":8.0},{"not_picked":["Devotion","ConjureBlade","Alpha"],"picked":"Singing Bowl","floor":10.0},{"not_picked":["AT_MachinaRedman","Alpha","Wish"],"picked":"Singing Bowl","floor":11.0},{"not_picked":["Wish","DevaForm","AT_IrregularMenstruation"],"picked":"Singing Bowl","floor":12.0},{"not_picked":["MasterReality","Establishment"],"picked":"Brilliance","floor":14.0},{"not_picked":["Wish","Blasphemy"],"picked":"Omniscience","floor":16.0},{"not_picked":["BowlingBash","FlurryOfBlows"],"picked":"AT_ChampionStep+1","floor":18.0},{"not_picked":["CrushJoints","Crescendo","FollowUp"],"picked":"Singing Bowl","floor":19.0},{"not_picked":["Indignation","JustLucky","FlyingSleeves+1"],"picked":"Singing Bowl","floor":21.0},{"not_picked":["MasterReality","AT_RealColorLess"],"picked":"Brilliance","floor":23.0},{"not_picked":["Wish","AT_RealColorLess","Alpha"],"picked":"Ragnarok","floor":24.0},{"not_picked":["AT_ChampionKick","Ragnarok","Judgement"],"picked":"DevaForm","floor":25.0},{"not_picked":["DevaForm","Blasphemy","Judgement"],"picked":"Scrawl","floor":27.0},{"not_picked":["AT_RealColorLess","MasterReality","Alpha"],"picked":"Omniscience","floor":28.0},{"not_picked":["Collect","JustLucky+1","WheelKick"],"picked":"Tantrum","floor":29.0},{"not_picked":["AT_SoftenMuscles","Vengeance","ClearTheMind","Protect"],"picked":"Singing Bowl","floor":29.0},{"not_picked":["Judgement","ConjureBlade","AT_RealColorLess"],"picked":"DeusExMachina","floor":30.0},{"not_picked":["SpiritShield","Vault","Alpha","Ragnarok"],"picked":"Singing Bowl","floor":31.0},{"not_picked":["AT_RealColorLess","Wish","DeusExMachina","Alpha"],"picked":"Singing Bowl","floor":33.0},{"not_picked":["Nirvana+1","Tantrum","FollowUp","WheelKick"],"picked":"Singing Bowl","floor":35.0},{"not_picked":["LikeWater","ReachHeaven+1","Conclude","JustLucky"],"picked":"Singing Bowl","floor":35.0},{"not_picked":["AT_RealFormLess","CutThroughFate+1","Evaluate+1","Consecrate"],"picked":"Singing Bowl","floor":36.0},{"not_picked":["FollowUp+1","EmptyBody+1","LikeWater+1","Sanctity"],"picked":"Singing Bowl","floor":36.0},{"not_picked":["CrushJoints","LikeWater","SashWhip+1","CutThroughFate"],"picked":"Singing Bowl","floor":37.0},{"not_picked":["FlyingSleeves","LikeWater","ClearTheMind","DevaForm"],"picked":"Singing Bowl","floor":37.0},{"not_picked":["EmptyBody","ForeignInfluence","ThirdEye","PathToVictory"],"picked":"Singing Bowl","floor":37.0},{"not_picked":["EmptyFist","Study+1","WheelKick+1","Wireheading"],"picked":"Singing Bowl","floor":37.0},{"not_picked":["Wallop","AT_ChampionStep","WheelKick+1","CrushJoints"],"picked":"Singing Bowl","floor":37.0},{"not_picked":["LessonLearned","Establishment","Vault"],"picked":"Scrawl","floor":40.0},{"not_picked":["ForeignInfluence+1","WheelKick","Worship+1"],"picked":"Adaptation","floor":41.0},{"not_picked":["ClearTheMind","FlyingSleeves","SandsOfTime","AT_SoftenMuscles"],"picked":"Singing Bowl","floor":41.0},{"not_picked":["SpiritShield","Establishment","ConjureBlade","LessonLearned"],"picked":"Singing Bowl","floor":42.0},{"not_picked":["Wish","ConjureBlade","Ragnarok","Vault"],"picked":"Singing Bowl","floor":44.0},{"not_picked":["Wish","Blasphemy","Brilliance","Alpha"],"picked":"Singing Bowl","floor":45.0},{"not_picked":["EmptyFist","Meditate","SandsOfTime"],"picked":"EmptyBody","floor":46.0},{"not_picked":["Halt","SashWhip","CutThroughFate+1","Prostrate+1"],"picked":"Singing Bowl","floor":46.0},{"not_picked":["FlyingSleeves","ThirdEye","Crescendo","PathToVictory"],"picked":"Singing Bowl","floor":47.0},{"not_picked":["AT_MachinaRedman","Ragnarok","LessonLearned"],"picked":"Omniscience","floor":48.0},{"not_picked":["AT_ChampionKick","DevaForm","Blasphemy","ConjureBlade"],"picked":"Singing Bowl","floor":55.0}],"player_experience":382325,"relics_obtained":[{"floor":6.0,"key":"Ginger"},{"floor":8.0,"key":"Lantern"},{"floor":10.0,"key":"Singing Bowl"},{"floor":11.0,"key":"Ancient Tea Set"},{"floor":12.0,"key":"StoneCalendar"},{"floor":13.0,"key":"AT_ForceNature"},{"floor":14.0,"key":"Centennial Puzzle"},{"floor":21.0,"key":"Red Mask"},{"floor":23.0,"key":"Question Card"},{"floor":24.0,"key":"Prayer Wheel"},{"floor":25.0,"key":"CeramicFish"},{"floor":26.0,"key":"Strawberry"},{"floor":27.0,"key":"Mango"},{"floor":28.0,"key":"Damaru"},{"floor":30.0,"key":"Nunchaku"},{"floor":31.0,"key":"AT_EbonyIvory"},{"floor":40.0,"key":"Toy Ornithopter"},{"floor":42.0,"key":"Anchor"},{"floor":43.0,"key":"TeardropLocket"},{"floor":44.0,"key":"AT_RedTearstoneRing"},{"floor":45.0,"key":"Gremlin Horn"},{"floor":47.0,"key":"Gambling Chip"},{"floor":48.0,"key":"Orichalcum"},{"floor":55.0,"key":"Ornamental Fan"}],"event_choices":[{"cards_removed":["FollowUp"],"damage_healed":0.0,"max_hp_gain":0.0,"max_hp_loss":0.0,"gold_gain":0.0,"event_name":"The Cleric","player_choice":"Card Removal","floor":2.0,"gold_loss":75.0,"damage_taken":0.0},{"damage_healed":0.0,"max_hp_gain":0.0,"max_hp_loss":0.0,"gold_gain":0.0,"event_name":"Accursed Blacksmith","player_choice":"Forge","floor":3.0,"gold_loss":0.0,"damage_taken":0.0,"cards_upgraded":["AT_OneInchPunch"]},{"damage_healed":0.0,"max_hp_gain":0.0,"max_hp_loss":0.0,"gold_gain":0.0,"event_name":"Liars Game","player_choice":"Ignored","floor":5.0,"gold_loss":0.0,"damage_taken":0.0},{"damage_healed":0.0,"max_hp_gain":0.0,"max_hp_loss":0.0,"gold_gain":0.0,"event_name":"Masked Bandits","player_choice":"Fought Bandits","floor":21.0,"gold_loss":0.0,"damage_taken":0.0},{"damage_healed":0.0,"max_hp_gain":0.0,"max_hp_loss":0.0,"gold_gain":0.0,"event_name":"Upgrade Shrine","player_choice":"Upgraded","floor":22.0,"gold_loss":0.0,"damage_taken":0.0,"cards_upgraded":["Prostrate"]},{"damage_healed":0.0,"max_hp_gain":0.0,"max_hp_loss":0.0,"gold_gain":0.0,"event_name":"Upgrade Shrine","player_choice":"Upgraded","floor":39.0,"gold_loss":0.0,"damage_taken":0.0,"cards_upgraded":["Tantrum"]},{"damage_healed":0.0,"max_hp_gain":0.0,"max_hp_loss":0.0,"gold_gain":0.0,"event_name":"MindBloom","player_choice":"Fight","floor":47.0,"gold_loss":0.0,"damage_taken":0.0}],"is_beta":false,"boss_relics":[{"not_picked":["Coffee Dripper","SacredBark"],"picked":"VioletLotus"},{"not_picked":["Tiny House","Snecko Eye"],"picked":"SlaversCollar"}],"items_purged_floors":[37,38,54],"is_endless":false,"potions_floor_spawned":[1,10,12,14,16,18,21,23,28,31,35,42,45,46,47],"ascension_level":20}}