{"host":"cfnmff32z0ky6ioz","time":1610290344,"event":{"mods":["BaseMod","Bestiary","Colored Powertips","Downfall","Friendly Minions","Hermit","Highlight Path","KinomotoSakuraMod(木之本?)","Luminous","Minty Spire (QoL Compilation)","Quick Restart","Replay The Spire","StSLib","The Alterego","The Animator","The IronCluck","The Jungle","The Marked","【?物卡牌】REMEMod"],"gold_per_floor":[99,99,99,199,71,71,119,142,142,159,176,196,230,23,41,143,143,143,161,161,161,161,171,171,184,0,17,17,17,17,17,27,122,122,47,67,78,93,93,105,105,137,153,78,131,131,174,29,45,45],"floor_reached":51,"playtime":4673,"items_purged":["Guardian:Defend_Guardian","Pain"],"score":677,"play_id":"b8d704fa-412b-46ae-b35f-a0b5637c69f7","local_time":"20210110225224","is_ascension_mode":false,"campfire_choices":[{"floor":1,"key":"RECALL"},{"data":"Guardian:TemporalShield","floor":9,"key":"SMITH"},{"data":"Guardian:TimeBomb","floor":18,"key":"SMITH"},{"data":"RitualDagger","floor":28,"key":"SMITH"},{"floor":30,"key":"REST"},{"data":"After Image","floor":35,"key":"SMITH"},{"data":"Guardian:FloatingOrbs","floor":44,"key":"SMITH"},{"floor":46,"key":"REST"}],"circlet_count":0,"master_deck":["Guardian:Defend_Guardian","Guardian:CurlUp","Guardian:TwinSlam","Guardian:AncientConstruct","Guardian:TimeBomb+1","Guardian:TemporalShield+1","Guardian:SentryBeam+1","Guardian:TimeCapacitor","Guardian:VentSteam","Guardian:Reroute","Guardian:Reroute","Replay:SS_fish_1","Guardian:Incinerate","Guardian:TemporalShield","Guardian:FloatingOrbs+1","Guardian:Suspension","Guardian:StasisField","CurseOfTheBell","Guardian:ChargeUp","RitualDagger+1","Guardian:Incinerate","Guardian:PrismaticBeam","Guardian:CrystalBeam+1","Guardian:ArmoredProtocol","Guardian:EvasiveProtocol","Guardian:Harden+1","Slimebound:Tackle+1","Slimebound:Tackle+1","Guardian:PiercingHide","Guardian:TimeSifter","After Image+1","Guardian:ExploitGems+1","Guardian:Planning+1","Guardian:ChargeCore","Guardian:BronzeOrb+1","Guardian:SpikerProtocol","Guardian:Incinerate","ReplayTheSpireMod:Splinters","Guardian:PrimingBeam+1","Guardian:Gem_Green","Guardian:ChargeUp","Guardian:ExploitGems","Guardian:TemporalShield","Guardian:ArmoredProtocol","Guardian:DonusPower+1"],"relics":["Guardian:ModeShifterPlus","REME_ComplimentaryCards","downfall:HeartsMalice","Dream Catcher","Happy Flower","BargainBundle","Calling Bell","Gremlin Food","Gremlin Horn","Counterbalance","ReplayTheSpireMod:Ring of Collecting","Ring of Peace","Replay:PocketPolymizer","m_SlimeRing","downfall:HeartBlessingRed","Ring of Misfortune","The Courier","Onion Ring","downfall:HeartBlessingBlue"],"acts_visited":["Exordium","TheCity","TheBeyond"],"potions_floor_usage":[12,25,27,33,42,42,43,47,48],"damage_taken":[{"damage":0,"enemies":"Cultist","floor":2,"turns":1},{"damage":0,"enemies":"Small Slimes","floor":3,"turns":1},{"damage":0,"enemies":"downfall:FleeingMerchant","floor":5,"turns":1},{"damage":14,"enemies":"Jaw Worm","floor":10,"turns":4},{"damage":2,"enemies":"2 Fungi Beasts","floor":11,"turns":3},{"damage":7,"enemies":"Gremlin Gang","floor":12,"turns":5},{"damage":1,"enemies":"Replay:BlueRogue","floor":13,"turns":6},{"damage":0,"enemies":"downfall:FleeingMerchant","floor":14,"turns":4},{"damage":4,"enemies":"Blue Slaver","floor":15,"turns":3},{"damage":26,"enemies":"downfall:Silent","floor":16,"turns":8},{"damage":6,"enemies":"Shell Parasite","floor":19,"turns":5},{"damage":13,"enemies":"Chosen","floor":23,"turns":6},{"damage":5,"enemies":"Centurion and Healer","floor":25,"turns":4},{"damage":2,"enemies":"downfall:FleeingMerchant","floor":26,"turns":4},{"damage":1,"enemies":"Sentry and Sphere","floor":27,"turns":5},{"damage":0,"enemies":"Chosen and Byrds","floor":32,"turns":4},{"damage":25,"enemies":"downfall:Watcher","floor":33,"turns":10},{"damage":0,"enemies":"3 Darklings","floor":36,"turns":5},{"damage":0,"enemies":"Orb Walker","floor":37,"turns":4},{"damage":11,"enemies":"Sphere and 2 Shapes","floor":38,"turns":6},{"damage":26,"enemies":"Transient","floor":40,"turns":5},{"damage":0,"enemies":"Reptomancer","floor":42,"turns":6},{"damage":0,"enemies":"Maw","floor":43,"turns":8},{"damage":0,"enemies":"Jaw Worm Horde","floor":47,"turns":4},{"damage":0,"enemies":"downfall:FleeingMerchant","floor":48,"turns":4},{"damage":0,"enemies":"Spire Growth","floor":49,"turns":5},{"damage":16,"enemies":"downfall:Defect","floor":50,"turns":8}],"seed_played":"1110565136565311354","potions_obtained":[{"floor":11,"key":"LiquidBronze"},{"floor":25,"key":"Reflective Coating"},{"floor":27,"key":"Languid Potion"},{"floor":33,"key":"PowerPotion"},{"floor":42,"key":"champ:CounterPotion"},{"floor":45,"key":"REME_GoldPotion"},{"floor":45,"key":"Venom Potion"},{"floor":47,"key":"REME_GoldPotion"},{"floor":49,"key":"GamblersBrew"}],"is_trial":false,"path_per_floor":["R","M","M","?","$","?","T","T","R","M","M","M","E","$","M","B",null,"R","M","?","?","?","M","T","M","$","M","R","?","R","?","M","B",null,"R","M","M","M","?","M","T","E","M","R","?","R","M","$","M","B",null],"character_chosen":"GUARDIAN","items_purchased":["Guardian:SentryBeam+1","Guardian:TimeCapacitor","BargainBundle","Replay:SS_fish_1","Guardian:Incinerate","Guardian:WalkerClaw","Guardian:TemporalShield","Guardian:Gem_Blue","Guardian:FloatingOrbs","Energy Potion","Death Potion","Swift Potion","Guardian:ArmoredProtocol","Guardian:ExploitGems","Guardian:TemporalShield","Guardian:ArmoredProtocol"],"campfire_rested":2,"item_purchase_floors":[5,5,14,14,14,14,14,14,14,14,14,14,26,48,48,48],"current_hp_per_floor":[80,80,80,80,80,80,80,80,80,66,64,57,56,56,52,26,80,80,74,74,68,68,55,55,50,48,47,47,47,71,71,71,46,80,80,80,80,69,69,43,43,43,43,53,53,80,80,80,80,64],"gold":45,"neow_bonus":"THREE_ENEMY_KILL","is_daily":false,"chose_seed":false,"campfire_upgraded":5,"win_rate":0.0,"timestamp":1610290344,"path_taken":["R","?","M","?","?","?","T","?","R","M","M","?","E","$","M","BOSS","R","M","?","?","?","M","T","M","$","M","R","?","R","?","M","BOSS","R","M","M","M","?","M","T","E","M","R","?","R","M","?","M","BOSS"],"items_purchased_type":["Card","Card","Relic","Card","Card","Card","Card","Card","Card","Potion","Potion","Potion","Card","Card","Card","Card"],"build_version":"2020-12-22","purchased_purges":2,"victory":true,"max_hp_per_floor":[80,80,80,80,80,80,80,80,80,80,80,80,80,80,80,80,80,80,80,80,80,80,80,80,80,80,80,80,80,80,80,80,80,80,80,80,80,80,80,80,80,80,80,90,90,90,90,90,90,90],"card_choices":[{"not_picked":["Guardian:PrimingBeam","Guardian:PiercingHide"],"picked":"Guardian:Gem_Crimson","floor":2},{"not_picked":["Guardian:ChargeCore","Guardian:ShieldCharger"],"picked":"Guardian:TimeBomb","floor":3},{"not_picked":["Guardian:Recover","Guardian:PrimingBeam"],"picked":"Guardian:TemporalShield","floor":5},{"not_picked":["Guardian:Harden","Guardian:Recover"],"picked":"Guardian:Gem_Blue","floor":10},{"not_picked":["Guardian:BronzeOrb","Guardian:SphericShield"],"picked":"Guardian:VentSteam","floor":11},{"not_picked":["Guardian:EvasiveProtocol","Guardian:Harden"],"picked":"Guardian:Reroute","floor":12},{"not_picked":["Guardian:VentSteam","Guardian:PrimingBeam"],"picked":"Guardian:Gem_Cyan","floor":13},{"not_picked":["Guardian:Gem_Lightblue","Guardian:GuardianWhirl"],"picked":"Guardian:Reroute","floor":14},{"not_picked":["Guardian:Clone","Guardian:Gem_Blue"],"picked":"Guardian:Suspension","floor":15},{"not_picked":["Guardian:ConstructionForm","Guardian:ExploitGems"],"picked":"Guardian:StasisField","floor":16},{"not_picked":["Guardian:MultiBeam+1","Guardian:RollAttack+1"],"picked":"Guardian:ChargeUp","floor":19},{"not_picked":["Guardian:Gem_Green","Guardian:Recover"],"picked":"Guardian:Incinerate","floor":23},{"not_picked":["Guardian:Planning","Guardian:Clone"],"picked":"Guardian:PrismaticBeam","floor":25},{"not_picked":["Guardian:PolyBeam+1","Guardian:Reroute"],"picked":"Guardian:CrystalBeam+1","floor":26},{"not_picked":["Guardian:Gem_Blue","Guardian:TimeCapacitor"],"picked":"Guardian:EvasiveProtocol","floor":27},{"not_picked":["Guardian:Reroute","Guardian:TemporalShield"],"picked":"Guardian:PiercingHide","floor":30},{"not_picked":["Guardian:VentSteam","Guardian:Gem_Red"],"picked":"Guardian:TimeSifter","floor":32},{"not_picked":["Guardian:Gem_Synthetic","Guardian:AncientConstruct"],"picked":"After Image","floor":33},{"not_picked":["Guardian:Reroute+1","Guardian:VentSteam"],"picked":"Guardian:Planning+1","floor":36},{"not_picked":["Guardian:Gem_Lightblue","Guardian:ShieldCharger"],"picked":"Guardian:Gem_Red","floor":37},{"not_picked":["Guardian:Gem_Blue","Guardian:WalkerClaw+1"],"picked":"Guardian:ChargeCore","floor":38},{"not_picked":["Guardian:VentSteam","Guardian:Reroute+1"],"picked":"Guardian:Gem_Crimson","floor":40},{"not_picked":["Guardian:TemporalStrike","Guardian:Clone"],"picked":"Guardian:BronzeOrb+1","floor":42},{"not_picked":["Guardian:Harden","Guardian:PrimingBeam+1"],"picked":"Guardian:SpikerProtocol","floor":43},{"not_picked":["Guardian:DecasProtection","Guardian:VentSteam+1"],"picked":"Guardian:PrimingBeam+1","floor":46},{"not_picked":["Guardian:Emergency+1","Guardian:VentSteam"],"picked":"Guardian:Gem_Green","floor":47},{"not_picked":["Guardian:WalkerClaw+1","Guardian:PrimingBeam"],"picked":"Guardian:ChargeUp","floor":48},{"not_picked":["Guardian:TimeSifter","Guardian:PrimingBeam+1"],"picked":"Guardian:DonusPower+1","floor":49}],"player_experience":368813,"relics_obtained":[{"floor":8,"key":"Dream Catcher"},{"floor":13,"key":"Happy Flower"},{"floor":17,"key":"Gremlin Food"},{"floor":17,"key":"Gremlin Horn"},{"floor":17,"key":"Counterbalance"},{"floor":20,"key":"ReplayTheSpireMod:Ring of Collecting"},{"floor":20,"key":"Ring of Peace"},{"floor":24,"key":"Replay:PocketPolymizer"},{"floor":41,"key":"Ring of Misfortune"},{"floor":41,"key":"The Courier"},{"floor":42,"key":"Onion Ring"}],"event_choices":[{"damage_healed":0,"gold_gain":0,"player_choice":"Read","damage_taken":0,"max_hp_gain":0,"max_hp_loss":0,"event_name":"The Library","floor":22,"gold_loss":0,"cards_obtained":["Guardian:Gem_Red"]}],"is_beta":false,"boss_relics":[{"not_picked":["Cursed Key","Abe\u0027s Treasure"],"picked":"Calling Bell"},{"not_picked":["Replay:Fungal Core","Astrolabe"],"picked":"Guardian:ModeShifterPlus"}],"items_purged_floors":[14,26],"is_endless":false,"potions_floor_spawned":[11,15,16,25,27,33,40,42,47,49],"ascension_level":0}}