{"host":"z9811rt50ti81n54","time":1610264428,"event":{"mods":["BaseMod","Better Match","Better Sensory Stone","Better Skull","Better Third Choice","Minty Spire (QoL Compilation)","StSLib","SuperFastMode"],"gold_per_floor":[118,137,137,192,211,211,264,300,300,300,313,313,327,367,367,466,466,499,499,499,114,153,186,186,291,315,315,351,29,65,65,65,193,193,204,244,294,294,294,294,313,85,85,85,85,105,105,5,5,5,5],"floor_reached":50,"playtime":1291,"items_purged":["Strike_R","Writhe"],"score":469,"play_id":"f0c13fba-043a-4e26-bc9e-a9044b99ffe3","local_time":"20210110164028","is_ascension_mode":false,"campfire_choices":[{"data":"Mayhem","floor":6.0,"key":"SMITH"},{"data":"Berserk","floor":15.0,"key":"SMITH"},{"floor":24,"key":"REST"},{"floor":27,"key":"REST"},{"floor":32,"key":"REST"},{"data":"Feel No Pain","floor":40,"key":"SMITH"},{"data":"Juggernaut","floor":44,"key":"SMITH"},{"data":"Juggernaut","floor":47,"key":"SMITH"},{"data":"Immolate","floor":49,"key":"SMITH"}],"circlet_count":0,"master_deck":["Strike_R","Strike_R","Defend_R","Defend_R","Defend_R","Defend_R","Bash","Mayhem+1","Thunderclap","Rampage","HandOfGreed","Whirlwind","Clothesline","Disarm","Berserk+1","Corruption","CurseOfTheBell","Feel No Pain+1","Havoc","Violence","Carnage","Havoc+1","Juggernaut+1","Apotheosis","Bandage Up","Shrug It Off","Juggernaut+1","True Grit+1","Immolate+1","Evolve"],"relics":["Burning Blood","Calipers","Singing Bowl","Calling Bell","Anchor","Eternal Feather","Unceasing Top","Pen Nib","Strawberry","Snecko Eye","Champion Belt","Medical Kit","Paper Frog","Ornamental Fan"],"acts_visited":["Exordium","TheCity","TheBeyond"],"potions_floor_usage":[31,33,33,36,50,50,50],"damage_taken":[{"damage":4.0,"enemies":"2 Louse","floor":1.0,"turns":4.0},{"damage":0.0,"enemies":"Small Slimes","floor":2.0,"turns":3.0},{"damage":1.0,"enemies":"Cultist","floor":5.0,"turns":3.0},{"damage":11.0,"enemies":"3 Sentries","floor":7.0,"turns":6.0},{"damage":10.0,"enemies":"Large Slime","floor":8.0,"turns":3.0},{"damage":20.0,"enemies":"Looter","floor":11.0,"turns":3.0},{"damage":6.0,"enemies":"Exordium Wildlife","floor":13.0,"turns":2.0},{"damage":11.0,"enemies":"Lots of Slimes","floor":14.0,"turns":3.0},{"damage":4.0,"enemies":"Slime Boss","floor":16.0,"turns":7.0},{"damage":19,"enemies":"Shell Parasite","floor":18,"turns":6},{"damage":0,"enemies":"Chosen","floor":22,"turns":5},{"damage":68,"enemies":"Shelled Parasite and Fungi","floor":23,"turns":7},{"damage":0,"enemies":"Snake Plant","floor":28,"turns":6},{"damage":37,"enemies":"3 Cultists","floor":30,"turns":7},{"damage":0,"enemies":"Sentry and Sphere","floor":31,"turns":1},{"damage":21,"enemies":"Champ","floor":33,"turns":8},{"damage":3,"enemies":"Orb Walker","floor":35,"turns":4},{"damage":21,"enemies":"3 Shapes","floor":36,"turns":4},{"damage":22,"enemies":"Mind Bloom Boss Battle","floor":37,"turns":5},{"damage":16,"enemies":"Writhing Mass","floor":41,"turns":4},{"damage":11,"enemies":"3 Darklings","floor":46,"turns":4},{"damage":124,"enemies":"Awakened One","floor":50,"turns":8}],"seed_played":"659587277545904217","potions_obtained":[{"floor":2.0,"key":"Strength Potion"},{"floor":5.0,"key":"SmokeBomb"},{"floor":13.0,"key":"SteroidPotion"},{"floor":28,"key":"EntropicBrew"},{"floor":37,"key":"Explosive Potion"}],"is_trial":false,"path_per_floor":["M","M","?","?","M","R","E","M","T","?","M","?","M","M","R","B",null,"M","?","?","$","M","M","R","?","T","R","M","$","M","M","R","B",null,"M","M","?","?","?","R","M","$","T","R","T","M","R","$","R","B"],"character_chosen":"IRONCLAD","items_purchased":["Havoc","Violence","Carnage","Apotheosis","Bandage Up","Shrug It Off","Medical Kit","Evolve"],"campfire_rested":3,"item_purchase_floors":[21,21,21,29,29,29,42,42],"current_hp_per_floor":[58,64,64,64,69,69,64,60,60,60,46,72,74,69,69,71,82,71,71,71,71,77,15,52,24,31,70,76,76,53,63,93,84,93,95,82,72,72,96,97,91,91,91,97,97,99,99,99,99,0,0],"gold":5,"neow_bonus":"RANDOM_COLORLESS_2","is_daily":false,"chose_seed":false,"campfire_upgraded":6,"win_rate":0.0,"timestamp":1610264428,"path_taken":["M","M","?","?","M","R","E","M","T","?","?","?","M","M","R","BOSS","M","?","?","$","?","M","R","?","T","R","M","$","M","M","R","BOSS","M","?","?","?","?","R","M","$","T","R","?","M","R","$","R","BOSS"],"items_purchased_type":["Card","Card","Card","Card","Card","Card","Relic","Card"],"build_version":"2020-12-22","purchased_purges":2,"victory":false,"max_hp_per_floor":[80,80,80,80,80,80,80,80,80,80,80,80,82,82,82,82,82,84,84,84,84,84,84,84,84,91,91,91,91,93,93,93,93,93,95,97,97,97,97,97,97,97,97,97,97,99,99,99,99,99,99],"card_choices":[{"not_picked":["Thinking Ahead","Secret Technique"],"picked":"Mayhem","floor":0.0},{"not_picked":["Shrug It Off","True Grit"],"picked":"Thunderclap","floor":1.0},{"not_picked":["Combust","Headbutt"],"picked":"Rampage","floor":2.0},{"not_picked":["Sadistic Nature","Good Instincts"],"picked":"HandOfGreed","floor":3.0},{"not_picked":["Cleave","Sentinel"],"picked":"Whirlwind","floor":5.0},{"not_picked":["Clash","Heavy Blade"],"picked":"Clothesline","floor":7.0},{"not_picked":["Iron Wave","Infernal Blade","Cleave"],"picked":"SKIP","floor":8.0},{"not_picked":["Rampage","Wild Strike"],"picked":"Disarm","floor":11.0},{"not_picked":["Twin Strike","Iron Wave","Havoc"],"picked":"Singing Bowl","floor":13.0},{"not_picked":["Perfected Strike","Iron Wave"],"picked":"Berserk","floor":14.0},{"not_picked":["Fiend Fire","Feed"],"picked":"Corruption","floor":16.0},{"not_picked":["Rampage+1","Searing Blow+1","Body Slam"],"picked":"Singing Bowl","floor":18},{"not_picked":["Pommel Strike+1","Rupture+1","Inflame"],"picked":"SKIP","floor":22},{"not_picked":["Clash","Spot Weakness"],"picked":"Havoc+1","floor":23},{"not_picked":["Second Wind","Whirlwind"],"picked":"Juggernaut","floor":28},{"not_picked":["Rupture","Twin Strike","Iron Wave+1"],"picked":"Singing Bowl","floor":30},{"not_picked":["Fiend Fire","Feed"],"picked":"Juggernaut","floor":33},{"not_picked":["Thunderclap","Body Slam","Metallicize"],"picked":"Singing Bowl","floor":35},{"not_picked":["Infernal Blade+1","Rage","Flex+1"],"picked":"Singing Bowl","floor":36},{"not_picked":["Perfected Strike","Inflame"],"picked":"True Grit+1","floor":37},{"not_picked":["Rage","Pommel Strike"],"picked":"Immolate","floor":41},{"not_picked":["Second Wind+1","Thunderclap+1","Spot Weakness+1"],"picked":"Singing Bowl","floor":46}],"player_experience":357119,"relics_obtained":[{"floor":7.0,"key":"Calipers"},{"floor":9.0,"key":"Singing Bowl"},{"floor":17,"key":"Anchor"},{"floor":17,"key":"Eternal Feather"},{"floor":17,"key":"Unceasing Top"},{"floor":26,"key":"Strawberry"},{"floor":37,"key":"Champion Belt"},{"floor":43,"key":"Paper Frog"},{"floor":45,"key":"Ornamental Fan"}],"event_choices":[{"damage_healed":0.0,"max_hp_gain":0.0,"max_hp_loss":0.0,"gold_gain":1.0,"event_name":"betterStone:BetterStone","player_choice":"1","floor":3.0,"gold_loss":0.0,"damage_taken":0.0},{"damage_healed":0.0,"max_hp_gain":0.0,"max_hp_loss":0.0,"gold_gain":55.0,"event_name":"Golden Wing","player_choice":"Gained Gold","floor":4.0,"gold_loss":0.0,"damage_taken":0.0},{"cards_removed":["Strike_R"],"damage_healed":0.0,"max_hp_gain":0.0,"max_hp_loss":0.0,"gold_gain":0.0,"event_name":"Purifier","player_choice":"Purged","floor":10.0,"gold_loss":0.0,"damage_taken":0.0},{"damage_healed":26.0,"max_hp_gain":0.0,"max_hp_loss":0.0,"gold_gain":0.0,"event_name":"Big Fish","player_choice":"Banana","floor":12.0,"gold_loss":0.0,"damage_taken":0.0},{"damage_healed":0,"gold_gain":0,"player_choice":"Read","damage_taken":0,"max_hp_gain":0,"max_hp_loss":0,"event_name":"The Library","floor":19,"gold_loss":0,"cards_obtained":["Feel No Pain"]},{"damage_healed":0,"gold_gain":0,"player_choice":"Ignored","damage_taken":0,"max_hp_gain":0,"max_hp_loss":0,"event_name":"Vampires","floor":20,"gold_loss":0},{"damage_healed":0,"gold_gain":105,"player_choice":"RE GO ","damage_taken":31,"relics_obtained":["Pen Nib"],"max_hp_gain":0,"max_hp_loss":0,"event_name":"betterSkull:BetterSkull","floor":25,"gold_loss":0,"cards_upgraded":[]},{"damage_healed":0,"gold_gain":0,"player_choice":"Fight","damage_taken":0,"max_hp_gain":0,"max_hp_loss":0,"event_name":"MindBloom","floor":37,"gold_loss":0},{"cards_removed":["Strike_R"],"damage_healed":0,"gold_gain":0,"player_choice":"Removed Attack","damage_taken":0,"max_hp_gain":0,"max_hp_loss":0,"event_name":"Falling","floor":38,"gold_loss":0},{"damage_healed":24,"gold_gain":0,"player_choice":"Writhe","damage_taken":0,"max_hp_gain":0,"max_hp_loss":0,"event_name":"Winding Halls","floor":39,"gold_loss":0,"cards_obtained":["Writhe"]}],"is_beta":false,"boss_relics":[{"not_picked":["Tiny House","Mark of Pain"],"picked":"Calling Bell"},{"not_picked":["Black Blood","Empty Cage"],"picked":"Snecko Eye"}],"items_purged_floors":[21,48],"is_endless":false,"potions_floor_spawned":[2,5,13,18,22,28,31,37,41],"killed_by":"Awakened One","ascension_level":0}}