{"host":"aukiz5jlacd3g5yc","time":1610237230,"event":{"mods":["2.2 Compatiblity","BaseMod","Beaked The Cultist","Bestiary","Colored Map","Colored Powertips","Downfall","GifTheSpireLib","Highlight Path","Hubris","Infinite Spire","Minty Spire (QoL Compilation)","Permanent Neow","Quick Restart","Random Character Button","Rare Cards Sparkle","Relic Sorter","Relic Stats","Replay The Spire","StSLib","Unknown Chances","everything is the same but u backflip on backflip","slay the spire mod where everything is the same but ironclad has a cowboy hat"],"gold_per_floor":[113,113,132,4,24,58,78,78,102,102,128,128,140,174,174,275,275,292,292,305,305,404,429,442,442,442,442,460,460,460,488,488,587,587,607,707,718,718,736,736,736,736],"floor_reached":41,"playtime":1703,"items_purged":["Strike_G"],"score":575,"play_id":"45a667b4-31ff-42fb-bc43-88268c96b82b","local_time":"20210109180710","is_ascension_mode":true,"campfire_choices":[{"data":"infinitespire:Neurotoxin","floor":8.0,"key":"SMITH"},{"floor":10.0,"key":"REST"},{"data":"Catalyst","floor":12.0,"key":"SMITH"},{"data":"ReplayTheSpireMod:Necrosis","floor":25.0,"key":"SMITH"},{"data":"Bouncing Flask","floor":32.0,"key":"SMITH"},{"data":"ReplayTheSpireMod:Black Plague","floor":40,"key":"SMITH"}],"circlet_count":0,"master_deck":["Strike_G","Strike_G","Strike_G","Strike_G","Defend_G","Defend_G","Defend_G","Defend_G","Defend_G","Survivor","Neutralize","Endless Agony","Catalyst+1","Blur","The Bomb+1","expansioncontent:DefensiveStance","infinitespire:Neurotoxin+1","Toxin Wave","Dagger Spray","ReplayTheSpireMod:Necrosis+1","Wraith Form v2","Replay:Bag of Tricks","Bouncing Flask+1","Toxin Wave","infinitespire:FinalStrike","Ghostly","Ghostly","Ghostly","Ghostly","Ghostly","Corpse Explosion","ReplayTheSpireMod:Black Plague+1","Crippling Poison+1","Replay:Poison Smokescreen"],"relics":["Ring of the Snake","hubris:Icosahedron","ReplayTheSpireMod:ShopPack","Replay:Bottled Snecko","Blood Vial","hubris:BundleOfHerbs","Strawberry","SacredBark","Replay:Rubber Ducky","Matryoshka","Enchiridion","Toolbox","Ring of Chaos","Akabeko","beaked:SacredDeck","Replay:Ringing Soul","Nunchaku"],"acts_visited":["Exordium","TheCity","TheBeyond"],"potions_floor_usage":[],"damage_taken":[{"damage":0.0,"enemies":"Small Slimes","floor":1.0,"turns":2.0},{"damage":3.0,"enemies":"Jaw Worm","floor":3.0,"turns":4.0},{"damage":0.0,"enemies":"2 Louse","floor":5.0,"turns":3.0},{"damage":65.0,"enemies":"Gremlin Nob","floor":6.0,"turns":7.0},{"damage":0.0,"enemies":"Exordium Wildlife","floor":7.0,"turns":4.0},{"damage":9.0,"enemies":"3 Sentries","floor":11.0,"turns":4.0},{"damage":2.0,"enemies":"Blue Slaver","floor":13.0,"turns":3.0},{"damage":0.0,"enemies":"Gremlin Nob","floor":14.0,"turns":3.0},{"damage":5.0,"enemies":"Fading Forest","floor":16.0,"turns":11.0},{"damage":29.0,"enemies":"3 Byrds","floor":18.0,"turns":7.0},{"damage":0.0,"enemies":"Chosen","floor":20.0,"turns":4.0},{"damage":4.0,"enemies":"Nightmare","floor":23.0,"turns":4.0},{"damage":13.0,"enemies":"3 Cultists","floor":24.0,"turns":4.0},{"damage":2.0,"enemies":"Cultist and Chosen","floor":28.0,"turns":4.0},{"damage":0.0,"enemies":"Gremlin Leader","floor":31.0,"turns":5.0},{"damage":23.0,"enemies":"Champ","floor":33.0,"turns":6.0},{"damage":22.0,"enemies":"3 Darklings","floor":35.0,"turns":4.0},{"damage":1.0,"enemies":"3 Shapes","floor":37.0,"turns":2.0},{"damage":25,"enemies":"Spire Growth","floor":39,"turns":3},{"damage":20,"enemies":"Jaw Worm Horde","floor":41,"turns":1}],"seed_played":"6864690497795009065","potions_obtained":[{"floor":1.0,"key":"Fire Potion"},{"floor":6.0,"key":"Strength Potion"},{"floor":14.0,"key":"ColorlessPotion"},{"floor":16.0,"key":"Guardian:BlockOnCardUsePotion"},{"floor":18.0,"key":"BlessingOfTheForge"},{"floor":28.0,"key":"Fire Potion"},{"floor":33.0,"key":"SpeedPotion"}],"is_trial":false,"path_per_floor":["M","?","M","$","M","E","M","R","T","R","E","R","M","E","R_BF","B",null,"M","?","M","?","?","NM","M","R","T","?","M","AVR","?","E","R","B",null,"M","?","M","?","M","R","M"],"character_chosen":"THE_SILENT","items_purchased":["ReplayTheSpireMod:ShopPack"],"campfire_rested":1,"item_purchase_floors":[4],"current_hp_per_floor":[70,70,67,67,67,2,2,2,2,23,16,16,16,25,48,59,77,48,48,50,50,50,48,37,37,37,21,21,21,21,23,23,2,38,16,10,14,38,13,13,0,0],"gold":736,"neow_bonus":"THREE_CARDS","is_daily":false,"chose_seed":false,"campfire_upgraded":5,"win_rate":0.0,"timestamp":1610237230,"path_taken":["M","?","M","$","M","E","M","R","T","R","E","R","M","E","R_BF","BOSS","M","?","M","?","?","NM","M","R","T","?","?","AVR","?","E","R","BOSS","M","?","M","?","M","R","M"],"items_purchased_type":["Relic"],"build_version":"2020-12-22","purchased_purges":1,"victory":false,"max_hp_per_floor":[70,70,70,70,70,70,70,70,70,70,70,70,70,77,77,77,77,77,77,77,77,77,77,77,77,77,77,77,77,38,38,38,38,38,38,41,44,38,38,38,38,38],"relic_stats":{"Blood Vial":24,"Nunchaku":[0],"counters":[20,85],"obtain_stats":[{"SacredBark":17,"Enchiridion":27,"Ring of Chaos":29,"Akabeko":31,"Replay:Rubber Ducky":23,"Blood Vial":9,"Replay:Ringing Soul":36,"Nunchaku":36,"hubris:Icosahedron":2,"Matryoshka":26,"Strawberry":14,"Toolbox":29,"beaked:SacredDeck":34,"hubris:BundleOfHerbs":11,"Replay:Bottled Snecko":6,"Ring of the Snake":0,"ReplayTheSpireMod:ShopPack":4},{"SacredBark":9,"Enchiridion":13,"Ring of Chaos":14,"Akabeko":15,"Replay:Rubber Ducky":12,"Blood Vial":5,"Replay:Ringing Soul":17,"Nunchaku":17,"hubris:Icosahedron":1,"Matryoshka":13,"Strawberry":8,"Toolbox":14,"beaked:SacredDeck":16,"hubris:BundleOfHerbs":6,"Replay:Bottled Snecko":4,"Ring of the Snake":0,"ReplayTheSpireMod:ShopPack":2},{"SacredBark":41,"Enchiridion":60,"Ring of Chaos":64,"Akabeko":69,"Replay:Rubber Ducky":56,"Blood Vial":20,"Replay:Ringing Soul":79,"Nunchaku":79,"hubris:Icosahedron":2,"Matryoshka":60,"Strawberry":30,"Toolbox":64,"beaked:SacredDeck":75,"hubris:BundleOfHerbs":24,"Replay:Bottled Snecko":16,"Ring of the Snake":0,"ReplayTheSpireMod:ShopPack":6}],"Ring of the Snake":[41]},"card_choices":[{"not_picked":["Concentrate","Outmaneuver"],"picked":"Endless Agony","floor":0.0},{"not_picked":["Bane","All Out Attack"],"picked":"Catalyst","floor":1.0},{"not_picked":["Acrobatics","Dagger Throw"],"picked":"Blur","floor":3.0},{"not_picked":["Crow Ritual","Panache"],"picked":"The Bomb","floor":4.0},{"not_picked":["expansioncontent:YouAreMine","expansioncontent:Sear"],"picked":"expansioncontent:DefensiveStance","floor":4.0},{"not_picked":["Underhanded Strike","PiercingWail"],"picked":"infinitespire:Neurotoxin","floor":5.0},{"not_picked":["Accuracy","Sucker Punch"],"picked":"Toxin Wave","floor":6.0},{"not_picked":["Eviscerate","Dodge and Roll"],"picked":"Dagger Spray","floor":7.0},{"not_picked":["Setup","Choke","Masterful Stab"],"picked":"SKIP","floor":11.0},{"not_picked":["Cloak And Dagger","Underhanded Strike","Slice"],"picked":"SKIP","floor":13.0},{"not_picked":["Cloak And Dagger","Underhanded Strike","Slice"],"picked":"SKIP","floor":13.0},{"not_picked":["Backflip","ReplayTheSpireMod:Speed Training","Setup"],"picked":"SKIP","floor":14.0},{"not_picked":["Unload","Bullet Time"],"picked":"ReplayTheSpireMod:Necrosis","floor":16.0},{"not_picked":["Calculated Gamble","Flying Knee+1","Deflect"],"picked":"SKIP","floor":18.0},{"not_picked":["Slice","Backstab+1"],"picked":"Wraith Form v2","floor":20.0},{"not_picked":["Deflect+1","Deadly Poison"],"picked":"Replay:Bag of Tricks","floor":23.0},{"not_picked":["Toxin Wave","ReplayTheSpireMod:Scrap Shanks"],"picked":"Bouncing Flask","floor":24.0},{"not_picked":["hubris:TrickCloak","Flying Knee"],"picked":"Toxin Wave","floor":28.0},{"not_picked":["Calculated Gamble","Cloak And Dagger","Blade Dance"],"picked":"SKIP","floor":31.0},{"not_picked":["Unload","Malaise"],"picked":"Corpse Explosion","floor":33.0},{"not_picked":["Flying Knee+1","Hidden Blade","Heel Hook+1"],"picked":"SKIP","floor":35.0},{"not_picked":["Riddle With Holes+1","Underhanded Strike"],"picked":"Crippling Poison+1","floor":36.0},{"not_picked":["Setup","Outmaneuver+1"],"picked":"Replay:Poison Smokescreen","floor":37.0},{"not_picked":["Dagger Throw","Underhanded Strike+1","hubris:SlightOfHand+1"],"picked":"SKIP","floor":39}],"player_experience":345312,"relics_obtained":[{"floor":6.0,"key":"Replay:Bottled Snecko"},{"floor":9.0,"key":"Blood Vial"},{"floor":11.0,"key":"hubris:BundleOfHerbs"},{"floor":14.0,"key":"Strawberry"},{"floor":23.0,"key":"Replay:Rubber Ducky"},{"floor":26.0,"key":"Matryoshka"},{"floor":27.0,"key":"Enchiridion"},{"floor":31.0,"key":"Akabeko"},{"floor":36.0,"key":"Replay:Ringing Soul"},{"floor":36.0,"key":"Nunchaku"}],"event_choices":[{"damage_healed":0.0,"max_hp_gain":0.0,"max_hp_loss":0.0,"gold_gain":99.0,"event_name":"Nest","player_choice":"Stole From Cult","floor":22.0,"gold_loss":0.0,"damage_taken":0.0},{"damage_healed":0.0,"max_hp_gain":0.0,"max_hp_loss":0.0,"gold_gain":0.0,"event_name":"Cursed Tome","player_choice":"Obtained Book","floor":27.0,"gold_loss":0.0,"damage_taken":16.0},{"damage_healed":0.0,"max_hp_gain":0.0,"max_hp_loss":39.0,"gold_gain":0.0,"event_name":"Ghosts","player_choice":"Became a Ghost","floor":30.0,"gold_loss":0.0,"damage_taken":0.0,"cards_obtained":["Ghostly","Ghostly","Ghostly","Ghostly","Ghostly"]},{"damage_healed":38.0,"max_hp_gain":0.0,"max_hp_loss":6.0,"gold_gain":0.0,"event_name":"The Moai Head","player_choice":"Heal","floor":38.0,"gold_loss":0.0,"damage_taken":0.0}],"is_beta":false,"boss_relics":[{"not_picked":["Replay:Bronze Core","Runic Dome"],"picked":"SacredBark"},{"not_picked":["SlaversCollar","Replay:Wanted Poster"],"picked":"beaked:SacredDeck"}],"items_purged_floors":[29],"is_endless":true,"potions_floor_spawned":[1,6,14,16,18,28,33],"killed_by":"Jaw Worm Horde","ascension_level":1}}