{"host":"sxnl403xm2xmiyj1","time":1610283294,"event":{"mods":["BaseMod","Colored Map","Keyboard Shortcuts","Lobotomy","Minty Spire (QoL Compilation)","Quick Restart","StSLib","SuperFastMode"],"gold_per_floor":[11,29,40,51,65,65,94,94,144,144,174,174,139,157,157,253,253,263,279,279,304,337,337,362,362,388,411,431,431,442,485,485,611,611,640,677,697,724,801,810,862,862,862,897,897,945,975,994,1003,1003],"floor_reached":51,"playtime":1490,"items_purged":[],"score":1260,"play_id":"036a5e11-fdf7-43df-8517-01eef7805bd8","local_time":"20210110215454","is_ascension_mode":true,"campfire_choices":[],"circlet_count":0,"master_deck":["SpecialBullet","SpecialBullet","SpecialBullet","SpecialBullet","SpecialBullet","SpecialBullet","SpecialBullet","InformationCode","ExtractionCode","SecurityCode","PunishingBird","Horn","WallGazer","Mimicry","GreenStem","OldLady","WristCuter","Bloodbath","Horn","RedEyes","FieryBird","Regret_ego","SpiderBud","BlackSwan","GrinderMk4+1","Regret_ego","TrainingCode","Adoration","GoldRush+1","Scorched","ShedSkin","CherryBlossom","QueenOfHatred","ScreamingWedge","DreamingCurrent","CrumblingArmor","RedEyes","UniverseFragment","GrinderMk4+1","Adoration","LittleHelper","ParadiseLost+1","Horn+1","CherryBlossom","Variant","Soda","RedShoes","Soda","BodiesMountain","Soda","DisciplinaryCode","RecordCode","HeroicMonk","WristCuter+1","OSAHOGD","LaLuna","Twilight+1","DespairKnight","Twilight+1","GoldRush+1","WelfareCode"],"relics":["CogitoBucket","Happy Flower","Bag of Marbles","Molten Egg 2","FleshIdol","Coffee Dripper","CeramicFish","LuminousBracelet","Regal Pillow","Art of War","SlaversCollar","SkinProphecy","Du-Vu Doll","PreservedInsect","StrikeDummy","Incense Burner","FossilizedHelix"],"acts_visited":["Exordium","TheCity","TheBeyond"],"potions_floor_usage":[50,50],"damage_taken":[{"damage":0.0,"enemies":"Small Slimes","floor":1.0,"turns":3.0},{"damage":14.0,"enemies":"Jaw Worm","floor":2.0,"turns":3.0},{"damage":18.0,"enemies":"2 Louse","floor":3.0,"turns":3.0},{"damage":14.0,"enemies":"Blue Slaver","floor":4.0,"turns":2.0},{"damage":27.0,"enemies":"Red Slaver","floor":5.0,"turns":3.0},{"damage":24.0,"enemies":"Gremlin Nob","floor":7.0,"turns":3.0},{"damage":23.0,"enemies":"3 Sentries","floor":11.0,"turns":4.0},{"damage":38.0,"enemies":"2 Fungi Beasts","floor":14.0,"turns":5.0},{"damage":17.0,"enemies":"Slime Boss","floor":16.0,"turns":6.0},{"damage":34.0,"enemies":"3 Byrds","floor":18.0,"turns":4.0},{"damage":24.0,"enemies":"Spheric Guardian","floor":19.0,"turns":3.0},{"damage":3.0,"enemies":"3 Cultists","floor":22.0,"turns":2.0},{"damage":35.0,"enemies":"Chosen and Byrds","floor":24.0,"turns":2.0},{"damage":27.0,"enemies":"Snake Plant","floor":27.0,"turns":2.0},{"damage":12.0,"enemies":"3 Cultists","floor":28.0,"turns":3.0},{"damage":40.0,"enemies":"Shelled Parasite and Fungi","floor":30.0,"turns":3.0},{"damage":94.0,"enemies":"Book of Stabbing","floor":31.0,"turns":4.0},{"damage":127.0,"enemies":"Champ","floor":33.0,"turns":8.0},{"damage":301.0,"enemies":"3 Darklings","floor":35.0,"turns":8.0},{"damage":20.0,"enemies":"Orb Walker","floor":36.0,"turns":3.0},{"damage":26.0,"enemies":"Spire Growth","floor":37.0,"turns":2.0},{"damage":0.0,"enemies":"3 Darklings","floor":38.0,"turns":1.0},{"damage":103.0,"enemies":"Mind Bloom Boss Battle","floor":39.0,"turns":4.0},{"damage":16.0,"enemies":"Reptomancer","floor":41.0,"turns":4.0},{"damage":15.0,"enemies":"Nemesis","floor":44.0,"turns":3.0},{"damage":14.0,"enemies":"Reptomancer","floor":46.0,"turns":2.0},{"damage":24.0,"enemies":"Sphere and 2 Shapes","floor":47.0,"turns":3.0},{"damage":46.0,"enemies":"Spire Growth","floor":48.0,"turns":3.0},{"damage":35,"enemies":"FixerMidnight","floor":50,"turns":7},{"damage":47,"enemies":"Malkuth","floor":51,"turns":4},{"damage":31,"enemies":"Netzach","floor":51,"turns":4}],"seed_played":"-905430977822442710","potions_obtained":[{"floor":2.0,"key":"Strength Potion"},{"floor":3.0,"key":"LiquidMemories"},{"floor":16.0,"key":"AttackPotion"},{"floor":19.0,"key":"Dexterity Potion"},{"floor":24.0,"key":"AttackPotion"},{"floor":27.0,"key":"SteroidPotion"},{"floor":31.0,"key":"FairyPotion"},{"floor":36.0,"key":"Energy Potion"},{"floor":37.0,"key":"Swift Potion"},{"floor":38.0,"key":"Explosive Potion"}],"is_trial":false,"path_per_floor":["M","M","M","M","M","R","E","R","T","R","E","R","?","M","R","B",null,"M","M","?","T","M","R","M","R","T","M","M","R","M","E","R","B",null,"M","M","M","M","?","R","E","?","T","E","R","E","M","M","R","B",null],"character_chosen":"Angela","items_purchased":[],"campfire_rested":0,"item_purchase_floors":[],"current_hp_per_floor":[84,78,68,62,44,44,29,29,29,29,19,19,41,19,19,29,73,56,43,25,25,39,39,39,39,39,49,91,101,119,116,126,114,130,84,119,136,146,114,124,158,158,158,164,164,170,176,167,177,180],"gold":1003,"neow_bonus":"TWENTY_PERCENT_HP_BONUS","is_daily":false,"chose_seed":false,"campfire_upgraded":0,"win_rate":0.0,"timestamp":1610283294,"path_taken":["M","M","M","M","M","R","E","R","T","R","E","R","?","M","R","BOSS","M","M","?","?","M","R","M","R","T","M","M","R","M","E","R","BOSS","M","M","M","M","?","R","E","?","T","E","R","E","?","M","R","BOSS"],"items_purchased_type":[],"build_version":"2020-12-22","purchased_purges":0,"victory":true,"max_hp_per_floor":[84,84,84,84,84,84,84,84,84,84,88,88,88,88,88,88,88,92,92,97,97,101,101,120,120,120,124,124,124,124,128,128,132,132,132,138,144,146,152,152,158,158,158,164,164,170,176,178,178,180],"card_choices":[{"not_picked":["VoidDream","Bloodbath"],"picked":"PunishingBird","floor":1.0},{"not_picked":["CUTE","SomewhereSpear"],"picked":"SKIP","floor":1.0},{"not_picked":["MagicBullet","Penitence"],"picked":"SKIP","floor":1.0},{"not_picked":["CUTE"],"picked":"Horn","floor":2.0},{"not_picked":["VoidDream","BeautyBeast"],"picked":"WallGazer","floor":2.0},{"not_picked":["Christmas"],"picked":"Mimicry","floor":2.0},{"not_picked":["Laetitia_ego"],"picked":"GreenStem","floor":3.0},{"not_picked":["VoidDream","MHz"],"picked":"OldLady","floor":3.0},{"not_picked":["Harmony"],"picked":"WristCuter","floor":3.0},{"not_picked":["VoidDream","Murderer"],"picked":"Bloodbath","floor":4.0},{"not_picked":["Pleasure"],"picked":"Horn","floor":4.0},{"not_picked":["Noise"],"picked":"RedEyes","floor":5.0},{"not_picked":["MHz","UniverseFragment"],"picked":"FieryBird","floor":5.0},{"not_picked":["WristCuter"],"picked":"Regret_ego","floor":5.0},{"not_picked":["VoidDream","Wellcheers"],"picked":"SpiderBud","floor":7.0},{"not_picked":["Tough","Hornet"],"picked":"SKIP","floor":7.0},{"not_picked":["CherryBlossoms","MeatLantern"],"picked":"BlackSwan","floor":11.0},{"not_picked":["Noise"],"picked":"GrinderMk4+1","floor":11.0},{"not_picked":["Loneliness","Lantern+1"],"picked":"SKIP","floor":11.0},{"not_picked":["Noise","BearPaw"],"picked":"Regret_ego","floor":14.0},{"not_picked":["CENSORED_ego","ParadiseLost+1"],"picked":"Adoration","floor":16.0},{"not_picked":["Justitia+1","ParadiseLost+1"],"picked":"GoldRush+1","floor":16.0},{"not_picked":["Murderer","BeautyBeast"],"picked":"Scorched","floor":18.0},{"not_picked":["Tough+1","Christmas","MagicBullet+1"],"picked":"SKIP","floor":18.0},{"not_picked":["Harvest+1","Penitence"],"picked":"ShedSkin","floor":19.0},{"not_picked":["CUTE","FrostShard"],"picked":"CherryBlossom","floor":19.0},{"not_picked":["BeautyBeast","Porccubus"],"picked":"QueenOfHatred","floor":22.0},{"not_picked":["TodaysExpression","LifeForTheDareDevil"],"picked":"ScreamingWedge","floor":22.0},{"not_picked":["ShyLook","FairyFestival"],"picked":"DreamingCurrent","floor":24.0},{"not_picked":["Tough+1","BearPaw+1","TodaysExpression"],"picked":"SKIP","floor":24.0},{"not_picked":["BeautyBeast","DespairKnight"],"picked":"CrumblingArmor","floor":27.0},{"not_picked":["TodaysExpression","SomewhereSpear","Noise"],"picked":"SKIP","floor":27.0},{"not_picked":["SomewhereSpear","SoundOfStar"],"picked":"RedEyes","floor":28.0},{"not_picked":["CUTE","Harvest+1","Discord"],"picked":"SKIP","floor":28.0},{"not_picked":["Discord","GreenStem+1","Reverberation+1"],"picked":"SKIP","floor":30.0},{"not_picked":["Wellcheers","BlueStar"],"picked":"UniverseFragment","floor":31.0},{"not_picked":["Heaven+1","RedEyes+1"],"picked":"GrinderMk4+1","floor":31.0},{"not_picked":["ParadiseLost+1","Mimicry"],"picked":"Adoration","floor":33.0},{"not_picked":["BlueStar","BeautyBeast"],"picked":"LittleHelper","floor":33.0},{"not_picked":["Justitia+1","SoundOfStar"],"picked":"ParadiseLost+1","floor":33.0},{"not_picked":["Beak+1","SomewhereSpear"],"picked":"Horn+1","floor":35.0},{"not_picked":["Loneliness+1","Hypocrisy+1","CUTE"],"picked":"SKIP","floor":35.0},{"not_picked":["Mimicry","Wingbeat"],"picked":"CherryBlossom","floor":36.0},{"not_picked":["Woodsman","SingingMachine"],"picked":"Variant","floor":36.0},{"not_picked":["Discord+1","Lantern+1"],"picked":"Soda","floor":36.0},{"not_picked":["MHz","Freischutz"],"picked":"RedShoes","floor":37.0},{"not_picked":["Spore","Loneliness+1","InTheNameOfLoveAndHate+1"],"picked":"SKIP","floor":37.0},{"not_picked":["GreenStem","TodaysExpression+1"],"picked":"Soda","floor":38.0},{"not_picked":["MeatLantern","NothingThere"],"picked":"BodiesMountain","floor":39.0},{"not_picked":["WristCuter+1","Tough+1"],"picked":"Soda","floor":39.0},{"not_picked":["LaLuna","Freischutz"],"picked":"HeroicMonk","floor":41.0},{"not_picked":["Penitence+1","SomewhereSpear+1"],"picked":"WristCuter+1","floor":41.0},{"not_picked":["LaLuna","HappyTeddy"],"picked":"OSAHOGD","floor":44.0},{"not_picked":["Heaven+1","Tough+1","ParadiseLost+1"],"picked":"SKIP","floor":44.0},{"not_picked":["Rudolta","Laetitia"],"picked":"LaLuna","floor":46.0},{"not_picked":["TodaysExpression","GreenStem+1"],"picked":"Twilight+1","floor":46.0},{"not_picked":["Wellcheers","WhitesApple"],"picked":"DespairKnight","floor":47.0},{"not_picked":["MagicBullet+1","Regret_ego"],"picked":"Twilight+1","floor":47.0},{"not_picked":["Loneliness","Heaven+1"],"picked":"GoldRush+1","floor":48.0}],"player_experience":223744,"relics_obtained":[{"floor":7.0,"key":"Happy Flower"},{"floor":9.0,"key":"Bag of Marbles"},{"floor":11.0,"key":"Molten Egg 2"},{"floor":21.0,"key":"CeramicFish"},{"floor":26.0,"key":"Regal Pillow"},{"floor":31.0,"key":"Art of War"},{"floor":39.0,"key":"Du-Vu Doll"},{"floor":41.0,"key":"PreservedInsect"},{"floor":43.0,"key":"StrikeDummy"},{"floor":44.0,"key":"Incense Burner"},{"floor":46.0,"key":"FossilizedHelix"}],"event_choices":[{"damage_healed":22.0,"max_hp_gain":0.0,"max_hp_loss":0.0,"gold_gain":0.0,"event_name":"The Cleric","player_choice":"Healed","floor":13.0,"gold_loss":35.0,"damage_taken":0.0},{"damage_healed":0.0,"max_hp_gain":5.0,"max_hp_loss":0.0,"gold_gain":0.0,"event_name":"Forgotten Altar","player_choice":"Shed Blood","floor":20.0,"gold_loss":0.0,"damage_taken":23.0},{"damage_healed":0.0,"max_hp_gain":0.0,"max_hp_loss":0.0,"gold_gain":0.0,"event_name":"MindBloom","player_choice":"Fight","floor":39.0,"gold_loss":0.0,"damage_taken":0.0},{"cards_removed":["SpecialBullet"],"damage_healed":0.0,"max_hp_gain":0.0,"max_hp_loss":0.0,"gold_gain":0.0,"event_name":"Bonfire Elementals","player_choice":"Offered Basic","floor":42.0,"gold_loss":0.0,"damage_taken":0.0}],"is_beta":false,"boss_relics":[{"not_picked":["Empty Cage","Philosopher\u0027s Stone"],"picked":"Coffee Dripper"},{"not_picked":["Runic Dome","SacredBark"],"picked":"SlaversCollar"}],"items_purged_floors":[],"is_endless":false,"potions_floor_spawned":[2,3,16,19,24,27,30,31,36,37,38,39,46,47],"ascension_level":10}}