{"host":"ek3xvuouaw6vk9if","time":1610262891,"event":{"mods":["BaseMod","BetterRewards","Minty Spire (QoL Compilation)","Permanent Neow","Quick Restart","Relic Stats","Replay The Spire","StSLib","The Disciple"],"gold_per_floor":[112,128,145,95,25,25,50,50,103,103,118,18,18,50,50,149,149,168,186,201,76,1,1,1,1,1,36,36,36,36,54,54,155,155,174,192,192,42,60,60,60,85,136,162,205,205,250,5,5,39],"floor_reached":51,"playtime":3079,"items_purged":["Replay:Hysterical Blindness","Strike_Br","Strike_Br","Engulf"],"score":901,"play_id":"efa66854-4d9f-48c5-9e78-d440aaef11d1","local_time":"20210110021451","is_ascension_mode":true,"campfire_choices":[{"data":"Facsimile","floor":6,"key":"SMITH"},{"data":"Fragmentalize","floor":8,"key":"SMITH"},{"data":"Survey Options","floor":10,"key":"SMITH"},{"data":"ResonantCall","floor":15,"key":"SMITH"},{"floor":23,"key":"REST"},{"floor":25,"key":"REST"},{"floor":32,"key":"REST"},{"floor":40,"key":"REST"},{"floor":49,"key":"REST"}],"circlet_count":0,"master_deck":["Defend_Br","Defend_Br","SecondHand","PatternShift","Fragmentalize+1","Survey Options+1","ResonantCall+1","Facsimile+1","AlternateTimeline","Echonomics","ExoVibe","BackFourSeconds","CrunchTime","Facsimile+1","DaylightSavings+6","Echoward","CrunchTime","Analog","WindUp+1","BlueShift"],"relics":["Chronometer","Chemical X","Oddly Smooth Stone","Ancient Tea Set","Blue Doll","Fusion Hammer","ReplayFunnel","Akabeko","Metronome","Replay:Bandana","SpringShield","Omamori","Bag of Preparation","ReplayTheSpireMod:Lightbulb"],"acts_visited":["Exordium","TheCity","TheBeyond"],"potions_floor_usage":[16,27,27,39,45,45,45,50,50],"damage_taken":[{"damage":2,"enemies":"2 Louse","floor":1,"turns":4},{"damage":0,"enemies":"Small Slimes","floor":2,"turns":3},{"damage":1,"enemies":"Cultist","floor":3,"turns":4},{"damage":0,"enemies":"Lagavulin","floor":7,"turns":4},{"damage":0,"enemies":"2 Fungi Beasts","floor":11,"turns":3},{"damage":0,"enemies":"3 Sentries","floor":14,"turns":2},{"damage":0,"enemies":"Slime Boss","floor":16,"turns":6},{"damage":7,"enemies":"Chosen","floor":18,"turns":6},{"damage":26,"enemies":"Spheric Guardian","floor":19,"turns":4},{"damage":12,"enemies":"Shelled Parasite and Fungi","floor":20,"turns":3},{"damage":4,"enemies":"Gremlin Leader","floor":27,"turns":4},{"damage":0,"enemies":"Snecko","floor":31,"turns":4},{"damage":22,"enemies":"Automaton","floor":33,"turns":8},{"damage":2,"enemies":"3 Darklings","floor":35,"turns":2},{"damage":0,"enemies":"3 Shapes","floor":36,"turns":2},{"damage":0,"enemies":"Maw","floor":39,"turns":14},{"damage":25,"enemies":"R_Hoarder","floor":42,"turns":4},{"damage":0,"enemies":"Writhing Mass","floor":44,"turns":3},{"damage":0,"enemies":"Nemesis","floor":45,"turns":3},{"damage":20,"enemies":"Giant Head","floor":47,"turns":4},{"damage":9,"enemies":"Replay:Hell Engine","floor":50,"turns":4}],"seed_played":"4986187019975585021","potions_obtained":[{"floor":2,"key":"Block Potion"},{"floor":3,"key":"Fire Potion"},{"floor":14,"key":"Strength Potion"},{"floor":20,"key":"SkillPotion"},{"floor":35,"key":"PowerPotion"},{"floor":39,"key":"Dexterity Potion"},{"floor":45,"key":"Fruit Juice"}],"is_trial":false,"path_per_floor":["M","M","M","?","$","R","E","R","T","R","M","$","?","E","R","B",null,"M","M","M","$","?","R","?","R","T","E","$","?","?","M","R","B",null,"M","M","?","$","M","R","$","E","T","M","E","?","E","$","R","B",null],"character_chosen":"CHRONO_CLASS","items_purchased":["Chemical X","Survey Options","Facsimile","ReplayTheSpireMod:Lightbulb","Strength Potion"],"campfire_rested":5,"item_purchase_floors":[0,0,5,48,48],"current_hp_per_floor":[56,56,55,55,55,55,55,55,55,55,55,55,55,55,55,55,65,61,45,43,43,43,62,62,65,65,61,61,61,49,49,65,53,65,63,63,63,63,63,65,65,40,40,40,45,45,25,25,46,37],"gold":39,"neow_bonus":"","is_daily":false,"chose_seed":false,"campfire_upgraded":4,"win_rate":0.0,"timestamp":1610262891,"path_taken":["M","M","M","?","$","R","E","R","T","R","M","$","?","E","R","BOSS","M","?","M","$","?","R","?","R","T","E","$","?","?","?","R","BOSS","M","M","?","$","?","R","$","E","T","M","E","?","E","?","R","BOSS"],"items_purchased_type":["Relic","Card","Card","Relic","Potion"],"build_version":"2020-12-22","purchased_purges":4,"victory":true,"max_hp_per_floor":[65,65,65,65,65,65,65,65,65,65,65,65,65,65,65,65,65,65,65,65,65,65,65,65,65,65,65,65,65,65,65,65,65,65,65,65,65,65,65,65,65,65,65,65,70,70,70,70,70,70],"relic_stats":{"counters":[41,185],"Bag of Preparation":[30],"Chemical X":[80],"obtain_stats":[{"ReplayFunnel":26,"Replay:PocketPolymizer":14,"Torii":37,"Nilry\u0027s Codex":19,"Metronome":34,"Vajra":30,"Blue Doll":14,"Bag of Preparation":14,"Ancient Tea Set":9,"Sozu":34,"Replay:Bandana":42,"Matryoshka":9,"Philosopher\u0027s Stone":34,"Fusion Hammer":17,"Replay:Bottled Flurry":26,"Chemical X":0,"Replay:Grab Bag":34,"Oddly Smooth Stone":7,"SpringShield":43,"Omamori":45,"Replay:Kaleidoscope":27,"MawBank":26,"Akabeko":27,"WarpedTongs":21,"Chronograph":34,"ReplayTheSpireMod:Shallot":38,"Chronometer":0,"Art of War":7,"ReplayTheSpireMod:Lightbulb":48,"Unceasing Top":13},{"ReplayFunnel":30,"Replay:PocketPolymizer":6,"Torii":19,"Nilry\u0027s Codex":8,"Metronome":33,"Vajra":15,"Blue Doll":26,"Bag of Preparation":6,"Ancient Tea Set":24,"Sozu":16,"Replay:Bandana":37,"Matryoshka":5,"Philosopher\u0027s Stone":16,"Fusion Hammer":7,"Replay:Bottled Flurry":12,"Chemical X":20,"Replay:Grab Bag":16,"Oddly Smooth Stone":24,"SpringShield":37,"Omamori":39,"Replay:Kaleidoscope":13,"MawBank":12,"Akabeko":31,"WarpedTongs":9,"Chronograph":16,"ReplayTheSpireMod:Shallot":19,"Chronometer":0,"Art of War":5,"ReplayTheSpireMod:Lightbulb":40,"Unceasing Top":6},{"ReplayFunnel":133,"Replay:PocketPolymizer":33,"Torii":88,"Nilry\u0027s Codex":43,"Metronome":149,"Vajra":72,"Blue Doll":114,"Bag of Preparation":33,"Ancient Tea Set":109,"Sozu":79,"Replay:Bandana":171,"Matryoshka":28,"Philosopher\u0027s Stone":79,"Fusion Hammer":38,"Replay:Bottled Flurry":60,"Chemical X":94,"Replay:Grab Bag":79,"Oddly Smooth Stone":109,"SpringShield":171,"Omamori":177,"Replay:Kaleidoscope":64,"MawBank":60,"Akabeko":137,"WarpedTongs":46,"Chronograph":79,"ReplayTheSpireMod:Shallot":88,"Chronometer":0,"Art of War":28,"ReplayTheSpireMod:Lightbulb":181,"Unceasing Top":33}]},"card_choices":[{"not_picked":["LockedMedicine","TiringSlam"],"picked":"Engulf","floor":1},{"not_picked":["ResonantCall","Stagnate"],"picked":"Break","floor":2},{"not_picked":["ReapSow","BlueShift"],"picked":"ResonantCall","floor":3},{"not_picked":["WindUp","MasterKey"],"picked":"AlternateTimeline","floor":7},{"not_picked":["BlueShift","HandsUpC","LockedBlood"],"picked":"SKIP","floor":11},{"not_picked":["AlternateTimeline","RageCommand"],"picked":"ExoVibe","floor":14},{"not_picked":["LockedAstrolabe","OracleForm"],"picked":"BackFourSeconds","floor":16},{"not_picked":["LockedOrichalcum","WakeUpCall","BlueShift"],"picked":"SKIP","floor":18},{"not_picked":["ReapSow+1","Engulf","HandsUpB"],"picked":"SKIP","floor":19},{"not_picked":["LockedOrichalcum","PrimeTime","WakeUpCall"],"picked":"SKIP","floor":20},{"not_picked":["BiteCommand","Keepsakes","BeatsPerMinute+1"],"picked":"SKIP","floor":27},{"not_picked":["BeatsPerMinute","HandsUpC","BlueShift"],"picked":"SKIP","floor":31},{"not_picked":["LockedAnchor","ExoVibe"],"picked":"Facsimile+1","floor":35},{"not_picked":["TickedOff","LockedMedicine+1"],"picked":"DaylightSavings+1","floor":36},{"not_picked":["WindUp","LockedBlood"],"picked":"CrunchTime","floor":39},{"not_picked":["LockedTurtyl","LockedUrn"],"picked":"Analog","floor":42},{"not_picked":["LockedWarPaint","TiringSlam"],"picked":"WindUp+1","floor":44},{"not_picked":["OracleForm","LockedCalendar"],"picked":"BlueShift","floor":45},{"not_picked":["AlternateTimeline+1","ResonantCall+1","PrimeTime"],"picked":"SKIP","floor":47}],"player_experience":530398,"relics_obtained":[{"floor":7,"key":"Oddly Smooth Stone"},{"floor":9,"key":"Ancient Tea Set"},{"floor":14,"key":"Blue Doll"},{"floor":26,"key":"ReplayFunnel"},{"floor":27,"key":"Akabeko"},{"floor":42,"key":"Replay:Bandana"},{"floor":43,"key":"SpringShield"},{"floor":45,"key":"Omamori"},{"floor":47,"key":"Bag of Preparation"}],"event_choices":[{"cards_removed":["Defend_Br"],"damage_healed":0,"gold_gain":0,"player_choice":"Card Removal","damage_taken":0,"max_hp_gain":0,"max_hp_loss":0,"event_name":"The Cleric","floor":4,"gold_loss":50},{"damage_healed":0,"gold_gain":0,"player_choice":"1 cards matched","damage_taken":0,"max_hp_gain":0,"max_hp_loss":0,"event_name":"Match and Keep!","floor":13,"gold_loss":0,"cards_obtained":["Echonomics"]},{"cards_removed":["Strike_Br"],"damage_healed":0,"gold_gain":0,"player_choice":"Gave Gold","damage_taken":0,"max_hp_gain":0,"max_hp_loss":0,"event_name":"Beggar","floor":22,"gold_loss":75},{"damage_healed":0,"gold_gain":0,"player_choice":"Ignored","damage_taken":0,"max_hp_gain":0,"max_hp_loss":0,"event_name":"Vampires","floor":24,"gold_loss":0},{"damage_healed":0,"gold_gain":0,"player_choice":"Read","damage_taken":0,"max_hp_gain":0,"max_hp_loss":0,"event_name":"The Library","floor":29,"gold_loss":0,"cards_obtained":["CrunchTime"]},{"damage_healed":0,"gold_gain":0,"player_choice":"POTION ","damage_taken":12,"max_hp_gain":0,"max_hp_loss":0,"event_name":"Knowing Skull","floor":30,"potions_obtained":["Flashbang"],"gold_loss":0,"cards_obtained":[]},{"damage_healed":0,"gold_gain":0,"cards_transformed":["Defend_Br"],"player_choice":"Transformed","damage_taken":0,"max_hp_gain":0,"max_hp_loss":0,"event_name":"Transmorgrifier","floor":37,"gold_loss":0,"cards_obtained":["Echoward"]},{"cards_removed":["Break"],"damage_healed":0,"gold_gain":0,"player_choice":"Removed Skill","damage_taken":0,"max_hp_gain":0,"max_hp_loss":0,"event_name":"Falling","floor":46,"gold_loss":0}],"is_beta":false,"boss_relics":[{"not_picked":["SacredBark","HangingClock"],"picked":"Fusion Hammer"},{"not_picked":["Coffee Dripper","Cursed Key"],"picked":"Metronome"}],"items_purged_floors":[0,12,21,38],"is_endless":false,"potions_floor_spawned":[2,3,14,20,35,39,45],"ascension_level":1}}