{"host":"r5d2dd2phecx262s","time":1610308868,"event":{"mods":["2.2 Compatiblity","AchievementEnabler","BaseMod","Curses Come First","Minty Spire (QoL Compilation)","Relic Stats","StSLib"],"gold_per_floor":[117,117,127,144,162,162,190,190,190,243,43,18,18,43,43,168,168,192,192,117,137,11,11,11,11,64,64,85,85,101,32,32,157,157,175,175,193,193,193,193,80,80,80,80,101,101,101,126,126,126],"floor_reached":51,"playtime":2031,"items_purged":["Strike_G"],"score":1035,"play_id":"7c936cb5-cd2b-40ee-ac22-f4f9f4f30c7e","local_time":"20210110170108","is_ascension_mode":true,"campfire_choices":[{"data":"Neutralize","floor":6.0,"key":"SMITH"},{"floor":13.0,"key":"REST"},{"data":"Noxious Fumes","floor":15.0,"key":"SMITH"},{"floor":23.0,"key":"REST"},{"data":"Dodge and Roll","floor":25.0,"key":"SMITH"},{"data":"Poisoned Stab","floor":27.0,"key":"SMITH"},{"floor":32.0,"key":"REST"},{"floor":40.0,"key":"REST"},{"data":"Footwork","floor":42.0,"key":"SMITH"},{"data":"Leg Sweep","floor":46,"key":"SMITH"},{"floor":49,"key":"REST"}],"circlet_count":0,"master_deck":["Strike_G+1","Strike_G+1","Strike_G+1","Defend_G+1","Defend_G+1","Defend_G+1","Defend_G+1","Defend_G+1","Survivor","Neutralize+1","Underhanded Strike","Noxious Fumes+1","Leg Sweep+1","Predator","Poisoned Stab+1","Backflip","Deadly Poison","Envenom+1","Cloak And Dagger","Bane","Infinite Blades","Dodge and Roll+1","Dash+1","Caltrops","Acrobatics","Footwork+1","Blur","Dagger Throw+1","Blind"],"relics":["Ring of the Snake","Boot","Eternal Feather","Golden Idol","Blue Candle","Orichalcum","Regal Pillow","SlaversCollar","Happy Flower","WristBlade","Pen Nib"],"acts_visited":["Exordium","TheCity","TheBeyond"],"potions_floor_usage":[44,50],"damage_taken":[{"damage":0.0,"enemies":"Cultist","floor":1.0,"turns":4.0},{"damage":4.0,"enemies":"2 Louse","floor":3.0,"turns":2.0},{"damage":1.0,"enemies":"Jaw Worm","floor":4.0,"turns":2.0},{"damage":3.0,"enemies":"Blue Slaver","floor":5.0,"turns":6.0},{"damage":22.0,"enemies":"3 Sentries","floor":7.0,"turns":9.0},{"damage":24.0,"enemies":"Large Slime","floor":14.0,"turns":8.0},{"damage":26.0,"enemies":"Slime Boss","floor":16.0,"turns":10.0},{"damage":15.0,"enemies":"Chosen","floor":18.0,"turns":5.0},{"damage":21.0,"enemies":"3 Byrds","floor":21.0,"turns":6.0},{"damage":28.0,"enemies":"Centurion and Healer","floor":28.0,"turns":7.0},{"damage":16.0,"enemies":"Snake Plant","floor":30.0,"turns":5.0},{"damage":55.0,"enemies":"Collector","floor":33.0,"turns":10.0},{"damage":10.0,"enemies":"3 Shapes","floor":35.0,"turns":8.0},{"damage":28.0,"enemies":"3 Darklings","floor":37.0,"turns":9.0},{"damage":0,"enemies":"Transient","floor":44,"turns":1},{"damage":20,"enemies":"Writhing Mass","floor":45,"turns":8},{"damage":35,"enemies":"Jaw Worm Horde","floor":48,"turns":7},{"damage":60,"enemies":"Donu and Deca","floor":50,"turns":12}],"seed_played":"7846001220913086833","potions_obtained":[{"floor":3.0,"key":"EntropicBrew"},{"floor":21.0,"key":"CunningPotion"},{"floor":28.0,"key":"SpeedPotion"},{"floor":30.0,"key":"SmokeBomb"},{"floor":33.0,"key":"AttackPotion"},{"floor":35.0,"key":"LiquidMemories"}],"is_trial":false,"path_per_floor":["M","?","M","M","M","R","E","?","T","T","$","$","R","M","R","B",null,"M","?","$","M","$","R","?","R","T","R","M","?","M","$","R","B",null,"M","$","M","?","?","R","$","R","T","M","M","R","?","M","R","B",null],"character_chosen":"THE_SILENT","items_purchased":["Poisoned Stab","Regal Pillow","Backflip","Infinite Blades","Dodge and Roll","Caltrops","Footwork","Blur"],"campfire_rested":5,"item_purchase_floors":[11,11,12,22,22,31,41,41],"current_hp_per_floor":[63,68,64,63,60,60,38,21,21,21,21,21,66,42,51,25,59,44,38,38,17,17,65,65,70,70,70,42,42,26,26,70,15,56,46,46,18,18,18,69,69,70,70,70,50,65,65,30,70,10],"gold":126,"neow_bonus":"RANDOM_COMMON_RELIC","is_daily":false,"chose_seed":false,"campfire_upgraded":6,"win_rate":0.0,"timestamp":1610308868,"path_taken":["M","?","M","?","M","R","E","?","T","?","?","$","R","M","R","BOSS","M","?","$","M","?","R","?","R","T","R","?","?","M","?","R","BOSS","M","$","M","?","?","R","$","R","T","?","M","R","?","M","R","BOSS"],"items_purchased_type":["Card","Relic","Card","Card","Card","Card","Card","Card"],"build_version":"2020-12-22","purchased_purges":1,"victory":true,"max_hp_per_floor":[70,70,70,70,70,70,70,70,70,70,70,70,70,70,70,70,70,70,70,70,70,70,70,70,70,70,70,70,70,70,70,70,70,70,70,70,70,70,70,70,70,70,70,70,70,70,70,70,70,70],"relic_stats":{"Regal Pillow":57,"Happy Flower":[22],"counters":[18,119],"Golden Idol":117,"Blue Candle":[0],"Eternal Feather":96,"Pen Nib":[5],"Orichalcum":[102],"Boot":[84],"obtain_stats":[{"SlaversCollar":17,"Regal Pillow":11,"Happy Flower":26,"WristBlade":34,"Golden Idol":8,"Blue Candle":9,"Eternal Feather":7,"Pen Nib":43,"Orichalcum":10,"Boot":0,"Ring of the Snake":0},{"SlaversCollar":7,"Regal Pillow":5,"Happy Flower":9,"WristBlade":12,"Golden Idol":5,"Blue Candle":5,"Eternal Feather":5,"Pen Nib":14,"Orichalcum":5,"Boot":0,"Ring of the Snake":0},{"SlaversCollar":41,"Regal Pillow":23,"Happy Flower":52,"WristBlade":74,"Golden Idol":23,"Blue Candle":23,"Eternal Feather":23,"Pen Nib":91,"Orichalcum":23,"Boot":0,"Ring of the Snake":0}],"Ring of the Snake":[36]},"card_choices":[{"not_picked":["Outmaneuver","Reflex"],"picked":"Acrobatics","floor":1.0},{"not_picked":["PiercingWail","Dodge and Roll"],"picked":"Underhanded Strike","floor":3.0},{"not_picked":["Deflect","Masterful Stab"],"picked":"Noxious Fumes","floor":4.0},{"not_picked":["Blade Dance","Dagger Throw"],"picked":"Leg Sweep","floor":5.0},{"not_picked":["Tools of the Trade","Wraith Form v2"],"picked":"Predator","floor":7.0},{"not_picked":["Flying Knee","Tactician"],"picked":"Deadly Poison","floor":14.0},{"not_picked":["Tools of the Trade","Phantasmal Killer"],"picked":"Envenom","floor":16.0},{"not_picked":["PiercingWail+1","Deflect"],"picked":"Cloak And Dagger","floor":18.0},{"not_picked":["Bullet Time","Quick Slash"],"picked":"Bane","floor":21.0},{"not_picked":["Cloak And Dagger","Quick Slash","Dagger Spray"],"picked":"SKIP","floor":28.0},{"not_picked":["Dagger Spray","Quick Slash+1"],"picked":"Dash+1","floor":30.0},{"not_picked":["Cloak And Dagger","Underhanded Strike"],"picked":"Acrobatics","floor":35.0},{"not_picked":["Reflex","Underhanded Strike+1","Well Laid Plans+1"],"picked":"SKIP","floor":37.0},{"not_picked":["Poisoned Stab","PiercingWail+1"],"picked":"Dagger Throw+1","floor":45},{"not_picked":["PanicButton","Discovery"],"picked":"Blind","floor":47},{"not_picked":["Deflect","Setup","Bane"],"picked":"SKIP","floor":48}],"player_experience":1596389,"relics_obtained":[{"floor":7.0,"key":"Eternal Feather"},{"floor":9.0,"key":"Blue Candle"},{"floor":10.0,"key":"Orichalcum"},{"floor":26.0,"key":"Happy Flower"},{"floor":43.0,"key":"Pen Nib"}],"event_choices":[{"cards_removed":["Acrobatics"],"damage_healed":5.0,"max_hp_gain":0.0,"max_hp_loss":0.0,"gold_gain":0.0,"event_name":"Bonfire Elementals","player_choice":"Offered Common","floor":2.0,"gold_loss":0.0,"damage_taken":0.0},{"cards_removed":["Acrobatics"],"damage_healed":5.0,"max_hp_gain":0.0,"max_hp_loss":0.0,"gold_gain":0.0,"event_name":"Bonfire Elementals","player_choice":"Offered Special","floor":2.0,"gold_loss":0.0,"damage_taken":0.0},{"damage_healed":0.0,"max_hp_gain":0.0,"max_hp_loss":0.0,"gold_gain":0.0,"event_name":"Golden Idol","player_choice":"Take Damage","floor":8.0,"gold_loss":0.0,"damage_taken":17.0,"relics_obtained":["Golden Idol"]},{"damage_healed":0.0,"max_hp_gain":0.0,"max_hp_loss":0.0,"gold_gain":0.0,"event_name":"Knowing Skull","player_choice":"","floor":19.0,"potions_obtained":[],"gold_loss":0.0,"damage_taken":6.0,"cards_obtained":[]},{"damage_healed":0.0,"max_hp_gain":0.0,"max_hp_loss":0.0,"gold_gain":0.0,"event_name":"Ghosts","player_choice":"Ignored","floor":24.0,"gold_loss":0.0,"damage_taken":0.0},{"damage_healed":0.0,"max_hp_gain":0.0,"max_hp_loss":0.0,"gold_gain":0.0,"event_name":"Back to Basics","player_choice":"Simplicity","floor":29.0,"gold_loss":0.0,"damage_taken":0.0,"cards_upgraded":["Strike_G","Strike_G","Strike_G","Strike_G","Defend_G","Defend_G","Defend_G","Defend_G","Defend_G"]},{"cards_removed":["Strike_G"],"damage_healed":0.0,"max_hp_gain":0.0,"max_hp_loss":0.0,"gold_gain":0.0,"event_name":"Falling","player_choice":"Removed Attack","floor":38.0,"gold_loss":0.0,"damage_taken":0.0},{"damage_healed":0.0,"max_hp_gain":0.0,"max_hp_loss":0.0,"gold_gain":0.0,"event_name":"Upgrade Shrine","player_choice":"Upgraded","floor":39.0,"gold_loss":0.0,"damage_taken":0.0,"cards_upgraded":["Envenom"]},{"damage_healed":0,"gold_gain":0,"player_choice":"Memory 1","damage_taken":0,"max_hp_gain":0,"max_hp_loss":0,"event_name":"SensoryStone","floor":47,"gold_loss":0}],"is_beta":false,"boss_relics":[{"not_picked":["Astrolabe","Runic Dome"],"picked":"SlaversCollar"},{"not_picked":["Cursed Key","SacredBark"],"picked":"WristBlade"}],"items_purged_floors":[20],"is_endless":false,"potions_floor_spawned":[3,7,21,28,30,33,35,44],"ascension_level":9}}