{"host":"1zulhgfop6judopi","time":1610244101,"event":{"mods":["2.2 Compatiblity","Act Like it!","Aspiration","BaseMod","Beaked The Cultist","Better Altar","Better Match","Better Note","Better Sensory Stone","Better Skull","Better Synergies","Better Third Choice","Card Forge","Communication Mod","Conspire","Defuse TimeMaze Blight","Displayed Cursed Tome","Downfall","Elementarium","Friendly Minions","GifTheSpireLib","GungeonMod","Halation","HexUI Lib","Hubris","Humility","Hyrulean Relics","Infinite Spire","Ironclad Rager","Marked Mod","Menagerie","Minty Spire (QoL Compilation)","MostiFishMod","Quick Restart","Relic Filter","Relic Sorter","Replay The Spire","SacredBarkPlus","Small Relic Pack","Spicy Shops","Spikes Relics","Spire Exporter","StSLib","Stuff the Spire","Synergy Search","The Bladedancer","The Blue Laboratory","The Factory","Trackpad","Transform Curses","Uncapped","UnlockEverythingMod","Virulent Crown","vexMod"],"gold_per_floor":[100116,95706,95722,95737,95749,95749,95749,95760,95760,95792,88438,88477,88521,88521],"floor_reached":13,"playtime":840,"items_purged":["BlessedFruit"],"score":535,"play_id":"f80e0838-53cf-4505-8410-0940ef423911","local_time":"20210109210141","daily_mods":["Vintage","Diverse","Heirloom","Time Dilation","Flight","Elite Swarm","Lethality"],"is_ascension_mode":true,"campfire_choices":[{"data":"BlessedFruit","floor":6,"key":"SMITH"},{"data":"Eruption","floor":7,"key":"SMITH"}],"circlet_count":0,"master_deck":["Strike_P","Strike_P","Strike_P","Strike_P","Defend_P","Defend_P","Defend_P","Eruption+1","Vigilance","BlessedFruit+1","Defend_P","MostiFishMod:ATRI+1"],"relics":["PureWater","zeldaRelics:WisdomTriforce","DemoMod:PoisonVial","zeldaRelics:PowerTriforce","Hammer of Thor","Seething Fire","Anvil of the Gods","DaveBox","zeldaRelics:CourageTriforce","DemoMod:Antibody","The Courier","ShockBauble","SynthV:TestCard","DemoMod:Orange","Turnip","trackpad:ZombieHeart","HeavenlyBonsai","Guardian:PocketSentry","Bird Faced Urn","DemoMod:MeltedRock","aspiration:Lifesprig","StuffTheSpire:GrapeVine","Nunchaku","Replay:Rubber Ducky","trackpad:CultistFigurine","PreservedInsect","DemoMod:WhiteGuonStone","ExplosiveVial","DemoMod:GnawedKey","trackpad:PetRock","trackpad:Compendium","Replay:Ringing Soul","conspire:InfiniteJournal","Simple Rune","MealTicket","BicycleWheel","Ancient Tea Set","Damaru","StuffTheSpire:PointBlank","DemoMod:GlassGuonStoneRelic","InkBottle","Calipers","DemoMod:MonsterBlood","trackpad:AdjectivePendant","vexMod:FocusSash","Strawberry","infinitespire:Lychee Nut","Omamori","ReplayTheSpireMod:Lightbulb","White Beast Statue","Counterbalance","DemoMod:SevenLeafClover","Pear","Iron Hammer","ReplayTheSpireMod:TigerMarble","Sundial","Pantograph","Vajra","conspire:DeflatedDodgeball","aspiration:EmptySkull","Replay:PocketPolymizer","hubris:Reverence","vexMod:BerryBomb","Anchor","relicPack:DarknessArmor","DemoMod:ClearGuonStone","Garlic","infinitespire:Eraser","Snack Pack","halation:IllGainedPizza","hubris:TenFootPole","Juzu Bracelet","trackpad:IceCube","hubris:ToyBattleship","DemoMod:GreenGuonStone","OriginationStaff","Civilization","BrkXgEgg","relicPack:SpireResearchBook","Orichalcum","Centennial Puzzle","Blue Doll","conspire:DecoderRing","Replay:Bandana","StuffTheSpire:Mouthbags","halation:PrussianBluePaint","trackpad:Mousetrap","Question Card","trackpad:FieryHotPepper"],"acts_visited":["Exordium"],"potions_floor_usage":[],"damage_taken":[{"damage":0,"enemies":"2 Louse","floor":1,"turns":1},{"damage":1,"enemies":"Jaw Worm","floor":3,"turns":1},{"damage":2,"enemies":"Small Slimes","floor":4,"turns":1},{"damage":2,"enemies":"2 Fungi Beasts","floor":5,"turns":1},{"damage":1,"enemies":"Exordium Wildlife","floor":8,"turns":2},{"damage":0,"enemies":"Gremlin Nob","floor":10,"turns":2},{"damage":0,"enemies":"Lagavulin","floor":12,"turns":2},{"damage":0,"enemies":"Gremlin Nob","floor":13,"turns":2}],"seed_played":"-3434153513074955680","potions_obtained":[{"floor":3,"key":"blueLaboratory:NullPotion"},{"floor":8,"key":"SteroidPotion"}],"is_trial":true,"path_per_floor":["M","$","M","M","M","R","R","M","T","E","$","E","E"],"character_chosen":"WATCHER","items_purchased":["DemoMod:Orange","Turnip","trackpad:ZombieHeart","HeavenlyBonsai","Guardian:PocketSentry","Bird Faced Urn","DemoMod:MeltedRock","aspiration:Lifesprig","DemoMod:WeirdEgg","Nunchaku","Replay:Rubber Ducky","trackpad:CultistFigurine","PreservedInsect","DemoMod:WhiteGuonStone","DemoMod:PoisonVial","ExplosiveVial","DemoMod:GnawedKey","trackpad:PetRock","trackpad:Compendium","Replay:Ringing Soul","conspire:InfiniteJournal","Simple Rune","MealTicket","BicycleWheel","Ancient Tea Set","Damaru","StuffTheSpire:PointBlank","vexMod:FocusSash","Strawberry","infinitespire:Lychee Nut","Omamori","ReplayTheSpireMod:Lightbulb","White Beast Statue","Counterbalance","DemoMod:SevenLeafClover","Pear","Iron Hammer","ReplayTheSpireMod:TigerMarble","Sundial","Pantograph","Vajra","conspire:DeflatedDodgeball","aspiration:EmptySkull","Replay:PocketPolymizer","hubris:Reverence","vexMod:BerryBomb","Anchor","relicPack:DarknessArmor","DemoMod:ClearGuonStone","Garlic","infinitespire:Eraser","Snack Pack","halation:IllGainedPizza","hubris:TenFootPole","Juzu Bracelet","trackpad:IceCube","hubris:ToyBattleship","DemoMod:GreenGuonStone","OriginationStaff","Civilization","BrkXgEgg","relicPack:SpireResearchBook","Orichalcum","Centennial Puzzle","Blue Doll","conspire:DecoderRing","Replay:Bandana","StuffTheSpire:Mouthbags","halation:PrussianBluePaint","trackpad:Mousetrap","Question Card"],"campfire_rested":0,"item_purchase_floors":[2,2,2,2,2,2,2,2,2,2,2,2,2,2,2,2,2,2,2,2,2,2,2,2,2,2,2,11,11,11,11,11,11,11,11,11,11,11,11,11,11,11,11,11,11,11,11,11,11,11,11,11,11,11,11,11,11,11,11,11,11,11,11,11,11,11,11,11,11,11,11],"current_hp_per_floor":[61,73,74,76,90,90,90,94,94,96,94,101,108,108],"gold":88521,"neow_bonus":"","is_daily":false,"chose_seed":false,"campfire_upgraded":2,"win_rate":0.0,"timestamp":1610244101,"path_taken":["M","$","M","M","M","R","R","M","T","E","$","E","E"],"items_purchased_type":["Relic","Relic","Relic","Relic","Relic","Relic","Relic","Relic","Relic","Relic","Relic","Relic","Relic","Relic","Relic","Relic","Relic","Relic","Relic","Relic","Relic","Relic","Relic","Relic","Relic","Relic","Relic","Relic","Relic","Relic","Relic","Relic","Relic","Relic","Relic","Relic","Relic","Relic","Relic","Relic","Relic","Relic","Relic","Relic","Relic","Relic","Relic","Relic","Relic","Relic","Relic","Relic","Relic","Relic","Relic","Relic","Relic","Relic","Relic","Relic","Relic","Relic","Relic","Relic","Relic","Relic","Relic","Relic","Relic","Relic","Relic"],"build_version":"2020-12-22","purchased_purges":1,"victory":false,"max_hp_per_floor":[68,80,81,84,93,93,93,97,97,98,94,101,108,108],"card_choices":[{"not_picked":["Slimebound:MinionMaster","champ:DancingMaster","MostiFishMod:ScryFuture","DemoMod:FightSabre","MostiFishMod:Overload"],"picked":"SKIP","floor":10},{"not_picked":["blademaster:ColdBlood+1","hexamod:TimeWarp+1","Guardian:HyperBeam_Guardian+1","Blasphemy+1","MostiFishMod:FlyOverUtopia+1"],"picked":"MostiFishMod:ATRI+1","floor":12}],"player_experience":191463,"relics_obtained":[{"floor":1,"key":"ShockBauble"},{"floor":1,"key":"SynthV:TestCard"},{"floor":3,"key":"InkBottle"},{"floor":4,"key":"Calipers"},{"floor":5,"key":"DemoMod:MonsterBlood"},{"floor":8,"key":"trackpad:AdjectivePendant"},{"floor":9,"key":"zeldaRelics:WisdomPiece"},{"floor":10,"key":"zeldaRelics:WisdomPiece"},{"floor":12,"key":"zeldaRelics:WisdomPiece"},{"floor":13,"key":"trackpad:FieryHotPepper"}],"event_choices":[],"is_beta":false,"boss_relics":[],"items_purged_floors":[2],"is_endless":false,"potions_floor_spawned":[3,5,8,12,13],"killed_by":"Gremlin Nob","ascension_level":20}}