{"host":"Ceyx","time":1610251404,"event":{"mods":["BaseMod","Beaked The Cultist","Better Third Choice","BetterRewards","Conspire","Downfall","Exacting","Hermit","Hubris","Infinite Spire","Lobotomy","Minty Spire (QoL Compilation)","Permanent Neow","Replay The Spire","Shop Mod","StSLib","The Alterego","The Jungle","The Poker Player"],"gold_per_floor":[132,82,82,82,82,108,108,149,175,175,175,175,209,61,61,163,163,212,212,212,226,243,243,275,275,275,295,341,353,379,379,379,479,479,497,560,560,655,240,240,265,299,299,314,314,314,314,314],"floor_reached":46,"playtime":4470,"items_purged":[],"score":601,"play_id":"bafa66fb-3307-4654-9ceb-a05e38f16c2a","local_time":"20210110110324","is_ascension_mode":true,"metric_token":1234,"campfire_choices":[{"data":"PokerPlayerMod:TrumpStrike","floor":7.0,"key":"SMITH"},{"data":"PokerPlayerMod:Mulligan","floor":10.0,"key":"SMITH"},{"data":"PokerPlayerMod:Raise","floor":15.0,"key":"SMITH"},{"data":"PokerPlayerMod:Club4","floor":23.0,"key":"SMITH"},{"data":"PokerPlayerMod:Club5","floor":25.0,"key":"SMITH"},{"floor":32.0,"key":"REST"},{"data":"PokerPlayerMod:DartThrow","floor":32.0,"key":"SMITH"},{"data":"expansioncontent:GuardianWhirl","floor":40,"key":"SMITH"}],"circlet_count":0,"master_deck":["PokerPlayerMod:Diamond1","PokerPlayerMod:Diamond2","PokerPlayerMod:Diamond7","PokerPlayerMod:Diamond5","PokerPlayerMod:Diamond5","PokerPlayerMod:Spade1","PokerPlayerMod:Spade2","PokerPlayerMod:Spade3","PokerPlayerMod:Spade4","PokerPlayerMod:Club2","PokerPlayerMod:Heart2","PokerPlayerMod:TrumpStrike+1","PokerPlayerMod:BadJoker","PokerPlayerMod:Mulligan+1","PokerPlayerMod:Club6","PokerPlayerMod:DartThrow+1","PokerPlayerMod:SecondChance","PokerPlayerMod:Raise+1","PokerPlayerMod:HiddenCard","PokerPlayerMod:Club9","PokerPlayerMod:DiamondStrike","PokerPlayerMod:Club8","PokerPlayerMod:Diamond9","PokerPlayerMod:DiamondStrike","PokerPlayerMod:Club5","PokerPlayerMod:Diamond4","PokerPlayerMod:Club8","PokerPlayerMod:Heart4","PokerPlayerMod:WasteCollection","PokerPlayerMod:ClubsClub","PokerPlayerMod:CardBurn","PokerPlayerMod:Promotion","PokerPlayerMod:Club3","ReplayTheSpireMod:Splinters","PokerPlayerMod:Diamond3","Panache","Replay:SS_hec_4","expansioncontent:GuardianWhirl+1","PokerPlayerMod:CloakAndDiamond","PokerPlayerMod:FillThePot","PokerPlayerMod:FillThePot","PokerPlayerMod:Club9","PokerPlayerMod:CloakAndDiamond+1"],"relics":["PokerPlayerMod:DeckCase","Incense Burner","Regal Pillow","Pet Ghost","Toolbox","Honey Jar","infinitespire:Magic Flask","ReplayTheSpireMod:Ninjato","Blue Doll","hubris:Backtick","Ice Cream","Centennial Puzzle","infinitespire:CursedDice","Replay:Mystery Machine","PokerPlayerMod:PenAndEraser","Omamori","Shuriken","hubris:Towel"],"acts_visited":["Exordium","TheCity","TheBeyond"],"potions_floor_usage":[46,46],"damage_taken":[{"damage":5.0,"enemies":"2 Louse","floor":1.0,"turns":2.0},{"damage":10.0,"enemies":"3 Sentries","floor":6.0,"turns":4.0},{"damage":0.0,"enemies":"Small Slimes","floor":8.0,"turns":1.0},{"damage":6.0,"enemies":"Cultist","floor":13.0,"turns":2.0},{"damage":46.0,"enemies":"Fading Forest","floor":16.0,"turns":11.0},{"damage":0.0,"enemies":"conspire:FuzzyDice","floor":18.0,"turns":3.0},{"damage":0.0,"enemies":"Spheric Guardian","floor":21.0,"turns":2.0},{"damage":5.0,"enemies":"Centurion and Healer","floor":22.0,"turns":4.0},{"damage":16.0,"enemies":"Nightmare","floor":24.0,"turns":4.0},{"damage":0.0,"enemies":"Snecko","floor":27.0,"turns":2.0},{"damage":0.0,"enemies":"Gremlin Leader","floor":28.0,"turns":2.0},{"damage":2.0,"enemies":"Cultist and Chosen","floor":29.0,"turns":2.0},{"damage":29.0,"enemies":"Centurion and Healer","floor":30.0,"turns":3.0},{"damage":21.0,"enemies":"hubris:MusketHawk","floor":33.0,"turns":6.0},{"damage":0.0,"enemies":"3 Darklings","floor":35.0,"turns":2.0},{"damage":15.0,"enemies":"Mind Bloom Boss Battle","floor":38.0,"turns":4.0},{"damage":0,"enemies":"3 Shapes","floor":42,"turns":2},{"damage":24,"enemies":"Writhing Mass","floor":44,"turns":3},{"damage":15,"enemies":"infinitespire:Three Voidlings","floor":46,"turns":2},{"damage":46,"enemies":"Nightmare_Alpha","floor":46,"turns":8}],"seed_played":"7598721064802189189","potions_obtained":[{"floor":6.0,"key":"Strength Potion"},{"floor":13.0,"key":"Energy Potion"},{"floor":24.0,"key":"Toxic Potion"},{"floor":27.0,"key":"Regen Potion"},{"floor":30.0,"key":"Languid Potion"},{"floor":33.0,"key":"Energy Potion"},{"floor":35.0,"key":"champ:CounterPotion"},{"floor":35.0,"key":"champ:CounterPotion"},{"floor":36.0,"key":"champ:CounterPotion"},{"floor":36.0,"key":"FearPotion"},{"floor":42,"key":"GamblersBrew"},{"floor":44,"key":"FearPotion"}],"is_trial":false,"path_per_floor":["M","?","?","?","?","E","R","M","T","R","?","?","M","$","R","B",null,"M","?","?","M","M","R","NM","R","T","M","E","M","M","?","R","B",null,"M","?","?","?","$","R","T","M","T","M","?","?"],"character_chosen":"THE_POKER_PLAYER","items_purchased":["Toolbox","PokerPlayerMod:FillThePot","PokerPlayerMod:Club9","Replay:Mystery Machine","PokerPlayerMod:PenAndEraser"],"campfire_rested":1,"item_purchase_floors":[14,39,39,39,39],"current_hp_per_floor":[42,42,42,42,47,42,42,44,44,44,44,44,41,41,41,7,47,47,47,47,47,47,47,31,31,31,31,37,35,10,10,39,26,47,47,47,37,33,33,33,33,35,35,23,23,1,1,1],"gold":314,"neow_bonus":"ONE_RARE_RELIC","is_daily":false,"chose_seed":false,"campfire_upgraded":7,"win_rate":0.0,"timestamp":1610251404,"path_taken":["M","?","?","?","?","E","R","?","T","R","?","?","M","$","R","BOSS","M","?","?","M","M","R","NM","R","T","?","E","M","M","?","R","BOSS","M","?","?","?","?","R","?","M","T","?","?","?"],"items_purchased_type":["Relic","Card","Card","Relic","Relic"],"build_version":"2020-12-18","purchased_purges":0,"victory":false,"max_hp_per_floor":[47,47,47,47,47,47,47,47,47,47,47,47,47,47,47,47,47,47,47,47,47,47,47,47,47,47,47,47,47,47,47,47,47,47,47,47,47,47,47,47,47,47,47,47,47,47,47,47],"card_choices":[{"not_picked":["PokerPlayerMod:DiamondStrike","PokerPlayerMod:Trickery"],"picked":"PokerPlayerMod:Club6","floor":1.0},{"not_picked":["PokerPlayerMod:HotShotCut","PokerPlayerMod:DamnStraight"],"picked":"PokerPlayerMod:Club5","floor":6.0},{"not_picked":["PokerPlayerMod:Spade4","PokerPlayerMod:Diamond3","PokerPlayerMod:Heart1"],"picked":"SKIP","floor":8.0},{"not_picked":["PokerPlayerMod:Fold","PokerPlayerMod:MagicTrick"],"picked":"PokerPlayerMod:DiamondStrike","floor":13.0},{"not_picked":["PokerPlayerMod:Spade8","PokerPlayerMod:Heart7"],"picked":"PokerPlayerMod:Club8","floor":16.0},{"not_picked":["PokerPlayerMod:Diamond2","PokerPlayerMod:DartThrow","PokerPlayerMod:Configure+1"],"picked":"PokerPlayerMod:Diamond9","floor":18.0},{"not_picked":["PokerPlayerMod:Diamond4","PokerPlayerMod:Spade4","PokerPlayerMod:Diamond3"],"picked":"PokerPlayerMod:Club4","floor":21.0},{"not_picked":["PokerPlayerMod:Heart1","PokerPlayerMod:Manipulation","PokerPlayerMod:Diamond2"],"picked":"PokerPlayerMod:Diamond4","floor":22.0},{"not_picked":["PokerPlayerMod:Club2","PokerPlayerMod:ClubDance+1","PokerPlayerMod:HotShotCut+1"],"picked":"PokerPlayerMod:Club8","floor":24.0},{"not_picked":["PokerPlayerMod:Spade3","PokerPlayerMod:Configure","PokerPlayerMod:Club1"],"picked":"PokerPlayerMod:Heart4","floor":27.0},{"not_picked":["PokerPlayerMod:SpadeStrike","PokerPlayerMod:Extraction","PokerPlayerMod:Club3"],"picked":"PokerPlayerMod:WasteCollection","floor":28.0},{"not_picked":["PokerPlayerMod:MagicTrick","PokerPlayerMod:Club2","PokerPlayerMod:SpadeStrike"],"picked":"PokerPlayerMod:ClubsClub","floor":29.0},{"not_picked":["PokerPlayerMod:Diamond2","PokerPlayerMod:Spade5","PokerPlayerMod:Spade1"],"picked":"PokerPlayerMod:CardBurn","floor":30.0},{"not_picked":["PokerPlayerMod:Diamond7","PokerPlayerMod:Diamond10+","PokerPlayerMod:Diamond8"],"picked":"PokerPlayerMod:Promotion","floor":33.0},{"not_picked":["PokerPlayerMod:ClubDance+1","PokerPlayerMod:Fold+1","PokerPlayerMod:Spade4"],"picked":"PokerPlayerMod:Club3","floor":35.0},{"not_picked":["PokerPlayerMod:Spade3","PokerPlayerMod:Diamond1","PokerPlayerMod:Spade6"],"picked":"PokerPlayerMod:Diamond3","floor":36.0},{"not_picked":["expansioncontent:GoopSpray","ReplayTheSpireMod:Private Reserves","Specialist"],"picked":"Panache","floor":37.0},{"not_picked":["Replay:SS_hec_1","expansioncontent:DefensiveMode","expansioncontent:Collect"],"picked":"Replay:SS_hec_4","floor":37.0},{"not_picked":["Blind","expansioncontent:SlimeTackle","expansioncontent:QuickStudy"],"picked":"expansioncontent:GuardianWhirl","floor":37.0},{"not_picked":["PokerPlayerMod:Club1","PokerPlayerMod:Heart10+","PokerPlayerMod:Diamond3"],"picked":"PokerPlayerMod:CloakAndDiamond","floor":38.0},{"not_picked":["PokerPlayerMod:Extraction+1","PokerPlayerMod:Heart1","PokerPlayerMod:ClubsClub"],"picked":"PokerPlayerMod:CloakAndDiamond+1","floor":42},{"not_picked":["PokerPlayerMod:Heart5","PokerPlayerMod:Diamond1","PokerPlayerMod:Spade1","PokerPlayerMod:HiddenCard+1"],"picked":"SKIP","floor":44}],"player_experience":580982,"relics_obtained":[{"floor":6.0,"key":"Regal Pillow"},{"floor":9.0,"key":"Pet Ghost"},{"floor":24.0,"key":"infinitespire:Magic Flask"},{"floor":26.0,"key":"ReplayTheSpireMod:Ninjato"},{"floor":28.0,"key":"Blue Doll"},{"floor":36.0,"key":"Centennial Puzzle"},{"floor":38.0,"key":"infinitespire:CursedDice"},{"floor":41,"key":"Omamori"},{"floor":43,"key":"Shuriken"}],"event_choices":[{"cards_removed":["PokerPlayerMod:Club1"],"damage_healed":0.0,"max_hp_gain":0.0,"max_hp_loss":0.0,"gold_gain":0.0,"event_name":"The Cleric","player_choice":"Card Removal","floor":2.0,"gold_loss":50.0,"damage_taken":0.0},{"damage_healed":0.0,"max_hp_gain":0.0,"max_hp_loss":0.0,"gold_gain":0.0,"event_name":"conspire:Investor","player_choice":"Leave","floor":3.0,"gold_loss":0.0,"damage_taken":0.0},{"cards_removed":["PokerPlayerMod:CardPrinter"],"damage_healed":5.0,"max_hp_gain":0.0,"max_hp_loss":0.0,"gold_gain":0.0,"event_name":"Bonfire Elementals","player_choice":"Offered Uncommon","floor":5.0,"gold_loss":0.0,"damage_taken":0.0},{"damage_healed":0.0,"max_hp_gain":0.0,"max_hp_loss":0.0,"gold_gain":0.0,"event_name":"Upgrade Shrine","player_choice":"Upgraded","floor":12.0,"gold_loss":0.0,"damage_taken":0.0,"cards_upgraded":["PokerPlayerMod:Diamond4"]},{"damage_healed":0.0,"max_hp_gain":0.0,"max_hp_loss":0.0,"gold_gain":0.0,"event_name":"N\u0027loth","player_choice":"Ignored","floor":20.0,"gold_loss":0.0,"damage_taken":0.0},{"damage_healed":0.0,"max_hp_gain":0.0,"max_hp_loss":0.0,"gold_gain":0.0,"event_name":"Cursed Tome","player_choice":"Ignored","floor":31.0,"gold_loss":0.0,"damage_taken":0.0},{"damage_healed":0.0,"max_hp_gain":0.0,"max_hp_loss":0.0,"gold_gain":0.0,"event_name":"SensoryStone","player_choice":"Memory 3","floor":37.0,"gold_loss":0.0,"damage_taken":10.0},{"damage_healed":0.0,"max_hp_gain":0.0,"max_hp_loss":0.0,"gold_gain":0.0,"event_name":"MindBloom","player_choice":"Fight","floor":38.0,"gold_loss":0.0,"damage_taken":0.0}],"is_beta":true,"boss_relics":[{"not_picked":["hubris:Stopwatch","Philosopher\u0027s Stone"],"picked":"Honey Jar"},{"not_picked":["Pandora\u0027s Box","Calling Bell"],"picked":"hubris:Backtick"}],"items_purged_floors":[],"is_endless":true,"potions_floor_spawned":[6,13,24,27,30,35,44],"killed_by":"Nightmare_Alpha","ascension_level":3}}