{"host":"kda2p2afd6bvz6qo","time":1610294997,"event":{"mods":["BaseMod","Colored Map","Minty Spire (QoL Compilation)","Relic Stats"],"gold_per_floor":[118,118,118,137,152,182,199,199,199,217,234,266,266,277,277,350,350,361,190,465,476,476,476],"floor_reached":22,"playtime":1192,"items_purged":[],"score":424,"play_id":"dc7e3ffa-1be0-4c3c-8a49-2469d0c3658a","local_time":"20210110160957","is_ascension_mode":true,"campfire_choices":[{"floor":8.0,"key":"REST"},{"data":"Flechettes","floor":13.0,"key":"SMITH"},{"floor":15.0,"key":"REST"}],"circlet_count":0,"master_deck":["AscendersBane","Strike_G","Strike_G","Strike_G","Strike_G","Defend_G","Defend_G","Defend_G+1","Defend_G","Defend_G","Survivor+1","Neutralize","Masterful Stab","Footwork","Riddle With Holes","Poisoned Stab","Footwork","Poisoned Stab","Flechettes+1","Leg Sweep","Skewer","Night Terror","Terror","Bouncing Flask","Footwork+1","Catalyst","Caltrops","Quick Slash+1","Regret"],"relics":["Runic Dome","Gremlin Horn","Potion Belt","Eternal Feather","War Paint","Black Star","Orrery"],"acts_visited":["Exordium","TheCity"],"potions_floor_usage":[21],"damage_taken":[{"damage":0.0,"enemies":"Cultist","floor":1.0,"turns":4.0},{"damage":7.0,"enemies":"Small Slimes","floor":4.0,"turns":4.0},{"damage":2.0,"enemies":"Jaw Worm","floor":5.0,"turns":4.0},{"damage":22.0,"enemies":"Gremlin Nob","floor":6.0,"turns":4.0},{"damage":9.0,"enemies":"Red Slaver","floor":7.0,"turns":3.0},{"damage":3.0,"enemies":"Large Slime","floor":10.0,"turns":8.0},{"damage":8.0,"enemies":"Looter","floor":11.0,"turns":4.0},{"damage":0.0,"enemies":"Lagavulin","floor":12.0,"turns":8.0},{"damage":21.0,"enemies":"Exordium Wildlife","floor":14.0,"turns":5.0},{"damage":36.0,"enemies":"The Guardian","floor":16.0,"turns":16.0},{"damage":21.0,"enemies":"Shell Parasite","floor":18.0,"turns":6.0},{"damage":26,"enemies":"Spheric Guardian","floor":21,"turns":6},{"damage":7,"enemies":"Snake Plant","floor":22,"turns":2}],"seed_played":"3859708472688437450","potions_obtained":[{"floor":4.0,"key":"CultistPotion"},{"floor":10.0,"key":"BlessingOfTheForge"},{"floor":11.0,"key":"EssenceOfSteel"},{"floor":14.0,"key":"Swift Potion"},{"floor":16.0,"key":"Weak Potion"},{"floor":18,"key":"Dexterity Potion"}],"is_trial":false,"path_per_floor":["M","T","?","M","M","E","M","R","T","M","M","E","R","M","R","B",null,"M","$","?","M","M"],"character_chosen":"THE_SILENT","items_purchased":["Orrery"],"campfire_rested":2,"item_purchase_floors":[19],"current_hp_per_floor":[59,59,52,45,43,21,12,31,31,28,20,20,32,11,42,6,51,30,30,30,4,0,0],"gold":476,"neow_bonus":"BOSS_RELIC","is_daily":false,"chose_seed":false,"campfire_upgraded":1,"win_rate":0.0,"timestamp":1610294997,"path_taken":["M","?","?","M","M","E","M","R","T","M","M","E","R","M","R","BOSS","M","$","?","?","M"],"items_purchased_type":["Relic"],"build_version":"2020-12-22","purchased_purges":0,"victory":false,"max_hp_per_floor":[66,66,66,66,66,66,66,66,66,66,66,66,66,66,66,66,66,66,66,66,66,66,66],"relic_stats":{"Gremlin Horn":[3,3],"counters":[13,74],"Eternal Feather":24,"Black Star":0,"War Paint":["Defend_G","Survivor"],"obtain_stats":[{"Potion Belt":6,"Runic Dome":0,"Gremlin Horn":2,"Orrery":19,"Eternal Feather":9,"Black Star":17,"War Paint":12,"Ring of the Snake":0},{"Potion Belt":4,"Runic Dome":0,"Gremlin Horn":1,"Orrery":11,"Eternal Feather":5,"Black Star":10,"War Paint":8,"Ring of the Snake":0},{"Potion Belt":16,"Runic Dome":0,"Gremlin Horn":4,"Orrery":66,"Eternal Feather":19,"Black Star":60,"War Paint":39,"Ring of the Snake":0}]},"card_choices":[{"not_picked":["Deflect","Dodge and Roll"],"picked":"Masterful Stab","floor":1.0},{"not_picked":["Underhanded Strike","Quick Slash"],"picked":"Footwork","floor":4.0},{"not_picked":["Terror","Leg Sweep"],"picked":"Riddle With Holes","floor":5.0},{"not_picked":["Slice","Dodge and Roll"],"picked":"Poisoned Stab","floor":6.0},{"not_picked":["After Image","Bane"],"picked":"Footwork","floor":7.0},{"not_picked":["Bane","Deflect"],"picked":"Poisoned Stab","floor":10.0},{"not_picked":["Dagger Throw","Caltrops"],"picked":"Flechettes","floor":11.0},{"not_picked":["Quick Slash","Cloak And Dagger"],"picked":"Leg Sweep","floor":12.0},{"not_picked":["Distraction","Setup"],"picked":"Skewer","floor":14.0},{"not_picked":["Die Die Die","Corpse Explosion"],"picked":"Night Terror","floor":16.0},{"not_picked":["PiercingWail","Endless Agony"],"picked":"Terror","floor":18},{"not_picked":["Skewer","Masterful Stab"],"picked":"Bouncing Flask","floor":19},{"not_picked":["Leg Sweep","Tactician"],"picked":"Footwork+1","floor":19},{"not_picked":["Choke","Flying Knee"],"picked":"Catalyst","floor":19},{"not_picked":["Cloak And Dagger","Poisoned Stab"],"picked":"Caltrops","floor":19},{"not_picked":["Dash","Endless Agony+1"],"picked":"Quick Slash+1","floor":19},{"not_picked":["Bane","Underhanded Strike","Riddle With Holes"],"picked":"SKIP","floor":21}],"player_experience":117320,"relics_obtained":[{"floor":2.0,"key":"Gremlin Horn"},{"floor":6.0,"key":"Potion Belt"},{"floor":9.0,"key":"Eternal Feather"},{"floor":12.0,"key":"War Paint"}],"event_choices":[{"cards_removed":["Strike_G"],"damage_healed":0.0,"max_hp_gain":0.0,"max_hp_loss":0.0,"gold_gain":0.0,"event_name":"Golden Wing","player_choice":"Card Removal","floor":3.0,"gold_loss":0.0,"damage_taken":7.0},{"damage_healed":0,"gold_gain":275,"player_choice":"Desecrate","damage_taken":0,"max_hp_gain":0,"max_hp_loss":0,"event_name":"Golden Shrine","floor":20,"gold_loss":0,"cards_obtained":["Regret"]}],"is_beta":false,"boss_relics":[{"not_picked":["Velvet Choker","Empty Cage"],"picked":"Black Star"}],"items_purged_floors":[],"is_endless":false,"potions_floor_spawned":[4,10,11,14,16,18],"killed_by":"Snake Plant","ascension_level":18}}