{"host":"4f4mly8p8a03nx7e","time":1610290953,"event":{"mods":["AchievementEnabler","Aspiration","BaseMod","BetterRewards","Colored Map","Colored Powertips","Conspire","Energized Spire","Googly Eyes","GungeonMod","Highlight Path","Hubris","Infinite Spire","Minty Spire (QoL Compilation)","Permanent Neow","Rare Cards Sparkle","Relic Sorter","Replay The Spire","Shop Mod","StSLib","Synergy Search","The IronCluck","Virulent Crown"],"gold_per_floor":[114,114,134,152,152,152,152],"floor_reached":6,"playtime":251,"items_purged":[],"score":50,"play_id":"2480f955-971a-4d4f-8e07-cdee6ed40c52","local_time":"20210110160233","is_ascension_mode":true,"campfire_choices":[],"circlet_count":0,"master_deck":["Strike_R","Strike_R","Strike_R","Strike_R","Strike_R","Defend_R","Defend_R","Defend_R","Bash","hubris:Lust","ReplayTheSpireMod:Corrosion Curse","Searing Blow+1","Uppercut","Decay"],"relics":["Burning Blood","Oddly Smooth Stone","ReplayTheSpireMod:CursedCoin","hubris:Zylophone","Torii"],"acts_visited":["Exordium"],"potions_floor_usage":[6],"damage_taken":[{"damage":7,"enemies":"2 Louse","floor":1,"turns":3},{"damage":7,"enemies":"Small Slimes","floor":3,"turns":3},{"damage":6,"enemies":"Cultist","floor":4,"turns":3},{"damage":72,"enemies":"Lagavulin","floor":6,"turns":6}],"seed_played":"-2765944662692041790","potions_obtained":[{"floor":1,"key":"DuplicationPotion"},{"floor":4,"key":"ElixirPotion"}],"is_trial":false,"path_per_floor":["M","?","M","M","?","E"],"character_chosen":"IRONCLAD","items_purchased":["Oddly Smooth Stone","ReplayTheSpireMod:CursedCoin"],"campfire_rested":0,"item_purchase_floors":[0,0],"current_hp_per_floor":[55,55,54,54,54,0,0],"gold":152,"neow_bonus":"","is_daily":false,"chose_seed":false,"campfire_upgraded":0,"win_rate":0.0,"timestamp":1610290953,"path_taken":["M","?","M","M","?","E"],"items_purchased_type":["Relic","Relic"],"build_version":"2020-12-22","purchased_purges":0,"victory":false,"max_hp_per_floor":[80,80,80,80,80,80,80],"card_choices":[{"not_picked":["Spot Weakness","Headbutt"],"picked":"Searing Blow","floor":1},{"not_picked":["Spot Weakness","hubris:SharpeningStone"],"picked":"Uppercut","floor":3},{"not_picked":["Clash","Anger","Wild Strike"],"picked":"SKIP","floor":4}],"player_experience":255608,"relics_obtained":[],"event_choices":[{"damage_healed":0,"gold_gain":0,"player_choice":"Grow","damage_taken":0,"max_hp_gain":0,"max_hp_loss":0,"event_name":"Living Wall","floor":2,"gold_loss":0,"cards_upgraded":["Searing Blow"]},{"damage_healed":0,"gold_gain":0,"player_choice":"Cursed","damage_taken":0,"max_hp_gain":0,"max_hp_loss":0,"event_name":"Wheel of Change","floor":5,"gold_loss":0,"cards_obtained":["Decay"]}],"is_beta":false,"boss_relics":[],"items_purged_floors":[],"is_endless":false,"potions_floor_spawned":[1,4],"killed_by":"Lagavulin","ascension_level":8}}