{"host":"0tiuc76yumknr6qf","time":1610311027,"event":{"mods":["BaseMod","Colored Map","Highlight Path","Jedi Mod","Minty Spire (QoL Compilation)","StSLib"],"gold_per_floor":[116,116,126,146,146,189,189,189,189,228,228,248,269,97,97,193,193,209,229,73,94,109,143,164,164,164,7,32,55,110,134,134,228,228,248,264,285,300,324,324,348,369,369,369,383,426,426,459,459,459,459,459,459,17,50,50],"floor_reached":57,"playtime":4868,"items_purged":["Strike_G","Strike_G"],"score":2854,"play_id":"17be81f7-e970-465f-a1a2-4368a3aa7842","local_time":"20210110143707","is_ascension_mode":true,"campfire_choices":[{"floor":7.0,"key":"REST"},{"floor":11.0,"key":"REST"},{"data":"Bouncing Flask","floor":15.0,"key":"SMITH"},{"data":"Night Terror","floor":25.0,"key":"SMITH"},{"data":"Catalyst","floor":32.0,"key":"SMITH"},{"floor":40.0,"key":"RECALL"},{"data":"After Image","floor":44.0,"key":"SMITH"},{"data":"1","floor":47.0,"key":"LIFT"},{"floor":49.0,"key":"REST"},{"data":"2","floor":53.0,"key":"LIFT"}],"circlet_count":0,"master_deck":["AscendersBane","Strike_G","Strike_G","Defend_G","Defend_G","Defend_G","Defend_G","Defend_G","Survivor","Neutralize","Skewer","Well Laid Plans","Cloak And Dagger","Acrobatics","Terror","Slice","Deadly Poison","Footwork","Bouncing Flask+1","jedi:collectorvenom","Blade Dance","Night Terror+1","Die Die Die","Cloak And Dagger+1","Corpse Explosion","Catalyst+1","After Image+1","Leg Sweep","Backflip","Blur+1","After Image+1","Adrenaline"],"relics":["jedi:battlestandard","Golden Idol","Gremlin Horn","Oddly Smooth Stone","Meat on the Bone","Orrery","Runic Pyramid","Lantern","Paper Crane","Toolbox","Anchor","SlaversCollar","Girya","Thread and Needle","DollysMirror","Bronze Scales"],"acts_visited":["Exordium","TheCity","TheBeyond","TheEnding"],"potions_floor_usage":[56],"damage_taken":[{"damage":1.0,"enemies":"Cultist","floor":1.0,"turns":4.0},{"damage":0.0,"enemies":"2 Louse","floor":3.0,"turns":3.0},{"damage":4.0,"enemies":"Jaw Worm","floor":4.0,"turns":4.0},{"damage":16.0,"enemies":"3 Sentries","floor":6.0,"turns":10.0},{"damage":25.0,"enemies":"Gremlin Nob","floor":10.0,"turns":4.0},{"damage":5.0,"enemies":"Gremlin Gang","floor":12.0,"turns":5.0},{"damage":0.0,"enemies":"Looter","floor":13.0,"turns":3.0},{"damage":24.0,"enemies":"The Guardian","floor":16.0,"turns":10.0},{"damage":18.0,"enemies":"3 Byrds","floor":18.0,"turns":5.0},{"damage":16.0,"enemies":"Chosen","floor":19.0,"turns":4.0},{"damage":31.0,"enemies":"Snake Plant","floor":21.0,"turns":4.0},{"damage":3.0,"enemies":"Centurion and Healer","floor":22.0,"turns":6.0},{"damage":19.0,"enemies":"Gremlin Leader","floor":23.0,"turns":5.0},{"damage":9.0,"enemies":"Chosen and Byrds","floor":24.0,"turns":4.0},{"damage":0.0,"enemies":"3 Cultists","floor":28.0,"turns":4.0},{"damage":0.0,"enemies":"Centurion and Healer","floor":30.0,"turns":6.0},{"damage":0.0,"enemies":"Cultist and Chosen","floor":31.0,"turns":2.0},{"damage":16.0,"enemies":"Automaton","floor":33.0,"turns":3.0},{"damage":3.0,"enemies":"3 Shapes","floor":35.0,"turns":3.0},{"damage":10.0,"enemies":"Orb Walker","floor":36.0,"turns":3.0},{"damage":32.0,"enemies":"Jaw Worm Horde","floor":37.0,"turns":3.0},{"damage":2.0,"enemies":"Spire Growth","floor":38.0,"turns":3.0},{"damage":18.0,"enemies":"Maw","floor":39.0,"turns":7.0},{"damage":10.0,"enemies":"Transient","floor":41.0,"turns":6.0},{"damage":0.0,"enemies":"3 Darklings","floor":42.0,"turns":2.0},{"damage":0.0,"enemies":"Writhing Mass","floor":45.0,"turns":3.0},{"damage":0.0,"enemies":"Giant Head","floor":46.0,"turns":3.0},{"damage":0.0,"enemies":"Nemesis","floor":48.0,"turns":7.0},{"damage":0.0,"enemies":"Awakened One","floor":50.0,"turns":11.0},{"damage":5.0,"enemies":"Time Eater","floor":51.0,"turns":5.0},{"damage":1.0,"enemies":"Shield and Spear","floor":55.0,"turns":5.0},{"damage":10,"enemies":"The Heart","floor":56,"turns":8}],"seed_played":"-4586198161355153145","potions_obtained":[{"floor":1.0,"key":"jedi:wingpotion"},{"floor":3.0,"key":"EssenceOfSteel"},{"floor":10.0,"key":"jedi:wingpotion"},{"floor":13.0,"key":"Poison Potion"},{"floor":19.0,"key":"Fruit Juice"},{"floor":21.0,"key":"jedi:StrikingPotion"},{"floor":23.0,"key":"BlessingOfTheForge"},{"floor":28.0,"key":"Energy Potion"},{"floor":35.0,"key":"PowerPotion"},{"floor":37.0,"key":"Swift Potion"},{"floor":42.0,"key":"Energy Potion"}],"is_trial":false,"path_per_floor":["M","?","M","M","?","E","R","?","T","E","R","M","M","$","R","B",null,"M","M","$","M","M","E","M","R","T","$","M","T","M","M","R","B",null,"M","M","M","M","M","R","M","M","T","R","M","E","R","E","R","B","B",null,"R","$","E","B",null],"character_chosen":"THE_SILENT","items_purchased":["Orrery","Die Die Die","Toolbox","DollysMirror","Adrenaline"],"campfire_rested":3,"item_purchase_floors":[14,20,27,54,54],"current_hp_per_floor":[58,58,58,54,31,15,34,34,34,9,28,35,35,35,35,23,55,37,33,33,19,28,21,24,24,24,24,36,36,36,36,36,32,61,58,48,28,38,50,50,40,40,40,40,40,40,40,40,61,61,56,67,67,67,66,56],"gold":50,"neow_bonus":"BOSS_RELIC","is_daily":false,"chose_seed":false,"campfire_upgraded":4,"win_rate":0.0,"timestamp":1610311027,"path_taken":["M","?","M","?","?","E","R","?","T","E","R","M","M","$","R","BOSS","M","M","$","M","?","E","M","R","T","?","M","?","M","M","R","BOSS","M","M","M","M","M","R","M","?","T","R","M","E","R","E","R","BOSS","BOSS","R","$","E","BOSS"],"items_purchased_type":["Relic","Card","Relic","Relic","Card"],"build_version":"2020-12-22","purchased_purges":2,"victory":true,"max_hp_per_floor":[66,66,66,66,66,66,66,66,66,66,66,66,66,66,66,66,66,66,66,66,71,71,71,71,71,71,71,71,71,71,71,71,71,71,71,71,71,71,71,71,71,71,71,71,71,71,71,71,71,71,71,71,71,71,71,71],"card_choices":[{"not_picked":["Deflect","Accuracy"],"picked":"Skewer","floor":1.0},{"not_picked":["Prepared","Bane"],"picked":"Well Laid Plans","floor":3.0},{"not_picked":["Concentrate","Underhanded Strike"],"picked":"Cloak And Dagger","floor":4.0},{"not_picked":["Underhanded Strike","Cloak And Dagger"],"picked":"Acrobatics","floor":6.0},{"not_picked":["Well Laid Plans","Finisher"],"picked":"Slice","floor":10.0},{"not_picked":["Prepared","Bane"],"picked":"Deadly Poison","floor":12.0},{"not_picked":["Blur","Poisoned Stab"],"picked":"Footwork","floor":13.0},{"not_picked":["Predator","Eviscerate"],"picked":"Bouncing Flask","floor":14.0},{"not_picked":["Calculated Gamble","Reflex"],"picked":"jedi:collectorvenom","floor":14.0},{"not_picked":["Outmaneuver","Dash"],"picked":"Blade Dance","floor":14.0},{"not_picked":["Blade Dance","Acrobatics"],"picked":"jedi:collectorvenom","floor":14.0},{"not_picked":["jedi:pocketpoison","Bane"],"picked":"Night Terror","floor":14.0},{"not_picked":["Malaise","Night Terror"],"picked":"jedi:collectorvenom","floor":16.0},{"not_picked":["Dodge and Roll","Outmaneuver"],"picked":"jedi:collectorvenom","floor":18.0},{"not_picked":["Accuracy+1","Escape Plan"],"picked":"jedi:collectorvenom","floor":19.0},{"not_picked":["Skewer+1","PiercingWail"],"picked":"jedi:collectorvenom","floor":21.0},{"not_picked":["PiercingWail","Distraction"],"picked":"jedi:collectorvenom","floor":22.0},{"not_picked":["Infinite Blades","Prepared"],"picked":"jedi:collectorvenom","floor":23.0},{"not_picked":["Quick Slash","Bane"],"picked":"Cloak And Dagger+1","floor":24.0},{"not_picked":["Crippling Poison","Quick Slash"],"picked":"jedi:collectorvenom","floor":28.0},{"not_picked":["jedi:collectorvenom","jedi:acidrain"],"picked":"Corpse Explosion","floor":30.0},{"not_picked":["Deflect","jedi:collectorvenom"],"picked":"Catalyst","floor":31.0},{"not_picked":["jedi:collectorvenom","Adrenaline"],"picked":"After Image","floor":33.0},{"not_picked":["Prepared","Expertise"],"picked":"jedi:collectorvenom","floor":35.0},{"not_picked":["Infinite Blades+1","jedi:pocketpoison"],"picked":"jedi:collectorvenom","floor":36.0},{"not_picked":["Dagger Spray","Cloak And Dagger"],"picked":"jedi:collectorvenom","floor":37.0},{"not_picked":["jedi:collectorvenom","Dagger Throw"],"picked":"Leg Sweep","floor":38.0},{"not_picked":["Noxious Fumes+1","Backflip"],"picked":"jedi:collectorvenom","floor":39.0},{"not_picked":["Endless Agony+1","Deadly Poison"],"picked":"jedi:collectorvenom","floor":41.0},{"not_picked":["Flechettes","Heel Hook"],"picked":"jedi:collectorvenom","floor":42.0},{"not_picked":["Poisoned Stab+1","Slice"],"picked":"jedi:collectorvenom","floor":45.0},{"not_picked":["jedi:collectorvenom","Catalyst"],"picked":"Backflip","floor":46.0},{"not_picked":["jedi:collectorvenom","jedi:studyshivs"],"picked":"Blur+1","floor":48.0},{"not_picked":["Quick Slash+1","Masterful Stab+1"],"picked":"jedi:collectorvenom","floor":55.0}],"player_experience":1841643,"relics_obtained":[{"floor":6.0,"key":"Gremlin Horn"},{"floor":9.0,"key":"Oddly Smooth Stone"},{"floor":10.0,"key":"Meat on the Bone"},{"floor":23.0,"key":"Lantern"},{"floor":26.0,"key":"Paper Crane"},{"floor":29.0,"key":"Anchor"},{"floor":46.0,"key":"Girya"},{"floor":48.0,"key":"Thread and Needle"},{"floor":55.0,"key":"Bronze Scales"}],"event_choices":[{"cards_removed":["Strike_G"],"damage_healed":0.0,"max_hp_gain":0.0,"max_hp_loss":0.0,"gold_gain":0.0,"event_name":"Bonfire Elementals","player_choice":"Offered Basic","floor":2.0,"gold_loss":0.0,"damage_taken":0.0},{"damage_healed":0.0,"max_hp_gain":0.0,"max_hp_loss":0.0,"gold_gain":0.0,"event_name":"Golden Idol","player_choice":"Take Damage","floor":5.0,"gold_loss":0.0,"damage_taken":23.0,"relics_obtained":["Golden Idol"]},{"damage_healed":0.0,"max_hp_gain":0.0,"max_hp_loss":0.0,"gold_gain":0.0,"event_name":"Match and Keep!","player_choice":"1 cards matched","floor":8.0,"gold_loss":0.0,"damage_taken":0.0,"cards_obtained":["Terror"]}],"is_beta":false,"boss_relics":[{"not_picked":["Black Star","Fusion Hammer"],"picked":"Runic Pyramid"},{"not_picked":["Runic Dome","Philosopher\u0027s Stone"],"picked":"SlaversCollar"}],"items_purged_floors":[20,54],"is_endless":false,"potions_floor_spawned":[1,3,10,13,19,21,23,28,31,35,37,42,45,46,55],"ascension_level":20}}