{"host":"waq1ashgqt0tulkv","time":1610260857,"event":{"mods":["Aspiration","BaseMod","BetterRewards","Colored Powertips","Conspire","Downfall","Duelist Mod","Hermit","Hubris","Infinite Spire","Minty Spire (QoL Compilation)","Quick Restart","Rare Cards Sparkle","Replay The Spire","StSLib","SuperFastMode","The Animator","The Bug Knight","The Construct","The Cursed","The Disciple","The Hierophant","The Necromancer","The Runesmith","The Servant 0.9.4","egg"],"gold_per_floor":[114,114,129,155,166,191,202,221,521,539,556,556,23,42,42,146,146,163,177,177,192,207,217,217,217],"floor_reached":24,"playtime":1081,"items_purged":[],"score":206,"play_id":"440855f5-433a-4205-affb-470f5df2bb3d","local_time":"20210109234057","is_ascension_mode":false,"campfire_choices":[{"floor":12,"key":"REST"},{"floor":15,"key":"REST"}],"circlet_count":0,"master_deck":["Strike_G","Strike_G","Strike_G","Strike_G","Strike_G","Defend_G","Defend_G","Defend_G","Defend_G","Defend_G","Survivor","Neutralize","Blade Dance+1","Dagger Throw","Backflip","Flying Knee","Die Die Die","Deadly Poison","Sucker Punch","ReplayTheSpireMod:Speed Training","Underhanded Strike","Dagger Throw","Slice","Poisoned Stab","Replay:Bag of Tricks","conspire:PoisonWeapons","Cloak And Dagger","Poisoned Stab+1","hubris:Sniper","Hidden Blade+1"],"relics":["Ring of the Snake","aspiration:Nostalgia","Replay:M_SmolderingBlood","Gremlin Horn","Dream Catcher","Old Coin","hubris:Zylophone","Pear","Ring of Chaos"],"acts_visited":["Exordium","TheCity"],"potions_floor_usage":[11,16,16,21],"damage_taken":[{"damage":2,"enemies":"Jaw Worm","floor":1,"turns":5},{"damage":0,"enemies":"Small Slimes","floor":3,"turns":3},{"damage":10,"enemies":"conspire:MimicChest","floor":4,"turns":4},{"damage":10,"enemies":"infinitespire:Voidling","floor":5,"turns":5},{"damage":13,"enemies":"Gremlin Nob","floor":6,"turns":4},{"damage":0,"enemies":"3 Louse","floor":7,"turns":1},{"damage":4,"enemies":"Blue Slaver","floor":8,"turns":3},{"damage":0,"enemies":"Large Slime","floor":10,"turns":4},{"damage":0,"enemies":"Gremlin Gang","floor":11,"turns":3},{"damage":0,"enemies":"2 Fungi Beasts","floor":14,"turns":2},{"damage":49,"enemies":"The Guardian","floor":16,"turns":12},{"damage":6,"enemies":"Chosen","floor":18,"turns":6},{"damage":33,"enemies":"conspire:FuzzyDice","floor":19,"turns":6},{"damage":11,"enemies":"3 Cultists","floor":21,"turns":5},{"damage":10,"enemies":"conspire:HollyBat","floor":22,"turns":8},{"damage":31,"enemies":"Centurion and Healer","floor":23,"turns":6},{"damage":22,"enemies":"Sentry and Sphere","floor":24,"turns":3}],"seed_played":"-1225347657956406993","potions_obtained":[{"floor":6,"key":"DistilledChaos"},{"floor":7,"key":"LifebloodPotion"},{"floor":10,"key":"FairyPotion"},{"floor":11,"key":"Adrenaline Potion"},{"floor":18,"key":"SpeedPotion"},{"floor":19,"key":"ColorlessPotion"}],"is_trial":false,"path_per_floor":["M","?","M","?","M","E","M","M","T","M","M","R","$","M","R","B",null,"M","M","?","M","M","M","M"],"character_chosen":"THE_SILENT","items_purchased":["hubris:Zylophone","Pear"],"campfire_rested":2,"item_purchase_floors":[13,13],"current_hp_per_floor":[68,68,68,58,52,39,39,35,35,35,35,56,66,66,80,31,80,74,41,41,30,20,13,0,0],"gold":217,"neow_bonus":"NOSTALGIA","is_daily":false,"chose_seed":false,"campfire_upgraded":0,"win_rate":0.0,"timestamp":1610260857,"path_taken":["M","?","M","?","M","E","M","M","T","M","?","R","$","M","R","BOSS","M","M","?","M","M","M","M"],"items_purchased_type":["Relic","Relic"],"build_version":"2020-12-13","purchased_purges":0,"victory":false,"max_hp_per_floor":[70,70,70,70,70,70,70,70,70,70,70,70,80,80,80,80,80,80,80,80,80,80,80,80,80],"card_choices":[{"not_picked":["Cloak And Dagger","PiercingWail"],"picked":"Blade Dance","floor":1},{"not_picked":["hubris:Sniper","hubris:SlightOfHand"],"picked":"Dagger Throw","floor":3},{"not_picked":["Dagger Throw","Infernal Blade"],"picked":"Backflip","floor":4},{"not_picked":["Dash","Calculated Gamble"],"picked":"Flying Knee","floor":5},{"not_picked":["EmptyFist","Terror"],"picked":"Die Die Die","floor":6},{"not_picked":["Quick Slash","Clash"],"picked":"Deadly Poison","floor":7},{"not_picked":["Expertise","Halt"],"picked":"Sucker Punch","floor":8},{"not_picked":["PiercingWail","Atom Bomb"],"picked":"ReplayTheSpireMod:Speed Training","floor":10},{"not_picked":["Backflip","FlyingSleeves"],"picked":"Underhanded Strike","floor":11},{"not_picked":["Swivel","Slice"],"picked":"Dagger Throw","floor":12},{"not_picked":["Quick Slash","Well Laid Plans"],"picked":"Slice","floor":14},{"not_picked":["Well Laid Plans","Heel Hook"],"picked":"Poisoned Stab","floor":15},{"not_picked":["Reaper","Envenom"],"picked":"Replay:Bag of Tricks","floor":16},{"not_picked":["Sucker Punch","Dodge and Roll"],"picked":"conspire:PoisonWeapons","floor":18},{"not_picked":["Deadly Poison","Prepared"],"picked":"Cloak And Dagger","floor":19},{"not_picked":["Blade Dance","Dodge and Roll"],"picked":"Poisoned Stab+1","floor":21},{"not_picked":["Outmaneuver","Underhanded Strike"],"picked":"hubris:Sniper","floor":22},{"not_picked":["PiercingWail","Deflect"],"picked":"Hidden Blade+1","floor":23}],"player_experience":54633,"relics_obtained":[{"floor":4,"key":"Gremlin Horn"},{"floor":6,"key":"Dream Catcher"},{"floor":9,"key":"Old Coin"}],"event_choices":[],"is_beta":false,"boss_relics":[{"not_picked":["Snecko Scales","Honey Jar"],"picked":"Ring of Chaos"}],"items_purged_floors":[],"is_endless":false,"potions_floor_spawned":[6,7,10,11,18,19],"killed_by":"Sentry and Sphere","ascension_level":0}}