{"host":"l60rmjjsfi0fipmi","time":1610241951,"event":{"mods":["BaseMod","Colored Map","DeckTracker","Highlight Path","Minty Spire (QoL Compilation)"],"gold_per_floor":[115,142,152,164,164,164,190,209,254,254,268,284,209,221,221,319,319,337,337,357,160,160,160,185,185,185,217,217,46,46,75,75,172,172,184,48,58,111,111,111],"floor_reached":39,"playtime":4444,"items_purged":["Strike_R","Strike_R","Strike_R"],"score":481,"play_id":"264d0716-8ad2-4e19-83ca-05cbba0968b5","local_time":"20210109202551","is_ascension_mode":true,"campfire_choices":[{"data":"Intimidate","floor":6,"key":"SMITH"},{"data":"Fiend Fire","floor":10,"key":"SMITH"},{"data":"Iron Wave","floor":15,"key":"SMITH"},{"data":"Armaments","floor":23,"key":"SMITH"},{"data":"Flash of Steel","floor":25,"key":"SMITH"},{"data":"Uppercut","floor":28,"key":"SMITH"},{"floor":32,"key":"REST"}],"circlet_count":0,"master_deck":["Bash","Flash of Steel+1","Iron Wave+1","Whirlwind","Intimidate+1","Fiend Fire+1","Burning Pact","Iron Wave+1","Bludgeon","Uppercut+1","Pommel Strike+1","Inflame","Armaments+1","Flame Barrier+1","Shrug It Off+1","Second Wind+1","Immolate+1","Entrench+1","Wild Strike+1","Spot Weakness+1","Forethought+1","Rampage+1"],"relics":["Burning Blood","Bronze Scales","Charon\u0027s Ashes","Tiny Chest","Empty Cage","Regal Pillow","Toxic Egg 2","Matryoshka","Molten Egg 2","Gremlin Horn","Anchor","Astrolabe","Prayer Wheel"],"acts_visited":["Exordium","TheCity","TheBeyond"],"potions_floor_usage":[16,16,24,27,33,33,33,39,39],"damage_taken":[{"damage":6,"enemies":"Cultist","floor":1,"turns":4},{"damage":4,"enemies":"2 Louse","floor":3,"turns":2},{"damage":0,"enemies":"Small Slimes","floor":4,"turns":3},{"damage":19,"enemies":"3 Sentries","floor":7,"turns":4},{"damage":0,"enemies":"3 Louse","floor":8,"turns":1},{"damage":0,"enemies":"Exordium Wildlife","floor":11,"turns":2},{"damage":4,"enemies":"Blue Slaver","floor":12,"turns":3},{"damage":0,"enemies":"3 Louse","floor":14,"turns":1},{"damage":37,"enemies":"The Guardian","floor":16,"turns":14},{"damage":9,"enemies":"Spheric Guardian","floor":18,"turns":4},{"damage":0,"enemies":"Chosen","floor":20,"turns":3},{"damage":18,"enemies":"Gremlin Leader","floor":24,"turns":5},{"damage":20,"enemies":"Book of Stabbing","floor":27,"turns":5},{"damage":34,"enemies":"Slavers","floor":31,"turns":6},{"damage":59,"enemies":"Automaton","floor":33,"turns":9},{"damage":15,"enemies":"3 Darklings","floor":35,"turns":5},{"damage":0,"enemies":"3 Shapes","floor":37,"turns":3},{"damage":56,"enemies":"2 Orb Walkers","floor":38,"turns":6},{"damage":36,"enemies":"Spire Growth","floor":39,"turns":5}],"seed_played":"3092887780892633038","potions_obtained":[{"floor":3,"key":"AttackPotion"},{"floor":8,"key":"ColorlessPotion"},{"floor":11,"key":"SkillPotion"},{"floor":16,"key":"Energy Potion"},{"floor":18,"key":"SpeedPotion"},{"floor":24,"key":"ColorlessPotion"},{"floor":31,"key":"Explosive Potion"},{"floor":37,"key":"Strength Potion"}],"is_trial":false,"path_per_floor":["M","T","M","M","?","R","E","M","T","R","M","M","$","M","R","B",null,"M","?","M","$","?","R","E","R","T","E","R","$","T","E","R","B",null,"M","$","M","?","M"],"character_chosen":"IRONCLAD","items_purchased":["Inflame","Armaments","Shrug It Off+1","Forethought+1","Energy Potion"],"campfire_rested":1,"item_purchase_floors":[21,21,29,36,36],"current_hp_per_floor":[80,80,80,80,80,80,67,73,73,73,79,80,80,80,80,49,80,77,77,80,80,80,80,68,68,68,54,54,54,54,26,65,12,80,71,71,77,27,0,0],"gold":111,"neow_bonus":"RANDOM_COLORLESS","is_daily":false,"chose_seed":false,"campfire_upgraded":6,"win_rate":0.0,"timestamp":1610241951,"path_taken":["M","?","M","M","?","R","E","?","T","R","M","M","$","M","R","BOSS","M","?","M","$","?","R","E","R","T","E","R","?","?","E","R","BOSS","M","$","M","?","M"],"items_purchased_type":["Card","Card","Card","Card","Potion"],"build_version":"2020-12-22","purchased_purges":3,"victory":false,"max_hp_per_floor":[80,80,80,80,80,80,80,80,80,80,80,80,80,80,80,80,80,80,80,80,80,80,80,80,80,80,80,80,80,80,80,80,80,80,80,80,80,80,80,80],"card_choices":[{"not_picked":["Panacea","Blind"],"picked":"Flash of Steel","floor":0},{"not_picked":["Headbutt","Twin Strike"],"picked":"Iron Wave","floor":1},{"not_picked":["Armaments","Headbutt"],"picked":"Whirlwind","floor":3},{"not_picked":["Havoc","Flex"],"picked":"Intimidate","floor":4},{"not_picked":["Cleave","Dual Wield"],"picked":"Fiend Fire","floor":7},{"not_picked":["Evolve","Wild Strike"],"picked":"Burning Pact","floor":8},{"not_picked":["Body Slam","Rupture"],"picked":"Iron Wave","floor":11},{"not_picked":["Burning Pact","Perfected Strike","Twin Strike"],"picked":"SKIP","floor":12},{"not_picked":["Havoc","Wild Strike","Clash"],"picked":"SKIP","floor":14},{"not_picked":["Exhume","Brutality"],"picked":"Bludgeon","floor":16},{"not_picked":["Body Slam+1","Reckless Charge"],"picked":"Uppercut","floor":18},{"not_picked":["Heavy Blade","Headbutt"],"picked":"Pommel Strike+1","floor":20},{"not_picked":["Pummel","Twin Strike","Second Wind"],"picked":"SKIP","floor":24},{"not_picked":["Wild Strike","Berserk"],"picked":"Flame Barrier+1","floor":27},{"not_picked":["Headbutt+1","Havoc+1"],"picked":"Second Wind+1","floor":31},{"not_picked":["Brutality","Fiend Fire+1"],"picked":"Immolate+1","floor":33},{"not_picked":["Thunderclap+1","Power Through+1","Perfected Strike+1"],"picked":"SKIP","floor":35},{"not_picked":["Pommel Strike+1","Heavy Blade+1","Second Wind+1"],"picked":"SKIP","floor":37},{"not_picked":["Thunderclap+1","Havoc+1"],"picked":"Rampage+1","floor":38}],"player_experience":311679,"relics_obtained":[{"floor":2,"key":"Bronze Scales"},{"floor":7,"key":"Charon\u0027s Ashes"},{"floor":9,"key":"Tiny Chest"},{"floor":24,"key":"Regal Pillow"},{"floor":26,"key":"Toxic Egg 2"},{"floor":27,"key":"Matryoshka"},{"floor":30,"key":"Molten Egg 2"},{"floor":30,"key":"Gremlin Horn"},{"floor":31,"key":"Anchor"},{"floor":38,"key":"Prayer Wheel"}],"event_choices":[{"damage_healed":0,"gold_gain":0,"player_choice":"Forge","damage_taken":0,"max_hp_gain":0,"max_hp_loss":0,"event_name":"Accursed Blacksmith","floor":5,"gold_loss":0,"cards_upgraded":["Iron Wave"]},{"damage_healed":0,"gold_gain":0,"player_choice":"Ignored","damage_taken":0,"max_hp_gain":0,"max_hp_loss":0,"event_name":"Vampires","floor":19,"gold_loss":0},{"cards_removed":["Defend_R"],"damage_healed":0,"gold_gain":0,"player_choice":"Elegance","damage_taken":0,"max_hp_gain":0,"max_hp_loss":0,"event_name":"Back to Basics","floor":22,"gold_loss":0},{"damage_healed":0,"gold_gain":0,"player_choice":"Fight","damage_taken":0,"max_hp_gain":0,"max_hp_loss":0,"event_name":"Mysterious Sphere","floor":38,"gold_loss":0}],"is_beta":false,"boss_relics":[{"not_picked":["Ectoplasm","Mark of Pain"],"picked":"Empty Cage"},{"not_picked":["Black Blood","Velvet Choker"],"picked":"Astrolabe"}],"items_purged_floors":[13,21,29],"is_endless":false,"potions_floor_spawned":[3,8,11,16,18,24,31,37],"killed_by":"Spire Growth","ascension_level":2}}