{"host":"r467eaow51f8xuje","time":1610240810,"event":{"mods":["A Magickal Journey","Aspiration","Astrologer","Bard","BaseMod","Downfall","Hermit","Marisa????????","Minty Spire (QoL Compilation)","Quick Restart","READ ME - Guardian Mod","StSLib","The Cursed","The Disciple"],"gold_per_floor":[99,114,132,150,150,150,176,187,206,238,254,270,270,287,304,304,304],"floor_reached":16,"playtime":1115,"items_purged":[],"score":108,"play_id":"eed6b5d9-3a36-4663-8644-f251262f8a07","local_time":"20210109190650","is_ascension_mode":false,"campfire_choices":[{"floor":1,"key":"RECALL"},{"data":"Slimebound:AcidTongue","floor":6,"key":"SMITH"},{"floor":13,"key":"REST"}],"circlet_count":0,"master_deck":["Slimebound:Strike_Slimebound","Slimebound:Strike_Slimebound","Slimebound:Strike_Slimebound","Slimebound:Tackle","Slimebound:Defend_Slimebound","Slimebound:Defend_Slimebound","Slimebound:Defend_Slimebound","Slimebound:Defend_Slimebound","Slimebound:Split","Slimebound:CorrosiveSpit","Slimebound:AcidTongue+1","Slimebound:SlimeSpikes","Slimebound:SplitMire","Slimebound:LeechEnergy","Slimebound:SplitMire","Slimebound:DouseInSlime","Slimebound:RainOfGoop","Slimebound:LevelUp","Slimebound:RainOfGoop","Slimebound:ItLooksTasty"],"relics":["Slimebound:AbsorbEndCombat","Smiling Mask","Bag of Marbles"],"acts_visited":["Exordium"],"potions_floor_usage":[16,16,16],"damage_taken":[{"damage":3,"enemies":"2 Louse","floor":2,"turns":2},{"damage":8,"enemies":"Cultist","floor":3,"turns":4},{"damage":13,"enemies":"Jaw Worm","floor":4,"turns":3},{"damage":15,"enemies":"2 Fungi Beasts","floor":8,"turns":3},{"damage":23,"enemies":"Blue Slaver","floor":9,"turns":3},{"damage":36,"enemies":"Lagavulin","floor":10,"turns":5},{"damage":19,"enemies":"Large Slime","floor":11,"turns":4},{"damage":18,"enemies":"2 Fungi Beasts","floor":12,"turns":3},{"damage":20,"enemies":"Blue Slaver","floor":14,"turns":3},{"damage":11,"enemies":"3 Louse","floor":15,"turns":4},{"damage":38,"enemies":"downfall:Defect","floor":16,"turns":4}],"seed_played":"-280827389484131982","potions_obtained":[{"floor":2,"key":"Dexterity Potion"},{"floor":3,"key":"BlessingOfTheForge"},{"floor":4,"key":"champ:CounterPotion"}],"is_trial":false,"path_per_floor":["R","M","M","M","?","R","T","M","M","E","M","M","R","M","M","B"],"character_chosen":"SLIMEBOUND","items_purchased":[],"campfire_rested":1,"item_purchase_floors":[],"current_hp_per_floor":[66,65,66,63,63,63,63,60,49,35,30,22,41,33,34,0,0],"gold":304,"neow_bonus":"TEN_PERCENT_HP_BONUS","is_daily":false,"chose_seed":false,"campfire_upgraded":1,"win_rate":0.0,"timestamp":1610240810,"path_taken":["R","M","M","M","?","R","T","M","M","E","M","M","R","M","M","BOSS"],"items_purchased_type":[],"build_version":"2020-12-22","purchased_purges":0,"victory":false,"max_hp_per_floor":[66,66,66,66,66,66,66,66,66,66,66,66,66,66,66,66,66],"card_choices":[{"not_picked":["Slimebound:LeechEnergy","Slimebound:GoopSpray"],"picked":"Slimebound:AcidTongue","floor":2},{"not_picked":["Slimebound:PressTheAttack","Slimebound:FormOfPuddle"],"picked":"Slimebound:SlimeSpikes","floor":3},{"not_picked":["Slimebound:BestDefense","Slimebound:LeechEnergy"],"picked":"Slimebound:SplitMire","floor":4},{"not_picked":["Slimebound:RollThrough","Slimebound:SlimeBrawl"],"picked":"Slimebound:LeechEnergy","floor":8},{"not_picked":["Slimebound:FinishingTackle","Slimebound:Chomp"],"picked":"Slimebound:SplitMire","floor":9},{"not_picked":["Slimebound:SlimeTap","Slimebound:Repurpose"],"picked":"Slimebound:DouseInSlime","floor":10},{"not_picked":["Slimebound:GoopSpray","Slimebound:SamplingLick"],"picked":"Slimebound:RainOfGoop","floor":11},{"not_picked":["Slimebound:Repurpose","Slimebound:FlameTackle"],"picked":"Slimebound:LevelUp","floor":12},{"not_picked":["Slimebound:Dissolve","Slimebound:FirmFortitude"],"picked":"Slimebound:RainOfGoop","floor":14},{"not_picked":["Slimebound:FinishingTackle","Slimebound:SplitLeeching"],"picked":"Slimebound:ItLooksTasty","floor":15}],"player_experience":605255,"relics_obtained":[{"floor":7,"key":"Smiling Mask"},{"floor":10,"key":"Bag of Marbles"}],"event_choices":[],"is_beta":false,"boss_relics":[],"items_purged_floors":[],"is_endless":false,"potions_floor_spawned":[2,3,4,12,14,15],"killed_by":"downfall:Defect","ascension_level":0}}