{"host":"oehe2dxjvdgux73m","time":1610291288,"event":{"mods":["AchievementEnabler","BaseMod","Colored Map","Colored Powertips","DeckTracker","Keyboard Shortcuts","Minty Spire (QoL Compilation)","Permanent Neow","Quick Restart","StSLib","SuperFastMode"],"gold_per_floor":[15,15,15,15,33,67,67,77,77,95,110,31,31,51,51,146,146,163,262,67,78,94,121,121,156,182,196,196,225,225,225,225,326,326,340,340,358,358,141,187,220,220,248,324,324,353,353,353,27,27,27],"floor_reached":52,"playtime":2341,"items_purged":["Strike_G","Strike_G","Strike_G"],"score":998,"play_id":"5e7e4973-3b79-4c64-b700-7f1f279ba59d","local_time":"20210111000808","is_ascension_mode":true,"campfire_choices":[{"floor":13.0,"key":"REST"},{"data":"Dagger Spray","floor":15.0,"key":"SMITH"},{"data":"Survivor","floor":28.0,"key":"SMITH"},{"floor":30.0,"key":"REST"},{"data":"Masterful Stab","floor":32.0,"key":"SMITH"},{"floor":42.0,"key":"REST"},{"floor":45.0,"key":"REST"},{"floor":47.0,"key":"REST"},{"data":"Defend_G","floor":50,"key":"SMITH"}],"circlet_count":0,"master_deck":["Strike_G","Defend_G+1","Defend_G","Defend_G","Defend_G","Survivor+1","Neutralize+1","Underhanded Strike","Masterful Stab+1","PiercingWail+1","Prepared+1","Setup+1","Prepared+1","Cloak And Dagger+1","Backflip+1","Slice","Dagger Spray+1","Bullet Time+1","Bouncing Flask+1","Deadly Poison+1","Backflip+1","Catalyst+1","PiercingWail+1","Outmaneuver+1","Burst+1","Calculated Gamble+1","Prepared+1","Master of Strategy+1","Calculated Gamble+1","Prepared+1","Deadly Poison+1","Deep Breath+1"],"relics":["Ring of the Snake","Incense Burner","Toxic Egg 2","Orichalcum","Pantograph","Sozu","Membership Card","Lantern","HornCleat","Happy Flower","CaptainsWheel","HoveringKite","Chemical X","WingedGreaves","Question Card","Gremlin Horn","Mummified Hand","Mercury Hourglass","Bronze Scales"],"acts_visited":["Exordium","TheCity","TheBeyond"],"potions_floor_usage":[],"damage_taken":[{"damage":4.0,"enemies":"Small Slimes","floor":1.0,"turns":4.0},{"damage":2.0,"enemies":"Jaw Worm","floor":5.0,"turns":4.0},{"damage":48.0,"enemies":"3 Sentries","floor":6.0,"turns":18.0},{"damage":0.0,"enemies":"Cultist","floor":8.0,"turns":3.0},{"damage":0.0,"enemies":"3 Louse","floor":10.0,"turns":4.0},{"damage":3.0,"enemies":"Large Slime","floor":11.0,"turns":5.0},{"damage":1.0,"enemies":"Looter","floor":14.0,"turns":3.0},{"damage":10.0,"enemies":"Slime Boss","floor":16.0,"turns":9.0},{"damage":0.0,"enemies":"3 Byrds","floor":18.0,"turns":6.0},{"damage":0.0,"enemies":"Shell Parasite","floor":21.0,"turns":5.0},{"damage":15.0,"enemies":"Snake Plant","floor":22.0,"turns":4.0},{"damage":3.0,"enemies":"Book of Stabbing","floor":23.0,"turns":4.0},{"damage":15.0,"enemies":"Gremlin Leader","floor":25.0,"turns":6.0},{"damage":0.0,"enemies":"Sentry and Sphere","floor":27.0,"turns":3.0},{"damage":1.0,"enemies":"Book of Stabbing","floor":29.0,"turns":5.0},{"damage":17.0,"enemies":"Collector","floor":33.0,"turns":5.0},{"damage":0.0,"enemies":"3 Darklings","floor":35.0,"turns":7.0},{"damage":0.0,"enemies":"Orb Walker","floor":37.0,"turns":4.0},{"damage":24.0,"enemies":"2 Orb Walkers","floor":40.0,"turns":6.0},{"damage":23.0,"enemies":"Giant Head","floor":41.0,"turns":7.0},{"damage":16.0,"enemies":"Nemesis","floor":43.0,"turns":7.0},{"damage":9.0,"enemies":"Reptomancer","floor":46.0,"turns":7.0},{"damage":39,"enemies":"Donu and Deca","floor":51,"turns":7}],"seed_played":"-6421832949217135825","potions_obtained":[{"floor":14.0,"key":"Fire Potion"},{"floor":16.0,"key":"AttackPotion"}],"is_trial":false,"path_per_floor":["M","?","?","$","M","E","?","M","T","M","M","$","R","M","R","B",null,"M","?","$","M","M","E","?","E","T","M","R","E","R","?","R","B",null,"M","?","M","M","$","?","E","R","E","T","R","E","R","?","$","R","B",null],"character_chosen":"THE_SILENT","items_purchased":["Backflip+1","Slice","Membership Card","Master of Strategy+1","Chemical X","Deadly Poison+1","Mercury Hourglass","Bronze Scales","Deep Breath+1"],"campfire_rested":5,"item_purchase_floors":[12,12,20,39,39,49,49,49,49],"current_hp_per_floor":[66,66,59,59,57,9,9,9,9,9,6,6,27,26,26,41,70,70,70,70,70,55,52,39,24,24,24,24,23,45,45,45,53,75,75,71,71,71,71,47,24,45,29,29,50,41,62,62,62,62,32],"gold":27,"neow_bonus":"ONE_RARE_RELIC","is_daily":false,"chose_seed":false,"campfire_upgraded":4,"win_rate":0.0,"timestamp":1610291288,"path_taken":["M","?","?","$","M","E","?","M","T","M","?","$","R","M","R","BOSS","M","?","$","M","M","E","?","E","T","M","R","E","R","?","R","BOSS","M","?","M","M","$","?","E","R","E","T","R","E","R","?","$","R","BOSS"],"items_purchased_type":["Card","Card","Relic","Card","Relic","Card","Relic","Relic","Card"],"build_version":"2020-12-22","purchased_purges":3,"victory":true,"max_hp_per_floor":[70,70,70,70,70,70,70,70,70,70,70,70,70,70,70,70,70,70,70,70,70,70,70,75,75,75,75,75,75,75,75,75,75,75,75,71,71,71,71,71,71,71,71,71,71,71,71,71,71,71,71],"card_choices":[{"not_picked":["Skewer","Tactician"],"picked":"Underhanded Strike","floor":1.0},{"not_picked":["Dagger Throw","Poisoned Stab"],"picked":"PiercingWail+1","floor":5.0},{"not_picked":["Phantasmal Killer+1","Blade Dance+1"],"picked":"Prepared+1","floor":6.0},{"not_picked":["Slice","PiercingWail+1"],"picked":"Setup+1","floor":8.0},{"not_picked":["Setup+1","Slice"],"picked":"Prepared+1","floor":10.0},{"not_picked":["Bane","Flying Knee"],"picked":"Cloak And Dagger+1","floor":11.0},{"not_picked":["Caltrops","Blur+1"],"picked":"Dagger Spray","floor":14.0},{"not_picked":["Glass Knife","Envenom"],"picked":"Bullet Time+1","floor":16.0},{"not_picked":["Dodge and Roll+1","Slice+1","Flying Knee"],"picked":"SKIP","floor":18.0},{"not_picked":["Setup+1","Eviscerate"],"picked":"Bouncing Flask+1","floor":21.0},{"not_picked":["Dodge and Roll+1","All Out Attack"],"picked":"Deadly Poison+1","floor":22.0},{"not_picked":["Flying Knee","Cloak And Dagger+1"],"picked":"Backflip+1","floor":23.0},{"not_picked":["Outmaneuver+1","Flying Knee"],"picked":"Catalyst+1","floor":25.0},{"not_picked":["Cloak And Dagger+1","Setup+1"],"picked":"PiercingWail+1","floor":27.0},{"not_picked":["Infinite Blades","Quick Slash"],"picked":"Outmaneuver+1","floor":29.0},{"not_picked":["Bullet Time+1","A Thousand Cuts"],"picked":"Burst+1","floor":33.0},{"not_picked":["Backstab","Bane+1"],"picked":"Calculated Gamble+1","floor":35.0},{"not_picked":["Quick Slash+1","Cloak And Dagger+1"],"picked":"Prepared+1","floor":37.0},{"not_picked":["Dagger Spray","Deadly Poison+1"],"picked":"Calculated Gamble+1","floor":40.0},{"not_picked":["Slice+1","Outmaneuver+1","Burst+1"],"picked":"SKIP","floor":41.0},{"not_picked":["Bane+1","Glass Knife","All Out Attack","Setup+1"],"picked":"SKIP","floor":43.0},{"not_picked":["Die Die Die","Blade Dance+1","Bane+1"],"picked":"Prepared+1","floor":46.0}],"player_experience":80405,"relics_obtained":[{"floor":6.0,"key":"Orichalcum"},{"floor":9.0,"key":"Pantograph"},{"floor":23.0,"key":"Lantern"},{"floor":25.0,"key":"HornCleat"},{"floor":26.0,"key":"Happy Flower"},{"floor":29.0,"key":"CaptainsWheel"},{"floor":40.0,"key":"WingedGreaves"},{"floor":41.0,"key":"Question Card"},{"floor":44.0,"key":"Gremlin Horn"},{"floor":46.0,"key":"Mummified Hand"}],"event_choices":[{"damage_healed":0.0,"max_hp_gain":0.0,"max_hp_loss":0.0,"gold_gain":0.0,"cards_transformed":["Strike_G"],"event_name":"Living Wall","player_choice":"Change","floor":2.0,"gold_loss":0.0,"damage_taken":0.0,"cards_obtained":["Masterful Stab"]},{"damage_healed":0.0,"max_hp_gain":0.0,"max_hp_loss":0.0,"gold_gain":0.0,"event_name":"Scrap Ooze","player_choice":"Success","floor":3.0,"gold_loss":0.0,"damage_taken":7.0,"relics_obtained":["Toxic Egg 2"]},{"damage_healed":0.0,"max_hp_gain":0.0,"max_hp_loss":0.0,"gold_gain":0.0,"event_name":"Accursed Blacksmith","player_choice":"Forge","floor":7.0,"gold_loss":0.0,"damage_taken":0.0,"cards_upgraded":["Neutralize"]},{"damage_healed":0.0,"max_hp_gain":0.0,"max_hp_loss":0.0,"gold_gain":99.0,"event_name":"Nest","player_choice":"Stole From Cult","floor":19.0,"gold_loss":0.0,"damage_taken":0.0},{"damage_healed":0.0,"max_hp_gain":5.0,"max_hp_loss":0.0,"gold_gain":0.0,"event_name":"Forgotten Altar","player_choice":"Shed Blood","floor":24.0,"gold_loss":0.0,"damage_taken":18.0},{"damage_healed":0.0,"max_hp_gain":0.0,"max_hp_loss":0.0,"gold_gain":0.0,"event_name":"Vampires","player_choice":"Ignored","floor":31.0,"gold_loss":0.0,"damage_taken":0.0},{"damage_healed":0.0,"max_hp_gain":0.0,"max_hp_loss":4.0,"gold_gain":0.0,"event_name":"Winding Halls","player_choice":"Max HP","floor":36.0,"gold_loss":0.0,"damage_taken":0.0},{"damage_healed":0.0,"max_hp_gain":0.0,"max_hp_loss":0.0,"gold_gain":0.0,"event_name":"Mysterious Sphere","player_choice":"Fight","floor":40.0,"gold_loss":0.0,"damage_taken":0.0},{"cards_removed":["Defend_G"],"damage_healed":0.0,"max_hp_gain":0.0,"max_hp_loss":0.0,"gold_gain":0.0,"event_name":"Purifier","player_choice":"Purged","floor":48.0,"gold_loss":0.0,"damage_taken":0.0}],"is_beta":false,"boss_relics":[{"not_picked":["Cursed Key","Ring of the Serpent"],"picked":"Sozu"},{"not_picked":["Pandora\u0027s Box","Calling Bell"],"picked":"HoveringKite"}],"items_purged_floors":[20,39,49],"is_endless":false,"potions_floor_spawned":[14,16,21,25,27,33,41,46],"ascension_level":4}}