{"host":"Connor","time":1610271435,"event":{"mods":["Aspiration","BaseMod","Downfall","Hubris","Marisa????????","Minty Spire (QoL Compilation)","Replay The Spire","StSLib","The Cursed","The Jungle","The Servant 0.9.4"],"gold_per_floor":[111,111,10,10,28,28,57,74,74,85,39,67,67,78,78,154,154,169,189,104,104,104,132,132,8,32,49,49,80,80,105,105,185,185,210,348,380,416,452,452,482,19,55,95,104,124,124,124,124,124,124,124,24,62,62,62],"floor_reached":55,"playtime":2110,"items_purged":["Strike_R","Strike_R","Strike_R"],"score":1407,"play_id":"262c296c-c8f8-4f1f-8024-d9ff4d72a0be","local_time":"20210110013715","is_ascension_mode":true,"campfire_choices":[{"floor":6,"key":"DIG"},{"floor":24,"key":"RECALL"},{"floor":28,"key":"DIG"},{"floor":30,"key":"REST"},{"data":"Normality","floor":32,"key":"PURGE"},{"data":"Armaments","floor":40,"key":"SMITH"},{"floor":45,"key":"DIG"},{"data":"Juggernaut","floor":47,"key":"SMITH"},{"floor":49,"key":"DIG"},{"floor":52,"key":"DIG"}],"circlet_count":0,"master_deck":["AscendersBane","Strike_R","Strike_R","Defend_R","Defend_R","Defend_R","Defend_R","Bash","Pommel Strike","Warcry","Juggernaut+1","Armaments+1","ReplayTheSpireMod:Stacked","Cleave","ReplayTheSpireMod:Stacked","Limit Break+1","AbeCurse","Body Slam","Disarm","expansioncontent:DefensiveMode+1","Ghostly Armor+1","Ghostly Armor+1","Body Slam","ReplayReversal","Shrug It Off","Metallicize","Juggernaut+1","Body Slam","True Grit+1","Second Wind","hubris:NaturalOne","Corruption+1","ReplayTheSpireMod:Muscle Training","Blood for Blood","Armaments","Sentinel","Intimidate","True Grit+1","Pot Of Greed","Pot Of Greed","Pot Of Greed","Pot Of Greed","Feel No Pain","hubris:DuctTapeCard","Seeing Red","Reckless Charge"],"relics":["Burning Blood","Replay:Multitool","Mango","Replay:Rubber Ducky","The Courier","Golden Egg","Replay:Bottled Flurry","Abe\u0027s Treasure","Peace Pipe","Prayer Wheel","hubris:Icosahedron","Replay:WaspNest","Pet Ghost","CeramicFish","ChewingGum","Art of War","CaptainsWheel","Grinning Jar","Vajra","hubris:DuctTape","Boot","ReplayTheSpireMod:Ninjato","Red Skull"],"acts_visited":["Exordium","TheCity","TheBeyond","TheEnding"],"potions_floor_usage":[7,16,18,19,23,33,33,36,38,54],"damage_taken":[{"damage":8,"enemies":"Small Slimes","floor":1,"turns":5},{"damage":6,"enemies":"Cultist","floor":5,"turns":4},{"damage":25,"enemies":"Replay:BlueRogue","floor":7,"turns":7},{"damage":0,"enemies":"Jaw Worm","floor":8,"turns":5},{"damage":14,"enemies":"Large Slime","floor":10,"turns":6},{"damage":33,"enemies":"Gremlin Nob","floor":12,"turns":5},{"damage":0,"enemies":"Looter","floor":14,"turns":4},{"damage":4,"enemies":"Slime Boss","floor":16,"turns":8},{"damage":18,"enemies":"2 Thieves","floor":18,"turns":4},{"damage":0,"enemies":"Spheric Guardian","floor":19,"turns":4},{"damage":49,"enemies":"Slavers","floor":23,"turns":7},{"damage":10,"enemies":"Chosen and Byrds","floor":27,"turns":7},{"damage":0,"enemies":"Cultist and Chosen","floor":29,"turns":5},{"damage":0,"enemies":"Shelled Parasite and Fungi","floor":31,"turns":4},{"damage":11,"enemies":"Automaton","floor":33,"turns":11},{"damage":0,"enemies":"Orb Walker","floor":35,"turns":3},{"damage":2,"enemies":"3 Shapes","floor":36,"turns":4},{"damage":0,"enemies":"Writhing Mass","floor":37,"turns":6},{"damage":15,"enemies":"Transient","floor":38,"turns":5},{"damage":11,"enemies":"3 Darklings","floor":39,"turns":5},{"damage":0,"enemies":"Writhing Mass","floor":41,"turns":5},{"damage":1,"enemies":"Nemesis","floor":44,"turns":7},{"damage":13,"enemies":"Maw","floor":46,"turns":6},{"damage":1,"enemies":"Time Eater","floor":50,"turns":8},{"damage":6,"enemies":"Shield and Spear","floor":54,"turns":5},{"damage":88,"enemies":"The Heart","floor":55,"turns":6}],"seed_played":"5075953876534310083","potions_obtained":[{"floor":5,"key":"Fire Potion"},{"floor":10,"key":"Elixir"},{"floor":14,"key":"Swift Potion"},{"floor":16,"key":"Weak Potion"},{"floor":18,"key":"LifebloodPotion"},{"floor":29,"key":"Fire Potion"},{"floor":31,"key":"Adrenaline Potion"},{"floor":33,"key":"SkillPotion"},{"floor":36,"key":"Fruit Juice"},{"floor":37,"key":"Explosive Potion"},{"floor":46,"key":"SteroidPotion"}],"is_trial":false,"path_per_floor":["M","?","$","?","M","R","E","M","T","M","$","E","T","M","R","B",null,"M","M","?","?","?","E","R","$","T","M","R","M","R","M","R","B",null,"M","M","M","M","M","R","M","$","T","E","R","M","R","?","R","B",null,"R","$","E","B"],"character_chosen":"IRONCLAD","items_purchased":["Armaments","Metallicize+1","expansioncontent:DefensiveMode","Ghostly Armor","Art of War","CaptainsWheel"],"campfire_rested":1,"item_purchase_floors":[3,11,25,25,42,42],"current_hp_per_floor":[66,66,66,75,75,75,56,62,62,54,54,27,27,33,57,59,76,64,70,70,70,70,27,27,27,27,23,23,29,53,59,59,54,75,81,87,87,78,73,73,79,79,79,84,84,77,77,77,77,82,86,86,86,86,0,0],"gold":62,"neow_bonus":"ONE_RARE_RELIC","is_daily":false,"chose_seed":false,"campfire_upgraded":2,"win_rate":0.0,"timestamp":1610271435,"path_taken":["M","?","?","?","M","R","E","M","T","M","$","E","?","?","R","BOSS","M","M","?","?","?","E","R","$","T","M","R","M","R","?","R","BOSS","M","M","M","M","M","R","M","$","T","E","R","M","R","?","R","BOSS","R","$","E","BOSS"],"items_purchased_type":["Card","Card","Card","Card","Relic","Relic"],"build_version":"2020-12-18","purchased_purges":3,"victory":false,"max_hp_per_floor":[68,68,68,82,82,82,82,82,82,82,82,82,82,82,82,82,82,82,82,82,82,82,82,82,82,82,82,82,82,82,82,82,82,82,82,87,87,87,87,87,87,87,87,87,87,87,87,87,87,87,87,87,87,87,87,87],"card_choices":[{"not_picked":["Flex","hubris:ReadiedAction"],"picked":"Pommel Strike","floor":1},{"not_picked":["Thunderclap","ReplayTheSpireMod:Strike From Hell","Sword Boomerang"],"picked":"SKIP","floor":5},{"not_picked":["Cleave","Dropkick"],"picked":"Juggernaut","floor":7},{"not_picked":["Heavy Blade","Flex","hubris:ReadiedAction"],"picked":"SKIP","floor":8},{"not_picked":["Clothesline","Clash"],"picked":"ReplayTheSpireMod:Stacked","floor":10},{"not_picked":["Carnage","Sword Boomerang"],"picked":"Cleave","floor":12},{"not_picked":["Clash","Flex"],"picked":"ReplayTheSpireMod:Stacked","floor":14},{"not_picked":["Exhume","Bludgeon"],"picked":"Limit Break","floor":16},{"not_picked":["Burning Pact","Anger"],"picked":"Body Slam","floor":18},{"not_picked":["Run Through","Clash","Twin Strike"],"picked":"SKIP","floor":19},{"not_picked":["Twin Strike","Wild Strike"],"picked":"Disarm","floor":23},{"not_picked":["hubris:SharpeningStone","Uppercut"],"picked":"Body Slam","floor":27},{"not_picked":["Clash","Anger","Run Through"],"picked":"SKIP","floor":27},{"not_picked":["Hemokinesis","hubris:ReadiedAction"],"picked":"ReplayReversal","floor":29},{"not_picked":["Anger","Spot Weakness+1"],"picked":"Shrug It Off","floor":29},{"not_picked":["ReplayTheSpireMod:LeadingStrike","Rampage"],"picked":"Metallicize","floor":31},{"not_picked":["Headbutt","Thunderclap","Burning Pact"],"picked":"SKIP","floor":31},{"not_picked":["Immolate","Limit Break"],"picked":"Juggernaut","floor":33},{"not_picked":["Twin Strike+1","Pommel Strike"],"picked":"Body Slam","floor":35},{"not_picked":["Anger","Abandon+1","Perfected Strike+1"],"picked":"SKIP","floor":35},{"not_picked":["Clash","ReplayReversal"],"picked":"True Grit+1","floor":36},{"not_picked":["Anger","Sword Boomerang"],"picked":"Second Wind","floor":36},{"not_picked":["Perfected Strike","Combust"],"picked":"Corruption","floor":37},{"not_picked":["Twin Strike","Whirlwind","Pommel Strike"],"picked":"SKIP","floor":37},{"not_picked":["Replay:Undeath\u0027s Touch","hubris:SharpeningStone"],"picked":"ReplayTheSpireMod:Muscle Training","floor":38},{"not_picked":["Clothesline","Wild Strike"],"picked":"Blood for Blood","floor":38},{"not_picked":["Pummel","Iron Wave"],"picked":"Armaments","floor":39},{"not_picked":["Havoc","Berserk"],"picked":"Sentinel","floor":39},{"not_picked":["Clothesline","Replay:Undeath\u0027s Touch"],"picked":"Intimidate","floor":41},{"not_picked":["Body Slam","Clothesline"],"picked":"True Grit+1","floor":41},{"not_picked":["Blood for Blood","Sentinel"],"picked":"Feel No Pain","floor":44},{"not_picked":["Dual Wield","Cleave"],"picked":"Seeing Red","floor":46},{"not_picked":["Heavy Blade","Spot Weakness","Anger+1"],"picked":"SKIP","floor":46},{"not_picked":["Massacre","Perfected Strike"],"picked":"Reckless Charge","floor":54}],"player_experience":584402,"relics_obtained":[{"floor":6,"key":"Replay:Rubber Ducky"},{"floor":7,"key":"The Courier"},{"floor":9,"key":"Golden Egg"},{"floor":12,"key":"Replay:Bottled Flurry"},{"floor":23,"key":"Replay:WaspNest"},{"floor":26,"key":"Pet Ghost"},{"floor":28,"key":"CeramicFish"},{"floor":43,"key":"Grinning Jar"},{"floor":44,"key":"Vajra"},{"floor":45,"key":"hubris:DuctTape"},{"floor":49,"key":"Boot"},{"floor":52,"key":"ReplayTheSpireMod:Ninjato"},{"floor":54,"key":"Red Skull"}],"event_choices":[{"damage_healed":0,"gold_gain":0,"player_choice":"2 cards matched","damage_taken":0,"max_hp_gain":0,"max_hp_loss":0,"event_name":"Match and Keep!","floor":2,"gold_loss":0,"cards_obtained":["Warcry","Juggernaut"]},{"damage_healed":0,"gold_gain":0,"player_choice":"Success","damage_taken":5,"relics_obtained":["Mango"],"max_hp_gain":0,"max_hp_loss":0,"event_name":"Scrap Ooze","floor":4,"gold_loss":0},{"damage_healed":0,"gold_gain":0,"player_choice":"Obtained Relic","damage_taken":0,"relics_obtained":["Peace Pipe"],"max_hp_gain":0,"max_hp_loss":0,"event_name":"Addict","floor":20,"gold_loss":85},{"damage_healed":0,"gold_gain":0,"player_choice":"Ignored","damage_taken":0,"max_hp_gain":0,"max_hp_loss":0,"event_name":"SecretPortal","floor":48,"gold_loss":0}],"is_beta":true,"boss_relics":[{"not_picked":["hubris:Stopwatch","Velvet Choker"],"picked":"Abe\u0027s Treasure"},{"not_picked":["Electric Blood","SacredBark"],"picked":"ChewingGum"}],"items_purged_floors":[3,42,53],"is_endless":false,"potions_floor_spawned":[5,10,14,16,18,29,31,33,36,37,46],"killed_by":"The Heart","ascension_level":16}}