{"host":"msa0wxqjs3jv1k3j","time":1610282270,"event":{"mods":["AchievementEnabler","BaseMod","BetterRewards","Colored Map","Highlight Path","KOR Keyword Fix","Keyboard Shortcuts","Minty Spire (QoL Compilation)","Quick Restart","SuperFastMode","everything is the same but u backflip on backflip"],"gold_per_floor":[113,188,137,87,101,128,128,61,61,88,99,125,139,156,156,256,256,270,280,297,396,396,396,446,40,40,54,154,154,154,173,173,275,275,294,56,0,50,50,81,81,81,81,81,45,45,58,106,106,106,106,106,37,65,65,65],"floor_reached":55,"playtime":2596,"items_purged":["Defend_G"],"score":709,"play_id":"e1e58017-6081-4f4c-946a-0157c8278610","local_time":"20210110213750","is_ascension_mode":false,"campfire_choices":[{"floor":7.0,"key":"RECALL"},{"floor":15.0,"key":"REST"},{"floor":23.0,"key":"REST"},{"floor":29.0,"key":"REST"},{"floor":32.0,"key":"REST"},{"data":"Die Die Die","floor":41.0,"key":"SMITH"},{"floor":42.0,"key":"REST"},{"data":"Backstab","floor":44.0,"key":"SMITH"},{"data":"Dagger Spray","floor":46.0,"key":"SMITH"},{"data":"Outmaneuver","floor":49.0,"key":"SMITH"},{"data":"Metamorphosis","floor":52,"key":"SMITH"}],"circlet_count":0,"master_deck":["Survivor","Neutralize+1","Deflect","Metamorphosis+1","Noxious Fumes","Cloak And Dagger","Flying Knee","Outmaneuver+1","Backflip","Dash+1","After Image+1","Distraction+1","Terror+1","Well Laid Plans+1","Backstab+1","Die Die Die+1","Dagger Spray+1","Finisher","Tools of the Trade+1","Malaise","PiercingWail+1","Panache+1","Blind","Tactician+1","Caltrops+1","Infinite Blades+1","Caltrops+1","Reflex+1"],"relics":["Ring of the Snake","TungstenRod","Darkstone Periapt","Boot","FossilizedHelix","Lizard Tail","Matryoshka","Omamori","Frozen Egg 2","Empty Cage","TheAbacus","Bottled Tornado","Whetstone","WingedGreaves","Mercury Hourglass","Pandora\u0027s Box","Ninja Scroll","Red Mask","Ice Cream","Strawberry","Smiling Mask","Happy Flower","Torii","Anchor"],"acts_visited":["Exordium","TheCity","TheBeyond","TheEnding"],"potions_floor_usage":[],"damage_taken":[{"damage":1.0,"enemies":"Jaw Worm","floor":1.0,"turns":3.0},{"damage":4.0,"enemies":"2 Louse","floor":5.0,"turns":2.0},{"damage":25.0,"enemies":"3 Sentries","floor":6.0,"turns":7.0},{"damage":24.0,"enemies":"Lagavulin","floor":10.0,"turns":6.0},{"damage":0.0,"enemies":"Cultist","floor":11.0,"turns":4.0},{"damage":0.0,"enemies":"Gremlin Nob","floor":12.0,"turns":4.0},{"damage":8.0,"enemies":"2 Fungi Beasts","floor":13.0,"turns":4.0},{"damage":0.0,"enemies":"Blue Slaver","floor":14.0,"turns":4.0},{"damage":54.0,"enemies":"Slime Boss","floor":16.0,"turns":9.0},{"damage":2.0,"enemies":"Chosen","floor":18.0,"turns":6.0},{"damage":7.0,"enemies":"Shell Parasite","floor":19.0,"turns":8.0},{"damage":14.0,"enemies":"Snake Plant","floor":20.0,"turns":5.0},{"damage":5.0,"enemies":"Centurion and Healer","floor":27.0,"turns":7.0},{"damage":12.0,"enemies":"Colosseum Slavers","floor":28.0,"turns":6.0},{"damage":18.0,"enemies":"Colosseum Nobs","floor":28.0,"turns":4.0},{"damage":8.0,"enemies":"3 Cultists","floor":31.0,"turns":4.0},{"damage":29.0,"enemies":"Automaton","floor":33.0,"turns":11.0},{"damage":20.0,"enemies":"3 Shapes","floor":35.0,"turns":3.0},{"damage":0.0,"enemies":"Mind Bloom Boss Battle","floor":38.0,"turns":6.0},{"damage":10.0,"enemies":"Reptomancer","floor":40.0,"turns":7.0},{"damage":0.0,"enemies":"Orb Walker","floor":47.0,"turns":3.0},{"damage":27.0,"enemies":"2 Orb Walkers","floor":48.0,"turns":5.0},{"damage":35.0,"enemies":"Time Eater","floor":50.0,"turns":10.0},{"damage":24,"enemies":"Shield and Spear","floor":54,"turns":7},{"damage":55,"enemies":"The Heart","floor":55,"turns":8}],"seed_played":"-4482965730364498645","potions_obtained":[{"floor":10.0,"key":"BlessingOfTheForge"},{"floor":11.0,"key":"Dexterity Potion"},{"floor":13.0,"key":"Explosive Potion"},{"floor":14.0,"key":"GamblersBrew"},{"floor":16.0,"key":"FearPotion"},{"floor":18.0,"key":"BlessingOfTheForge"},{"floor":27.0,"key":"Regen Potion"},{"floor":31.0,"key":"CultistPotion"},{"floor":47.0,"key":"DistilledChaos"}],"is_trial":false,"path_per_floor":["M","?","$","?","M","E","R","?","T","E","M","E","M","M","R","B",null,"M","M","M","?","?","R","?","$","T","M","?","R","?","M","R","B",null,"M","$","?","?","?","E","R","R","T","R","$","R","M","?","R","B",null,"R","$","E","B"],"character_chosen":"THE_SILENT","items_purchased":["Deflect","Metamorphosis","Darkstone Periapt","Boot","Cloak And Dagger","TheAbacus","Bottled Tornado","Ninja Scroll","Caltrops+1","Caltrops+1"],"campfire_rested":5,"item_purchase_floors":[0,0,0,0,3,25,25,36,45,53],"current_hp_per_floor":[69,59,59,59,55,30,30,30,30,6,6,6,35,35,56,2,70,68,61,47,47,47,68,68,68,68,63,33,54,54,46,67,38,70,50,50,50,50,46,58,58,77,77,77,77,77,77,50,50,15,77,77,77,53,0,0],"gold":65,"neow_bonus":"","is_daily":false,"chose_seed":false,"campfire_upgraded":5,"win_rate":0.0,"timestamp":1610282270,"path_taken":["M","?","$","?","M","E","R","?","T","E","M","E","?","M","R","BOSS","M","M","M","?","?","R","?","$","T","?","?","R","?","M","R","BOSS","M","$","?","?","?","E","R","R","T","R","$","R","?","?","R","BOSS","R","$","E","BOSS"],"items_purchased_type":["Card","Card","Relic","Relic","Card","Relic","Relic","Relic","Card","Card"],"build_version":"2020-12-22","purchased_purges":1,"victory":false,"max_hp_per_floor":[70,70,70,70,70,70,70,70,70,70,70,70,70,70,70,70,70,70,70,70,70,70,70,70,70,70,70,70,70,70,70,70,70,70,70,70,70,70,70,77,77,77,77,77,77,77,77,77,77,77,77,77,77,77,77,77],"card_choices":[{"not_picked":["Deadly Poison","Prepared"],"picked":"Noxious Fumes","floor":1.0},{"not_picked":["Footwork","Dash"],"picked":"Flying Knee","floor":5.0},{"not_picked":["Quick Slash","Sucker Punch","Endless Agony"],"picked":"SKIP","floor":6.0},{"not_picked":["Quick Slash","Dagger Throw","Malaise"],"picked":"SKIP","floor":10.0},{"not_picked":["Flying Knee","Acrobatics"],"picked":"Outmaneuver","floor":11.0},{"not_picked":["Skewer","Flechettes"],"picked":"Backflip","floor":12.0},{"not_picked":["Endless Agony","Blur"],"picked":"Dash","floor":13.0},{"not_picked":["Dodge and Roll","Acrobatics","Dagger Spray"],"picked":"SKIP","floor":14.0},{"not_picked":["Burst","Bullet Time"],"picked":"After Image+1","floor":16.0},{"not_picked":["Backflip","Deadly Poison"],"picked":"Distraction+1","floor":18.0},{"not_picked":["All Out Attack","Escape Plan","Dodge and Roll"],"picked":"SKIP","floor":19.0},{"not_picked":["Dagger Spray","Choke+1","Quick Slash+1"],"picked":"SKIP","floor":20.0},{"not_picked":["All Out Attack","Choke+1"],"picked":"Terror+1","floor":27.0},{"not_picked":["Reflex","Slice"],"picked":"Well Laid Plans+1","floor":28.0},{"not_picked":["Prepared","Deadly Poison"],"picked":"Backstab","floor":31.0},{"not_picked":["Glass Knife","After Image+1"],"picked":"Die Die Die","floor":33.0},{"not_picked":["Masterful Stab","Skewer+1"],"picked":"PiercingWail+1","floor":35.0},{"not_picked":["Madness","Panacea"],"picked":"Panache+1","floor":39.0},{"not_picked":["Deep Breath","Swift Strike"],"picked":"Blind","floor":39.0},{"not_picked":["Dagger Spray","Noxious Fumes+1"],"picked":"Tactician+1","floor":40.0},{"not_picked":["Acrobatics","Backflip","Deflect"],"picked":"SKIP","floor":47.0},{"not_picked":["Flechettes+1","Terror+1"],"picked":"Infinite Blades+1","floor":48.0},{"not_picked":["Flying Knee","Bane+1"],"picked":"Reflex+1","floor":54}],"player_experience":66576,"relics_obtained":[{"floor":6.0,"key":"FossilizedHelix"},{"floor":9.0,"key":"Matryoshka"},{"floor":10.0,"key":"Omamori"},{"floor":12.0,"key":"Frozen Egg 2"},{"floor":26.0,"key":"Whetstone"},{"floor":28.0,"key":"WingedGreaves"},{"floor":28.0,"key":"Mercury Hourglass"},{"floor":38.0,"key":"Ice Cream"},{"floor":40.0,"key":"Strawberry"},{"floor":43.0,"key":"Smiling Mask"},{"floor":43.0,"key":"Happy Flower"},{"floor":48.0,"key":"Torii"},{"floor":54,"key":"Anchor"}],"event_choices":[{"damage_healed":0.0,"max_hp_gain":0.0,"max_hp_loss":0.0,"gold_gain":75.0,"event_name":"World of Goop","player_choice":"Gather Gold","floor":2.0,"gold_loss":0.0,"damage_taken":11.0},{"cards_removed":["Strike_G"],"damage_healed":0.0,"max_hp_gain":0.0,"max_hp_loss":0.0,"gold_gain":0.0,"event_name":"The Cleric","player_choice":"Card Removal","floor":4.0,"gold_loss":50.0,"damage_taken":0.0},{"damage_healed":0.0,"max_hp_gain":0.0,"max_hp_loss":0.0,"gold_gain":0.0,"event_name":"WeMeetAgain","player_choice":"Paid Gold","floor":8.0,"gold_loss":67.0,"damage_taken":0.0,"relics_obtained":["Lizard Tail"]},{"damage_healed":0.0,"max_hp_gain":0.0,"max_hp_loss":0.0,"gold_gain":99.0,"event_name":"Nest","player_choice":"Stole From Cult","floor":21.0,"gold_loss":0.0,"damage_taken":0.0},{"cards_removed":["Strike_G"],"damage_healed":0.0,"max_hp_gain":0.0,"max_hp_loss":0.0,"gold_gain":0.0,"event_name":"Back to Basics","player_choice":"Elegance","floor":22.0,"gold_loss":0.0,"damage_taken":0.0},{"damage_healed":0.0,"max_hp_gain":0.0,"max_hp_loss":0.0,"gold_gain":100.0,"event_name":"The Joust","player_choice":"Bet on Murderer","floor":24.0,"gold_loss":50.0,"damage_taken":0.0},{"damage_healed":0.0,"max_hp_gain":0.0,"max_hp_loss":0.0,"gold_gain":0.0,"event_name":"Colosseum","player_choice":"Fight","floor":28.0,"gold_loss":0.0,"damage_taken":0.0},{"damage_healed":0.0,"max_hp_gain":0.0,"max_hp_loss":0.0,"gold_gain":0.0,"event_name":"Colosseum","player_choice":"Fought Nobs","floor":28.0,"gold_loss":0.0,"damage_taken":0.0},{"cards_removed":["Defend_G"],"damage_healed":0.0,"max_hp_gain":0.0,"max_hp_loss":0.0,"gold_gain":0.0,"event_name":"Bonfire Elementals","player_choice":"Offered Basic","floor":30.0,"gold_loss":0.0,"damage_taken":0.0},{"damage_healed":0.0,"max_hp_gain":0.0,"max_hp_loss":0.0,"gold_gain":0.0,"event_name":"Tomb of Lord Red Mask","player_choice":"Paid","floor":37.0,"gold_loss":56.0,"damage_taken":0.0,"relics_obtained":["Red Mask"]},{"damage_healed":0.0,"max_hp_gain":0.0,"max_hp_loss":0.0,"gold_gain":0.0,"event_name":"MindBloom","player_choice":"Fight","floor":38.0,"gold_loss":0.0,"damage_taken":0.0},{"damage_healed":0.0,"max_hp_gain":0.0,"max_hp_loss":0.0,"gold_gain":0.0,"event_name":"SensoryStone","player_choice":"Memory 2","floor":39.0,"gold_loss":0.0,"damage_taken":5.0},{"damage_healed":0.0,"max_hp_gain":0.0,"max_hp_loss":0.0,"gold_gain":0.0,"event_name":"Mysterious Sphere","player_choice":"Fight","floor":48.0,"gold_loss":0.0,"damage_taken":0.0}],"is_beta":false,"boss_relics":[{"not_picked":["Runic Dome","Fusion Hammer"],"picked":"Empty Cage"},{"not_picked":["Velvet Choker","Coffee Dripper"],"picked":"Pandora\u0027s Box"}],"items_purged_floors":[0],"is_endless":false,"potions_floor_spawned":[10,11,13,14,16,18,27,31,47],"killed_by":"The Heart","ascension_level":0}}