{"host":"gf95gjygaqy6b70i","time":1610275513,"event":{"mods":["BaseMod","Colored Map","Colored Powertips","Minty Spire (QoL Compilation)"],"gold_per_floor":[117,131,150,5,25,58,58,7,31,51,71,89,89,89,89,185,185,197,212,229,81,81,107,107,124,124,124,138,138,168,19,19,19,19],"floor_reached":33,"playtime":1289,"items_purged":[],"score":289,"play_id":"ec04af75-1b21-40e8-bf93-16fdaf07af9c","local_time":"20210110114513","is_ascension_mode":false,"campfire_choices":[{"floor":7,"key":"REST"},{"floor":15,"key":"REST"},{"floor":24,"key":"RECALL"},{"floor":27,"key":"REST"},{"floor":29,"key":"REST"},{"data":"A Thousand Cuts","floor":32,"key":"SMITH"}],"circlet_count":0,"master_deck":["Strike_G","Strike_G","Strike_G+1","Strike_G","Strike_G+1","Defend_G","Defend_G","Defend_G","Defend_G","Survivor","Neutralize","Noxious Fumes","Cloak And Dagger","Poisoned Stab","A Thousand Cuts+1","Backstab","Glass Knife","Backflip","Dash","Dagger Throw","Dagger Spray","Defend_R","Corpse Explosion","Prepared","Caltrops","Dodge and Roll","Footwork","Dodge and Roll","Quick Slash","PiercingWail","Sucker Punch","Quick Slash"],"relics":["Ring of the Snake","Whetstone","PreservedInsect","Runic Dome","Toy Ornithopter","HornCleat","Blood Vial"],"acts_visited":["Exordium","TheCity"],"potions_floor_usage":[16,19,25,30,30,30,33],"damage_taken":[{"damage":7,"enemies":"Jaw Worm","floor":1,"turns":6},{"damage":2,"enemies":"Small Slimes","floor":2,"turns":3},{"damage":0,"enemies":"Cultist","floor":3,"turns":5},{"damage":11,"enemies":"Exordium Thugs","floor":5,"turns":4},{"damage":18,"enemies":"Lagavulin","floor":6,"turns":6},{"damage":15,"enemies":"Exordium Wildlife","floor":10,"turns":4},{"damage":3,"enemies":"Large Slime","floor":11,"turns":5},{"damage":7,"enemies":"Blue Slaver","floor":12,"turns":2},{"damage":42,"enemies":"The Guardian","floor":16,"turns":10},{"damage":22,"enemies":"3 Byrds","floor":18,"turns":3},{"damage":9,"enemies":"Shell Parasite","floor":19,"turns":5},{"damage":32,"enemies":"Snecko","floor":20,"turns":5},{"damage":23,"enemies":"Slavers","floor":23,"turns":2},{"damage":17,"enemies":"Snake Plant","floor":25,"turns":3},{"damage":24,"enemies":"Centurion and Healer","floor":28,"turns":6},{"damage":8,"enemies":"Gremlin Leader","floor":30,"turns":3},{"damage":78,"enemies":"Champ","floor":33,"turns":12}],"seed_played":"8755197551471655833","potions_obtained":[{"floor":3,"key":"Strength Potion"},{"floor":5,"key":"ColorlessPotion"},{"floor":6,"key":"Regen Potion"},{"floor":16,"key":"EssenceOfSteel"},{"floor":23,"key":"Strength Potion"},{"floor":25,"key":"DuplicationPotion"},{"floor":30,"key":"ColorlessPotion"}],"is_trial":false,"path_per_floor":["M","M","M","$","M","E","R","$","T","M","M","M","?","?","R","B",null,"M","M","M","$","?","E","R","M","T","R","M","R","E","$","R","B"],"character_chosen":"THE_SILENT","items_purchased":["A Thousand Cuts","Backflip","Footwork","Dodge and Roll","Quick Slash","Blood Vial"],"campfire_rested":4,"item_purchase_floors":[4,8,21,21,21,31],"current_hp_per_floor":[70,68,68,68,57,39,62,62,62,47,44,37,34,34,57,15,77,55,58,26,26,77,54,54,42,42,65,41,64,69,69,69,0,0],"gold":19,"neow_bonus":"TEN_PERCENT_HP_BONUS","is_daily":false,"chose_seed":false,"campfire_upgraded":1,"win_rate":0.0,"timestamp":1610275513,"path_taken":["M","M","M","$","M","E","R","$","T","M","M","M","?","?","R","BOSS","M","M","M","$","?","E","R","M","T","R","M","R","E","?","R","BOSS"],"items_purchased_type":["Card","Card","Card","Card","Card","Relic"],"build_version":"2020-12-22","purchased_purges":0,"victory":false,"max_hp_per_floor":[77,77,77,77,77,77,77,77,77,77,77,77,77,77,77,77,77,77,77,77,77,77,77,77,77,77,77,77,77,77,77,77,77,77],"card_choices":[{"not_picked":["Bane","Flechettes"],"picked":"Noxious Fumes","floor":1},{"not_picked":["Underhanded Strike","Deadly Poison"],"picked":"Cloak And Dagger","floor":2},{"not_picked":["Well Laid Plans","Prepared"],"picked":"Poisoned Stab","floor":3},{"not_picked":["All Out Attack","Flying Knee"],"picked":"Backstab","floor":5},{"not_picked":["Skewer","Deflect"],"picked":"Glass Knife","floor":6},{"not_picked":["Quick Slash","Cloak And Dagger"],"picked":"Dash","floor":10},{"not_picked":["Choke","Flechettes"],"picked":"Dagger Throw","floor":11},{"not_picked":["Dagger Throw","Escape Plan"],"picked":"Dagger Spray","floor":12},{"not_picked":["Storm of Steel","Malaise"],"picked":"Corpse Explosion","floor":16},{"not_picked":["Endless Agony","Dagger Spray"],"picked":"Prepared","floor":18},{"not_picked":["Dash","Heel Hook"],"picked":"Caltrops","floor":19},{"not_picked":["Dagger Spray","Dagger Throw"],"picked":"Dodge and Roll","floor":20},{"not_picked":["Masterful Stab","Eviscerate","Tactician"],"picked":"SKIP","floor":23},{"not_picked":["Masterful Stab+1","Malaise"],"picked":"PiercingWail","floor":25},{"not_picked":["Slice","Backstab+1"],"picked":"Sucker Punch","floor":28},{"not_picked":["Underhanded Strike","Heel Hook"],"picked":"Quick Slash","floor":30}],"player_experience":24949,"relics_obtained":[{"floor":6,"key":"Whetstone"},{"floor":9,"key":"PreservedInsect"},{"floor":23,"key":"Toy Ornithopter"},{"floor":30,"key":"HornCleat"}],"event_choices":[{"damage_healed":0,"gold_gain":0,"player_choice":"Fled","damage_taken":3,"max_hp_gain":0,"max_hp_loss":0,"event_name":"Scrap Ooze","floor":13,"gold_loss":0},{"cards_removed":["Defend_G"],"damage_healed":0,"gold_gain":0,"player_choice":"Took Card","damage_taken":0,"max_hp_gain":0,"max_hp_loss":0,"event_name":"NoteForYourself","floor":14,"gold_loss":0,"cards_obtained":["Defend_R"]},{"damage_healed":51,"gold_gain":0,"player_choice":"Full Heal","damage_taken":0,"max_hp_gain":0,"max_hp_loss":0,"event_name":"Wheel of Change","floor":22,"gold_loss":0}],"is_beta":false,"boss_relics":[{"not_picked":["Calling Bell","Runic Pyramid"],"picked":"Runic Dome"}],"items_purged_floors":[],"is_endless":false,"potions_floor_spawned":[3,5,6,16,18,23,25,30],"killed_by":"Champ","ascension_level":0}}