{"host":"pgqkv8mh62pnrbci","time":1610289574,"event":{"mods":["2.2 Compatiblity","AchievementEnabler","BaseMod","Custom Start","DeckTracker","Minty Spire (QoL Compilation)","StSLib","SuperFastMode"],"gold_per_floor":[119,119,131,131,143,143,178,178,202,219,231,247,281,301,301,377,377,391,391,231,247,262,262,312,312,337,337,347,365,383,400,400,471,471,481,481,481,132,48,74,88,114,114,141,0,19,34,34,34,34,34,34],"floor_reached":51,"playtime":3191,"items_purged":["Defend_P","Vigilance+1"],"score":1548,"play_id":"07424d69-750f-4720-bc14-da754c5344c2","local_time":"20210110233934","is_ascension_mode":true,"campfire_choices":[{"data":"Eruption","floor":6.0,"key":"SMITH"},{"data":"Eruption","floor":8.0,"key":"SMITH"},{"data":"Blasphemy","floor":15.0,"key":"SMITH"},{"floor":23.0,"key":"REST"},{"floor":27.0,"key":"REST"},{"floor":32.0,"key":"REST"},{"data":"Discovery","floor":49.0,"key":"SMITH"}],"circlet_count":0,"master_deck":["AscendersBane","Strike_P+1","Defend_P+1","Defend_P+1","Eruption+1","LessonLearned+1","Eruption+1","MentalFortress+1","Blasphemy+1","EmptyFist","DeceiveReality+1","Scrawl+1","InnerPeace+1","Study+1","DeusExMachina","Meditate+1","Pray+1","FearNoEvil+1","WheelKick","Discovery+1","Madness","Purity","Hologram"],"relics":["HolyWater","NeowsBlessing","Toy Ornithopter","War Paint","Yang","Odd Mushroom","WingedGreaves","Whetstone","Astrolabe","Membership Card","Kunai","PrismaticShard","Lantern","Strawberry","Ginger","Mercury Hourglass","Red Mask"],"acts_visited":["Exordium","TheCity","TheBeyond"],"potions_floor_usage":[],"damage_taken":[{"damage":0.0,"enemies":"Jaw Worm","floor":1.0,"turns":1.0},{"damage":0.0,"enemies":"Cultist","floor":3.0,"turns":1.0},{"damage":0.0,"enemies":"2 Louse","floor":5.0,"turns":1.0},{"damage":8.0,"enemies":"Lagavulin","floor":7.0,"turns":6.0},{"damage":0.0,"enemies":"Large Slime","floor":10.0,"turns":3.0},{"damage":5.0,"enemies":"Blue Slaver","floor":11.0,"turns":4.0},{"damage":1.0,"enemies":"Red Slaver","floor":12.0,"turns":3.0},{"damage":16.0,"enemies":"Gremlin Nob","floor":13.0,"turns":3.0},{"damage":0.0,"enemies":"The Mushroom Lair","floor":14.0,"turns":4.0},{"damage":4.0,"enemies":"The Guardian","floor":16.0,"turns":10.0},{"damage":19.0,"enemies":"Chosen","floor":18.0,"turns":6.0},{"damage":8.0,"enemies":"3 Byrds","floor":21.0,"turns":7.0},{"damage":10.0,"enemies":"Snake Plant","floor":22.0,"turns":4.0},{"damage":0.0,"enemies":"Sentry and Sphere","floor":28.0,"turns":3.0},{"damage":4.0,"enemies":"Shelled Parasite and Fungi","floor":29.0,"turns":4.0},{"damage":1.0,"enemies":"Snake Plant","floor":30.0,"turns":2.0},{"damage":3.0,"enemies":"Cultist and Chosen","floor":31.0,"turns":8.0},{"damage":14.0,"enemies":"Champ","floor":33.0,"turns":16.0},{"damage":4.0,"enemies":"Orb Walker","floor":35.0,"turns":4.0},{"damage":22.0,"enemies":"Reptomancer","floor":40.0,"turns":5.0},{"damage":2.0,"enemies":"3 Darklings","floor":41.0,"turns":3.0},{"damage":0.0,"enemies":"Giant Head","floor":42.0,"turns":6.0},{"damage":0.0,"enemies":"Nemesis","floor":44.0,"turns":5.0},{"damage":0.0,"enemies":"Maw","floor":46.0,"turns":4.0},{"damage":2.0,"enemies":"Spire Growth","floor":47.0,"turns":3.0},{"damage":37.0,"enemies":"Awakened One","floor":50.0,"turns":8.0},{"damage":82,"enemies":"Time Eater","floor":51,"turns":5}],"seed_played":"7955385961656999172","potions_obtained":[{"floor":1.0,"key":"Weak Potion"},{"floor":3.0,"key":"BlessingOfTheForge"},{"floor":10.0,"key":"SpeedPotion"},{"floor":14.0,"key":"FearPotion"},{"floor":22.0,"key":"AttackPotion"},{"floor":28.0,"key":"Weak Potion"},{"floor":29.0,"key":"SkillPotion"},{"floor":31.0,"key":"DistilledChaos"},{"floor":33.0,"key":"LiquidMemories"},{"floor":41.0,"key":"Energy Potion"},{"floor":44.0,"key":"GamblersBrew"},{"floor":48.0,"key":"FairyPotion"}],"is_trial":false,"path_per_floor":["M","?","M","?","M","R","E","R","T","M","M","M","E","?","R","B",null,"M","?","$","M","M","R","?","T","T","R","M","M","M","M","R","B",null,"M","?","?","$","$","E","M","E","T","E","?","M","M","?","R","B","B"],"character_chosen":"WATCHER","items_purchased":["InnerPeace","Membership Card","Kunai","PrismaticShard"],"campfire_rested":3,"item_purchase_floors":[20,38,38,39],"current_hp_per_floor":[61,61,61,61,61,61,53,53,53,53,48,47,31,31,31,32,59,40,21,21,13,3,24,24,24,24,45,50,51,55,52,73,63,71,67,67,57,57,57,40,38,50,50,55,55,55,53,53,53,21,0,0],"gold":34,"neow_bonus":"THREE_ENEMY_KILL","is_daily":false,"chose_seed":false,"campfire_upgraded":4,"win_rate":0.0,"timestamp":1610289574,"path_taken":["M","?","?","?","M","R","E","R","T","M","M","M","E","?","R","BOSS","M","?","$","M","M","R","?","?","T","R","?","M","M","M","R","BOSS","M","?","?","$","$","E","M","E","T","E","?","M","M","?","R","BOSS","BOSS"],"items_purchased_type":["Card","Relic","Relic","Relic"],"build_version":"2020-12-22","purchased_purges":2,"victory":false,"max_hp_per_floor":[68,68,68,68,68,68,68,68,68,68,68,68,68,68,68,68,68,68,73,73,73,73,73,73,73,73,73,73,73,73,73,73,73,73,73,73,73,73,73,73,73,80,80,80,80,80,80,80,80,80,80,80],"card_choices":[{"not_picked":["JustLucky","Halt","Wireheading"],"picked":"SKIP","floor":1.0},{"not_picked":["Halt","WindmillStrike","CutThroughFate"],"picked":"SKIP","floor":3.0},{"not_picked":["WaveOfTheHand","Consecrate","EmptyBody"],"picked":"SKIP","floor":5.0},{"not_picked":["Nirvana","Indignation"],"picked":"Blasphemy","floor":7.0},{"not_picked":["WreathOfFlame","Perseverance","ClearTheMind"],"picked":"SKIP","floor":10.0},{"not_picked":["WreathOfFlame","Perseverance"],"picked":"ClearTheMind","floor":10.0},{"not_picked":["Crescendo","CrushJoints","Evaluate"],"picked":"SKIP","floor":11.0},{"not_picked":["Worship","Vengeance"],"picked":"EmptyFist","floor":12.0},{"not_picked":["CutThroughFate","Nirvana"],"picked":"DeceiveReality","floor":13.0},{"not_picked":["Alpha","LessonLearned"],"picked":"Scrawl","floor":16.0},{"not_picked":["SandsOfTime","EmptyFist","Pray"],"picked":"SKIP","floor":18.0},{"not_picked":["SandsOfTime","EmptyFist","Pray"],"picked":"SKIP","floor":18.0},{"not_picked":["Fasting2","CutThroughFate","Pray"],"picked":"SKIP","floor":21.0},{"not_picked":["Protect","Crescendo"],"picked":"Study+1","floor":22.0},{"not_picked":["ThirdEye","EmptyFist","Protect"],"picked":"SKIP","floor":28.0},{"not_picked":["EmptyBody","Crescendo","Evaluate"],"picked":"SKIP","floor":29.0},{"not_picked":["EmptyFist","Weave","Nirvana"],"picked":"SKIP","floor":30.0},{"not_picked":["Alpha","Conclude+1","EmptyFist"],"picked":"SKIP","floor":31.0},{"not_picked":["Judgement","Devotion"],"picked":"DeusExMachina","floor":33.0},{"not_picked":["Fasting2","Protect"],"picked":"WheelKick","floor":35.0},{"not_picked":["Mayhem","Dramatic Entrance"],"picked":"Discovery","floor":37.0},{"not_picked":["Forethought","Apotheosis"],"picked":"Madness","floor":37.0},{"not_picked":["Enlightenment","Apotheosis"],"picked":"Purity","floor":37.0},{"not_picked":["Cold Snap","Headbutt","Acrobatics"],"picked":"SKIP","floor":40.0},{"not_picked":["Slice","FollowUp","All For One"],"picked":"SKIP","floor":41.0},{"not_picked":["Eviscerate","Bane","Conclude"],"picked":"SKIP","floor":42.0},{"not_picked":["Conserve Battery","Ragnarok"],"picked":"Hologram","floor":44.0},{"not_picked":["Streamline","Heavy Blade","Clothesline"],"picked":"SKIP","floor":46.0},{"not_picked":["Study","Searing Blow","Crippling Poison"],"picked":"SKIP","floor":47.0}],"player_experience":613369,"relics_obtained":[{"floor":7.0,"key":"Toy Ornithopter"},{"floor":9.0,"key":"War Paint"},{"floor":13.0,"key":"Yang"},{"floor":14.0,"key":"Odd Mushroom"},{"floor":25.0,"key":"WingedGreaves"},{"floor":26.0,"key":"Whetstone"},{"floor":40.0,"key":"Lantern"},{"floor":42.0,"key":"Strawberry"},{"floor":43.0,"key":"Ginger"},{"floor":44.0,"key":"Mercury Hourglass"}],"event_choices":[{"damage_healed":0.0,"max_hp_gain":0.0,"max_hp_loss":0.0,"gold_gain":0.0,"event_name":"Match and Keep!","player_choice":"2 cards matched","floor":2.0,"gold_loss":0.0,"damage_taken":0.0,"cards_obtained":["LessonLearned","Eruption"]},{"damage_healed":0.0,"max_hp_gain":0.0,"max_hp_loss":0.0,"gold_gain":0.0,"cards_transformed":["Strike_P"],"event_name":"Living Wall","player_choice":"Change","floor":4.0,"gold_loss":0.0,"damage_taken":0.0,"cards_obtained":["MentalFortress"]},{"damage_healed":0.0,"max_hp_gain":0.0,"max_hp_loss":0.0,"gold_gain":0.0,"event_name":"Mushrooms","player_choice":"Fought Mushrooms","floor":14.0,"gold_loss":0.0,"damage_taken":0.0},{"damage_healed":0.0,"max_hp_gain":5.0,"max_hp_loss":0.0,"gold_gain":0.0,"event_name":"Forgotten Altar","player_choice":"Shed Blood","floor":19.0,"gold_loss":0.0,"damage_taken":24.0},{"damage_healed":0.0,"max_hp_gain":0.0,"max_hp_loss":0.0,"gold_gain":50.0,"event_name":"Nest","player_choice":"Stole From Cult","floor":24.0,"gold_loss":0.0,"damage_taken":0.0},{"cards_removed":["ClearTheMind"],"damage_healed":0.0,"max_hp_gain":0.0,"max_hp_loss":0.0,"gold_gain":0.0,"event_name":"Falling","player_choice":"Removed Skill","floor":36.0,"gold_loss":0.0,"damage_taken":0.0},{"damage_healed":0.0,"max_hp_gain":0.0,"max_hp_loss":0.0,"gold_gain":0.0,"event_name":"SensoryStone","player_choice":"Memory 3","floor":37.0,"gold_loss":0.0,"damage_taken":10.0},{"damage_healed":0.0,"max_hp_gain":0.0,"max_hp_loss":0.0,"gold_gain":0.0,"event_name":"Tomb of Lord Red Mask","player_choice":"Paid","floor":45.0,"gold_loss":141.0,"damage_taken":0.0,"relics_obtained":["Red Mask"]},{"damage_healed":0.0,"max_hp_gain":0.0,"max_hp_loss":0.0,"gold_gain":0.0,"event_name":"Lab","player_choice":"Got Potions","floor":48.0,"gold_loss":0.0,"damage_taken":0.0}],"is_beta":false,"boss_relics":[{"not_picked":["Cursed Key","SacredBark"],"picked":"HolyWater"},{"not_picked":["Snecko Eye","Sozu"],"picked":"Astrolabe"}],"items_purged_floors":[20,38],"is_endless":false,"potions_floor_spawned":[1,3,10,14,22,28,29,31,33,35,41,44],"killed_by":"Time Eater","ascension_level":20}}