{"host":"bplbr8uekuotory4","time":1610279914,"event":{"mods":["Act Like it!","BaseMod","Custom Start","Gensokyo","GungeonMod","Hermit","KinomotoSakuraMod(木之本樱)","Koishi","Marisa（F雨　魔理沙）","Minty Spire (QoL Compilation)","Prisma Mod","Quick Restart","Reimu（博丽灵梦）","SOS（斯巴达之子）","Spicy Shops","StSLib","TestMod","The Alterego","The Blackbeard","The Cursed","The Marked","The Mystic","The Runesmith","The Saiyan","The Servant 0.9.4","Yuri Mod","[IsaacMod]以撒尖塔","vexMod"],"gold_per_floor":[115,115,115,128,53,53,79,79,79,113,513,513,513,533,533,533,533],"floor_reached":16,"playtime":262,"items_purged":[],"score":131,"play_id":"15991d33-58ac-4268-a373-67a45867c8d9","local_time":"20210110195834","is_ascension_mode":false,"campfire_choices":[{"data":"alterego_mod:BigMeatyClaws","floor":6,"key":"SMITH"},{"data":"alterego_mod:Stockings","floor":8,"key":"SMITH"},{"data":"alterego_mod:BrynhildrsRune","floor":15,"key":"SMITH"}],"circlet_count":0,"master_deck":["alterego_mod:Strike","alterego_mod:Strike","alterego_mod:Strike","alterego_mod:Defend","alterego_mod:Defend","alterego_mod:Defend","alterego_mod:Defend","alterego_mod:Impale","alterego_mod:BigMeatyClaws+1","alterego_mod:BrynhildrsRune+1","Bomb","alterego_mod:Stockings+1"],"relics":["alterego_mod:MasochisticConstitution","testmod-TestBox","HushsDoor","GuppysPaw","testmod-EqualTreatment","PrismaticShard","Calipers","Frozen Egg 2","Toxic Egg 2","vexMod:BarristanHead","DemoMod:GlassGuonStoneRelic"],"acts_visited":["Exordium"],"potions_floor_usage":[16,16],"damage_taken":[{"damage":0,"enemies":"Cultist","floor":1,"turns":1},{"damage":0,"enemies":"2 Louse","floor":4,"turns":1},{"damage":0,"enemies":"Gremlin Nob","floor":7,"turns":1},{"damage":10,"enemies":"3 Sentries","floor":10,"turns":4},{"damage":5,"enemies":"Small Slimes","floor":14,"turns":2},{"damage":0,"enemies":"Hexaghost","floor":16,"turns":2}],"seed_played":"7346213051526347588","potions_obtained":[{"floor":1,"key":"FearPotion"},{"floor":14,"key":"Strength Potion"}],"is_trial":false,"path_per_floor":["M","?","?","M","$","R","E","R","T","E","?","?","?","M","R","B"],"character_chosen":"The_Alterego","items_purchased":["PrismaticShard"],"campfire_rested":0,"item_purchase_floors":[5],"current_hp_per_floor":[70,63,68,68,68,68,68,68,68,59,59,59,44,40,40,40,40],"gold":533,"neow_bonus":"THREE_ENEMY_KILL","is_daily":false,"chose_seed":false,"campfire_upgraded":3,"win_rate":0.0,"timestamp":1610279914,"path_taken":["M","?","?","?","$","R","E","R","T","E","?","?","?","M","R","BOSS"],"items_purchased_type":["Relic"],"build_version":"2020-12-22","purchased_purges":0,"victory":false,"max_hp_per_floor":[70,70,75,75,75,75,75,75,75,76,76,76,76,77,77,77,77],"card_choices":[{"not_picked":["alterego_mod:Undulate","alterego_mod:Pet"],"picked":"Bomb","floor":1},{"not_picked":["alterego_mod:Rip","alterego_mod:Maid"],"picked":"alterego_mod:Stockings","floor":4},{"not_picked":["hermit:Grudge","blackbeard:PiratesWill","Fusion"],"picked":"SKIP","floor":7},{"not_picked":["Wireheading+1","TightArray:ReiMu","CrushJoints"],"picked":"SKIP","floor":10},{"not_picked":["DemoMod:PotionOfGunFriendShip+1","theMarked:DeterminationOfTheMarked+1","TheCursedMod:SpitefulPlan+1"],"picked":"SKIP","floor":14}],"player_experience":1175827,"relics_obtained":[{"floor":7,"key":"Calipers"},{"floor":9,"key":"Frozen Egg 2"},{"floor":10,"key":"Toxic Egg 2"}],"event_choices":[{"cards_removed":["alterego_mod:Strike"],"damage_healed":0,"gold_gain":0,"player_choice":"Card Removal","damage_taken":7,"max_hp_gain":0,"max_hp_loss":0,"event_name":"Golden Wing","floor":2,"gold_loss":0},{"damage_healed":0,"gold_gain":0,"player_choice":"Donut","damage_taken":0,"max_hp_gain":5,"max_hp_loss":0,"event_name":"Big Fish","floor":3,"gold_loss":0},{"damage_healed":0,"gold_gain":400,"player_choice":"Sell","damage_taken":0,"max_hp_gain":0,"max_hp_loss":0,"event_name":"恩洛斯的盘子","floor":11,"relics_lost":["NeowsBlessing"],"gold_loss":0},{"damage_healed":0,"gold_gain":0,"player_choice":"Ignored","damage_taken":0,"max_hp_gain":0,"max_hp_loss":0,"event_name":"Liars Game","floor":12,"gold_loss":0}],"is_beta":false,"boss_relics":[],"items_purged_floors":[],"is_endless":false,"potions_floor_spawned":[1,14],"killed_by":"Hexaghost","ascension_level":0}}