{"host":"sum4dy402bbv9y4o","time":1610239418,"event":{"mods":["Aspiration","BaseMod","Conspire","Highlight Path","Minty Spire (QoL Compilation)","StSLib"],"gold_per_floor":[110,120,1,14,26,60,60,77,77,77,77,22,57,12,12,12,12],"floor_reached":16,"playtime":301,"items_purged":["Strike_P"],"score":220,"play_id":"833e8b9f-b604-40db-9d06-9ea250a5046e","local_time":"20210110034338","is_ascension_mode":true,"campfire_choices":[{"data":"SashWhip","floor":7,"key":"SMITH"},{"floor":10,"key":"REST"},{"data":"MentalFortress","floor":15,"key":"SMITH"}],"circlet_count":0,"master_deck":["AscendersBane","Strike_P","Strike_P","Strike_P","Defend_P","Defend_P","Defend_P","Defend_P","Eruption","Vigilance","FlyingSleeves","Tantrum","WindmillStrike","Halt","MentalFortress+1","SashWhip+1","EmptyMind","JustLucky","Weave","MentalFortress"],"relics":["PureWater","aspiration:Nostalgia","Cracked Core","Sundial","Question Card","Happy Flower"],"acts_visited":["Exordium"],"potions_floor_usage":[1,6,8],"damage_taken":[{"damage":0,"enemies":"Small Slimes","floor":1,"turns":2},{"damage":0,"enemies":"Cultist","floor":2,"turns":2},{"damage":0,"enemies":"Jaw Worm","floor":4,"turns":2},{"damage":5,"enemies":"Blue Slaver","floor":5,"turns":2},{"damage":26,"enemies":"Lagavulin","floor":6,"turns":5},{"damage":15,"enemies":"3 Louse","floor":8,"turns":3},{"damage":16,"enemies":"Gremlin Nob","floor":13,"turns":3},{"damage":25,"enemies":"Hexaghost","floor":16,"turns":2}],"seed_played":"4653645660888480891","potions_obtained":[{"floor":1,"key":"Fruit Juice"},{"floor":5,"key":"PowerPotion"},{"floor":6,"key":"Swift Potion"},{"floor":13,"key":"SmokeBomb"}],"is_trial":false,"path_per_floor":["M","M","$","M","M","E","R","M","T","R","?","$","E","$","R","B"],"character_chosen":"WATCHER","items_purchased":["WindmillStrike","JustLucky","MentalFortress"],"campfire_rested":1,"item_purchase_floors":[3,12,14],"current_hp_per_floor":[66,66,66,66,61,35,35,20,20,41,41,41,25,25,25,0,0],"gold":12,"neow_bonus":"NOSTALGIA","is_daily":false,"chose_seed":false,"campfire_upgraded":2,"win_rate":0.0,"timestamp":1610239418,"path_taken":["M","M","$","M","M","E","R","M","T","R","?","$","E","?","R","BOSS"],"items_purchased_type":["Card","Card","Card"],"build_version":"2020-12-22","purchased_purges":1,"victory":false,"max_hp_per_floor":[73,73,73,73,73,73,73,73,73,73,73,73,73,73,73,73,73],"card_choices":[{"not_picked":["EmptyMind","ThirdEye"],"picked":"FlyingSleeves","floor":1},{"not_picked":["Crescendo","Evaluate"],"picked":"Tantrum","floor":2},{"not_picked":["CutThroughFate","Meditate"],"picked":"Halt","floor":4},{"not_picked":["Halt","Consecrate"],"picked":"MentalFortress","floor":5},{"not_picked":["ThirdEye","ReachHeaven"],"picked":"SashWhip","floor":6},{"not_picked":["Collect","ForeignInfluence"],"picked":"EmptyMind","floor":8},{"not_picked":["Sanctity","WheelKick","EmptyFist"],"picked":"Weave","floor":13}],"player_experience":2921972,"relics_obtained":[{"floor":6,"key":"Sundial"},{"floor":9,"key":"Question Card"},{"floor":13,"key":"Happy Flower"}],"event_choices":[{"damage_healed":0,"gold_gain":0,"player_choice":"Leave","damage_taken":0,"max_hp_gain":0,"max_hp_loss":0,"event_name":"FaceTrader","floor":11,"gold_loss":0}],"is_beta":false,"boss_relics":[],"items_purged_floors":[3],"is_endless":false,"potions_floor_spawned":[1,5,6,13],"killed_by":"Hexaghost","ascension_level":20}}