{"host":"a6pjfiz7lhls3cu7","time":1610259683,"event":{"mods":["AchievementEnabler","BaseMod","Colored Map","Colored Powertips","Highlight Path","Minty Spire (QoL Compilation)","Random Character Button","Relic Stats"],"gold_per_floor":[117,117,136,149,149,183,200,231,254,271,290,290,323,335,335,335,335],"floor_reached":16,"playtime":668,"items_purged":[],"score":149,"play_id":"42ce5ef7-b5a5-4ad2-8261-c0a8b6117c16","local_time":"20210109232123","is_ascension_mode":true,"campfire_choices":[{"floor":12,"key":"REST"},{"floor":15,"key":"REST"}],"circlet_count":0,"master_deck":["Strike_G","Strike_G","Strike_G","Strike_G","Strike_G","Defend_G","Defend_G","Defend_G","Defend_G","Survivor","Neutralize","Accuracy","Deadly Poison","Venomology","Terror","Burst","Accuracy","Blade Dance","Dash","Flying Knee","Noxious Fumes"],"relics":["Philosopher\u0027s Stone","Toy Ornithopter","Dream Catcher","Omamori"],"acts_visited":["Exordium"],"potions_floor_usage":[6,6,6,7,10,11,11,11,13,16],"damage_taken":[{"damage":2,"enemies":"Small Slimes","floor":1,"turns":4},{"damage":0,"enemies":"Cultist","floor":3,"turns":5},{"damage":3,"enemies":"Jaw Worm","floor":4,"turns":4},{"damage":5,"enemies":"3 Sentries","floor":6,"turns":6},{"damage":8,"enemies":"Blue Slaver","floor":7,"turns":3},{"damage":18,"enemies":"Gremlin Nob","floor":8,"turns":4},{"damage":8,"enemies":"Exordium Thugs","floor":10,"turns":6},{"damage":39,"enemies":"Gremlin Gang","floor":11,"turns":5},{"damage":14,"enemies":"Lagavulin","floor":13,"turns":5},{"damage":9,"enemies":"Large Slime","floor":14,"turns":5},{"damage":45,"enemies":"The Guardian","floor":16,"turns":5}],"seed_played":"-477309443479742667","potions_obtained":[{"floor":2,"key":"Ancient Potion"},{"floor":2,"key":"Block Potion"},{"floor":2,"key":"Ancient Potion"},{"floor":3,"key":"Explosive Potion"},{"floor":4,"key":"Fire Potion"},{"floor":6,"key":"SneckoOil"}],"is_trial":false,"path_per_floor":["M","?","M","M","?","E","M","E","T","M","M","R","E","M","R","B"],"character_chosen":"THE_SILENT","items_purchased":[],"campfire_rested":2,"item_purchase_floors":[],"current_hp_per_floor":[68,68,68,65,65,60,57,39,39,36,12,33,24,15,36,0,0],"gold":335,"neow_bonus":"BOSS_RELIC","is_daily":false,"chose_seed":false,"campfire_upgraded":0,"win_rate":0.0,"timestamp":1610259683,"path_taken":["M","?","?","M","?","E","M","E","T","M","M","R","E","M","R","BOSS"],"items_purchased_type":[],"build_version":"2020-12-22","purchased_purges":0,"victory":false,"max_hp_per_floor":[70,70,70,70,70,70,70,70,70,70,70,70,70,70,70,70,70],"relic_stats":{"Dream Catcher":2,"counters":[11,52],"obtain_stats":[{"Dream Catcher":8,"Philosopher\u0027s Stone":0,"Omamori":13,"Toy Ornithopter":6,"Ring of the Snake":0},{"Dream Catcher":6,"Philosopher\u0027s Stone":0,"Omamori":9,"Toy Ornithopter":4,"Ring of the Snake":0},{"Dream Catcher":26,"Philosopher\u0027s Stone":0,"Omamori":42,"Toy Ornithopter":19,"Ring of the Snake":0}],"Toy Ornithopter":35},"card_choices":[{"not_picked":["PiercingWail","Acrobatics"],"picked":"Accuracy","floor":1},{"not_picked":["Underhanded Strike","Acrobatics"],"picked":"Deadly Poison","floor":3},{"not_picked":["Backflip","Underhanded Strike","Escape Plan"],"picked":"SKIP","floor":4},{"not_picked":["Blade Dance","Accuracy"],"picked":"Venomology","floor":6},{"not_picked":["Dodge and Roll","Deadly Poison"],"picked":"Terror","floor":7},{"not_picked":["Riddle With Holes","Sucker Punch"],"picked":"Burst","floor":8},{"not_picked":["Setup","Prepared"],"picked":"Accuracy","floor":10},{"not_picked":["Sucker Punch","Distraction"],"picked":"Blade Dance","floor":11},{"not_picked":["Flying Knee","Quick Slash"],"picked":"Dash","floor":12},{"not_picked":["Dagger Throw","Tactician"],"picked":"Flying Knee","floor":13},{"not_picked":["Tactician","Dagger Spray","Backflip"],"picked":"SKIP","floor":14},{"not_picked":["Poisoned Stab","Bane"],"picked":"Noxious Fumes","floor":15}],"player_experience":296081,"relics_obtained":[{"floor":6,"key":"Toy Ornithopter"},{"floor":8,"key":"Dream Catcher"},{"floor":13,"key":"Omamori"}],"event_choices":[{"damage_healed":0,"gold_gain":0,"player_choice":"Got Potions","damage_taken":0,"max_hp_gain":0,"max_hp_loss":0,"event_name":"Lab","floor":2,"gold_loss":0},{"cards_removed":["Defend_G"],"damage_healed":0,"gold_gain":0,"player_choice":"Forget","damage_taken":0,"max_hp_gain":0,"max_hp_loss":0,"event_name":"Living Wall","floor":5,"gold_loss":0}],"is_beta":false,"boss_relics":[],"items_purged_floors":[],"is_endless":false,"potions_floor_spawned":[3,4,6],"killed_by":"The Guardian","ascension_level":4}}