{"host":"nwavcs7i011ziyjx","time":1610265197,"event":{"mods":["ATMod(∞¢Ë™Mod)","AchievementEnabler","Arknights The Spire","BaseMod","Colored Map","Colored Powertips","Downfall","Marisa£®ÏF”Í°°ƒß¿Ì…≥£©","Minty Spire (QoL Compilation)","MostiFishMod","Quick Restart","Rare Cards Sparkle","Remilia£®¿Ÿ√◊¿Ú—«£©","Replay The Spire","Spicy Shops","StSLib","TestMod","The Servant 0.9.4","Uncapped","UnlockEverythingMod","WarShipGirlsR/’ΩΩ¢…Ÿ≈ÆR mod","Youmu£®ªÍ∆«—˝√Œ£©","noobMod","°æ“≈ŒÔø®≈∆°øREMEMod"],"gold_per_floor":[8000,6427,6427,6438,6458,6458,6490,6490,6517,6528,5400,5427,5437,5455,5455,5559,5559,5575,5586,4355,4455,4480,4480,4534,4534,4534,4556,4581,4612,4612,4632,4632,4645,4645,4662,4662,4662,3737,3759,3637,3637,3637,3637,3637,3664,2796,2943,2969,2969,3060,3060,3113,3113,3113,2301,2412,2225],"floor_reached":58,"playtime":3615,"items_purged":["ats:Strike V","ats:Armor Crushing Shot","ats:Strike S","ats:Strike G","ats:Neurotoxin"],"score":1757,"play_id":"edf0ba58-6095-40fd-b29e-1a6167b997b7","local_time":"20210110155317","is_ascension_mode":true,"campfire_choices":[{"data":"MostiFishMod:Dust","floor":6,"key":"SMITH"},{"data":"AT_ShadowStep","floor":15,"key":"SMITH"},{"floor":23,"key":"REST"},{"floor":25,"key":"REST"},{"data":"ats:Burning Ground","floor":32,"key":"SMITH"},{"data":"ats:Echo Reverb","floor":41,"key":"SMITH"},{"data":"ats:Burning Ground","floor":44,"key":"SMITH"},{"floor":51,"key":"RECALL"},{"data":"ats:Burning Ground","floor":54,"key":"SMITH"}],"circlet_count":0,"master_deck":["ats:Strike C","ats:Defend","ats:Defend","ats:Defend","ats:Defend","ats:Emotion Absorption","MostiFishMod:Dust+1","AT_ShadowStep+1","ats:Song Of Battle","ats:Leaping Hammer","ats:Burning Ground+1","ats:Assault Order","ats:Nebulous Foxfire","ats:Thorns","ats:Revitalization","ats:Demon Strength","ats:Sunburst","ats:Burning Ground+1","ats:Volcano+1","ats:Apocalypse+1","ats:Mental Burst","ats:Sunburst","ats:Soul Absorption+1","ats:Very Hot Blade","ats:Echo Reverb+1","ats:Burning Ground","ats:Wolf Pack+1","Madness","ats:Burning Ground+1","ats:Charging Defense+1","ats:Calcification","Master of Strategy","ats:Wolf Pack"],"relics":["ats:Sanity","ice","DaveBox","testmod-TestBox","REME_ComplimentaryCards","AT_ATBox","FeatherPendant","testmod-IndustrialRevolution","NeowsBlessing","SynthV:TestCard","ats:Rhine Circuitry","AT_GoldPhoenixTree","Counterbalance","ats:Industrial Water Cannon","Dodecahedron","ats:Originium","AT_EbonyIvory","Vajra","AT_BladeRuinedKing","testmod-TurbochargingSystem","ats:Attack","Ancient Tea Set","Matryoshka","REME_HourglassOfDeath","Replay:Bronze Core","Replay:Rubber Ducky","ats:Arts","REME_OnlineShoppingPlatform","REME_ArchaeologicalTools","testmod-Antiphasic","StrikeDummy","Omamori","Lantern","AT_SeraphEmbrace","Red Mask","testmod-TimeTraveler","ats:Hidden Killer","ats:Ability Aura","SynthV","Nunchaku","testmod-InfectionSource","Blue Doll","AT_MibuBalloonWealth","Bag of Preparation","Chameleon Ring","testmod-Hope","ReplayTheSpireMod:Shallot","Gremlin Horn","Replay:Baseball","Bottled Flame","Pet Ghost","Guide Book","Blue Candle"],"acts_visited":["Exordium","TheCity","TheBeyond","TheEnding"],"potions_floor_usage":[2,7,12,22,27,33,33,33,33,33,33,40,40,40,40,40,40,40,40,48,48,48,57,57,57,57,57,57,57,57,57,57,57,57],"damage_taken":[{"damage":0,"enemies":"2 Louse","floor":1,"turns":1},{"damage":0,"enemies":"Cultist","floor":4,"turns":1},{"damage":0,"enemies":"Jaw Worm","floor":5,"turns":1},{"damage":3,"enemies":"3 Sentries","floor":7,"turns":3},{"damage":3,"enemies":"Red Slaver","floor":10,"turns":3},{"damage":0,"enemies":"Lagavulin","floor":12,"turns":2},{"damage":3,"enemies":"Exordium Wildlife","floor":13,"turns":2},{"damage":0,"enemies":"2 Fungi Beasts","floor":14,"turns":2},{"damage":0,"enemies":"Hexaghost","floor":16,"turns":2},{"damage":14,"enemies":"Chosen","floor":18,"turns":2},{"damage":12,"enemies":"Shell Parasite","floor":19,"turns":2},{"damage":5,"enemies":"Centurion and Healer","floor":22,"turns":2},{"damage":28,"enemies":"Gremlin Leader","floor":24,"turns":3},{"damage":0,"enemies":"Book of Stabbing","floor":27,"turns":3},{"damage":0,"enemies":"Cultist and Chosen","floor":28,"turns":1},{"damage":0,"enemies":"Masked Bandits","floor":29,"turns":2},{"damage":3,"enemies":"3 Cultists","floor":31,"turns":2},{"damage":0,"enemies":"Collector","floor":33,"turns":3},{"damage":0,"enemies":"Orb Walker","floor":35,"turns":2},{"damage":3,"enemies":"3 Darklings","floor":39,"turns":2},{"damage":0,"enemies":"Reptomancer","floor":40,"turns":2},{"damage":0,"enemies":"4 Shapes","floor":47,"turns":2},{"damage":3,"enemies":"Transient","floor":48,"turns":2},{"damage":3,"enemies":"R_Hoarder","floor":50,"turns":2},{"damage":0,"enemies":"Time Eater","floor":52,"turns":3},{"damage":0,"enemies":"Shield and Spear","floor":56,"turns":1},{"damage":3,"enemies":"The Heart","floor":57,"turns":3}],"seed_played":"-4153275241197310052","potions_obtained":[{"floor":7,"key":"Adrenaline Potion"},{"floor":8,"key":"testmod-TimePotion"},{"floor":12,"key":"DuplicationPotion"}],"is_trial":false,"path_per_floor":["M","$","?","M","M","R","E","?","T","M","$","E","M","M","R","B",null,"M","M","$","?","M","R","E","R","T","E","M","?","?","M","R","B",null,"M","?","?","$","M","E","R","PTL","PTL","R","T","$","M","M","T","E","R","B",null,"R","$","E","B",null],"character_chosen":"DOCTOR_CLASS","items_purchased":["ats:Rhine Circuitry","AT_GoldPhoenixTree","Counterbalance","ats:Industrial Water Cannon","Dodecahedron","Adrenaline Potion","Energy Potion","REME_GoldPotion","ats:Leaping Hammer","ats:Burning Ground","AT_BladeRuinedKing","testmod-TurbochargingSystem","ats:Attack","ats:Revitalization","LifebloodPotion","Ancient Tea Set","Matryoshka","ats:Demon Strength","Replay:Rubber Ducky","ats:Arts","REME_OnlineShoppingPlatform","REME_ArchaeologicalTools","testmod-Antiphasic","StrikeDummy","ats:Hidden Killer","ats:Ability Aura","SynthV","Nunchaku","testmod-InfectionSource","Chameleon Ring","testmod-Hope","ReplayTheSpireMod:Shallot","ats:Burning Ground","Replay:Baseball","Bottled Flame","Pet Ghost","Guide Book","Master of Strategy"],"campfire_rested":2,"item_purchase_floors":[2,2,2,2,2,2,2,2,2,2,11,11,11,11,11,11,11,11,20,20,20,20,20,20,38,38,38,38,38,46,46,46,46,55,55,55,55,55],"current_hp_per_floor":[72,72,72,72,72,72,69,69,69,66,66,70,71,72,72,72,72,58,53,53,53,52,72,44,65,65,72,72,72,57,61,61,76,77,77,77,77,77,77,77,77,77,77,77,77,77,77,74,74,77,77,77,77,77,77,77,77],"gold":2225,"neow_bonus":"THREE_ENEMY_KILL","is_daily":false,"chose_seed":false,"campfire_upgraded":6,"win_rate":0.0,"timestamp":1610265197,"path_taken":["M","$","?","?","M","R","E","?","T","M","$","E","M","M","R","BOSS","M","M","$","?","M","R","E","R","T","E","?","?","?","M","R","BOSS","M","?","?","$","M","E","R","PTL","PTL","R","T","$","M","?","?","E","R","BOSS","R","$","E","BOSS"],"items_purchased_type":["Relic","Relic","Relic","Relic","Relic","Potion","Potion","Potion","Card","Card","Relic","Relic","Relic","Card","Potion","Relic","Relic","Card","Relic","Relic","Relic","Relic","Relic","Relic","Relic","Relic","Relic","Relic","Relic","Relic","Relic","Relic","Card","Relic","Relic","Relic","Relic","Card"],"build_version":"2020-12-22","purchased_purges":5,"victory":true,"max_hp_per_floor":[72,72,72,72,72,72,72,72,72,72,72,72,72,72,72,72,72,72,72,72,72,72,72,72,72,72,72,72,72,77,77,77,77,77,77,77,77,77,77,77,77,77,77,77,77,77,77,77,77,77,77,77,77,77,77,77,77],"card_choices":[{"not_picked":["ats:Flexible Camouflage","ats:Revitalization"],"picked":"ats:Song Of Battle","floor":1},{"not_picked":["ats:Shadow Raid","ats:Apocalypse","ats:Collapsing Strike","ats:Part Time Job"],"picked":"ats:Assault Order","floor":4},{"not_picked":["ats:Shell Defense","ats:Assault Order","ats:Powerful Strike","ats:Part Time Job"],"picked":"ats:Neurotoxin","floor":5},{"not_picked":["ats:Fractured Body","ats:Poison Spread","ats:Flexible Camouflage","ats:Powerful Strike"],"picked":"ats:Nebulous Foxfire","floor":7},{"not_picked":["ats:Cat Scratch","ats:Curse Doll","ats:Revitalization","ats:Powerful Strike"],"picked":"ats:Thorns","floor":10},{"not_picked":["ats:Leaping Hammer","ats:Ignite","ats:Consecutive Shot Auto","ats:Disruption Kick"],"picked":"ats:Sunburst","floor":12},{"not_picked":["ats:Consecutive Shot Auto","ats:Hook Shot","ats:Curse Doll","ats:Guardian Obelisk","ats:Rapid Magazine"],"picked":"SKIP","floor":13},{"not_picked":["ats:Collapsing Strike","ats:Shell Defense","ats:Leaping Hammer","ats:Hook Shot"],"picked":"ats:Burning Ground","floor":14},{"not_picked":["ats:Nebulous Foxfire","ats:Roar Of Ursus","ats:Shadow Assault","ats:Fractured Body"],"picked":"ats:Volcano","floor":16},{"not_picked":["ats:Sunburst+1","ats:Flexible Camouflage","ats:Shadow Raid","ats:Consecutive Shot Auto"],"picked":"ats:Apocalypse+1","floor":18},{"not_picked":["ats:Shell Defense","ats:Curse Doll+1","ats:Magnetic Hammer","ats:Revitalization+1"],"picked":"ats:Mental Burst","floor":19},{"not_picked":["ats:Childhood Dance","ats:Revitalization","ats:Powerful Strike","ats:Ignite"],"picked":"ats:Sunburst","floor":22},{"not_picked":["ats:Guardian Obelisk","ats:Childhood Dance+1","ats:Leaping Hammer+1","ats:Durian"],"picked":"ats:Soul Absorption+1","floor":24},{"not_picked":["ats:Sword Rain","ats:Mental Burst","ats:Flexible Camouflage","ats:Poison Spread"],"picked":"ats:Very Hot Blade","floor":27},{"not_picked":["ats:Shell Defense","ats:Burning Ground","ats:Hammer On+1","ats:Rapid Magazine"],"picked":"ats:Echo Reverb","floor":28},{"not_picked":["ats:Overload","ats:Poison Spread","ats:Childhood Dance+1","ats:Collapsing Strike"],"picked":"ats:Burning Ground","floor":29},{"not_picked":["ats:Powerful Strike+1","ats:Ignite","ats:Curse Doll+1","ats:Shadow Raid","ats:Poison Spread"],"picked":"SKIP","floor":31},{"not_picked":["ats:Soul Rend","ats:Volcano","ats:Ambush","ats:Shadow Assault"],"picked":"ats:Wolf Pack","floor":33},{"not_picked":["ats:Assault Order+1","ats:Poison Spread+1","ats:Childhood Dance","ats:Encircling Forest+1","ats:Cat Scratch+1"],"picked":"SKIP","floor":35},{"not_picked":["Mind Blast","testmod-Mystery","Discovery","Replay:SS_fish_2"],"picked":"Madness","floor":36},{"not_picked":["ats:Flexible Camouflage","ats:Apocalypse+1","ats:Curse Doll","ats:Assault Order+1","ats:Leaping Hammer"],"picked":"SKIP","floor":39},{"not_picked":["ats:Apocalypse+1","ats:Childhood Dance+1","ats:Hammer On+1","ats:Soul Rend","ats:Beaten Up"],"picked":"SKIP","floor":40},{"not_picked":["ats:Hook Shot","ats:Steam Pump","ats:Ignite","ats:Thermite Blade"],"picked":"ats:Charging Defense+1","floor":47},{"not_picked":["ats:Very Hot Blade+1","ats:Cat Scratch","ats:Powerful Strike","ats:Hammer On+1","ats:Steam Pump"],"picked":"SKIP","floor":48},{"not_picked":["ats:Defend Order+1","ats:Hook Shot+1","ats:Shell Defense+1","ats:Guardian Obelisk+1"],"picked":"ats:Calcification","floor":50},{"not_picked":["ats:Thorns","ats:Thermite Blade+1","ats:Leaping Hammer","ats:Powerful Strike"],"picked":"ats:Wolf Pack","floor":56}],"player_experience":266770,"relics_obtained":[{"floor":1,"key":"SynthV:TestCard"},{"floor":7,"key":"ats:Originium"},{"floor":7,"key":"AT_EbonyIvory"},{"floor":9,"key":"Vajra"},{"floor":12,"key":"ats:Originium"},{"floor":12,"key":"REME_HourglassOfDeath"},{"floor":24,"key":"ats:Originium"},{"floor":24,"key":"Omamori"},{"floor":26,"key":"Lantern"},{"floor":27,"key":"AT_ArchangelStaff"},{"floor":29,"key":"Red Mask"},{"floor":40,"key":"Blue Doll"},{"floor":45,"key":"AT_MibuBalloonWealth"},{"floor":45,"key":"Bag of Preparation"},{"floor":49,"key":"Gremlin Horn"},{"floor":56,"key":"Blue Candle"}],"event_choices":[{"damage_healed":0,"gold_gain":0,"player_choice":"Bought 0 Potions","damage_taken":0,"max_hp_gain":0,"max_hp_loss":0,"event_name":"The Woman in Blue","floor":3,"gold_loss":0},{"damage_healed":0,"gold_gain":0,"player_choice":"Got Potions","damage_taken":0,"max_hp_gain":0,"max_hp_loss":0,"event_name":"Lab","floor":8,"gold_loss":0},{"damage_healed":0,"gold_gain":100,"player_choice":"Pray","damage_taken":0,"max_hp_gain":0,"max_hp_loss":0,"event_name":"Golden Shrine","floor":21,"gold_loss":0},{"damage_healed":0,"gold_gain":0,"player_choice":"Fought Bandits","damage_taken":0,"max_hp_gain":0,"max_hp_loss":0,"event_name":"Masked Bandits","floor":29,"gold_loss":0},{"damage_healed":0,"gold_gain":0,"player_choice":"Shed Blood","damage_taken":18,"max_hp_gain":5,"max_hp_loss":0,"event_name":"Forgotten Altar","floor":30,"gold_loss":0},{"damage_healed":0,"gold_gain":0,"player_choice":"Memory 1","damage_taken":0,"max_hp_gain":0,"max_hp_loss":0,"event_name":"SensoryStone","floor":36,"gold_loss":0},{"damage_healed":0,"gold_gain":0,"player_choice":"Ignored","damage_taken":0,"max_hp_gain":0,"max_hp_loss":0,"event_name":"Transmorgrifier","floor":37,"gold_loss":0}],"is_beta":false,"boss_relics":[{"not_picked":["xbg","Snecko Heart"],"picked":"Replay:Bronze Core"},{"not_picked":["TakeMeEscape","ReplayTheSpireMod:DimensionalGlitch"],"picked":"testmod-TimeTraveler"}],"items_purged_floors":[2,11,20,38,46],"is_endless":false,"potions_floor_spawned":[7,12,13,18,29,31,33,40,48,50,56],"ascension_level":1}}