{"host":"m6h67kf6cz80m3yv","time":1610279358,"event":{"mods":["Bartender","BaseMod","Better Third Choice","BetterRewards","CatGirl Mod","Colored Powertips","Downfall","Duelist Mod","Hermit","Marisa????????","Minty Spire (QoL Compilation)","Prisma Mod","Quick Restart","Shade Mod","Shop Mod","StSLib","SuperFastMode","The Dragon Tamer","The Marked","The Servant 0.9.4"],"gold_per_floor":[114,134,134,146,51,82,98,118,142,142,161,173,173,198,198,298,298,314,314,42,42,57,96,96,126,126,166,191,191,213,229,229,234,234],"floor_reached":33,"playtime":1635,"items_purged":[],"score":461,"play_id":"7f59a250-5a3d-4944-ad3d-b68603d9366b","local_time":"20210110094918","is_ascension_mode":true,"campfire_choices":[{"floor":10,"key":"REST"},{"floor":13,"key":"REST"},{"data":"hermit:TakeAim","floor":15,"key":"SMITH"},{"floor":24,"key":"REST"},{"floor":32,"key":"REST"}],"circlet_count":0,"master_deck":["hermit:Strike_Hermit+1","hermit:Strike_Hermit+1","hermit:Strike_Hermit","hermit:Strike_Hermit","hermit:Defend_Hermit","hermit:Defend_Hermit","hermit:Defend_Hermit","hermit:Defend_Hermit","hermit:Snapshot","hermit:Covet","hermit:TakeAim+1","hermit:GoldenBullet","hermit:HighCaliber","hermit:Vantage","hermit:Virtue","hermit:NoHoldsBarred","hermit:Dive","hermit:Deadeye","hermit:Scavenge","hermit:BigShot","hermit:Dive","hermit:Brawl","hermit:BigShot","hermit:TrackingShot+1","hermit:Glare+1","hermit:EyeOfTheStorm"],"relics":["hermit:Momento","Silver_Glasses","CultistMask","Toy Ornithopter","Protect_Vest","Whetstone","Philosopher\u0027s Stone","MutagenicStrength","Art of War","Regal Pillow","Strawberry","HornCleat","Bird Faced Urn"],"acts_visited":["Exordium","TheCity"],"potions_floor_usage":[6,16,16,31],"damage_taken":[{"damage":1,"enemies":"Cultist","floor":1,"turns":4},{"damage":12,"enemies":"Small Slimes","floor":2,"turns":5},{"damage":8,"enemies":"Jaw Worm","floor":4,"turns":4},{"damage":20,"enemies":"Gremlin Nob","floor":6,"turns":4},{"damage":10,"enemies":"Exordium Thugs","floor":7,"turns":4},{"damage":9,"enemies":"Red Slaver","floor":8,"turns":2},{"damage":7,"enemies":"Exordium Wildlife","floor":11,"turns":4},{"damage":0,"enemies":"Exordium Thugs","floor":12,"turns":4},{"damage":20,"enemies":"Lagavulin","floor":14,"turns":6},{"damage":28,"enemies":"Slime Boss","floor":16,"turns":12},{"damage":9,"enemies":"Chosen","floor":18,"turns":5},{"damage":19,"enemies":"2 Thieves","floor":22,"turns":5},{"damage":26,"enemies":"Gremlin Leader","floor":23,"turns":8},{"damage":29,"enemies":"theDuelist:KaibaA2","floor":25,"turns":4},{"damage":27,"enemies":"Slavers","floor":27,"turns":5},{"damage":0,"enemies":"Snecko","floor":28,"turns":4},{"damage":0,"enemies":"Cultist and Chosen","floor":30,"turns":4},{"damage":20,"enemies":"Chosen and Byrds","floor":31,"turns":7},{"damage":74,"enemies":"Champ","floor":33,"turns":13}],"seed_played":"4349190530257804267","potions_obtained":[{"floor":1,"key":"SkillPotion"},{"floor":6,"key":"Energy Potion"},{"floor":7,"key":"SpeedPotion"},{"floor":22,"key":"Energy Potion"},{"floor":23,"key":"SpeedPotion"},{"floor":31,"key":"Fire Potion"}],"is_trial":false,"path_per_floor":["M","M","?","M","$","E","M","M","T","R","M","M","R","E","R","B",null,"M","?","$","?","M","E","R","E","T","E","M","?","M","M","R","B"],"character_chosen":"HERMIT","items_purchased":["Fruit Juice","hermit:Dive","Art of War","hermit:Brawl"],"campfire_rested":4,"item_purchase_floors":[5,20,20,20],"current_hp_per_floor":[68,56,56,48,48,33,23,14,14,38,31,31,55,35,35,17,80,71,71,71,71,52,26,65,43,43,16,22,22,26,17,58,0,0],"gold":234,"neow_bonus":"","is_daily":false,"chose_seed":false,"campfire_upgraded":1,"win_rate":0.0,"timestamp":1610279358,"path_taken":["M","?","?","M","$","E","M","M","T","R","M","M","R","E","R","BOSS","M","?","$","?","M","E","R","E","T","E","M","?","M","M","R","BOSS"],"items_purchased_type":["Potion","Card","Relic","Card"],"build_version":"2020-12-22","purchased_purges":0,"victory":false,"max_hp_per_floor":[75,75,75,75,75,80,80,80,80,80,80,80,80,80,80,80,80,80,80,80,80,80,80,80,87,87,87,87,87,87,87,87,87,87],"card_choices":[{"not_picked":["hermit:Dive","hermit:CalledShot"],"picked":"hermit:GoldenBullet","floor":1},{"not_picked":["hermit:Misfire","hermit:LoneWolf"],"picked":"hermit:HighCaliber","floor":2},{"not_picked":["hermit:Ricochet","hermit:Horror"],"picked":"hermit:Vantage","floor":4},{"not_picked":["hermit:Roulette","hermit:SprayPray"],"picked":"hermit:Virtue","floor":6},{"not_picked":["hermit:Grudge","hermit:Virtue"],"picked":"hermit:NoHoldsBarred","floor":7},{"not_picked":["hermit:ItchyTrigger","hermit:Spite"],"picked":"hermit:Dive","floor":8},{"not_picked":["hermit:Snipe","hermit:Ricochet"],"picked":"hermit:Deadeye","floor":11},{"not_picked":["hermit:Horror","hermit:BodyArmor"],"picked":"hermit:Scavenge","floor":12},{"not_picked":["hermit:EternalForm","hermit:CursedWeapon","hermit:Ricochet"],"picked":"SKIP","floor":14},{"not_picked":["hermit:Virtue","hermit:Dive+1"],"picked":"hermit:BigShot","floor":18},{"not_picked":["hermit:Desperado","hermit:Coalescence"],"picked":"hermit:BigShot","floor":22},{"not_picked":["hermit:Quickdraw","hermit:NoHoldsBarred+1"],"picked":"hermit:TrackingShot+1","floor":23},{"not_picked":["hermit:Ricochet","hermit:Gambit"],"picked":"hermit:Glare+1","floor":25},{"not_picked":["hermit:SprayPray","hermit:Roulette+1","hermit:CursedWeapon+1"],"picked":"SKIP","floor":27},{"not_picked":["hermit:CursedWeapon","hermit:Grudge"],"picked":"hermit:EyeOfTheStorm","floor":28},{"not_picked":["hermit:Ricochet","hermit:LowProfile+1","hermit:Vantage"],"picked":"SKIP","floor":30},{"not_picked":["hermit:Cheat","hermit:BodyArmor","hermit:LowProfile"],"picked":"SKIP","floor":31}],"player_experience":348127,"relics_obtained":[{"floor":6,"key":"Toy Ornithopter"},{"floor":9,"key":"Protect_Vest"},{"floor":14,"key":"Whetstone"},{"floor":23,"key":"Regal Pillow"},{"floor":25,"key":"Strawberry"},{"floor":26,"key":"HornCleat"},{"floor":27,"key":"Bird Faced Urn"}],"event_choices":[{"damage_healed":0,"gold_gain":0,"player_choice":"Trade","damage_taken":0,"relics_obtained":["CultistMask"],"max_hp_gain":0,"max_hp_loss":0,"event_name":"FaceTrader","floor":3,"gold_loss":0},{"damage_healed":0,"gold_gain":0,"player_choice":"Inject Mutagens","damage_taken":0,"relics_obtained":["MutagenicStrength"],"max_hp_gain":0,"max_hp_loss":0,"event_name":"Drug Dealer","floor":19,"gold_loss":0},{"damage_healed":0,"gold_gain":0,"player_choice":"Ignored","damage_taken":0,"max_hp_gain":0,"max_hp_loss":0,"event_name":"Vampires","floor":29,"gold_loss":0}],"is_beta":false,"boss_relics":[{"not_picked":["SlaversCollar","Sozu"],"picked":"Philosopher\u0027s Stone"}],"items_purged_floors":[],"is_endless":false,"potions_floor_spawned":[1,6,7,12,22,23,28,31],"killed_by":"Champ","ascension_level":2}}