{"host":"mytek2nu1hrzdnew","time":1610244798,"event":{"mods":["100% Spire Juice","AchievementEnabler","Aspiration","BaseMod","Conspire","GifTheSpireLib","Gold Saver","Hubris","Ironclad Rager","Minty Spire (QoL Compilation)","Replay The Spire","StSLib","Stuff the Spire","Uncapped"],"gold_per_floor":[709,721,731,701,61,89,102,102,102,121,141,174,190,190,190,292,342,342],"floor_reached":17,"playtime":1409,"items_purged":[],"score":194,"play_id":"513528ff-4e00-463d-bb1b-891841a4378d","local_time":"20210109211318","is_ascension_mode":false,"campfire_choices":[{"data":"ReplayTheSpireMod:Brewmster","floor":8,"key":"SMITH"},{"data":"Infinite Blades","floor":15,"key":"SMITH"}],"circlet_count":0,"master_deck":["Strike_G+1","Strike_G","Strike_G","Strike_G","Defend_G+1","Defend_G","Defend_G","Defend_G","Defend_G","Survivor","Neutralize","Crippling Poison","Deflect+1","Replay:Poison Smokescreen","ReplayTheSpireMod:Brewmster+1","Infinite Blades+1","Cloak And Dagger","StuffTheSpire:DoubleShiv","Deflect","Noxious Fumes","Toxin Wave+1","Replay:Bag of Tricks+1"],"relics":["Ring of the Snake","aspiration:Nostalgia","Burning Blood","aspiration:HatOfInfinitePower","StuffTheSpire:Experiment12","Simple Rune","Toxic Egg 2","Tiny House"],"acts_visited":["Exordium","TheCity"],"potions_floor_usage":[6,6,6,10,10,11,12,12,13,16,16,16,16,16],"damage_taken":[{"damage":0,"enemies":"Jaw Worm","floor":1,"turns":5},{"damage":0,"enemies":"Cultist","floor":2,"turns":4},{"damage":0,"enemies":"Small Slimes","floor":3,"turns":5},{"damage":0,"enemies":"Gremlin Nob","floor":6,"turns":4},{"damage":6,"enemies":"Blue Slaver","floor":7,"turns":5},{"damage":0,"enemies":"2 Fungi Beasts","floor":10,"turns":5},{"damage":6,"enemies":"Exordium Thugs","floor":11,"turns":5},{"damage":10,"enemies":"Lagavulin","floor":12,"turns":6},{"damage":0,"enemies":"3 Louse","floor":13,"turns":3},{"damage":31,"enemies":"Fading Forest","floor":16,"turns":11}],"seed_played":"-6187837319635308494","potions_obtained":[{"floor":4,"key":"Flashbang"},{"floor":13,"key":"PowerPotion"}],"is_trial":false,"path_per_floor":["M","M","M","?","$","E","M","R","T","M","M","E","M","?","R","B",null],"character_chosen":"THE_SILENT","items_purchased":["aspiration:HatOfInfinitePower","ReplayTheSpireMod:Brewmster","Infinite Blades","DuplicationPotion"],"campfire_rested":0,"item_purchase_floors":[5,5,5,5],"current_hp_per_floor":[70,70,70,70,70,70,70,70,70,70,70,66,70,63,63,48,75,75],"gold":342,"neow_bonus":"NOSTALGIA","is_daily":false,"chose_seed":false,"campfire_upgraded":2,"win_rate":0.0,"timestamp":1610244798,"path_taken":["M","M","M","?","$","E","?","R","T","M","M","E","M","?","R","BOSS"],"items_purchased_type":["Relic","Card","Card","Potion"],"build_version":"2020-12-22","purchased_purges":0,"victory":false,"max_hp_per_floor":[70,70,70,70,70,70,70,70,70,70,70,70,70,70,70,70,75,75],"card_choices":[{"not_picked":["StuffTheSpire:Incursion","Dodge and Roll"],"picked":"Crippling Poison","floor":1},{"not_picked":["StuffTheSpire:Python","Bane"],"picked":"Deflect","floor":2},{"not_picked":["StuffTheSpire:ReptileScales","StuffTheSpire:ClusterCrunch"],"picked":"Replay:Poison Smokescreen","floor":3},{"not_picked":["StuffTheSpire:BumpUp","ReplayTheSpireMod:The Works"],"picked":"Cloak And Dagger","floor":6},{"not_picked":["Acrobatics","Deadly Poison"],"picked":"StuffTheSpire:DoubleShiv","floor":7},{"not_picked":["Endless Agony","Leg Sweep"],"picked":"Deflect","floor":10},{"not_picked":["hubris:SlightOfHand","Slice"],"picked":"Noxious Fumes","floor":11},{"not_picked":["Replay:Poison Smokescreen+1","Night Terror+1"],"picked":"Toxin Wave+1","floor":12},{"not_picked":["Riddle With Holes","Flying Knee","StuffTheSpire:Fury+1"],"picked":"SKIP","floor":13},{"not_picked":["Atom Bomb","ReplayTheSpireMod:Necrosis+1"],"picked":"Replay:Bag of Tricks+1","floor":16}],"player_experience":1054136,"relics_obtained":[{"floor":6,"key":"StuffTheSpire:Experiment12"},{"floor":9,"key":"Simple Rune"},{"floor":12,"key":"Toxic Egg 2"}],"event_choices":[{"damage_healed":0,"gold_gain":0,"player_choice":"Bought 2 Potions","damage_taken":0,"max_hp_gain":0,"max_hp_loss":0,"event_name":"The Woman in Blue","floor":4,"gold_loss":0},{"cards_removed":["Strike_G"],"damage_healed":0,"gold_gain":0,"player_choice":"Card Removal","damage_taken":7,"max_hp_gain":0,"max_hp_loss":0,"event_name":"Golden Wing","floor":14,"gold_loss":0}],"is_beta":false,"boss_relics":[{"not_picked":["conspire:SeveredTorchhead","StuffTheSpire:RunicConfusion"],"picked":"Tiny House"}],"items_purged_floors":[],"is_endless":false,"potions_floor_spawned":[1,2,6,13],"ascension_level":0}}