{"host":"5x08nt64u3vxxcfi","time":1610264411,"event":{"mods":["BaseMod","Minty Spire (QoL Compilation)","StSLib","SuperFastMode"],"gold_per_floor":[109,124,71,71,91,91,125,141,190,219,219,219,67,78,78,181,181,199,215,130,130,146,146,178,189,189,189,36,55,55,66,66,165,165,175,16,36,36,51,84,84,84,133,133,147,147,161,189,189,189],"floor_reached":51,"playtime":4357,"items_purged":[],"score":1191,"play_id":"076dcaa7-8033-4a50-ae55-ca3531885126","local_time":"20210110164011","is_ascension_mode":true,"campfire_choices":[{"data":"Dagger Spray","floor":6.0,"key":"SMITH"},{"data":"Neutralize","floor":12.0,"key":"SMITH"},{"data":"After Image","floor":15.0,"key":"SMITH"},{"data":"Tactician","floor":23,"key":"SMITH"},{"data":"1","floor":27,"key":"LIFT"},{"data":"2","floor":30,"key":"LIFT"},{"data":"3","floor":32,"key":"LIFT"},{"data":"Envenom","floor":41,"key":"SMITH"},{"data":"Phantasmal Killer","floor":44,"key":"SMITH"},{"data":"Terror","floor":49,"key":"SMITH"}],"circlet_count":0,"master_deck":["Strike_G","Strike_G","Strike_G","Strike_G","Strike_G","Defend_G","Defend_G","Defend_G","Defend_G","Defend_G","Survivor","Neutralize+1","Poisoned Stab","Quick Slash","Dagger Throw","Cloak And Dagger","Blade Dance","Cloak And Dagger","Tactician+1","Dagger Throw","Backstab","After Image+1","Terror+1","Corpse Explosion","Blade Dance+1","Slice+1","Neutralize","Panacea","Concentrate","Noxious Fumes+1","After Image+1","Distraction+1","Tactician+1","Envenom+1","Slice","Phantasmal Killer+1","Blade Dance","Caltrops+1","Infinite Blades+1","Violence","Cloak And Dagger+1","Acrobatics+1"],"relics":["Ring of the Snake","Incense Burner","Kunai","Strawberry","Ancient Tea Set","Paper Crane","Orrery","WristBlade","Snake Skull","Eternal Feather","Girya","DollysMirror","Runic Pyramid","Shuriken","MealTicket","Juzu Bracelet","Potion Belt"],"acts_visited":["Exordium","TheCity","TheBeyond"],"potions_floor_usage":[24,33,45,48],"damage_taken":[{"damage":5.0,"enemies":"Jaw Worm","floor":1.0,"turns":6.0},{"damage":4.0,"enemies":"Small Slimes","floor":2.0,"turns":4.0},{"damage":1.0,"enemies":"Cultist","floor":5.0,"turns":3.0},{"damage":22.0,"enemies":"Lagavulin","floor":7.0,"turns":5.0},{"damage":4.0,"enemies":"Exordium Thugs","floor":8.0,"turns":4.0},{"damage":1.0,"enemies":"Gremlin Nob","floor":10.0,"turns":4.0},{"damage":0.0,"enemies":"Blue Slaver","floor":14.0,"turns":2.0},{"damage":9.0,"enemies":"Slime Boss","floor":16.0,"turns":8.0},{"damage":10.0,"enemies":"2 Thieves","floor":18.0,"turns":3.0},{"damage":3.0,"enemies":"3 Byrds","floor":19.0,"turns":3.0},{"damage":16,"enemies":"Snake Plant","floor":22,"turns":4},{"damage":0,"enemies":"Gremlin Leader","floor":24,"turns":5},{"damage":2,"enemies":"Centurion and Healer","floor":25,"turns":5},{"damage":6,"enemies":"Snecko","floor":29,"turns":3},{"damage":0,"enemies":"Chosen and Byrds","floor":31,"turns":4},{"damage":0,"enemies":"Champ","floor":33,"turns":6},{"damage":4,"enemies":"3 Darklings","floor":35,"turns":4},{"damage":14,"enemies":"3 Shapes","floor":37,"turns":4},{"damage":1,"enemies":"3 Darklings","floor":39,"turns":3},{"damage":0,"enemies":"Nemesis","floor":40,"turns":7},{"damage":10,"enemies":"Jaw Worm Horde","floor":45,"turns":4},{"damage":0,"enemies":"Transient","floor":47,"turns":5},{"damage":8,"enemies":"Giant Head","floor":48,"turns":3},{"damage":33,"enemies":"Time Eater","floor":50,"turns":8}],"seed_played":"4501875059529124742","potions_obtained":[{"floor":1.0,"key":"AttackPotion"},{"floor":2.0,"key":"LiquidMemories"},{"floor":7.0,"key":"Fire Potion"},{"floor":10.0,"key":"Explosive Potion"},{"floor":16.0,"key":"DuplicationPotion"},{"floor":19.0,"key":"GamblersBrew"},{"floor":22,"key":"PowerPotion"},{"floor":24,"key":"Block Potion"},{"floor":33,"key":"Explosive Potion"},{"floor":37,"key":"Fire Potion"},{"floor":45,"key":"Fruit Juice"},{"floor":47,"key":"Fire Potion"},{"floor":48,"key":"Fruit Juice"}],"is_trial":false,"path_per_floor":["M","M","$","?","M","R","E","M","T","E","?","R","$","M","R","B",null,"M","M","?","?","M","R","E","M","T","R","$","M","R","M","R","B",null,"M","$","M","T","M","E","R","?","T","R","M","?","M","E","R","B",null],"character_chosen":"THE_SILENT","items_purchased":["Quick Slash","Orrery","DollysMirror","Phantasmal Killer"],"campfire_rested":0,"item_purchase_floors":[3,13,28,36],"current_hp_per_floor":[58,54,54,59,58,58,36,32,39,38,35,35,35,35,35,26,63,53,50,50,50,34,34,34,32,32,50,50,44,62,62,75,75,75,71,71,57,57,56,56,75,75,75,75,70,70,70,67,85,52],"gold":189,"neow_bonus":"ONE_RARE_RELIC","is_daily":false,"chose_seed":false,"campfire_upgraded":7,"win_rate":0.0,"timestamp":1610264411,"path_taken":["M","M","$","?","M","R","E","M","T","E","?","R","?","M","R","BOSS","M","M","?","?","M","R","E","M","T","R","$","M","R","M","R","BOSS","M","$","?","?","M","E","R","?","T","R","M","?","M","E","R","BOSS"],"items_purchased_type":["Card","Relic","Relic","Card"],"build_version":"2020-12-22","purchased_purges":0,"victory":true,"max_hp_per_floor":[63,63,63,68,68,68,68,68,75,75,75,75,75,75,75,75,75,75,75,75,75,75,75,75,75,75,75,75,75,75,75,75,75,75,75,75,75,75,75,75,75,75,75,75,80,80,80,85,85,85],"card_choices":[{"not_picked":["Choke","Backflip"],"picked":"Poisoned Stab","floor":1.0},{"not_picked":["Heel Hook","Sucker Punch"],"picked":"Dagger Spray","floor":2.0},{"not_picked":["Deadly Poison","Slice"],"picked":"Dagger Throw","floor":5.0},{"not_picked":["Choke","Deadly Poison"],"picked":"Cloak And Dagger","floor":7.0},{"not_picked":["Deadly Poison","Poisoned Stab"],"picked":"Blade Dance","floor":8.0},{"not_picked":["Dagger Spray","Deadly Poison","PiercingWail"],"picked":"SKIP","floor":10.0},{"not_picked":["Bullet Time","Dagger Throw"],"picked":"Cloak And Dagger","floor":13.0},{"not_picked":["Masterful Stab","Deadly Poison"],"picked":"Tactician","floor":13.0},{"not_picked":["Underhanded Strike","Deadly Poison"],"picked":"Dagger Throw","floor":13.0},{"not_picked":["Slice","Poisoned Stab"],"picked":"Backstab","floor":13.0},{"not_picked":["Endless Agony","Slice"],"picked":"After Image","floor":13.0},{"not_picked":["Backflip","Deadly Poison"],"picked":"Terror","floor":14.0},{"not_picked":["Tools of the Trade","Doppelganger"],"picked":"Corpse Explosion","floor":16.0},{"not_picked":["PiercingWail","Deflect+1"],"picked":"Blade Dance+1","floor":18.0},{"not_picked":["Catalyst+1","Dash"],"picked":"Slice+1","floor":19.0},{"not_picked":["Deflect+1","Cloak And Dagger"],"picked":"Concentrate","floor":22},{"not_picked":["Bane","All Out Attack+1","Eviscerate"],"picked":"SKIP","floor":24},{"not_picked":["Cloak And Dagger","Eviscerate"],"picked":"Noxious Fumes+1","floor":25},{"not_picked":["Poisoned Stab","Acrobatics"],"picked":"Distraction+1","floor":29},{"not_picked":["Dodge and Roll","Terror+1"],"picked":"Tactician+1","floor":31},{"not_picked":["Doppelganger","Phantasmal Killer"],"picked":"Envenom","floor":33},{"not_picked":["Cloak And Dagger","Dagger Spray"],"picked":"Slice","floor":35},{"not_picked":["Noxious Fumes","All Out Attack","Bane"],"picked":"SKIP","floor":37},{"not_picked":["Concentrate","Quick Slash+1"],"picked":"Blade Dance","floor":39},{"not_picked":["Blur","Bane"],"picked":"Caltrops+1","floor":40},{"not_picked":["Crippling Poison+1","Well Laid Plans"],"picked":"Infinite Blades+1","floor":45},{"not_picked":["Good Instincts","Swift Strike"],"picked":"Violence","floor":46},{"not_picked":["Acrobatics+1","Slice+1"],"picked":"Cloak And Dagger+1","floor":47},{"not_picked":["Expertise+1","Deflect"],"picked":"Acrobatics+1","floor":48}],"player_experience":77669,"relics_obtained":[{"floor":7.0,"key":"Kunai"},{"floor":9.0,"key":"Strawberry"},{"floor":10.0,"key":"Ancient Tea Set"},{"floor":24,"key":"Eternal Feather"},{"floor":26,"key":"Girya"},{"floor":38,"key":"Shuriken"},{"floor":40,"key":"MealTicket"},{"floor":43,"key":"Juzu Bracelet"},{"floor":48,"key":"Potion Belt"}],"event_choices":[{"damage_healed":0.0,"max_hp_gain":5.0,"max_hp_loss":0.0,"gold_gain":0.0,"event_name":"Big Fish","player_choice":"Donut","floor":4.0,"gold_loss":0.0,"damage_taken":0.0},{"damage_healed":0.0,"max_hp_gain":0.0,"max_hp_loss":0.0,"gold_gain":0.0,"event_name":"Scrap Ooze","player_choice":"Success","floor":11.0,"gold_loss":0.0,"damage_taken":3.0,"relics_obtained":["Paper Crane"]},{"damage_healed":0.0,"max_hp_gain":0.0,"max_hp_loss":0.0,"gold_gain":0.0,"event_name":"Addict","player_choice":"Obtained Relic","floor":20.0,"gold_loss":85.0,"damage_taken":0.0,"relics_obtained":["Snake Skull"]},{"damage_healed":0,"gold_gain":0,"player_choice":"2 cards matched","damage_taken":0,"max_hp_gain":0,"max_hp_loss":0,"event_name":"Match and Keep!","floor":21,"gold_loss":0,"cards_obtained":["Neutralize","Panacea"]},{"cards_removed":["Dagger Spray"],"damage_healed":0,"gold_gain":0,"player_choice":"Removed Attack","damage_taken":0,"max_hp_gain":0,"max_hp_loss":0,"event_name":"Falling","floor":42,"gold_loss":0},{"damage_healed":0,"gold_gain":0,"player_choice":"Memory 1","damage_taken":0,"max_hp_gain":0,"max_hp_loss":0,"event_name":"SensoryStone","floor":46,"gold_loss":0}],"is_beta":false,"boss_relics":[{"not_picked":["Calling Bell","Astrolabe"],"picked":"WristBlade"},{"not_picked":["SacredBark","Cursed Key"],"picked":"Runic Pyramid"}],"items_purged_floors":[],"is_endless":false,"potions_floor_spawned":[1,2,7,10,16,19,22,24,29,33,37,45,47,48],"ascension_level":9}}