{"host":"Ceyx","time":1610309416,"event":{"mods":["BaseMod","Beaked The Cultist","Better Third Choice","BetterRewards","Conspire","Downfall","Hermit","Hubris","Infinite Spire","Jorbs\u0027s Wanderer Trilogy","Lobotomy","Minty Spire (QoL Compilation)","Permanent Neow","Replay The Spire","Shop Mod","StSLib","The Alterego","The Jungle","The Poker Player"],"gold_per_floor":[117,117,133,153,153,153,184,199,199,209,227,227,258,4,4,101,101,120,133,133,232,232,232],"floor_reached":22,"playtime":1721,"items_purged":["alterego_mod:Strike"],"score":283,"play_id":"f9f7a840-8e0e-4d6b-8082-215b49f7ef00","local_time":"20210111031016","is_ascension_mode":true,"campfire_choices":[{"data":"alterego_mod:Impale","floor":6,"key":"SMITH"},{"floor":15,"key":"REST"}],"circlet_count":0,"master_deck":["alterego_mod:Strike","alterego_mod:Strike+1","alterego_mod:Strike","alterego_mod:Defend","alterego_mod:Defend","alterego_mod:Defend","alterego_mod:Impale+1","alterego_mod:BigMeatyClaws","alterego_mod:BrynhildrsRune","Pot Of Greed","alterego_mod:BreastValley+1","Pot Of Greed","alterego_mod:Punishment","alterego_mod:Stockings","alterego_mod:PresenceConcealment","alterego_mod:SakuraFive","CurseOfTheBell","alterego_mod:DeftHands+1","alterego_mod:SakuraLabyrinth"],"relics":["alterego_mod:MasochisticConstitution","Grinning Jar","hubris:AstralHammer","hubris:MysteriousPyramids","FaceOfCleric","hubris:Zylophone","Membership Card","Gremlin Food","Calling Bell","hubris:DeckOfHolding","Turnip","infinitespire:PuzzleCube"],"acts_visited":["Exordium","TheCity"],"potions_floor_usage":[16],"damage_taken":[{"damage":1,"enemies":"Small Slimes","floor":1,"turns":5},{"damage":5,"enemies":"Cultist","floor":3,"turns":5},{"damage":8,"enemies":"conspire:RoseBush","floor":4,"turns":7},{"damage":28,"enemies":"3 Sentries","floor":7,"turns":8},{"damage":8,"enemies":"conspire:2 RoseBushes","floor":8,"turns":5},{"damage":13,"enemies":"Gremlin Gang","floor":10,"turns":7},{"damage":9,"enemies":"2 Fungi Beasts","floor":11,"turns":4},{"damage":19,"enemies":"Lagavulin","floor":13,"turns":5},{"damage":8,"enemies":"Slime Boss","floor":16,"turns":4},{"damage":51,"enemies":"conspire:FuzzyDice","floor":18,"turns":5},{"damage":12,"enemies":"Spheric Guardian","floor":19,"turns":6},{"damage":26,"enemies":"Masked Bandits","floor":22,"turns":2}],"seed_played":"8824679773663392894","potions_obtained":[{"floor":4,"key":"Weak Potion"},{"floor":8,"key":"Elixir"},{"floor":11,"key":"Elixir"},{"floor":13,"key":"Adrenaline Potion"},{"floor":18,"key":"Elixir"}],"is_trial":false,"path_per_floor":["M","?","M","M","?","R","E","M","T","M","M","?","E","$","R","B",null,"M","M","?","?","?"],"character_chosen":"The_Alterego","items_purchased":["Membership Card","Gremlin Food"],"campfire_rested":1,"item_purchase_floors":[14,14],"current_hp_per_floor":[71,71,67,67,67,67,47,47,47,35,41,41,24,24,47,41,81,32,22,22,22,0,0],"gold":232,"neow_bonus":"RANDOM_COMMON_RELIC","is_daily":false,"chose_seed":false,"campfire_upgraded":1,"win_rate":0.0,"timestamp":1610309416,"path_taken":["M","?","?","M","?","R","E","M","T","M","M","?","E","$","R","BOSS","M","?","?","?","?"],"items_purchased_type":["Relic","Relic"],"build_version":"2020-12-18","purchased_purges":1,"victory":false,"max_hp_per_floor":[71,71,72,73,73,73,74,75,75,76,77,77,79,79,79,81,81,83,85,85,85,85,85],"card_choices":[{"not_picked":["alterego_mod:Complex","alterego_mod:PresenceConcealment"],"picked":"alterego_mod:BreastValley","floor":1},{"not_picked":["alterego_mod:Smother","alterego_mod:Cooking"],"picked":"alterego_mod:Punishment","floor":3},{"not_picked":["alterego_mod:Cycle","alterego_mod:SakuraPetals","alterego_mod:HighServant"],"picked":"SKIP","floor":4},{"not_picked":["alterego_mod:SakuraLabyrinth","alterego_mod:Pet"],"picked":"alterego_mod:Stockings","floor":7},{"not_picked":["alterego_mod:Complex","alterego_mod:BoobPocket"],"picked":"alterego_mod:PresenceConcealment","floor":8},{"not_picked":["alterego_mod:Schoolgirl","alterego_mod:DustData"],"picked":"alterego_mod:SakuraFive","floor":10},{"not_picked":["alterego_mod:HighServant","alterego_mod:PurpleHair","alterego_mod:DiscoLights"],"picked":"SKIP","floor":11},{"not_picked":["alterego_mod:BoobPocket","alterego_mod:Skirt","alterego_mod:RidiculouslyBig"],"picked":"SKIP","floor":13},{"not_picked":["alterego_mod:Bounce","alterego_mod:HighServant"],"picked":"alterego_mod:DeftHands+1","floor":18},{"not_picked":["alterego_mod:Mirror","alterego_mod:Undulate"],"picked":"alterego_mod:SakuraLabyrinth","floor":19}],"player_experience":590585,"relics_obtained":[{"floor":7,"key":"hubris:AstralHammer"},{"floor":9,"key":"hubris:MysteriousPyramids"},{"floor":13,"key":"hubris:Zylophone"},{"floor":17,"key":"hubris:DeckOfHolding"},{"floor":17,"key":"Turnip"},{"floor":17,"key":"infinitespire:PuzzleCube"}],"event_choices":[{"cards_removed":["alterego_mod:Defend"],"damage_healed":0,"gold_gain":0,"player_choice":"Purged","damage_taken":0,"max_hp_gain":0,"max_hp_loss":0,"event_name":"Purifier","floor":2,"gold_loss":0},{"damage_healed":0,"gold_gain":0,"player_choice":"Trade","damage_taken":0,"relics_obtained":["FaceOfCleric"],"max_hp_gain":0,"max_hp_loss":0,"event_name":"FaceTrader","floor":12,"gold_loss":0},{"damage_healed":0,"gold_gain":0,"player_choice":"Ignored","damage_taken":0,"max_hp_gain":0,"max_hp_loss":0,"event_name":"Vampires","floor":20,"gold_loss":0},{"damage_healed":0,"gold_gain":99,"player_choice":"Steal","damage_taken":0,"max_hp_gain":0,"max_hp_loss":0,"event_name":"betterThird:BetterNest","floor":21,"gold_loss":0},{"damage_healed":0,"gold_gain":0,"player_choice":"Fought Bandits","damage_taken":0,"max_hp_gain":0,"max_hp_loss":0,"event_name":"Masked Bandits","floor":22,"gold_loss":0}],"is_beta":true,"boss_relics":[{"not_picked":["SacredBark","Kintsugi"],"picked":"Calling Bell"}],"items_purged_floors":[14],"is_endless":false,"potions_floor_spawned":[4,8,11,13,18],"killed_by":"Masked Bandits","ascension_level":1}}