{"host":"m5bsg12zcyqnofur","time":1610320754,"event":{"mods":["BaseMod","BetterRewards","Colored Powertips","Downfall","Highlight Path","Minty Spire (QoL Compilation)","Quick Restart","Replay The Spire","Shop Mod","StSLib"],"gold_per_floor":[116,133,148,25,43,43,72,91,114,142,152,152,179,194,194,290,290,306,322,333,333,188,215,229,229,229],"floor_reached":25,"playtime":1719,"items_purged":["Strike_G","Defend_G"],"score":284,"play_id":"b9adbc76-6bc1-406f-b01e-86c133502a22","local_time":"20210110171914","is_ascension_mode":true,"campfire_choices":[{"data":"Poisoned Stab","floor":6,"key":"SMITH"},{"floor":12,"key":"REST"},{"data":"Noxious Fumes","floor":15,"key":"SMITH"}],"circlet_count":0,"master_deck":["Strike_G","Strike_G","Strike_G+1","Strike_G","Defend_G","Defend_G","Defend_G","Defend_G","Survivor","Neutralize","Poisoned Stab+1","Deadly Poison","Poisoned Stab+1","Toxin Wave","Poisoned Stab","Blade Dance","Toxin Wave","Noxious Fumes+1","Bane","Blade Dance","Fluid Movement+1"],"relics":["Ring of the Snake","Matryoshka","Lantern","Anchor","Whetstone","InkBottle","Busted Crown","Replay:Rubber Ducky"],"acts_visited":["Exordium","TheCity"],"potions_floor_usage":[7,7,16,25,25],"damage_taken":[{"damage":0,"enemies":"Small Slimes","floor":1,"turns":4},{"damage":4,"enemies":"2 Louse","floor":2,"turns":4},{"damage":0,"enemies":"Cultist","floor":3,"turns":3},{"damage":8,"enemies":"Exordium Wildlife","floor":5,"turns":5},{"damage":16,"enemies":"Lagavulin","floor":7,"turns":5},{"damage":3,"enemies":"Looter","floor":8,"turns":3},{"damage":12,"enemies":"Gremlin Nob","floor":10,"turns":3},{"damage":0,"enemies":"Red Slaver","floor":11,"turns":2},{"damage":2,"enemies":"3 Sentries","floor":13,"turns":7},{"damage":0,"enemies":"2 Fungi Beasts","floor":14,"turns":2},{"damage":37,"enemies":"Fading Forest","floor":16,"turns":11},{"damage":13,"enemies":"Spheric Guardian","floor":18,"turns":4},{"damage":1,"enemies":"3 Byrds","floor":19,"turns":3},{"damage":19,"enemies":"Centurion and Healer","floor":20,"turns":5},{"damage":21,"enemies":"Book of Stabbing","floor":23,"turns":4},{"damage":21,"enemies":"Snake Plant","floor":24,"turns":3},{"damage":24,"enemies":"Slavers","floor":25,"turns":2}],"seed_played":"-3653759184535488781","potions_obtained":[{"floor":1,"key":"Languid Potion"},{"floor":3,"key":"Dexterity Potion"},{"floor":5,"key":"FearPotion"},{"floor":8,"key":"FearPotion"},{"floor":16,"key":"Doom Potion"},{"floor":19,"key":"FairyPotion"},{"floor":24,"key":"SteroidPotion"}],"is_trial":false,"path_per_floor":["M","M","M","$","M","R","E","M","T","E","M","R","E","M","R","B",null,"M","M","M","?","$","E","M","E"],"character_chosen":"THE_SILENT","items_purchased":["Matryoshka","Deadly Poison","Blade Dance"],"campfire_rested":1,"item_purchase_floors":[0,4,22],"current_hp_per_floor":[63,59,59,59,51,51,35,32,32,20,20,41,39,39,39,10,70,57,56,37,37,37,16,21,0,0],"gold":229,"neow_bonus":"","is_daily":false,"chose_seed":false,"campfire_upgraded":2,"win_rate":0.0,"timestamp":1610320754,"path_taken":["M","M","M","$","M","R","E","M","T","E","M","R","E","M","R","BOSS","M","M","M","?","$","E","M","E"],"items_purchased_type":["Relic","Card","Card"],"build_version":"2020-12-22","purchased_purges":2,"victory":false,"max_hp_per_floor":[70,70,70,70,70,70,70,70,70,70,70,70,70,70,70,70,70,70,70,70,70,70,70,70,70,70],"card_choices":[{"not_picked":["Hidden Blade","Expertise"],"picked":"Poisoned Stab","floor":1},{"not_picked":["Escape Plan","Riddle With Holes","Prepared"],"picked":"SKIP","floor":2},{"not_picked":["PiercingWail","Well Laid Plans","Outmaneuver"],"picked":"SKIP","floor":3},{"not_picked":["Bouncing Flask","Footwork"],"picked":"Poisoned Stab","floor":5},{"not_picked":["Bullet Time","Slice"],"picked":"Toxin Wave","floor":7},{"not_picked":["Deflect","Prepared"],"picked":"Poisoned Stab","floor":8},{"not_picked":["Riddle With Holes","ReplayTheSpireMod:Scrap Shanks"],"picked":"Blade Dance","floor":10},{"not_picked":["Hidden Blade","Backflip","Underhanded Strike"],"picked":"SKIP","floor":11},{"not_picked":["Choke","ReplayTheSpireMod:Exploit Weakness"],"picked":"Toxin Wave","floor":13},{"not_picked":["ReplayTheSpireMod:Shiv Toss","Hidden Blade"],"picked":"Noxious Fumes","floor":14},{"not_picked":["Quick Slash"],"picked":"SKIP","floor":18},{"not_picked":["Hidden Blade+1"],"picked":"SKIP","floor":19},{"not_picked":[],"picked":"Bane","floor":20},{"not_picked":["Dodge and Roll"],"picked":"SKIP","floor":23},{"not_picked":[],"picked":"Fluid Movement+1","floor":24}],"player_experience":157026,"relics_obtained":[{"floor":7,"key":"Lantern"},{"floor":9,"key":"Anchor"},{"floor":10,"key":"Whetstone"},{"floor":13,"key":"InkBottle"},{"floor":23,"key":"Replay:Rubber Ducky"}],"event_choices":[],"is_beta":false,"boss_relics":[{"not_picked":["Honey Jar","Sozu"],"picked":"Busted Crown"}],"items_purged_floors":[4,22],"is_endless":false,"potions_floor_spawned":[1,3,5,8,16,19,20,24],"killed_by":"Slavers","ascension_level":3}}