{"host":"9inlmzyzdhcrisrs","time":1610241358,"event":{"mods":["AchievementEnabler","BaseMod","BetterRewards","Challenge The Spire","Colored Map","Colored Powertips","Conspire","Dota2Spire","Downfall","GungeonMod","Highlight Path","Infinite Spire","Mimic Mod","Minty Spire (QoL Compilation)","MostiFishMod","Permanent Neow","Quick Restart","Remove Card Discount Mod","Replay The Spire","Shop Mod","Spicy Shops","StSLib","SuperFastMode","The Jungle","Transform Curses","Unceasing Turn Reminder","vexMod"],"gold_per_floor":[99,115,131,131,131,151,202,1,16,16,30,65,65,75,87,87,87],"floor_reached":16,"playtime":508,"items_purged":[],"score":154,"play_id":"762819c8-a740-470a-81c8-4cce59bbd48e","local_time":"20210110091558","is_ascension_mode":false,"campfire_choices":[{"floor":1,"key":"RECALL"},{"data":"hexamod:BurningTouch","floor":13,"key":"SMITH"}],"circlet_count":0,"master_deck":["conspire:GhostlyStrike","conspire:GhostlyStrike","conspire:GhostlyStrike","conspire:GhostlyStrike","conspire:GhostlyDefend","conspire:GhostlyDefend","conspire:GhostlyDefend","conspire:GhostlyDefend","hexamod:Sear","hexamod:Float","hexamod:TimeOfNeed","hexamod:NightmareStrike","hexamod:SpectersWail+1","hexamod:FastForward","hexamod:BurningTouch+1","hexamod:HeatMetal","hexamod:SpectersWail","hexamod:BurningTouch","hexamod:SoulSteal","hexamod:HauntingEcho","hexamod:SwordOfDarkness"],"relics":["hexamod:SpiritBrand","DaveBox","vexMod:TimeEaterHat","StoneCalendar"],"acts_visited":["Exordium"],"potions_floor_usage":[16,16,16],"damage_taken":[{"damage":1,"enemies":"2 Louse","floor":2,"turns":3},{"damage":0,"enemies":"Small Slimes","floor":3,"turns":4},{"damage":5,"enemies":"Jaw Worm","floor":6,"turns":3},{"damage":0,"enemies":"downfall:FleeingMerchant","floor":8,"turns":4},{"damage":9,"enemies":"Exordium Thugs","floor":9,"turns":4},{"damage":0,"enemies":"3 Louse","floor":11,"turns":1},{"damage":29,"enemies":"Gremlin Nob","floor":12,"turns":4},{"damage":6,"enemies":"Red Slaver","floor":14,"turns":3},{"damage":2,"enemies":"2 Fungi Beasts","floor":15,"turns":3},{"damage":23,"enemies":"downfall:Watcher","floor":16,"turns":5}],"seed_played":"-3266911734487570752","potions_obtained":[{"floor":3,"key":"AttackPotion"},{"floor":11,"key":"Fruit Juice"},{"floor":15,"key":"hexamod:EctoCoolerPotion"}],"is_trial":false,"path_per_floor":["R","M","M","?","?","M","T","$","M","?","M","E","R","M","M","B"],"character_chosen":"THE_SPIRIT","items_purchased":["vexMod:TimeEaterHat","hexamod:HeatMetal"],"campfire_rested":0,"item_purchase_floors":[8,8],"current_hp_per_floor":[70,69,69,69,69,64,64,64,55,55,55,26,26,20,18,0,0],"gold":87,"neow_bonus":"ONE_RANDOM_RARE_CARD","is_daily":false,"chose_seed":false,"campfire_upgraded":1,"win_rate":0.0,"timestamp":1610241358,"path_taken":["R","M","M","?","?","M","T","?","?","?","M","E","R","M","M","BOSS"],"items_purchased_type":["Relic","Card"],"build_version":"2020-12-22","purchased_purges":0,"victory":false,"max_hp_per_floor":[70,70,70,70,70,70,70,70,70,70,70,70,70,70,70,75,75],"card_choices":[{"not_picked":["hexamod:InspiringFlames","hexamod:HeatShield"],"picked":"hexamod:NightmareStrike","floor":2},{"not_picked":["hexamod:ShieldOfDarkness","hexamod:DynamicBlow"],"picked":"hexamod:SpectersWail","floor":3},{"not_picked":["hexamod:SwordOfDarkness","hexamod:ShieldOfDarkness"],"picked":"hexamod:FastForward","floor":6},{"not_picked":["hexamod:SecondSeal","hexamod:NecessarySacrifice"],"picked":"hexamod:BurningTouch","floor":8},{"not_picked":["hexamod:SpectralAdrenaline","hexamod:HauntingEcho"],"picked":"hexamod:SpectersWail","floor":9},{"not_picked":["hexamod:FirstSeal","hexamod:HeatCrush"],"picked":"hexamod:BurningTouch","floor":11},{"not_picked":["hexamod:SearingWound","hexamod:ShieldOfDarkness"],"picked":"hexamod:SoulSteal","floor":12},{"not_picked":["hexamod:GhostShield","hexamod:Hexaguard"],"picked":"hexamod:HauntingEcho","floor":14},{"not_picked":["hexamod:GhostLash","hexamod:BurningTouch"],"picked":"hexamod:SwordOfDarkness","floor":15}],"player_experience":21000,"relics_obtained":[{"floor":12,"key":"StoneCalendar"}],"event_choices":[{"damage_healed":0,"gold_gain":0,"player_choice":"Agree","damage_taken":0,"max_hp_gain":0,"max_hp_loss":0,"event_name":"conspire:LoneGhost","floor":4,"gold_loss":0},{"damage_healed":0,"gold_gain":0,"player_choice":"Upgraded","damage_taken":0,"max_hp_gain":0,"max_hp_loss":0,"event_name":"Upgrade Shrine","floor":10,"gold_loss":0,"cards_upgraded":["hexamod:SpectersWail"]}],"is_beta":false,"boss_relics":[],"items_purged_floors":[],"is_endless":false,"potions_floor_spawned":[3,11,15],"killed_by":"downfall:Watcher","ascension_level":0}}