{"host":"08t08ld674si40tv","time":1610242805,"event":{"mods":["AchievementEnabler","BaseMod","Colored Map","Minty Spire (QoL Compilation)","StSLib","SuperFastMode"],"gold_per_floor":[112,187,187,205,6,6,21,21,21,21,45,617,670,713,713,811,811,811,409,324,294,294,294,169,169,169,169,169,169,169,169,169,169,169,169,169,169,19,19,19,19,19,19,19,19,19,19,19,19,19,19,19,593,629,629],"floor_reached":56,"playtime":1326,"items_purged":["Strike_B","Strike_B","Strike_B","Defend_B","Doom and Gloom+1"],"score":2212,"play_id":"6ae63f0b-86a0-4ee2-a3ca-85733e3c0686","local_time":"20210110104005","is_ascension_mode":true,"campfire_choices":[{"data":"Doom and Gloom","floor":6,"key":"SMITH"},{"data":"Redo","floor":8,"key":"SMITH"},{"data":"Zap","floor":15,"key":"SMITH"},{"data":"Multi-Cast","floor":30,"key":"SMITH"},{"data":"Coolheaded","floor":32,"key":"SMITH"},{"data":"Seek","floor":44,"key":"SMITH"},{"floor":49,"key":"RECALL"},{"data":"Recycle","floor":52,"key":"SMITH"}],"circlet_count":0,"master_deck":["AscendersBane","Defend_B","Dualcast+1","Redo+1","Undo","Multi-Cast+1","Coolheaded+1","Seek+1","Recycle+1","Seek","Darkness+1","Glacier","Hologram+1"],"relics":["Cracked Core","Burning Blood","DataDisk","PreservedInsect","Symbiotic Virus","Golden Idol","Emotion Chip","ClockworkSouvenir","Oddly Smooth Stone","Bag of Preparation","Runic Capacitor","Pen Nib","Old Coin","Blood Vial","Cables","MealTicket","Empty Cage","Torii","TungstenRod","Bag of Marbles","Eternal Feather","DataDisk","Chemical X","White Beast Statue","Ectoplasm"],"acts_visited":["Exordium","TheCity","TheBeyond","TheEnding"],"potions_floor_usage":[45,47,50,55,55],"damage_taken":[{"damage":0,"enemies":"Small Slimes","floor":1,"turns":3},{"damage":12,"enemies":"Jaw Worm","floor":4,"turns":3},{"damage":6,"enemies":"Cultist","floor":7,"turns":3},{"damage":11,"enemies":"Looter","floor":11,"turns":2},{"damage":5,"enemies":"3 Sentries","floor":14,"turns":4},{"damage":6,"enemies":"Slime Boss","floor":16,"turns":6},{"damage":0,"enemies":"Spheric Guardian","floor":18,"turns":3},{"damage":8,"enemies":"2 Thieves","floor":21,"turns":2},{"damage":0,"enemies":"Snecko","floor":22,"turns":3},{"damage":4,"enemies":"Gremlin Leader","floor":23,"turns":3},{"damage":12,"enemies":"Slavers","floor":25,"turns":4},{"damage":10,"enemies":"Snake Plant","floor":28,"turns":2},{"damage":0,"enemies":"Cultist and Chosen","floor":29,"turns":4},{"damage":0,"enemies":"Book of Stabbing","floor":31,"turns":2},{"damage":10,"enemies":"Collector","floor":33,"turns":6},{"damage":0,"enemies":"Orb Walker","floor":35,"turns":2},{"damage":0,"enemies":"3 Darklings","floor":39,"turns":2},{"damage":0,"enemies":"Sphere and 2 Shapes","floor":40,"turns":2},{"damage":19,"enemies":"Mind Bloom Boss Battle","floor":41,"turns":3},{"damage":17,"enemies":"Nemesis","floor":42,"turns":3},{"damage":8,"enemies":"Reptomancer","floor":45,"turns":3},{"damage":31,"enemies":"Nemesis","floor":47,"turns":5},{"damage":3,"enemies":"4 Shapes","floor":48,"turns":2},{"damage":20,"enemies":"Time Eater","floor":50,"turns":5},{"damage":5,"enemies":"Shield and Spear","floor":54,"turns":2},{"damage":0,"enemies":"The Heart","floor":55,"turns":6}],"seed_played":"-3154678778280355217","potions_obtained":[{"floor":1,"key":"SteroidPotion"},{"floor":11,"key":"Regen Potion"},{"floor":23,"key":"Block Potion"},{"floor":45,"key":"Regen Potion"}],"is_trial":false,"path_per_floor":["M","?","?","M","$","R","M","R","T","?","M","$","?","E","R","B",null,"M","$","?","M","M","E","$","E","T","?","M","M","R","E","R","B",null,"M","$","?","$","M","M","?","E","T","R","E","?","E","M","R","B",null,"R","$","E","B",null],"character_chosen":"DEFECT","items_purchased":["PreservedInsect","Redo","Emotion Chip","ClockworkSouvenir","Bag of Preparation","Runic Capacitor","Chemical X","PowerPotion","SkillPotion"],"campfire_rested":0,"item_purchase_floors":[5,5,12,12,19,19,53,53,53],"current_hp_per_floor":[52,41,41,35,35,35,35,35,35,35,30,30,30,31,31,31,57,63,63,63,61,66,66,66,60,60,54,52,60,60,66,66,62,65,66,66,66,66,66,66,53,44,44,44,44,44,35,40,46,48,62,66,66,66,66],"gold":629,"neow_bonus":"REMOVE_TWO","is_daily":false,"chose_seed":false,"campfire_upgraded":7,"win_rate":0.0,"timestamp":1610242805,"path_taken":["M","?","?","?","$","R","M","R","T","?","M","$","?","E","R","BOSS","M","$","?","M","M","E","$","E","T","?","?","M","R","E","R","BOSS","M","$","?","$","?","M","?","E","T","R","E","?","E","M","R","BOSS","R","$","E","BOSS"],"items_purchased_type":["Relic","Card","Relic","Relic","Relic","Relic","Relic","Potion","Potion"],"build_version":"2020-12-22","purchased_purges":5,"victory":true,"max_hp_per_floor":[71,71,71,71,71,71,71,71,71,66,66,66,66,66,66,66,66,66,66,66,66,66,66,66,66,66,66,66,66,66,66,66,66,66,66,66,66,66,66,66,66,66,66,66,66,66,66,66,66,66,66,66,66,66,66],"card_choices":[{"not_picked":["Compile Driver","Streamline"],"picked":"Doom and Gloom","floor":1},{"not_picked":["Fusion","Beam Cell","Turbo"],"picked":"SKIP","floor":4},{"not_picked":["Beam Cell","Ball Lightning","Redo"],"picked":"SKIP","floor":7},{"not_picked":["Rebound","Double Energy","Steam"],"picked":"SKIP","floor":11},{"not_picked":["Consume","BootSequence"],"picked":"Undo","floor":14},{"not_picked":["All For One","Core Surge"],"picked":"Multi-Cast","floor":16},{"not_picked":["Barrage","Melter+1","Chill"],"picked":"SKIP","floor":18},{"not_picked":["Barrage+1","Skim","Beam Cell"],"picked":"SKIP","floor":21},{"not_picked":["Barrage","Steam","Beam Cell+1"],"picked":"SKIP","floor":22},{"not_picked":["BootSequence","Chaos"],"picked":"Coolheaded","floor":23},{"not_picked":["Undo","Amplify","Sweeping Beam"],"picked":"SKIP","floor":25},{"not_picked":["Beam Cell","Fusion","Blizzard+1"],"picked":"SKIP","floor":28},{"not_picked":["Go for the Eyes","Coolheaded","Auto Shields"],"picked":"SKIP","floor":29},{"not_picked":["Chaos","Go for the Eyes","Beam Cell"],"picked":"SKIP","floor":31},{"not_picked":["Core Surge","Biased Cognition"],"picked":"Seek","floor":33},{"not_picked":["Glacier+1","Go for the Eyes"],"picked":"Recycle","floor":35},{"not_picked":["Streamline+1","Doom and Gloom","Force Field"],"picked":"SKIP","floor":39},{"not_picked":["Streamline+1","Doom and Gloom","Force Field"],"picked":"SKIP","floor":39},{"not_picked":["Rebound","Compile Driver","Stack"],"picked":"SKIP","floor":40},{"not_picked":["Streamline","Stack"],"picked":"Glacier","floor":42},{"not_picked":["Stack","Biased Cognition"],"picked":"Hologram","floor":45},{"not_picked":["Rebound","Scrape","Ball Lightning"],"picked":"SKIP","floor":47},{"not_picked":["Consume","Barrage+1","Turbo+1"],"picked":"SKIP","floor":48},{"not_picked":["Redo+1","Coolheaded","All For One"],"picked":"SKIP","floor":54}],"player_experience":213663,"relics_obtained":[{"floor":9,"key":"Symbiotic Virus"},{"floor":14,"key":"Oddly Smooth Stone"},{"floor":23,"key":"Old Coin"},{"floor":25,"key":"Blood Vial"},{"floor":26,"key":"Cables"},{"floor":31,"key":"MealTicket"},{"floor":41,"key":"Torii"},{"floor":42,"key":"Bag of Marbles"},{"floor":45,"key":"Eternal Feather"},{"floor":47,"key":"DataDisk"},{"floor":54,"key":"White Beast Statue"}],"event_choices":[{"damage_healed":0,"gold_gain":75,"player_choice":"Gather Gold","damage_taken":11,"max_hp_gain":0,"max_hp_loss":0,"event_name":"World of Goop","floor":2,"gold_loss":0},{"damage_healed":0,"gold_gain":0,"player_choice":"Upgraded","damage_taken":0,"max_hp_gain":0,"max_hp_loss":0,"event_name":"Upgrade Shrine","floor":3,"gold_loss":0,"cards_upgraded":["Dualcast"]},{"damage_healed":0,"gold_gain":0,"player_choice":"Lose Max HP","damage_taken":0,"relics_obtained":["Golden Idol"],"max_hp_gain":0,"max_hp_loss":5,"event_name":"Golden Idol","floor":10,"gold_loss":0},{"damage_healed":0,"gold_gain":53,"player_choice":"Gained Gold","damage_taken":0,"max_hp_gain":0,"max_hp_loss":0,"event_name":"Golden Wing","floor":13,"gold_loss":0},{"damage_healed":0,"gold_gain":0,"player_choice":"Obtained Relic","damage_taken":0,"relics_obtained":["Pen Nib"],"max_hp_gain":0,"max_hp_loss":0,"event_name":"Addict","floor":20,"gold_loss":85},{"damage_healed":0,"gold_gain":0,"player_choice":"","damage_taken":6,"max_hp_gain":0,"max_hp_loss":0,"event_name":"Knowing Skull","floor":27,"potions_obtained":[],"gold_loss":0,"cards_obtained":[]},{"damage_healed":0,"gold_gain":0,"player_choice":"Copied","damage_taken":0,"max_hp_gain":0,"max_hp_loss":0,"event_name":"Duplicator","floor":37,"gold_loss":0,"cards_obtained":["Seek"]},{"damage_healed":0,"gold_gain":0,"player_choice":"Fight","damage_taken":0,"max_hp_gain":0,"max_hp_loss":0,"event_name":"MindBloom","floor":41,"gold_loss":0},{"damage_healed":0,"gold_gain":0,"player_choice":"Ignored","damage_taken":0,"max_hp_gain":0,"max_hp_loss":0,"event_name":"The Moai Head","floor":46,"gold_loss":0}],"is_beta":false,"boss_relics":[{"not_picked":["FrozenCore","Sozu"],"picked":"Ectoplasm"},{"not_picked":["SlaversCollar","Velvet Choker"],"picked":"Empty Cage"}],"items_purged_floors":[12,19,24,38,53],"is_endless":false,"potions_floor_spawned":[1,11,18,23,25,28,35,40,41,45,54],"ascension_level":14}}