{"host":"5o2n8gt0sn3szjgb","time":1610285164,"event":{"mods":["BaseMod","BetterRewards","Library of Ruina","Library of Ruina Extra","Lobotomy","LobotomyExtend","Minty Spire (QoL Compilation)","StSLib"],"gold_per_floor":[110,110,110,110,133,133,58,96,145,145,178,201,239,264,264,357,357,373,124,149,162,162,206,227,262,262,19,59,84,109,127,127,220,220,239,263,138,157,171,171,171,171,220,261,279,320,340,380,380,380,380],"floor_reached":52,"playtime":5063,"items_purged":["LightDefense","Funeral","Mercenary"],"score":1948,"play_id":"7ded0150-cbdf-4a22-a82d-92580f119455","local_time":"20210110212604","is_ascension_mode":true,"campfire_choices":[{"data":"Duel_lor","floor":6.0,"key":"SMITH"},{"floor":10.0,"key":"RECALL"},{"data":"Laceration","floor":15.0,"key":"SMITH"},{"data":"CleanUp","floor":32.0,"key":"SMITH"},{"data":"LeRegole","floor":40.0,"key":"SMITH"},{"data":"QuickSuppression","floor":49.0,"key":"SMITH"}],"circlet_count":0,"master_deck":["LongBird","BigBird","Woodsman","ApocalypseBird","PunishingBird","DespairKnight","Dodge","Duel_lor+1","FieryBird","SnakesPrey","Laceration+1","CleanUp+1","CumulusWall","Punishment","LeRegole+1","SunsetBlade","BindingChains","Clone","IdentifyWeakpoint","SomberProcuration","QuickSuppression+1","DarkCloud","RulesOfTheBackstreets","Parry2+1"],"relics":["PageOfLibrarian","CogitoBucket","RabbitCall","LetterFromLob","Juzu Bracelet","Golden Idol","Akabeko","PageOfTheSilentOrchestra","SolemnVow_r","Mummified Hand","SkinProphecy","Busted Crown","OrangePellets","Orichalcum","PageOfGreed","ChangeAnything","WantedRequest","CrimsonScar_r","PageOfTheQueenOfHatred","PageOfTheKnightOfDespair","Lee\u0027s Waffle","PageOfWrath","PageOfNihil","SwordSharpenedByTears_r","Theresia","Pandora\u0027s Box","Twilight","Ancient Tea Set","Logging_r","Lamp_r","Justitia_r","PageOfPorccubus","Regal Pillow","Bottled Lightning"],"acts_visited":["Exordium","TheCity","TheBeyond"],"potions_floor_usage":[52],"damage_taken":[{"damage":0.0,"enemies":"Small Slimes","floor":1.0,"turns":5.0},{"damage":0.0,"enemies":"2 Louse","floor":5.0,"turns":3.0},{"damage":0.0,"enemies":"Lagavulin","floor":8.0,"turns":6.0},{"damage":0.0,"enemies":"Gremlin Nob","floor":11.0,"turns":4.0},{"damage":7.0,"enemies":"Jaw Worm","floor":12.0,"turns":2.0},{"damage":10.0,"enemies":"Lagavulin","floor":13.0,"turns":3.0},{"damage":9.0,"enemies":"2 Fungi Beasts","floor":14.0,"turns":3.0},{"damage":0.0,"enemies":"Slime Boss","floor":16.0,"turns":3.0},{"damage":4.0,"enemies":"2 Thieves","floor":18.0,"turns":2.0},{"damage":0.0,"enemies":"3 Byrds","floor":20.0,"turns":3.0},{"damage":4.0,"enemies":"3 Cultists","floor":21.0,"turns":5.0},{"damage":5.0,"enemies":"Gremlin Leader","floor":23.0,"turns":2.0},{"damage":8.0,"enemies":"Chosen and Byrds","floor":24.0,"turns":17.0},{"damage":22.0,"enemies":"Slavers","floor":25.0,"turns":13.0},{"damage":2.0,"enemies":"Gremlin Leader","floor":28.0,"turns":3.0},{"damage":9.0,"enemies":"Centurion and Healer","floor":29.0,"turns":9.0},{"damage":0.0,"enemies":"Snecko","floor":30.0,"turns":3.0},{"damage":42.0,"enemies":"Chosen and Byrds","floor":31.0,"turns":14.0},{"damage":29.0,"enemies":"RedHoodMercenary","floor":33.0,"turns":6.0},{"damage":0.0,"enemies":"3 Darklings","floor":35.0,"turns":3.0},{"damage":9.0,"enemies":"Orb Walker","floor":36.0,"turns":1.0},{"damage":0.0,"enemies":"3 Darklings","floor":38.0,"turns":2.0},{"damage":4.0,"enemies":"Jaw Worm Horde","floor":39.0,"turns":3.0},{"damage":0.0,"enemies":"Maw","floor":41.0,"turns":7.0},{"damage":17.0,"enemies":"Giant Head","floor":44.0,"turns":6.0},{"damage":3.0,"enemies":"Maw","floor":45.0,"turns":3.0},{"damage":0.0,"enemies":"Reptomancer","floor":46.0,"turns":2.0},{"damage":2.0,"enemies":"Spire Growth","floor":47.0,"turns":2.0},{"damage":0.0,"enemies":"Giant Head","floor":48.0,"turns":3.0},{"damage":71.0,"enemies":"FixerMidnight","floor":50.0,"turns":4.0},{"damage":7.0,"enemies":"Malkuth","floor":51.0,"turns":3.0},{"damage":43.0,"enemies":"Hod","floor":51.0,"turns":5.0},{"damage":103.0,"enemies":"Geburah","floor":51.0,"turns":6.0},{"damage":52.0,"enemies":"Binah","floor":51.0,"turns":7.0}],"seed_played":"6084334733747896240","potions_obtained":[{"floor":8.0,"key":"SmokeBomb"},{"floor":11.0,"key":"GamblersBrew"},{"floor":14.0,"key":"LiquidMemories"},{"floor":16.0,"key":"Fire Potion"},{"floor":18.0,"key":"Regen Potion"},{"floor":21.0,"key":"FearPotion"},{"floor":23.0,"key":"Strength Potion"},{"floor":24.0,"key":"Block Potion"},{"floor":29.0,"key":"Fire Potion"},{"floor":31.0,"key":"PowerPotion"},{"floor":38.0,"key":"DuplicationPotion"},{"floor":41.0,"key":"Weak Potion"},{"floor":47.0,"key":"GamblersBrew"}],"is_trial":false,"path_per_floor":["M","?","?","?","M","R","$","E","T","R","E","M","E","M","R","B",null,"M","$","M","M","?","E","M","E","T","$","E","M","M","M","R","B",null,"M","M","$","M","M","R","M","?","T","E","M","E","M","E","R","B",null,null,null],"character_chosen":"Librarian","items_purchased":["OrangePellets","Lee\u0027s Waffle","SneckoOil"],"campfire_rested":0,"item_purchase_floors":[19,27,27],"current_hp_per_floor":[54,54,36,36,36,36,36,36,36,36,36,29,21,13,13,10,57,50,50,46,50,50,41,47,37,37,100,98,103,103,84,84,65,102,116,115,115,120,122,122,124,118,118,120,122,124,126,128,128,69,80],"gold":380,"neow_bonus":"","is_daily":false,"chose_seed":false,"campfire_upgraded":5,"win_rate":0.0,"timestamp":1610285164,"path_taken":["M","?","?","?","M","R","$","E","T","R","E","M","E","M","R","BOSS","M","$","M","M","?","E","M","E","T","$","E","M","M","M","R","BOSS","M","M","$","M","M","R","M","?","T","E","M","E","M","E","R","BOSS"],"items_purchased_type":["Relic","Relic","Potion"],"build_version":"2020-12-22","purchased_purges":3,"victory":true,"max_hp_per_floor":[77,77,77,70,70,70,70,70,70,70,70,70,70,70,70,72,72,74,74,76,78,78,80,84,93,93,100,102,106,108,112,112,114,114,116,118,118,120,122,122,124,118,118,120,122,124,126,128,128,130,138],"card_choices":[{"not_picked":["Eliminate","SerpentSwordTechnique"],"picked":"Duel_lor","floor":1.0},{"not_picked":["CrumblingArmor","PunishingBird","FairyFestival"],"picked":"Singing Bowl","floor":1.0},{"not_picked":["VoidDream","Murderer","PunishingBird"],"picked":"Singing Bowl","floor":5.0},{"not_picked":["UniverseFragment","OSAHOGD"],"picked":"FieryBird","floor":5.0},{"not_picked":["SerpentSwordTechnique","AbsorbImpact"],"picked":"SnakesPrey","floor":5.0},{"not_picked":["MeatLantern","Scorched","Wellcheers"],"picked":"Singing Bowl","floor":8.0},{"not_picked":["SerpentineBarrier","ConcentratedFire","SilentMist"],"picked":"SKIP","floor":8.0},{"not_picked":["SnakeSlit","Clone"],"picked":"Laceration","floor":11.0},{"not_picked":["Wellcheers","MeatLantern","CrumblingArmor"],"picked":"Singing Bowl","floor":11.0},{"not_picked":["BeautyBeast","Wellcheers"],"picked":"Funeral","floor":11.0},{"not_picked":["NakedNest","Bloodbath","GalaxyChild"],"picked":"Singing Bowl","floor":12.0},{"not_picked":["Laetitia","MHz"],"picked":"PunishingBird","floor":12.0},{"not_picked":["ConcentratedFire","Execute_lor","PinpointShot"],"picked":"SKIP","floor":12.0},{"not_picked":["SpiderBud","FairyFestival"],"picked":"DespairKnight","floor":13.0},{"not_picked":["MirageStorm","AbsorbImpact","DevastatingThrash"],"picked":"SKIP","floor":13.0},{"not_picked":["OldLady","Woodsman","FairyFestival"],"picked":"Singing Bowl","floor":14.0},{"not_picked":["ClassAndRespect","SerpentSwordTechnique","Parry2"],"picked":"SKIP","floor":14.0},{"not_picked":["Decapitation","Disposal"],"picked":"CleanUp","floor":16.0},{"not_picked":["Bloodbath","BeautyBeast","Wellcheers"],"picked":"Singing Bowl","floor":16.0},{"not_picked":["SpiderBud","LittlePrince","BigBadWolf"],"picked":"Singing Bowl","floor":18.0},{"not_picked":["SharpenedBlade"],"picked":"SKIP","floor":18.0},{"not_picked":["LittleHelper","Variant","Alriune"],"picked":"Singing Bowl","floor":20.0},{"not_picked":["ToWhereThePrescriptPoints"],"picked":"SKIP","floor":20.0},{"not_picked":["GreedKing","BeautyBeast","Wellcheers"],"picked":"Singing Bowl","floor":21.0},{"not_picked":["PinpointShot"],"picked":"SKIP","floor":21.0},{"not_picked":[],"picked":"CumulusWall","floor":23.0},{"not_picked":["RedShoes","NakedNest","Bloodbath"],"picked":"Singing Bowl","floor":23.0},{"not_picked":["Alriune","ShyLook","CherryBlossoms"],"picked":"Singing Bowl","floor":24.0},{"not_picked":["ShyLook","OSAHOGD"],"picked":"Mercenary","floor":24.0},{"not_picked":["EnergyShield"],"picked":"SKIP","floor":24.0},{"not_picked":["Funeral","Woodsman","GreedKing"],"picked":"Singing Bowl","floor":25.0},{"not_picked":["Castigation"],"picked":"SKIP","floor":25.0},{"not_picked":[],"picked":"Punishment","floor":28.0},{"not_picked":["NakedNest","Porccubus","SnowQueen"],"picked":"Singing Bowl","floor":28.0},{"not_picked":["Laetitia","Variant","SnowQueen"],"picked":"Singing Bowl","floor":29.0},{"not_picked":["OSAHOGD","WhiteNight"],"picked":"QueenOfHatred","floor":29.0},{"not_picked":["SerpentSwordTechnique"],"picked":"SKIP","floor":29.0},{"not_picked":["Laetitia","FairyFestival","WhiteNight"],"picked":"Singing Bowl","floor":30.0},{"not_picked":["DarkCloud"],"picked":"SKIP","floor":30.0},{"not_picked":["QueenBee","Freischutz","SnowQueen"],"picked":"Singing Bowl","floor":31.0},{"not_picked":["MeatLantern","SingingMachine"],"picked":"Woodsman","floor":31.0},{"not_picked":["GuardingStance"],"picked":"SKIP","floor":31.0},{"not_picked":["Rudolta","QueenBee","HappyTeddy"],"picked":"Singing Bowl","floor":33.0},{"not_picked":["WhiteNight","Rudolta","Murderer"],"picked":"Singing Bowl","floor":35.0},{"not_picked":["AbsorbImpact"],"picked":"SKIP","floor":35.0},{"not_picked":["Bloodbath","GalaxyChild","HeroicMonk"],"picked":"Singing Bowl","floor":36.0},{"not_picked":["SnakesPrey"],"picked":"SKIP","floor":36.0},{"not_picked":["CrumblingArmor","NakedNest","LittleHelper"],"picked":"Singing Bowl","floor":38.0},{"not_picked":["Rudolta","DreamingCurrent"],"picked":"BigBird","floor":38.0},{"not_picked":["SnakesPrey"],"picked":"SKIP","floor":38.0},{"not_picked":["Porccubus","MHz"],"picked":"LongBird","floor":39.0},{"not_picked":["GuardingStance"],"picked":"SKIP","floor":39.0},{"not_picked":["Alriune","GalaxyChild"],"picked":"BlueStar","floor":41.0},{"not_picked":[],"picked":"RulesOfTheBackstreets","floor":41.0},{"not_picked":["ShyLook","Mercenary","QueenBee"],"picked":"Singing Bowl","floor":44.0},{"not_picked":[],"picked":"Parry2+1","floor":44.0},{"not_picked":["BlackArmy","SingingMachine","Murderer"],"picked":"Singing Bowl","floor":45.0},{"not_picked":["SingingMachine","Porccubus"],"picked":"BodiesMountain","floor":45.0},{"not_picked":["StrikeDown"],"picked":"SKIP","floor":45.0},{"not_picked":["DreamingCurrent","WhitesApple","LittleHelper"],"picked":"Singing Bowl","floor":46.0},{"not_picked":["CumulusWall"],"picked":"SKIP","floor":46.0},{"not_picked":["NakedNest","WallGazer","Yin"],"picked":"Singing Bowl","floor":47.0},{"not_picked":["SkyClearingCut"],"picked":"SKIP","floor":47.0},{"not_picked":["LaLuna","Freischutz","QueenBee"],"picked":"Singing Bowl","floor":48.0},{"not_picked":["UnforgettableMelody"],"picked":"SKIP","floor":48.0}],"player_experience":453574,"relics_obtained":[{"floor":1.0,"key":"LetterFromLob"},{"floor":8.0,"key":"Akabeko"},{"floor":11.0,"key":"PageOfTheSilentOrchestra"},{"floor":13.0,"key":"Mummified Hand"},{"floor":23.0,"key":"PageOfGreed"},{"floor":25.0,"key":"PageOfTheQueenOfHatred"},{"floor":26.0,"key":"PageOfTheKnightOfDespair"},{"floor":28.0,"key":"PageOfWrath"},{"floor":29.0,"key":"PageOfNihil"},{"floor":41.0,"key":"Twilight"},{"floor":43.0,"key":"Ancient Tea Set"},{"floor":44.0,"key":"PageOfPorccubus"},{"floor":46.0,"key":"Regal Pillow"},{"floor":48.0,"key":"Bottled Lightning"}],"event_choices":[{"damage_healed":0.0,"max_hp_gain":0.0,"max_hp_loss":0.0,"gold_gain":0.0,"event_name":"Liars Game","player_choice":"Ignored","floor":2.0,"gold_loss":0.0,"damage_taken":0.0},{"damage_healed":0.0,"max_hp_gain":0.0,"max_hp_loss":0.0,"gold_gain":0.0,"event_name":"Scrap Ooze","player_choice":"Success","floor":3.0,"gold_loss":0.0,"damage_taken":18.0,"relics_obtained":["Juzu Bracelet"]},{"damage_healed":0.0,"max_hp_gain":0.0,"max_hp_loss":7.0,"gold_gain":0.0,"event_name":"Golden Idol","player_choice":"Lose Max HP","floor":4.0,"gold_loss":0.0,"damage_taken":0.0,"relics_obtained":["Golden Idol"]},{"damage_healed":0.0,"max_hp_gain":0.0,"max_hp_loss":0.0,"gold_gain":0.0,"event_name":"WeMeetAgain","player_choice":"Gave Potion","floor":22.0,"gold_loss":0.0,"damage_taken":0.0,"relics_obtained":["Orichalcum"]},{"damage_healed":0.0,"max_hp_gain":0.0,"max_hp_loss":6.0,"gold_gain":0.0,"event_name":"Winding Halls","player_choice":"Max HP","floor":42.0,"gold_loss":0.0,"damage_taken":0.0}],"is_beta":false,"boss_relics":[{"not_picked":["Black Star","Sozu"],"picked":"Busted Crown"},{"not_picked":["Fusion Hammer","PageOfBlackSwan"],"picked":"Pandora\u0027s Box"}],"items_purged_floors":[7,19,37],"is_endless":false,"potions_floor_spawned":[8,11,14,16,18,21,23,24,29,31,33,36,38,41,44,47],"ascension_level":15}}