{"host":"m5bsg12zcyqnofur","time":1610314483,"event":{"mods":["BaseMod","BetterRewards","Colored Powertips","Downfall","Highlight Path","Minty Spire (QoL Compilation)","Quick Restart","Replay The Spire","Shop Mod","StSLib"],"gold_per_floor":[116,130,57,69,86,115,132,157,157,191,191,206,206,236,236,333,333,351,78,3,15,15,42,58,88,135,167,185,219,230,246,246,349,349,359,375,375,386,401,428,68,68,68,102,121,139,164,184,184,184,184,184,3,38,38,38],"floor_reached":55,"playtime":2943,"items_purged":["Bash","Feel No Pain+1","Decay"],"score":1229,"play_id":"fe5ca9d6-a099-4b42-8542-38ab7100e6d7","local_time":"20210110153443","is_ascension_mode":true,"campfire_choices":[{"data":"Flex","floor":13.0,"key":"SMITH"},{"data":"Heavy Blade","floor":15.0,"key":"SMITH"},{"floor":32,"key":"RECALL"},{"data":"Flex","floor":42,"key":"SMITH"},{"data":"Sword Boomerang","floor":49,"key":"SMITH"},{"data":"Sword Boomerang","floor":52,"key":"SMITH"}],"circlet_count":0,"master_deck":["Strike_R","Strike_R","Strike_R+1","Strike_R","Defend_R","Defend_R","Defend_R","Defend_R","Pommel Strike","Heavy Blade+1","Dual Wield","Inflame+1","Twin Strike+1","Cleave","Spot Weakness","Flex+1","Sword Boomerang+1","Demon Form+1","Massacre+1","Flex+1","Spot Weakness+1","Inflame+1","Sword Boomerang+1","Flex+1","Pummel+1","Flex+1","Doubt","expansioncontent:DefensiveStance+1"],"relics":["Burning Blood","Frozen Egg 2","Brimstone","Replay:Baseball","Whetstone","Matryoshka","Pear","Replay:Bottled Flurry","Cursed Key","Blue Doll","Golden Egg","InkBottle","Anchor","The Courier","HornCleat","Runic Pyramid","Champion Belt","Unceasing Top","Onion Ring","Self Forming Clay","Blue Candle","Snack Pack","Gremlin Food"],"acts_visited":["TheCity","TheBeyond","TheEnding"],"potions_floor_usage":[29,50,50,55,55,55],"damage_taken":[{"damage":10.0,"enemies":"2 Louse","floor":1.0,"turns":3.0},{"damage":0.0,"enemies":"Cultist","floor":2.0,"turns":2.0},{"damage":0.0,"enemies":"Small Slimes","floor":4.0,"turns":3.0},{"damage":8.0,"enemies":"3 Louse","floor":5.0,"turns":2.0},{"damage":8.0,"enemies":"Gremlin Nob","floor":6.0,"turns":3.0},{"damage":4.0,"enemies":"Red Slaver","floor":7.0,"turns":2.0},{"damage":17.0,"enemies":"Replay:BlueRogue","floor":8.0,"turns":3.0},{"damage":0.0,"enemies":"Lagavulin","floor":10.0,"turns":4.0},{"damage":17.0,"enemies":"Large Slime","floor":12.0,"turns":3.0},{"damage":5.0,"enemies":"Replay:BlueRogue","floor":14.0,"turns":4.0},{"damage":0.0,"enemies":"Slime Boss","floor":16.0,"turns":3.0},{"damage":6.0,"enemies":"Shell Parasite","floor":18.0,"turns":2.0},{"damage":2.0,"enemies":"Chosen","floor":21.0,"turns":3.0},{"damage":5.0,"enemies":"Gremlin Leader","floor":23.0,"turns":2.0},{"damage":10.0,"enemies":"Snecko","floor":24.0,"turns":3.0},{"damage":3.0,"enemies":"Slavers","floor":25.0,"turns":2.0},{"damage":21.0,"enemies":"Replay:Snechameleon","floor":27.0,"turns":4.0},{"damage":23.0,"enemies":"Centurion and Healer","floor":28.0,"turns":3.0},{"damage":15,"enemies":"Slavers","floor":29,"turns":3},{"damage":0,"enemies":"Sentry and Sphere","floor":30,"turns":2},{"damage":0,"enemies":"Snecko","floor":31,"turns":3},{"damage":10,"enemies":"Pondfish","floor":33,"turns":3},{"damage":2,"enemies":"3 Shapes","floor":35,"turns":1},{"damage":0,"enemies":"Orb Walker","floor":36,"turns":1},{"damage":28,"enemies":"Maw","floor":38,"turns":4},{"damage":0,"enemies":"4 Shapes","floor":39,"turns":1},{"damage":21,"enemies":"R_Hoarder","floor":40,"turns":5},{"damage":8,"enemies":"Nemesis","floor":44,"turns":3},{"damage":1,"enemies":"Transient","floor":45,"turns":5},{"damage":0,"enemies":"Sphere and 2 Shapes","floor":46,"turns":1},{"damage":5,"enemies":"Reptomancer","floor":47,"turns":3},{"damage":2,"enemies":"Writhing Mass","floor":48,"turns":3},{"damage":38,"enemies":"Awakened One","floor":50,"turns":4},{"damage":36,"enemies":"Shield and Spear","floor":54,"turns":4},{"damage":90,"enemies":"The Heart","floor":55,"turns":3}],"seed_played":"7321102333845518151","potions_obtained":[{"floor":1.0,"key":"Dexterity Potion"},{"floor":4.0,"key":"Fruit Juice"},{"floor":7.0,"key":"LiquidBronze"},{"floor":8.0,"key":"LiquidMemories"},{"floor":12.0,"key":"Milkshake"},{"floor":16.0,"key":"Fire Potion"},{"floor":18.0,"key":"DistilledChaos"},{"floor":21.0,"key":"Cursed Concoction"},{"floor":27.0,"key":"Slimebound:ThreeZeroPotion"},{"floor":28.0,"key":"Dexterity Potion"},{"floor":39,"key":"DuplicationPotion"},{"floor":45,"key":"LiquidMemories"}],"is_trial":false,"path_per_floor":["M","M","$","M","M","E","M","E","T","E","?","M","R","E","R","B",null,"M","$","?","M","?","E","M","E","T","E","M","E","M","M","R","B",null,"M","M","?","M","M","E","$","R","T","E","M","M","E","M","R","B",null,"R","$","E","B"],"character_chosen":"IRONCLAD","items_purchased":["Frozen Egg 2","Entrench","Brimstone","Feel No Pain+1","Guardian:BlockOnCardUsePotion","Inflame+1","Flex","Blue Doll","Flex+1","Unceasing Top","GamblersBrew","BloodPotion","expansioncontent:DefensiveStance+1"],"campfire_rested":0,"item_purchase_floors":[0,0,0,0,0,3,19,19,41,41,53,53,53],"current_hp_per_floor":[41,47,47,53,56,54,56,45,45,61,61,50,50,51,51,57,95,95,95,95,95,95,95,91,94,94,79,62,53,59,65,65,61,95,95,95,95,73,79,64,64,64,64,62,67,73,74,78,78,48,95,95,95,67,0,0],"gold":38,"neow_bonus":"","is_daily":false,"chose_seed":false,"campfire_upgraded":5,"win_rate":0.0,"timestamp":1610314483,"path_taken":["M","M","$","M","M","E","M","E","T","E","?","M","R","E","R","BOSS","M","$","?","M","?","E","M","E","T","E","M","E","M","M","R","BOSS","M","M","?","M","M","E","$","R","T","E","M","M","E","?","R","BOSS","R","$","E","BOSS"],"items_purchased_type":["Relic","Card","Relic","Card","Potion","Card","Card","Relic","Card","Relic","Potion","Potion","Card"],"build_version":"2020-12-22","purchased_purges":3,"victory":false,"max_hp_per_floor":[80,80,80,80,85,85,85,85,85,95,95,95,95,95,95,95,95,95,95,95,95,95,95,95,95,95,95,95,95,95,95,95,95,95,95,95,95,95,95,95,95,95,95,95,95,95,95,95,95,95,95,95,95,95,95,95],"card_choices":[{"not_picked":["Flex","Dark Embrace+1"],"picked":"Heavy Blade","floor":1.0},{"not_picked":["Headbutt","Burning Pact"],"picked":"Dual Wield","floor":2.0},{"not_picked":["Body Slam","Wild Strike"],"picked":"Twin Strike","floor":4.0},{"not_picked":["Seeing Red","Iron Wave","Clash"],"picked":"SKIP","floor":5.0},{"not_picked":["Second Wind","ReplayReversal"],"picked":"Cleave","floor":6.0},{"not_picked":["Body Slam","Run Through"],"picked":"Spot Weakness","floor":7.0},{"not_picked":["Armaments","Shrug It Off","Perfected Strike"],"picked":"SKIP","floor":8.0},{"not_picked":["Replay:Many Hands","ReplayTheSpireMod:Limb From Limb","Rampage"],"picked":"SKIP","floor":10.0},{"not_picked":["Disarm","Headbutt"],"picked":"Flex","floor":12.0},{"not_picked":["Twin Strike","Battle Trance"],"picked":"Sword Boomerang","floor":14.0},{"not_picked":["Replay:Many Hands","Berserk+1"],"picked":"Demon Form+1","floor":16.0},{"not_picked":["Thunderclap","Replay:Undeath\u0027s Touch"],"picked":"Massacre+1","floor":18.0},{"not_picked":["Clothesline","Entrench","Shockwave+1"],"picked":"SKIP","floor":21.0},{"not_picked":["Blood for Blood+1","Seeing Red","Warcry"],"picked":"SKIP","floor":23.0},{"not_picked":["Hemogenesis","Havoc"],"picked":"Spot Weakness+1","floor":24.0},{"not_picked":["Infernal Blade","Thunderclap+1","Corruption+1"],"picked":"SKIP","floor":25.0},{"not_picked":["Sentinel","Pommel Strike","Body Slam"],"picked":"SKIP","floor":27.0},{"not_picked":["Combust+1","ReplayTheSpireMod:Strike From Hell+1"],"picked":"Inflame+1","floor":28.0},{"not_picked":["Wild Strike","Infernal Blade","Dropkick"],"picked":"SKIP","floor":29},{"not_picked":["Shrug It Off+1","Warcry"],"picked":"Sword Boomerang","floor":30},{"not_picked":["Shrug It Off","Searing Blow+1","ReplayTheSpireMod:Strike From Hell+1"],"picked":"SKIP","floor":31},{"not_picked":["Dark Embrace+1","Warcry+1"],"picked":"Flex+1","floor":35},{"not_picked":["Rage+1","Headbutt"],"picked":"Pummel+1","floor":36},{"not_picked":["Clothesline+1","True Grit+1","Perfected Strike"],"picked":"SKIP","floor":38},{"not_picked":["Shrug It Off","Metallicize+1","Life Link+1"],"picked":"SKIP","floor":39},{"not_picked":["Bludgeon","Sword Boomerang+1","True Grit"],"picked":"SKIP","floor":40},{"not_picked":["Corruption+1","Run Through+1","ReplayTheSpireMod:LeadingStrike"],"picked":"SKIP","floor":44},{"not_picked":["Shrug It Off+1","Searing Blow","Hemokinesis"],"picked":"SKIP","floor":45},{"not_picked":["True Grit","Clash","Hemokinesis+1"],"picked":"SKIP","floor":46},{"not_picked":["Run Through","Combust+1","Shrug It Off"],"picked":"SKIP","floor":47},{"not_picked":["Run Through+1","Pummel+1","Warcry+1"],"picked":"SKIP","floor":48},{"not_picked":["Body Slam","Bludgeon","Feel No Pain+1"],"picked":"SKIP","floor":54}],"player_experience":150495,"relics_obtained":[{"floor":6.0,"key":"Replay:Baseball"},{"floor":8.0,"key":"Whetstone"},{"floor":9.0,"key":"Matryoshka"},{"floor":10.0,"key":"Pear"},{"floor":14.0,"key":"Replay:Bottled Flurry"},{"floor":23.0,"key":"Golden Egg"},{"floor":25.0,"key":"InkBottle"},{"floor":26.0,"key":"Anchor"},{"floor":27.0,"key":"The Courier"},{"floor":29,"key":"HornCleat"},{"floor":40,"key":"Champion Belt"},{"floor":43,"key":"Onion Ring"},{"floor":43,"key":"Self Forming Clay"},{"floor":44,"key":"Blue Candle"},{"floor":47,"key":"Snack Pack"},{"floor":54,"key":"Gremlin Food"}],"event_choices":[{"cards_removed":["Strike_R"],"damage_healed":0.0,"max_hp_gain":0.0,"max_hp_loss":0.0,"gold_gain":0.0,"event_name":"Bonfire Elementals","player_choice":"Offered Basic","floor":11.0,"gold_loss":0.0,"damage_taken":0.0},{"cards_removed":["Entrench"],"damage_healed":0.0,"max_hp_gain":0.0,"max_hp_loss":0.0,"gold_gain":0.0,"event_name":"Beggar","player_choice":"Gave Gold","floor":20.0,"gold_loss":75.0,"damage_taken":0.0},{"damage_healed":0,"gold_gain":0,"player_choice":"Ignored","damage_taken":0,"max_hp_gain":0,"max_hp_loss":0,"event_name":"NoteForYourself","floor":37,"gold_loss":0}],"is_beta":false,"boss_relics":[{"not_picked":["Calling Bell","Ectoplasm"],"picked":"Cursed Key"},{"not_picked":["Honey Jar","Pandora\u0027s Box"],"picked":"Runic Pyramid"}],"items_purged_floors":[0,19,41],"is_endless":false,"potions_floor_spawned":[1,4,7,8,12,16,18,21,27,28,39,40,45,47,48],"killed_by":"The Heart","ascension_level":1}}