{"host":"ig7tc0uedzltt2sr","time":1610266376,"event":{"mods":["BaseMod","Better Twitch Integration","Block Reminder","Colored Map","Colored Powertips","Communication Mod","Current Relic Mod","GifTheSpireLib","HexUI Lib","Minty Spire (QoL Compilation)","Quick Restart","Random Character Button","Rare Cards Sparkle","Relic Sorter","Relic Stats","Slay the Relics Exporter","StSLib","SuperFastMode","Synergy Search","Twitch Decklist","Twitch Utils","everything is the same but u backflip on backflip","slay the spire mod where everything is the same but ironclad has a cowboy hat"],"gold_per_floor":[118,118,130,130,145,145,161,175,243,243,243],"floor_reached":10,"playtime":46,"items_purged":[],"score":60,"play_id":"ba62150c-32fa-49fc-bc6d-2274b2e7bfd4","local_time":"20210110001256","is_ascension_mode":false,"campfire_choices":[{"data":"Defend_R","floor":6,"key":"SMITH"}],"circlet_count":0,"master_deck":["Strike_R","Strike_R","Strike_R","Strike_R","Strike_R","Defend_R+1","Defend_R","Defend_R","Defend_R","Bash","Searing Blow+1"],"relics":["Burning Blood","NeowsBlessing","Pocketwatch","Molten Egg 2"],"acts_visited":["Exordium"],"potions_floor_usage":[],"damage_taken":[{"damage":0,"enemies":"Jaw Worm","floor":1,"turns":1},{"damage":0,"enemies":"2 Louse","floor":3,"turns":1},{"damage":0,"enemies":"Small Slimes","floor":5,"turns":1},{"damage":84,"enemies":"Gremlin Gang","floor":7,"turns":6},{"damage":32,"enemies":"Looter","floor":8,"turns":4},{"damage":18,"enemies":"3 Sentries","floor":10,"turns":2}],"seed_played":"8219833036129658776","potions_obtained":[{"floor":1,"key":"SpeedPotion"},{"floor":3,"key":"FairyPotion"},{"floor":5,"key":"Regen Potion"},{"floor":7,"key":"ColorlessPotion"}],"is_trial":false,"path_per_floor":["M","?","M","?","M","R","M","M","T","E"],"character_chosen":"IRONCLAD","items_purchased":[],"campfire_rested":0,"item_purchase_floors":[],"current_hp_per_floor":[80,80,80,77,80,80,14,18,18,0,0],"gold":243,"neow_bonus":"THREE_ENEMY_KILL","is_daily":false,"chose_seed":false,"campfire_upgraded":1,"win_rate":0.0,"timestamp":1610266376,"path_taken":["M","?","M","?","M","R","M","M","T","E"],"items_purchased_type":[],"build_version":"2020-12-22","purchased_purges":0,"victory":false,"max_hp_per_floor":[80,80,80,80,80,80,80,80,80,80,80],"relic_stats":{"counters":[6,15],"obtain_stats":[{"NeowsBlessing":0,"Molten Egg 2":9,"Burning Blood":0,"Pocketwatch":4},{"NeowsBlessing":0,"Molten Egg 2":5,"Burning Blood":0,"Pocketwatch":2},{"NeowsBlessing":0,"Molten Egg 2":13,"Burning Blood":0,"Pocketwatch":2}],"Burning Blood":15,"Pocketwatch":[27]},"card_choices":[{"not_picked":["Infernal Blade","Sever Soul"],"picked":"Searing Blow","floor":1},{"not_picked":["Twin Strike","Rupture","Pummel"],"picked":"SKIP","floor":3},{"not_picked":["Flex","Twin Strike","Sword Boomerang"],"picked":"SKIP","floor":5},{"not_picked":["Inflame","Armaments","Clothesline"],"picked":"SKIP","floor":7},{"not_picked":["Sword Boomerang","Disarm","Armaments"],"picked":"SKIP","floor":8}],"player_experience":1500672,"relics_obtained":[{"floor":9,"key":"Molten Egg 2"}],"event_choices":[{"damage_healed":0,"gold_gain":0,"player_choice":"Grow","damage_taken":0,"max_hp_gain":0,"max_hp_loss":0,"event_name":"Living Wall","floor":2,"gold_loss":0,"cards_upgraded":["Searing Blow"]},{"damage_healed":0,"gold_gain":0,"player_choice":"Success","damage_taken":3,"relics_obtained":["Pocketwatch"],"max_hp_gain":0,"max_hp_loss":0,"event_name":"Scrap Ooze","floor":4,"gold_loss":0}],"is_beta":false,"boss_relics":[],"items_purged_floors":[],"is_endless":false,"potions_floor_spawned":[1,3,5,7],"killed_by":"3 Sentries","ascension_level":0}}