{"host":"1zjc08c6hob33401","time":1610300028,"event":{"mods":["AchievementEnabler","Act Like it!","Aspiration","BaseMod","Downfall","Energized Spire","Evolution","GifTheSpireLib","Hubris","Infinite Spire","Jedi Mod","Minty Spire (QoL Compilation)","Pale of the Ancients","Quick Restart","Replay The Spire","Retaliation","Shop Mod","StSLib","Stuff the Spire","The Blue Laboratory","Wandering Minibosses","vexMod"],"gold_per_floor":[115,115,126,76,90,90,119,139,166,166,201,201,201,213,213,315,265,247,55,67,78,92,92,125,125,152,165,179,179,53,80,80,179,179,189,189,200,217,236,236,263,263,263,263,276,304,304,335,335,335,335,345,345,50,50,70,70,124,124,124],"floor_reached":61,"playtime":10551,"items_purged":["Defend_B"],"score":1748,"play_id":"4afff80d-2570-4e87-824b-0ffa38d6ea1e","local_time":"20210110193348","is_ascension_mode":true,"campfire_choices":[{"data":"Chill","floor":6.0,"key":"SMITH"},{"data":"ReplayTheSpireMod:Repulse","floor":10.0,"key":"SMITH"},{"data":"Steam","floor":13.0,"key":"SMITH"},{"data":"Zap","floor":15.0,"key":"SMITH"},{"data":"expansioncontent:QuickStudy","floor":23.0,"key":"SMITH"},{"data":"Mirror Shield","floor":29.0,"key":"SMITH"},{"data":"Bandage Up","floor":32.0,"key":"SMITH"},{"data":"ReplayRNGCard","floor":40.0,"key":"SMITH"},{"data":"Consume","floor":42.0,"key":"SMITH"},{"data":"StuffTheSpire:Synthwave","floor":44.0,"key":"SMITH"},{"floor":49.0,"key":"REST"},{"floor":55,"key":"REST"},{"data":"hubris:Fate","floor":57,"key":"SMITH"}],"circlet_count":0,"master_deck":["Rebound","Rebound","Strike_B+1","Defend_B","Zap+1","Dualcast","Coolheaded","Cold Snap+1","Chill+1","Leap","ReplayTheSpireMod:Repulse+1","Steam+1","Coolheaded","Coolheaded","Mirror Shield+1","Strike_B","Consume+1","Barrage+1","expansioncontent:QuickStudy+1","Capacitor+1","Cold Snap+1","ReplayTheSpireMod:Calculation Training","Hello World+1","StuffTheSpire:Plugnplay+1","Compile Driver+1","Violence","expansioncontent:DarkVoid","Bandage Up+1","ReplayRNGCard+1","Time Bomb+1","BasicCrystalCard+1","StuffTheSpire:Synthwave+1","jedi:overflow+1","Coolheaded+1","Seek","StuffTheSpire:Plugnplay","Leap+1","hubris:Fate+1"],"relics":["Cracked Core","EVO:Axolotl","aspiration:ChemicalBlood","jedi:matchstick","StuffTheSpire:OldFever","Pondfish Scales","energizedSpire:HugeHouse","vexMod:BarristanHead","Whetstone","ReplayTheSpireMod:ShopPack","Vajra","aspiration:SecretTechniqueScroll","hubris:CuriousFeather","StuffTheSpire:Gunfinga","jedi:firstaidkit","Replay:Baseball","Gambling Chip","paleoftheancients:Timepiece","Oddly Smooth Stone","Gremlin Horn","Strawberry","ClockworkSouvenir","paleoftheancients:SoulOfTheDefect","aspiration:HiddenCompartment"],"acts_visited":["Exordium","TheCity","TheBeyond","paleoftheancients:PaleOfTheAncients"],"potions_floor_usage":[52,52,56,56,56,56,60,60,60,60,60,60,60,60],"damage_taken":[{"damage":0.0,"enemies":"Small Slimes","floor":1.0,"turns":2.0},{"damage":2.0,"enemies":"Cultist","floor":3.0,"turns":3.0},{"damage":9.0,"enemies":"2 Louse","floor":5.0,"turns":2.0},{"damage":17.0,"enemies":"3 Sentries","floor":7.0,"turns":8.0},{"damage":4.0,"enemies":"Large Slime","floor":8.0,"turns":6.0},{"damage":15.0,"enemies":"Lagavulin","floor":11.0,"turns":10.0},{"damage":0.0,"enemies":"2 Fungi Beasts","floor":14.0,"turns":3.0},{"damage":13.0,"enemies":"Slime Boss","floor":16.0,"turns":11.0},{"damage":7.0,"enemies":"2 Thieves","floor":18.0,"turns":7.0},{"damage":0.0,"enemies":"Chosen","floor":20.0,"turns":4.0},{"damage":6.0,"enemies":"Shelled Parasite and Fungi","floor":21.0,"turns":6.0},{"damage":0.0,"enemies":"Centurion and Healer","floor":22.0,"turns":4.0},{"damage":12.0,"enemies":"Replay:Snechameleon","floor":24.0,"turns":6.0},{"damage":0.0,"enemies":"Snecko","floor":27.0,"turns":4.0},{"damage":2.0,"enemies":"3 Cultists","floor":28.0,"turns":3.0},{"damage":32.0,"enemies":"Automaton","floor":33.0,"turns":8.0},{"damage":0.0,"enemies":"Orb Walker","floor":35.0,"turns":3.0},{"damage":25.0,"enemies":"3 Darklings","floor":37.0,"turns":6.0},{"damage":6.0,"enemies":"Spire Growth","floor":38.0,"turns":4.0},{"damage":0.0,"enemies":"Jaw Worm Horde","floor":39.0,"turns":3.0},{"damage":25.0,"enemies":"Nemesis","floor":41.0,"turns":7.0},{"damage":2.0,"enemies":"3 Darklings","floor":45.0,"turns":6.0},{"damage":22.0,"enemies":"Reptomancer","floor":46.0,"turns":5.0},{"damage":0.0,"enemies":"Giant Head","floor":48.0,"turns":6.0},{"damage":27.0,"enemies":"infinitespire:MassOfShapes","floor":50.0,"turns":7.0},{"damage":132.0,"enemies":"infinitespire:MassOfShapes","floor":51.0,"turns":4.0},{"damage":5,"enemies":"","floor":52,"turns":7},{"damage":56,"enemies":"","floor":56,"turns":7},{"damage":109,"enemies":"paleoftheancients:N","floor":60,"turns":21}],"seed_played":"-111674739432857678","potions_obtained":[{"floor":1.0,"key":"Energy Potion"},{"floor":3.0,"key":"blueLaboratory:LouseDecoction"},{"floor":5.0,"key":"DDmod:CleansePotion"},{"floor":8.0,"key":"SkillPotion"},{"floor":16.0,"key":"blueLaboratory:BubblePotion"},{"floor":20.0,"key":"Block Potion"},{"floor":27.0,"key":"PowerPotion"},{"floor":33.0,"key":"BlessingOfTheForge"},{"floor":35.0,"key":"ColorlessPotion"},{"floor":38.0,"key":"Block Potion"},{"floor":45.0,"key":"Dexterity Potion"},{"floor":48.0,"key":"blueLaboratory:ArtificerPotion"},{"floor":51.0,"key":"blueLaboratory:BottleOfVodka"},{"floor":51.0,"key":"Weak Potion"},{"floor":52,"key":"jedi:hoardpotion"},{"floor":56,"key":"blueLaboratory:TeslaPotion"}],"is_trial":false,"path_per_floor":["M","?","M","?","M","R","E","M","T","R","E","?","R","M","R","B",null,"M","$","M","M","M","R","E","?","T","M","M","R","$","T","R","B",null,"M","AVR","M","M","M","R","E","R","T","R","M","E","?","E","R","B","M","M","?","$","R","M","R","T","?","B",null],"character_chosen":"DEFECT","items_purchased":["expansioncontent:QuickStudy","ReplayTheSpireMod:ShopPack","Strawberry","ClockworkSouvenir"],"campfire_rested":2,"item_purchase_floors":[19,30,54,54],"current_hp_per_floor":[68,68,66,66,57,57,40,36,36,36,21,43,43,43,43,30,60,53,53,53,47,47,47,35,58,58,58,56,56,56,56,56,30,60,60,60,41,41,47,47,28,28,28,28,35,24,24,30,51,61,43,47,30,37,60,67,67,67,67,36],"gold":124,"neow_bonus":"THREE_CARDS","is_daily":false,"chose_seed":false,"campfire_upgraded":11,"win_rate":0.0,"timestamp":1610300028,"path_taken":["M","?","?","?","M","R","E","M","T","R","E","?","R","M","R","BOSS","M","$","M","M","M","R","E","?","T","M","M","R","?","?","R","BOSS","M","AVR","M","M","M","R","E","R","T","R","M","E","?","E","R","BOSS","M","M","?","$","R","M","R","T","?","BOSS"],"items_purchased_type":["Card","Relic","Relic","Relic"],"build_version":"2020-12-22","purchased_purges":1,"victory":true,"max_hp_per_floor":[75,75,75,75,75,75,75,75,75,75,75,75,75,75,75,75,70,70,70,70,70,70,70,70,70,70,70,70,70,70,70,70,70,70,70,70,70,70,70,70,70,70,70,70,70,70,70,70,70,70,70,70,70,77,77,67,67,67,67,67],"card_choices":[{"not_picked":["Streamline","Compile Driver"],"picked":"Coolheaded","floor":0.0},{"not_picked":["Coolheaded","jedi:BurstLightning"],"picked":"Cold Snap","floor":1.0},{"not_picked":["Tempest","jedi:BurstFrost"],"picked":"Chill","floor":3.0},{"not_picked":["Barrage","Conserve Battery"],"picked":"Leap","floor":5.0},{"not_picked":["Redo","jedi:BurstFrost"],"picked":"ReplayTheSpireMod:Repulse","floor":7.0},{"not_picked":["Melter","Turbo"],"picked":"Steam","floor":8.0},{"not_picked":["aspiration:Polymerization","Conserve Battery"],"picked":"Coolheaded","floor":11.0},{"not_picked":["Redo","Stack"],"picked":"Coolheaded","floor":14.0},{"not_picked":["Echo Form","Seek"],"picked":"Mirror Shield","floor":16.0},{"not_picked":["Turbo+1","jedi:overflow"],"picked":"Barrage+1","floor":18.0},{"not_picked":["Gash","ReplayGash+1"],"picked":"Capacitor+1","floor":20.0},{"not_picked":["jedi:BurstFrost+1","jedi:BurstLightning"],"picked":"Cold Snap+1","floor":21.0},{"not_picked":["Stack","BasicCrystalCard"],"picked":"ReplayTheSpireMod:Calculation Training","floor":22.0},{"not_picked":["StuffTheSpire:NuclearReactor","Hologram"],"picked":"Hello World+1","floor":24.0},{"not_picked":["Auto Shields","Chill"],"picked":"StuffTheSpire:Plugnplay+1","floor":27.0},{"not_picked":["Steam","jedi:BurstFrost"],"picked":"Compile Driver+1","floor":28.0},{"not_picked":["StuffTheSpire:Recharge","DDmod:PotionAddictCard"],"picked":"Violence","floor":30.0},{"not_picked":["expansioncontent:SlimeTackle","expansioncontent:YouAreMine"],"picked":"expansioncontent:DarkVoid","floor":30.0},{"not_picked":["Swift Strike","expansioncontent:SuperHexaguard"],"picked":"Bandage Up","floor":30.0},{"not_picked":["Core Surge","StuffTheSpire:Purify"],"picked":"ReplayRNGCard","floor":33.0},{"not_picked":["StuffTheSpire:LoadUp+1","hubris:Ukulele+1"],"picked":"Time Bomb+1","floor":35.0},{"not_picked":["jedi:blockon+1","Beam Cell"],"picked":"BasicCrystalCard+1","floor":37.0},{"not_picked":["Ball Lightning","Hologram","jedi:BurstLightning"],"picked":"SKIP","floor":38.0},{"not_picked":["ReplayTheSpireMod:System Scan","StuffTheSpire:LoadUp+1"],"picked":"StuffTheSpire:Synthwave","floor":39.0},{"not_picked":["Streamline","Panic Button+1"],"picked":"jedi:overflow+1","floor":41.0},{"not_picked":["StuffTheSpire:SnapShoot","StuffTheSpire:Plugnplay+1"],"picked":"Coolheaded+1","floor":45.0},{"not_picked":["Redo","Steam Power"],"picked":"Seek","floor":46.0},{"not_picked":["StuffTheSpire:LoadUp","Turbo+1","Redo"],"picked":"SKIP","floor":48.0},{"not_picked":["Hologram+1","Steam+1"],"picked":"Leap+1","floor":52},{"not_picked":["ReplayTheSpireMod:Haul","infinitespire:SealOfDarkness+"],"picked":"hubris:Fate","floor":53},{"not_picked":["Stack+1","Go for the Eyes+1","Gash+1"],"picked":"SKIP","floor":56}],"player_experience":534980,"relics_obtained":[{"floor":7.0,"key":"jedi:matchstick"},{"floor":9.0,"key":"StuffTheSpire:OldFever"},{"floor":11.0,"key":"Pondfish Scales"},{"floor":24.0,"key":"vexMod:BarristanHead"},{"floor":26.0,"key":"Whetstone"},{"floor":31.0,"key":"Vajra"},{"floor":41.0,"key":"StuffTheSpire:Gunfinga"},{"floor":43.0,"key":"jedi:firstaidkit"},{"floor":46.0,"key":"Replay:Baseball"},{"floor":48.0,"key":"Gambling Chip"},{"floor":56,"key":"paleoftheancients:SoulOfTheDefect"},{"floor":58,"key":"aspiration:HiddenCompartment"}],"event_choices":[{"damage_healed":0.0,"max_hp_gain":0.0,"max_hp_loss":0.0,"gold_gain":0.0,"event_name":"WeMeetAgain","player_choice":"Gave Potion","floor":2.0,"gold_loss":0.0,"damage_taken":0.0,"relics_obtained":["aspiration:ChemicalBlood"]},{"cards_removed":["Defend_B"],"damage_healed":0.0,"max_hp_gain":0.0,"max_hp_loss":0.0,"gold_gain":0.0,"event_name":"The Cleric","player_choice":"Card Removal","floor":4.0,"gold_loss":50.0,"damage_taken":0.0},{"damage_healed":23.0,"max_hp_gain":0.0,"max_hp_loss":0.0,"gold_gain":0.0,"event_name":"The Library","player_choice":"Heal","floor":25.0,"gold_loss":0.0,"damage_taken":0.0},{"damage_healed":0.0,"max_hp_gain":0.0,"max_hp_loss":0.0,"gold_gain":0.0,"cards_transformed":["Defend_B"],"event_name":"Transmorgrifier","player_choice":"Transformed","floor":47.0,"gold_loss":0.0,"damage_taken":0.0,"cards_obtained":["StuffTheSpire:Plugnplay"]}],"is_beta":false,"boss_relics":[{"not_picked":["energizedSpire:UnstableMolecules","Cursed Key"],"picked":"energizedSpire:HugeHouse"},{"not_picked":["hubris:GrandSneckoEye","Velvet Choker"],"picked":"aspiration:SecretTechniqueScroll"}],"items_purged_floors":[36],"is_endless":false,"potions_floor_spawned":[1,3,5,8,16,20,27,33,35,38,45,48,52],"ascension_level":7}}