{"host":"51mqhfpmwwd4kxyt","time":1610253319,"event":{"mods":["BaseMod","Downfall","Googly Eyes","Highlight Path","Minty Spire (QoL Compilation)","READ ME - Guardian Mod","StSLib","The Cursed","The Servant 0.9.4"],"gold_per_floor":[112,31,106,132,145,172,172,192,218,234,250,283,283,307,307,307,307],"floor_reached":16,"playtime":654,"items_purged":[],"score":185,"play_id":"f0cbabe3-660f-4f73-b656-0baeef99f626","local_time":"20210109233519","is_ascension_mode":true,"campfire_choices":[{"data":"Footwork","floor":7,"key":"SMITH"},{"floor":15,"key":"REST"}],"circlet_count":0,"master_deck":["Strike_G","Strike_G","Strike_G","Strike_G","Strike_G","Defend_G","Defend_G","Defend_G","Defend_G","Defend_G","Survivor","Neutralize","Footwork+1","Escape Plan","Backflip","Dagger Throw","Endless Agony","Adrenaline","Injury","Backflip","Terror"],"relics":["Ring of the Snake","NeowsBlessing","Bag of Preparation","Centennial Puzzle","MealTicket","Prayer Wheel","Golden Idol"],"acts_visited":["Exordium"],"potions_floor_usage":[11,16,16,16],"damage_taken":[{"damage":0,"enemies":"Small Slimes","floor":1,"turns":1},{"damage":0,"enemies":"Jaw Worm","floor":5,"turns":1},{"damage":0,"enemies":"Gremlin Nob","floor":6,"turns":1},{"damage":2,"enemies":"Cultist","floor":8,"turns":4},{"damage":0,"enemies":"Looter","floor":10,"turns":4},{"damage":3,"enemies":"3 Louse","floor":11,"turns":4},{"damage":10,"enemies":"3 Sentries","floor":12,"turns":10},{"damage":1,"enemies":"Large Slime","floor":14,"turns":10},{"damage":58,"enemies":"Hexaghost","floor":16,"turns":20}],"seed_played":"-1442977205108962396","potions_obtained":[{"floor":6,"key":"AttackPotion"},{"floor":8,"key":"Weak Potion"},{"floor":12,"key":"hexamod:EctoCoolerPotion"},{"floor":14,"key":"Swift Potion"}],"is_trial":false,"path_per_floor":["M","$","?","T","M","E","R","M","T","M","M","E","?","M","R","B"],"character_chosen":"THE_SILENT","items_purchased":["Escape Plan"],"campfire_rested":1,"item_purchase_floors":[2],"current_hp_per_floor":[63,63,52,52,52,52,52,50,50,50,47,37,37,36,57,0,0],"gold":307,"neow_bonus":"THREE_ENEMY_KILL","is_daily":false,"chose_seed":false,"campfire_upgraded":1,"win_rate":0.0,"timestamp":1610253319,"path_taken":["M","$","?","?","M","E","R","M","T","M","M","E","?","M","R","BOSS"],"items_purchased_type":["Card"],"build_version":"2020-12-22","purchased_purges":0,"victory":false,"max_hp_per_floor":[70,70,70,70,70,70,70,70,70,70,70,70,70,70,70,70,70],"card_choices":[{"not_picked":["Deflect","Prepared"],"picked":"Footwork","floor":1},{"not_picked":["Deflect","Dash"],"picked":"Backflip","floor":5},{"not_picked":["Blade Dance","Sucker Punch"],"picked":"Dagger Throw","floor":6},{"not_picked":["Slice","Sucker Punch"],"picked":"Endless Agony","floor":8},{"not_picked":["Sucker Punch","Eviscerate","Deadly Poison"],"picked":"SKIP","floor":10},{"not_picked":["Crippling Poison","Dagger Throw","Slice"],"picked":"SKIP","floor":11},{"not_picked":["Sucker Punch","Prepared"],"picked":"Adrenaline","floor":12},{"not_picked":["Poisoned Stab","Bane"],"picked":"Backflip","floor":14},{"not_picked":["Underhanded Strike","Bane"],"picked":"Terror","floor":14}],"player_experience":377595,"relics_obtained":[{"floor":4,"key":"Bag of Preparation"},{"floor":6,"key":"Centennial Puzzle"},{"floor":9,"key":"MealTicket"},{"floor":12,"key":"Prayer Wheel"}],"event_choices":[{"damage_healed":0,"gold_gain":75,"player_choice":"Gather Gold","damage_taken":11,"max_hp_gain":0,"max_hp_loss":0,"event_name":"World of Goop","floor":3,"gold_loss":0},{"damage_healed":0,"gold_gain":0,"player_choice":"Take Wound","damage_taken":0,"relics_obtained":["Golden Idol"],"max_hp_gain":0,"max_hp_loss":0,"event_name":"Golden Idol","floor":13,"gold_loss":0,"cards_obtained":["Injury"]}],"is_beta":false,"boss_relics":[],"items_purged_floors":[],"is_endless":false,"potions_floor_spawned":[6,8,12,14],"killed_by":"Hexaghost","ascension_level":7}}