{"host":"zjc1tzo4ovig5lll","time":1610290637,"event":{"mods":["AchievementEnabler","Aspiration","BaseMod","Beaked The Cultist","Better Altar","Better Match","Better Note","Better Sensory Stone","Colored Map","Colored Powertips","Conspire","Energized Spire","Friendly Minions","GifTheSpireLib","Halation","Hermit","Hubris","Minty Spire (QoL Compilation)","Rare Cards Sparkle","Replay The Spire","StSLib","The Blue Laboratory","The Bug Knight","The Construct","The Jungle","everything is the same but u backflip on backflip","vexMod"],"gold_per_floor":[114,128,147,147,171,212,212,142,142,161,161,177,196,22,22,22,22],"floor_reached":16,"playtime":918,"items_purged":[],"score":120,"play_id":"6f8ea1c9-eb80-4e7e-b28f-2262f51b73f0","local_time":"20210110165717","is_ascension_mode":true,"campfire_choices":[{"floor":7,"key":"REST"},{"floor":15,"key":"REST"}],"circlet_count":0,"master_deck":["hermit:Strike_Hermit","hermit:Strike_Hermit","hermit:Strike_Hermit","hermit:Strike_Hermit","hermit:Defend_Hermit+1","hermit:Defend_Hermit+1","hermit:Defend_Hermit+1","hermit:Defend_Hermit+1","hermit:Snapshot","hermit:Covet","hermit:FlashPowder","hermit:Brawl","hermit:Determination","hermit:Dive","hermit:Determination","Sadistic Nature"],"relics":["hermit:Momento","Golden Idol","Boot","Replay:Bottled Eggs","CultistMask"],"acts_visited":["Exordium"],"potions_floor_usage":[],"damage_taken":[{"damage":3,"enemies":"2 Louse","floor":1,"turns":2},{"damage":1,"enemies":"Cultist","floor":2,"turns":3},{"damage":1,"enemies":"conspire:RoseBush","floor":3,"turns":3},{"damage":14,"enemies":"Looter","floor":5,"turns":4},{"damage":25,"enemies":"Replay:BlueRogue","floor":6,"turns":9},{"damage":8,"enemies":"Red Slaver","floor":10,"turns":5},{"damage":5,"enemies":"Lots of Slimes","floor":12,"turns":5},{"damage":14,"enemies":"Gremlin Gang","floor":13,"turns":8},{"damage":40,"enemies":"Slime Boss","floor":16,"turns":11}],"seed_played":"-13505773987447886","potions_obtained":[{"floor":13,"key":"LiquidBronze"}],"is_trial":false,"path_per_floor":["M","M","M","?","M","E","R","$","T","M","?","M","M","$","R","B"],"character_chosen":"HERMIT","items_purchased":["hermit:Determination","Sadistic Nature"],"campfire_rested":2,"item_purchase_floors":[8,14],"current_hp_per_floor":[79,78,77,57,43,18,42,42,42,34,34,29,15,15,39,0,0],"gold":22,"neow_bonus":"TEN_PERCENT_HP_BONUS","is_daily":false,"chose_seed":false,"campfire_upgraded":0,"win_rate":0.0,"timestamp":1610290637,"path_taken":["M","M","M","?","M","E","R","$","T","M","?","M","?","$","R","BOSS"],"items_purchased_type":["Card","Card"],"build_version":"2020-12-22","purchased_purges":0,"victory":false,"max_hp_per_floor":[82,82,82,82,82,82,82,82,82,82,82,82,82,82,82,82,82],"card_choices":[{"not_picked":["hermit:Ricochet","hermit:Snipe","hermit:Glare"],"picked":"SKIP","floor":1},{"not_picked":["hermit:LuckOfTheDraw","hermit:EyeOfTheStorm"],"picked":"hermit:FlashPowder","floor":2},{"not_picked":["hermit:GhostlyPresence","hermit:Cheat"],"picked":"hermit:Brawl","floor":3},{"not_picked":["hermit:Midnight","hermit:TrackingShot","hermit:Dive"],"picked":"SKIP","floor":5},{"not_picked":["hermit:TrackingShot","hermit:DeadOrAlive","hermit:Manifest"],"picked":"SKIP","floor":6},{"not_picked":["hermit:Dive","hermit:Virtue","hermit:HighCaliber"],"picked":"SKIP","floor":10},{"not_picked":["hermit:Virtue","hermit:HighCaliber"],"picked":"hermit:Dive","floor":10},{"not_picked":["hermit:Manifest","hermit:Cheat"],"picked":"hermit:Determination","floor":12},{"not_picked":["hermit:Dive","hermit:EternalForm","hermit:CalledShot"],"picked":"SKIP","floor":13}],"player_experience":646750,"relics_obtained":[{"floor":6,"key":"Boot"},{"floor":9,"key":"Replay:Bottled Eggs"}],"event_choices":[{"damage_healed":0,"gold_gain":0,"player_choice":"Take Damage","damage_taken":20,"relics_obtained":["Golden Idol"],"max_hp_gain":0,"max_hp_loss":0,"event_name":"Golden Idol","floor":4,"gold_loss":0},{"damage_healed":0,"gold_gain":0,"player_choice":"Trade","damage_taken":0,"relics_obtained":["CultistMask"],"max_hp_gain":0,"max_hp_loss":0,"event_name":"FaceTrader","floor":11,"gold_loss":0}],"is_beta":false,"boss_relics":[],"items_purged_floors":[],"is_endless":false,"potions_floor_spawned":[2,12,13],"killed_by":"Slime Boss","ascension_level":3}}