{"host":"7vbqmauhyfxrzjp5","time":1610308253,"event":{"mods":["Act Like it!","Aspiration","BaseMod","Bestiary","Better Note","Conspire","Custom Start","Hubris","Infinite Spire","Minty Spire (QoL Compilation)","Replay The Spire","StSLib","Unceasing Turn Reminder","vexMod"],"gold_per_floor":[114,31,31,31,31,47,47,77,95,143,167,193,30,30,105,125,125,218,218,230,230,68,48,48,73,90,90,90,109,109,126,183,203,203,289,289,303,228,248,248,523,523,548,567,615,631,669,701,720,736,736,736,736],"floor_reached":52,"playtime":5339,"items_purged":["hubris:Lust","Sickly"],"score":1469,"play_id":"24526b00-e869-4982-b239-a38f25b0e1a7","local_time":"20210110135053","is_ascension_mode":true,"campfire_choices":[{"data":"Mayhem","floor":14,"key":"SMITH"},{"data":"BecomeAlmighty","floor":17,"key":"SMITH"},{"data":"Ghostly","floor":27,"key":"SMITH"},{"data":"hubris:PowerSurge","floor":30,"key":"SMITH"},{"data":"hubris:InfiniteBlow+800","floor":34,"key":"SMITH"},{"data":"Double Energy","floor":42,"key":"SMITH"},{"floor":51,"key":"REST"}],"circlet_count":0,"master_deck":["infinitespire:UltimateForm","infinitespire:NeuralNetwork","ReplayTheSpireMod:Chaos Vortex","infinitespire:Execution","ReplayTheSpireMod:Black Plague","ReplayTheSpireMod:Echoes of Time","infinitespire:FutureSight","infinitespire:Fortify","infinitespire:Menacing","infinitespire:TheBestDefense","infinitespire:Starlight","hubris:Fate","ReplayTheSpireMod:Haul","infinitespire:Collect","ReplayTheSpireMod:??????????????????????","infinitespire:DeathsTouch","infinitespire:FinalStrike","hubris:InfiniteBlow+801","infinitespire:SevenWalls","infinitespire:Oblivion","infinitespire:Punishment","infinitespire:Gouge","Replay:Fractal Strike","ReplayUltimateDefense","ReplayTheSpireMod:Brewmster","Mayhem+1","Magnetism","hubris:EnhanceAbility","Crow Ritual","Panache","Sadistic Nature","Specialist","Replay:BasicMightCard","Omega","BecomeAlmighty+1","LiveForever","The Bomb","Apotheosis+1","Chrysalis","Metamorphosis","Secret Technique","Violence","Midas Touch","Secret Weapon","Master of Strategy","Thinking Ahead","Transmutation","Replay:Dark Deal","Discovery","Madness","Dark Shackles","PanicButton","Replay:Bootleg Shield Generator","Trip","Blind","Bandage Up","Deep Breath","Forethought","Enlightenment","Purity","Panacea","Finesse","Good Instincts","ReplayTheSpireMod:Private Reserves","Impatience","hubris:Insight","Jack Of All Trades","conspire:Banana","hubris:Ssssneak","Survey Options","Replay:Sssssssssshield","ReplayTheSpireMod:Uncanny Aura","Beta","Firewall","conspire:SpireCoStock","Safety","conspire:InfernalBerry","conspire:GhostlyDefend","Ghostly+1","Ghost Defend","Ritual Component","Insight","Pot Of Greed","Ghost Fetch","J.A.X.","hubris:Mulligan","Miracle","WeaponsOverheat","FameAndFortune","hubris:Defend_Merchant","m_Survivalism","HandOfGreed","ReplayTheSpireMod:Necrogeddon","Poisoned Strike","vexMod:StairwayStrike","vexMod:EmailVexCard","Replay:Parry","ReplayTheSpireMod:Trickstab","Flash of Steel","Swift Strike","Replay:Sssssssssstrike","Scorching Beam","Bite","Dark Echo","Ghost Swipe","RitualDagger","Smite","Expunger","conspire:GhostlyStrike","Shiv","Replay:AllOut","ThroughViolence","hubris:MerchantsHand+1","hubris:Strike_Merchant","DevaForm","MasterReality","Replay:LoomingThreat","Establishment","Devotion","Study","Fasting2","Wireheading","Adaptation","MentalFortress","BattleHymn","LikeWater","Nirvana","Omniscience","Wish","Vault","SpiritShield","Scrawl","Blasphemy","Judgement","Alpha","Replay:AllIn","ConjureBlade","DeusExMachina","Swivel","Worship","Vengeance","Sanctity","Replay:Vibes","Replay:Hum","WaveOfTheHand","Meditate","Perseverance","EmptyMind","Pray","Replay:Anticipation","Indignation","WreathOfFlame","InnerPeace","DeceiveReality","Replay:DivineShield","Replay:Battleflow","Replay:Cycle","ForeignInfluence","Collect","Protect","Replay:AtTheReady","Evaluate","ThirdEye","Crescendo","ClearTheMind","EmptyBody","PathToVictory","Halt","Replay:ManipulateFuture","Prostrate","Vigilance","Vigilance","Defend_P","Ragnarok","LessonLearned","Brilliance","SandsOfTime","WheelKick","WindmillStrike","Wallop","SignatureMove","ReachHeaven","FearNoEvil","TalkToTheHand","CarveReality","Conclude","Tantrum","Weave","FlyingSleeves","SashWhip","CutThroughFate","BowlingBash","FollowUp","Replay:BluntJabs","CrushJoints","EmptyFist","Consecrate","FlurryOfBlows","JustLucky","Eruption","Strike_P","Wraith Form v2","A Thousand Cuts","Envenom","After Image","Tools of the Trade","Fluid Movement","Infinite Blades","Accuracy","Caltrops","Well Laid Plans","Noxious Fumes","ReplayTheSpireMod:Scrap Shanks","Footwork","Bullet Time","Night Terror","Corpse Explosion","ReplayTheSpireMod:Necrosis","Storm of Steel","infinitespire:Neurotoxin","Phantasmal Killer","Venomology","Burst","Adrenaline","Malaise","Replay:Bag of Tricks","Poison Darts","Doppelganger","Draining Mist","Replay:Poison Smokescreen","Crippling Poison","Leg Sweep","ReplayTheSpireMod:Tripwire","Bouncing Flask","Catalyst","conspire:DoublingDagger","hubris:TrickCloak","Blur","conspire:PoisonWeapons","Distraction","Toxin Wave","Expertise","Setup","Terror","ReplayTheSpireMod:Exploit Weakness","ReplayTheSpireMod:The Works","ReplayTheSpireMod:Speed Training","ReplayTheSpireMod:Shiv Toss","Calculated Gamble","Escape Plan","Concentrate","hubris:Sniper","Reflex","Tactician","Deadly Poison","Blade Dance","hubris:SlightOfHand","PiercingWail","Cloak And Dagger","Hidden Blade","Acrobatics","Backflip","Outmaneuver","Dodge and Roll","Deflect","Prepared","Survivor","Defend_G","Atom Bomb","aspiration:Lunge","Glass Knife","Unload","Die Die Die","Grand Finale","ReplayTheSpireMod:From All Sides","Eviscerate","Choke","Predator","Riddle With Holes","hubris:Counter","Dash","Heel Hook","All Out Attack","Finisher","Flechettes","Endless Agony","Backstab","Masterful Stab","Skewer","Underhanded Strike","Dagger Spray","Poisoned Stab","Quick Slash","Sucker Punch","Flying Knee","Bane","Dagger Throw","Slice","Strike_G","Neutralize","Barricade","Corruption","Demon Form","Juggernaut","Brutality","Berserk","Dark Embrace","Combust","Feel No Pain","Evolve","Inflame","Metallicize","Life Link","Rupture","Fire Breathing","Eclipse","Impervious","Limit Break","Exhume","conspire:Purge","Double Tap","Offering","Replay:Many Hands","Demonic Infusion","Defy Death","Flame Barrier","Shockwave","Entrench","conspire:ExplosiveBarrier","Spot Weakness","Dual Wield","Infernal Blade","Burning Pact","Seeing Red","Disarm","ReplayTheSpireMod:Corrosion Curse","Power Through","ReplayTheSpireMod:Stacked","ReplayReversal","Sentinel","Second Wind","Ghostly Armor","Intimidate","hubris:SharpeningStone","Abandon","Battle Trance","Bloodletting","ReplayTheSpireMod:Muscle Training","Rage","Shrug It Off","Armaments","Havoc","True Grit","Warcry","Flex","hubris:ReadiedAction","Defend_R","hubris:StunningStrike","Hemogenesis","Bludgeon","Immolate","Reaper","conspire:HitWhereItHurts","Fiend Fire","Feed","Blood for Blood","ReplayTheSpireMod:Limb From Limb","Uppercut","Sever Soul","Searing Blow","Carnage","conspire:Charge","Massacre","Hemokinesis","ReplayTheSpireMod:LeadingStrike","Pummel","Rampage","Dropkick","hubris:CleavingFinish","infinitespire:OneForAll","Reckless Charge","Whirlwind","Perfected Strike","Clothesline","Heavy Blade","Cleave+1","Iron Wave","Headbutt","Wild Strike","Sword Boomerang","ReplayTheSpireMod:Strike From Hell","Run Through","Body Slam","Thunderclap","Pommel Strike","Twin Strike","Anger","Clash","Replay:Undeath\u0027s Touch","Bash","Strike_R","Creative AI","Echo Form","hubris:SpecializedCircuitry","Electrodynamics","Buffer","Biased Cognition","Machine Learning","FIFO Queue","conspire:SharedLibrary","Storm","ReplayTheSpireMod:GoodbyeWorld","Self Repair","Defragment","Hello World","Loop","Static Discharge","Heatsinks","Capacitor","Crystallizer","hubris:PowerSurge+1","ReplayTheSpireMod:Fabricate Wheel","hubris:Prefetch","Rainbow","Mirror Shield","Amplify","hubris:DoWhile","Fission","Reboot","Seek","ReplayRNGCard","Multi-Cast","Force Field","Glacier","Consume","Undo","ReplayTheSpireMod:Dual Polarity","Fusion","Aggregate","Chaos","ReplaySort","aspiration:Polymerization","conspire:Rain","Darkness","Auto Shields","Recycle","ReplayTheSpireMod:System Scan","Skim","Time Bomb","Genetic Algorithm","Double Energy+1","Reprogram","White Noise","ReplaySolidLightProjector","ReplayTheSpireMod:Repulse","ReplayTheSpireMod:Calculation Training","ReplayTheSpireMod:Reroute Power","Steam Power","Chill","BootSequence+1","Tempest","Reinforced Body","BasicCrystalCard","Coolheaded","Redo","Stack","Conserve Battery","Hologram","Leap","Panic Button","Turbo","Steam","Dualcast","Zap","Defend_B","Meteor Strike","Thunder Strike","ReplayTheSpireMod:Omega Cannon","All For One","Hyperbeam","Core Surge","Sunder","ReplayGash","Doom and Gloom","Melter","Scrape","hubris:Ukulele","Blizzard","Rip and Tear","Lockon","FTL","Streamline","Rebound","Sweeping Beam","Cold Snap","Ball Lightning","Compile Driver","Barrage","Gash","Go for the Eyes","Beam Cell","Strike_B","Sword Boomerang","Inflame","Metallicize","Pommel Strike","Run Through","Clothesline","Clothesline","Disarm","Corruption","Sword Boomerang","Shrug It Off","FlurryOfBlows","Infernal Blade","conspire:PoisonWeapons","Meteor Strike","Terror","Replay:BluntJabs","Panache","Hallucinations","ReplayTheSpireMod:Uncanny Aura","Regret","Stack","Prepared"],"relics":["Burning Blood","hubris:AstralHammer","Eternal Feather","hubris:MysteriousPyramids","vexMod:BarristanHead","Replay:WaspNest","vexMod:PaidLearning","vexMod:NewClearReactor","PrismaticShard","Whetstone","Regal Pillow","Paper Frog","aspiration:ChemicalBlood","Replay:Ancient Bell","PreservedInsect","ReplayTheSpireMod:Ninjato","Incense Burner","aspiration:Lifesprig","Replay:Mystery Machine","Dream Catcher","hubris:Zylophone"],"acts_visited":["Exordium","TheCity","TheBeyond"],"potions_floor_usage":[18,23,43,46,47,48,48,52,52,52],"damage_taken":[{"damage":0.0,"enemies":"Cultist","floor":1.0,"turns":2.0},{"damage":0.0,"enemies":"2 Louse","floor":6.0,"turns":2.0},{"damage":20.0,"enemies":"Lagavulin","floor":8.0,"turns":3.0},{"damage":0.0,"enemies":"Jaw Worm","floor":9.0,"turns":2.0},{"damage":22.0,"enemies":"Gremlin Nob","floor":10.0,"turns":4.0},{"damage":20.0,"enemies":"Lagavulin","floor":12.0,"turns":6.0},{"damage":0,"enemies":"2 Fungi Beasts","floor":16,"turns":2},{"damage":37,"enemies":"Fading Forest","floor":18,"turns":10},{"damage":11,"enemies":"Spheric Guardian","floor":20,"turns":4},{"damage":5,"enemies":"Book of Stabbing","floor":25,"turns":3},{"damage":0,"enemies":"2 Thieves","floor":26,"turns":3},{"damage":2,"enemies":"3 Cultists","floor":29,"turns":3},{"damage":0,"enemies":"conspire:HollyBat","floor":31,"turns":13},{"damage":10,"enemies":"Replay:Snechameleon","floor":32,"turns":3},{"damage":11,"enemies":"Snake Plant","floor":33,"turns":2},{"damage":0,"enemies":"conspire:MysteriousRune","floor":35,"turns":6},{"damage":26,"enemies":"3 Darklings","floor":37,"turns":3},{"damage":0,"enemies":"Orb Walker","floor":39,"turns":4},{"damage":0,"enemies":"Reptomancer","floor":43,"turns":2},{"damage":55,"enemies":"4 Shapes","floor":44,"turns":4},{"damage":0,"enemies":"Maw","floor":46,"turns":5},{"damage":22,"enemies":"Sphere and 2 Shapes","floor":47,"turns":5},{"damage":18,"enemies":"Nightmare","floor":48,"turns":4},{"damage":0,"enemies":"Spire Growth","floor":49,"turns":2},{"damage":3,"enemies":"Jaw Worm Horde","floor":50,"turns":4},{"damage":131,"enemies":"hubris:GrandSnecko","floor":52,"turns":8}],"seed_played":"6141810206666333462","potions_obtained":[{"floor":1.0,"key":"SteroidPotion"},{"floor":9.0,"key":"Fruit Juice"},{"floor":16,"key":"Swift Potion"},{"floor":23,"key":"Fruit Juice"},{"floor":25,"key":"SkillPotion"},{"floor":32,"key":"DistilledChaos"},{"floor":46,"key":"Block Potion"},{"floor":46,"key":"ElixirPotion"},{"floor":46,"key":"DuplicationPotion"},{"floor":47,"key":"Block Potion"},{"floor":49,"key":"LiquidMemories"},{"floor":52,"key":"ColorlessPotion"},{"floor":52,"key":"Swift Potion"}],"is_trial":true,"path_per_floor":["M","$","?","PTL","PTL","M","$","E","M","E","T","E","$","R","?","M","R","B",null,"M","?","$","?","$","E","M","R","T","M","R","M","E","M","R","B",null,"M","$","M","AVR","?","R","E","M","T","M","M","NM","M","M","R","B"],"character_chosen":"IRONCLAD","items_purchased":["Inflame","vexMod:PaidLearning","Whetstone"],"campfire_rested":1,"item_purchase_floors":[2,13,22],"current_hp_per_floor":[74,74,74,74,74,75,75,61,72,56,56,42,42,80,69,75,80,60,75,70,58,58,63,63,64,70,85,85,85,85,85,85,84,89,89,89,69,69,75,75,75,89,89,40,40,49,33,21,37,46,89,0,0],"gold":736,"neow_bonus":"","is_daily":false,"chose_seed":false,"campfire_upgraded":6,"win_rate":0.0,"timestamp":1610308253,"path_taken":["M","$","?","PTL","PTL","M","?","E","M","E","T","E","$","R","?","?","R","BOSS","M","?","$","?","$","E","M","R","T","?","R","M","E","?","R","BOSS","M","$","M","AVR","?","R","E","M","T","M","?","NM","M","M","R","BOSS"],"items_purchased_type":["Card","Relic","Relic"],"build_version":"2020-12-22","purchased_purges":2,"victory":false,"max_hp_per_floor":[75,75,75,75,75,75,75,75,80,80,80,80,80,80,80,80,80,80,80,80,80,80,85,85,85,85,85,85,85,85,85,85,89,89,89,89,89,89,89,89,89,89,89,89,89,89,89,89,89,89,89,89,89],"card_choices":[{"not_picked":["True Grit","Pummel"],"picked":"Sword Boomerang","floor":1.0},{"not_picked":["Rampage","Carnage"],"picked":"Metallicize","floor":6.0},{"not_picked":["Thunderclap","Pummel"],"picked":"Pommel Strike","floor":8.0},{"not_picked":["Flex","Headbutt"],"picked":"Run Through","floor":9.0},{"not_picked":["Evolve","Combust"],"picked":"Clothesline","floor":10.0},{"not_picked":["Berserk","Feel No Pain"],"picked":"Clothesline","floor":12.0},{"not_picked":["Searing Blow","Wild Strike"],"picked":"Disarm","floor":16},{"not_picked":["Replay:Many Hands","Demon Form"],"picked":"Corruption","floor":18},{"not_picked":["Flex","Pommel Strike"],"picked":"Sword Boomerang","floor":20},{"not_picked":["True Grit","Second Wind"],"picked":"Shrug It Off","floor":21},{"not_picked":["Sucker Punch","Prepared"],"picked":"FlurryOfBlows","floor":25},{"not_picked":["Wallop","Gash"],"picked":"Infernal Blade","floor":26},{"not_picked":["ThirdEye+1","Anger"],"picked":"conspire:PoisonWeapons","floor":29},{"not_picked":["Reckless Charge","PathToVictory"],"picked":"Meteor Strike","floor":31},{"not_picked":["Ghostly Armor","Wild Strike"],"picked":"Terror","floor":32},{"not_picked":["EmptyBody","ReplayReversal"],"picked":"Replay:BluntJabs","floor":33},{"not_picked":["Demon Form","conspire:Purge"],"picked":"Panache","floor":35},{"not_picked":["Amnesia","Overencumbered"],"picked":"Hallucinations","floor":36},{"not_picked":["hubris:Gluttony","hubris:Lust"],"picked":"Sickly","floor":36},{"not_picked":["ReplayTheSpireMod:IOU","hubris:Greed"],"picked":"hubris:Lust","floor":36},{"not_picked":["Infernal Blade","ReplayTheSpireMod:Limb From Limb","ClearTheMind"],"picked":"SKIP","floor":37},{"not_picked":["Battle Trance","Gash"],"picked":"ReplayTheSpireMod:Uncanny Aura","floor":39},{"not_picked":["Gash","BattleHymn"],"picked":"Stack","floor":43},{"not_picked":["Run Through","BowlingBash","Replay:BluntJabs"],"picked":"SKIP","floor":44},{"not_picked":["Expertise","FlurryOfBlows","Sword Boomerang"],"picked":"SKIP","floor":46},{"not_picked":["All Out Attack","Weave","Ball Lightning"],"picked":"SKIP","floor":47},{"not_picked":["Sucker Punch+1","Double Tap","Ball Lightning"],"picked":"SKIP","floor":48},{"not_picked":["Dropkick","Deadly Poison","Acrobatics"],"picked":"SKIP","floor":49},{"not_picked":["Purity","EmptyBody","FlurryOfBlows+1"],"picked":"SKIP","floor":50},{"not_picked":["BowlingBash","Replay:AtTheReady"],"picked":"Prepared","floor":51}],"player_experience":263085,"relics_obtained":[{"floor":3.0,"key":"hubris:AstralHammer"},{"floor":8.0,"key":"Eternal Feather"},{"floor":10.0,"key":"hubris:MysteriousPyramids"},{"floor":11.0,"key":"vexMod:BarristanHead"},{"floor":12.0,"key":"Replay:WaspNest"},{"floor":21,"key":"PrismaticShard"},{"floor":25,"key":"Regal Pillow"},{"floor":28,"key":"Paper Frog"},{"floor":32,"key":"aspiration:ChemicalBlood"},{"floor":43,"key":"Replay:Mystery Machine"},{"floor":45,"key":"Dream Catcher"},{"floor":48,"key":"hubris:Zylophone"}],"event_choices":[{"damage_healed":0.0,"max_hp_gain":0.0,"max_hp_loss":0.0,"gold_gain":0.0,"event_name":"Wheel of Change","player_choice":"Relic","floor":3.0,"gold_loss":0.0,"damage_taken":0.0},{"damage_healed":0,"gold_gain":75,"player_choice":"Gather Gold","damage_taken":11,"max_hp_gain":0,"max_hp_loss":0,"event_name":"World of Goop","floor":15,"gold_loss":0},{"damage_healed":0,"gold_gain":0,"player_choice":"Bought 1 Potion","damage_taken":0,"max_hp_gain":0,"max_hp_loss":0,"event_name":"The Woman in Blue","floor":23,"gold_loss":0},{"damage_healed":0,"gold_gain":275,"player_choice":"Desecrate","damage_taken":0,"max_hp_gain":0,"max_hp_loss":0,"event_name":"Golden Shrine","floor":41,"gold_loss":0,"cards_obtained":["Regret"]}],"is_beta":false,"boss_relics":[{"not_picked":["aspiration:FutureDiary","Philosopher\u0027s Stone"],"picked":"vexMod:NewClearReactor"},{"not_picked":["Cursed Key","hubris:Stopwatch"],"picked":"Replay:Ancient Bell"},{"not_picked":["Toy Ornithopter","Omamori"],"picked":"PreservedInsect"},{"not_picked":["Blue Candle","White Beast Statue"],"picked":"ReplayTheSpireMod:Ninjato"},{"not_picked":["infinitespire:Lychee Nut","hubris:BundleOfHerbs"],"picked":"Incense Burner"}],"items_purged_floors":[38,40],"is_endless":false,"potions_floor_spawned":[1,9,16,25,32,35,39,46,49],"killed_by":"hubris:GrandSnecko","ascension_level":20}}