{"host":"q9718omregw4er46","time":1610292720,"event":{"mods":["BaseMod","Bestiary","Colored Powertips","Minty Spire (QoL Compilation)","Quick Restart","Relic Stats"],"gold_per_floor":[140,140,175,216,216,247,247,247,247,212,252,252,316,230,230,332,332,376,426,476,476,159,159,217,217,217,19,19,62,121,168,168,168,168],"floor_reached":33,"playtime":1240,"items_purged":["Writhe"],"score":736,"play_id":"6c88a114-8f90-4987-bfd2-5303144f62dd","local_time":"20210110203200","is_ascension_mode":true,"campfire_choices":[{"floor":7.0,"key":"REST"},{"data":"Wish","floor":12.0,"key":"SMITH"},{"data":"Conclude","floor":15.0,"key":"SMITH"},{"floor":23.0,"key":"REST"},{"data":"TalkToTheHand","floor":25.0,"key":"SMITH"},{"data":"Blasphemy","floor":28.0,"key":"SMITH"},{"data":"WheelKick","floor":32.0,"key":"SMITH"}],"circlet_count":0,"master_deck":["AscendersBane","Strike_P","Strike_P","Defend_P+1","Defend_P","Defend_P","Defend_P","Eruption","Vigilance","Wish+1","Crescendo","Halt","WheelKick+1","DeusExMachina+1","Conclude+1","Blasphemy+1","EmptyMind+1","TalkToTheHand+1","Apotheosis"],"relics":["PureWater","Thread and Needle","InkBottle","Unceasing Top","Snecko Eye","Bag of Preparation","War Paint","Meat on the Bone","Gremlin Horn","Mummified Hand"],"acts_visited":["Exordium","TheCity"],"potions_floor_usage":[],"damage_taken":[{"damage":11.0,"enemies":"Small Slimes","floor":1.0,"turns":6.0},{"damage":11.0,"enemies":"Cultist","floor":3.0,"turns":4.0},{"damage":3.0,"enemies":"Jaw Worm","floor":4.0,"turns":7.0},{"damage":17.0,"enemies":"3 Sentries","floor":6.0,"turns":12.0},{"damage":16.0,"enemies":"Large Slime","floor":11.0,"turns":5.0},{"damage":0.0,"enemies":"Lagavulin","floor":13.0,"turns":7.0},{"damage":13.0,"enemies":"Slime Boss","floor":16.0,"turns":5.0},{"damage":18.0,"enemies":"Shell Parasite","floor":18.0,"turns":2.0},{"damage":19.0,"enemies":"Chosen","floor":19.0,"turns":5.0},{"damage":0.0,"enemies":"3 Cultists","floor":20.0,"turns":2.0},{"damage":0.0,"enemies":"Gremlin Leader","floor":24.0,"turns":3.0},{"damage":0.0,"enemies":"Centurion and Healer","floor":29.0,"turns":4.0},{"damage":0.0,"enemies":"Slavers","floor":30.0,"turns":4.0},{"damage":0.0,"enemies":"Chosen and Byrds","floor":31.0,"turns":4.0},{"damage":125,"enemies":"Automaton","floor":33,"turns":6}],"seed_played":"8631449350751022921","potions_obtained":[{"floor":4.0,"key":"DistilledChaos"},{"floor":11.0,"key":"Regen Potion"},{"floor":16.0,"key":"FearPotion"},{"floor":18.0,"key":"DistilledChaos"},{"floor":19.0,"key":"Fire Potion"}],"is_trial":false,"path_per_floor":["M","?","M","M","?","E","R","?","T","?","M","R","E","$","R","B",null,"M","M","M","?","$","R","E","R","T","$","R","M","E","M","R","B"],"character_chosen":"WATCHER","items_purchased":["Conclude","TalkToTheHand","War Paint","Apotheosis"],"campfire_rested":2,"item_purchase_floors":[14,22,22,27],"current_hp_per_floor":[32,32,21,18,18,1,21,14,14,31,15,15,15,15,15,16,55,37,18,18,18,18,38,38,38,38,38,38,38,38,38,38,0,0],"gold":168,"neow_bonus":"THREE_RARE_CARDS","is_daily":false,"chose_seed":false,"campfire_upgraded":5,"win_rate":0.0,"timestamp":1610292720,"path_taken":["M","?","M","?","?","E","R","?","T","?","M","R","E","?","R","BOSS","M","M","M","?","$","R","E","R","T","$","R","M","E","M","R","BOSS"],"items_purchased_type":["Card","Card","Relic","Card"],"build_version":"2020-12-22","purchased_purges":1,"victory":false,"max_hp_per_floor":[68,68,68,68,68,68,68,68,68,68,68,68,68,68,68,68,68,68,68,68,68,68,68,68,68,68,68,68,68,68,68,68,68,68],"relic_stats":{"Gremlin Horn":[5,5],"counters":[15,76],"Mummified Hand":[0],"Snecko Eye":[62,68,49,52],"Bag of Preparation":[6],"War Paint":["DeusExMachina","Defend_P"],"obtain_stats":[{"Gremlin Horn":26,"Mummified Hand":30,"Snecko Eye":17,"Thread and Needle":6,"Bag of Preparation":21,"PureWater":0,"War Paint":22,"InkBottle":9,"Unceasing Top":13,"Meat on the Bone":24},{"Gremlin Horn":11,"Mummified Hand":13,"Snecko Eye":7,"Thread and Needle":4,"Bag of Preparation":10,"PureWater":0,"War Paint":10,"InkBottle":4,"Unceasing Top":6,"Meat on the Bone":11},{"Gremlin Horn":58,"Mummified Hand":66,"Snecko Eye":46,"Thread and Needle":29,"Bag of Preparation":55,"PureWater":0,"War Paint":55,"InkBottle":29,"Unceasing Top":41,"Meat on the Bone":58}],"InkBottle":[17],"Unceasing Top":[0],"Meat on the Bone":0},"card_choices":[{"not_picked":["Judgement","Devotion"],"picked":"Wish","floor":0.0},{"not_picked":["JustLucky","Pray"],"picked":"Crescendo","floor":1.0},{"not_picked":["PathToVictory","Study"],"picked":"Halt","floor":3.0},{"not_picked":["SignatureMove","WreathOfFlame"],"picked":"WheelKick","floor":4.0},{"not_picked":["Sanctity","Perseverance","Collect"],"picked":"SKIP","floor":6.0},{"not_picked":["InnerPeace","Adaptation"],"picked":"DeusExMachina","floor":11.0},{"not_picked":["Protect","ReachHeaven","LikeWater"],"picked":"SKIP","floor":13.0},{"not_picked":["MasterReality","DeusExMachina"],"picked":"Blasphemy","floor":16.0},{"not_picked":["Halt","ForeignInfluence","JustLucky"],"picked":"SKIP","floor":18.0},{"not_picked":["WreathOfFlame","PathToVictory+1","EmptyFist"],"picked":"SKIP","floor":19.0},{"not_picked":["Collect+1","Evaluate"],"picked":"EmptyMind+1","floor":20.0},{"not_picked":["CarveReality","Nirvana","ReachHeaven"],"picked":"SKIP","floor":24.0},{"not_picked":["BowlingBash","ThirdEye","Halt"],"picked":"SKIP","floor":29.0},{"not_picked":["DeceiveReality","ReachHeaven","Vengeance"],"picked":"SKIP","floor":30.0},{"not_picked":["SignatureMove","PathToVictory","Crescendo"],"picked":"SKIP","floor":31.0}],"player_experience":1197588,"relics_obtained":[{"floor":6.0,"key":"Thread and Needle"},{"floor":9.0,"key":"InkBottle"},{"floor":13.0,"key":"Unceasing Top"},{"floor":24.0,"key":"Meat on the Bone"},{"floor":26.0,"key":"Gremlin Horn"},{"floor":30.0,"key":"Mummified Hand"}],"event_choices":[{"cards_removed":["Strike_P"],"damage_healed":0.0,"max_hp_gain":0.0,"max_hp_loss":0.0,"gold_gain":0.0,"event_name":"Bonfire Elementals","player_choice":"Offered Basic","floor":2.0,"gold_loss":0.0,"damage_taken":0.0},{"damage_healed":0.0,"max_hp_gain":0.0,"max_hp_loss":0.0,"gold_gain":0.0,"event_name":"Liars Game","player_choice":"Ignored","floor":5.0,"gold_loss":0.0,"damage_taken":0.0},{"cards_removed":["Strike_P"],"damage_healed":0.0,"max_hp_gain":0.0,"max_hp_loss":0.0,"gold_gain":0.0,"event_name":"Golden Wing","player_choice":"Card Removal","floor":8.0,"gold_loss":0.0,"damage_taken":7.0},{"damage_healed":17.0,"max_hp_gain":0.0,"max_hp_loss":0.0,"gold_gain":0.0,"event_name":"The Cleric","player_choice":"Healed","floor":10.0,"gold_loss":35.0,"damage_taken":0.0},{"damage_healed":0.0,"max_hp_gain":0.0,"max_hp_loss":0.0,"gold_gain":0.0,"event_name":"The Mausoleum","player_choice":"Opened","floor":21.0,"gold_loss":0.0,"damage_taken":0.0,"relics_obtained":["Bag of Preparation"],"cards_obtained":["Writhe"]}],"is_beta":false,"boss_relics":[{"not_picked":["Busted Crown","Empty Cage"],"picked":"Snecko Eye"}],"items_purged_floors":[22],"is_endless":false,"potions_floor_spawned":[4,11,16,18,19,29],"killed_by":"Automaton","ascension_level":20}}