{"host":"9tzam4717zt8ei1o","time":1610286846,"event":{"mods":["BaseMod","Colored Map","Keyboard Shortcuts","Minty Spire (QoL Compilation)","Quick Restart","StSLib","SuperFastMode"],"gold_per_floor":[118,136,211,20,20,55,55,83,108,125,125,152,162,188,188,266,266,285,27,38,38,38,63,78,103,103,103,103,136,146,181,181,260,260,274,299,174,174,191,191,191,219,243,263,294,61,74,101,101,101,101,101,101,21,51,51],"floor_reached":57,"playtime":1797,"items_purged":["Strike_G","Strike_G","Defend_G"],"score":3238,"play_id":"c1793f13-4026-4612-9b21-d0f6bc24686d","local_time":"20210110225406","is_ascension_mode":true,"campfire_choices":[{"data":"A Thousand Cuts","floor":7.0,"key":"SMITH"},{"data":"Footwork","floor":11.0,"key":"SMITH"},{"data":"Neutralize","floor":15.0,"key":"SMITH"},{"data":"Venomology","floor":28.0,"key":"SMITH"},{"data":"Adrenaline","floor":32.0,"key":"SMITH"},{"data":"After Image","floor":40.0,"key":"SMITH"},{"floor":49.0,"key":"RECALL"},{"data":"Blur","floor":53.0,"key":"SMITH"}],"circlet_count":0,"master_deck":["AscendersBane","Defend_G","Defend_G","Survivor","Neutralize+1","Masterful Stab","A Thousand Cuts+1","Footwork+1","Flying Knee","Dagger Spray","Adrenaline+1","Backflip","Venomology+1","Blur+1","Dodge and Roll+1","Blur+1","After Image+1","Blade Dance+1","Metamorphosis"],"relics":["Ring of the Snake","NeowsBlessing","PreservedInsect","Art of War","Oddly Smooth Stone","WingedGreaves","Strawberry","Empty Cage","Medical Kit","Mercury Hourglass","Orichalcum","Incense Burner","Anchor","Unceasing Top","Coffee Dripper","Bird Faced Urn","The Courier","Snake Skull","Membership Card","Ornamental Fan","Regal Pillow","Paper Crane"],"acts_visited":["Exordium","TheCity","TheBeyond","TheEnding"],"potions_floor_usage":[56,56,56],"damage_taken":[{"damage":0.0,"enemies":"Jaw Worm","floor":1.0,"turns":1.0},{"damage":0.0,"enemies":"Small Slimes","floor":2.0,"turns":1.0},{"damage":0.0,"enemies":"Lagavulin","floor":6.0,"turns":1.0},{"damage":12.0,"enemies":"3 Sentries","floor":8.0,"turns":4.0},{"damage":0.0,"enemies":"Cultist","floor":10.0,"turns":3.0},{"damage":2.0,"enemies":"Lagavulin","floor":12.0,"turns":7.0},{"damage":2.0,"enemies":"3 Louse","floor":13.0,"turns":2.0},{"damage":0.0,"enemies":"3 Sentries","floor":14.0,"turns":3.0},{"damage":3.0,"enemies":"The Guardian","floor":16.0,"turns":13.0},{"damage":12.0,"enemies":"Spheric Guardian","floor":18.0,"turns":6.0},{"damage":0.0,"enemies":"Chosen","floor":20.0,"turns":5.0},{"damage":24.0,"enemies":"Book of Stabbing","floor":23.0,"turns":5.0},{"damage":0.0,"enemies":"3 Cultists","floor":24.0,"turns":4.0},{"damage":12.0,"enemies":"Slavers","floor":25.0,"turns":3.0},{"damage":5.0,"enemies":"Book of Stabbing","floor":29.0,"turns":6.0},{"damage":0.0,"enemies":"Snake Plant","floor":30.0,"turns":5.0},{"damage":0.0,"enemies":"Slavers","floor":31.0,"turns":5.0},{"damage":0.0,"enemies":"Automaton","floor":33.0,"turns":18.0},{"damage":0.0,"enemies":"3 Darklings","floor":35.0,"turns":4.0},{"damage":0.0,"enemies":"Mind Bloom Boss Battle","floor":36.0,"turns":7.0},{"damage":0.0,"enemies":"Orb Walker","floor":39.0,"turns":4.0},{"damage":9.0,"enemies":"Nemesis","floor":42.0,"turns":10.0},{"damage":0.0,"enemies":"Transient","floor":44.0,"turns":6.0},{"damage":0.0,"enemies":"Reptomancer","floor":45.0,"turns":7.0},{"damage":0.0,"enemies":"Spire Growth","floor":47.0,"turns":8.0},{"damage":8.0,"enemies":"Nemesis","floor":48.0,"turns":9.0},{"damage":0.0,"enemies":"Donu and Deca","floor":50.0,"turns":13.0},{"damage":46.0,"enemies":"Time Eater","floor":51.0,"turns":17.0},{"damage":49.0,"enemies":"Shield and Spear","floor":55.0,"turns":8.0},{"damage":9,"enemies":"The Heart","floor":56,"turns":13}],"seed_played":"-374212007000578371","potions_obtained":[{"floor":2.0,"key":"CunningPotion"},{"floor":10.0,"key":"Dexterity Potion"},{"floor":13.0,"key":"Weak Potion"},{"floor":14.0,"key":"SkillPotion"},{"floor":23.0,"key":"SpeedPotion"},{"floor":24.0,"key":"Explosive Potion"},{"floor":33.0,"key":"SteroidPotion"},{"floor":36.0,"key":"Block Potion"},{"floor":42.0,"key":"Energy Potion"},{"floor":44.0,"key":"Ancient Potion"},{"floor":47.0,"key":"LiquidMemories"}],"is_trial":false,"path_per_floor":["M","M","?","$","?","E","R","E","T","M","R","E","M","E","R","B",null,"M","$","M","?","?","E","M","E","T","$","R","E","M","E","R","B",null,"M","?","$","?","M","R","?","E","T","M","E","$","M","E","R","B","B",null,"R","$","E","B",null],"character_chosen":"THE_SILENT","items_purchased":["Footwork","Flying Knee","Medical Kit","Membership Card","Ornamental Fan","Metamorphosis"],"campfire_rested":0,"item_purchase_floors":[4,4,19,46,46,54],"current_hp_per_floor":[59,59,48,48,48,48,48,36,36,36,36,34,32,39,39,36,64,52,52,52,52,52,28,28,16,16,16,16,11,11,11,11,11,58,58,58,58,58,64,64,64,60,60,66,69,69,69,61,61,67,27,59,59,59,16,15],"gold":51,"neow_bonus":"THREE_ENEMY_KILL","is_daily":false,"chose_seed":false,"campfire_upgraded":7,"win_rate":0.0,"timestamp":1610286846,"path_taken":["M","M","?","$","?","E","R","E","T","?","R","E","M","E","R","BOSS","M","$","M","?","?","E","M","E","T","$","R","E","M","E","R","BOSS","M","?","$","?","M","R","?","E","T","M","E","$","?","E","R","BOSS","BOSS","R","$","E","BOSS"],"items_purchased_type":["Card","Card","Relic","Relic","Relic","Card"],"build_version":"2020-12-22","purchased_purges":3,"victory":true,"max_hp_per_floor":[66,66,66,66,66,66,66,66,66,66,66,66,66,73,73,73,73,73,73,73,73,73,73,73,73,73,73,73,73,73,73,73,73,73,73,73,73,69,69,69,69,69,69,69,69,69,69,69,69,69,69,69,69,69,69,69],"card_choices":[{"not_picked":["Dagger Spray","Sucker Punch"],"picked":"Masterful Stab","floor":1.0},{"not_picked":["Flying Knee","Deadly Poison"],"picked":"A Thousand Cuts","floor":2.0},{"not_picked":["Bane","Deflect"],"picked":"Dagger Spray","floor":6.0},{"not_picked":["Riddle With Holes","Slice"],"picked":"Adrenaline","floor":8.0},{"not_picked":["Caltrops","Underhanded Strike"],"picked":"Backflip","floor":10.0},{"not_picked":["Quick Slash","Distraction","Bouncing Flask"],"picked":"SKIP","floor":12.0},{"not_picked":["Sucker Punch","Flying Knee","Masterful Stab"],"picked":"SKIP","floor":13.0},{"not_picked":["Quick Slash","Concentrate","Predator"],"picked":"SKIP","floor":14.0},{"not_picked":["Burst","Corpse Explosion"],"picked":"Venomology","floor":16.0},{"not_picked":["Flying Knee","Choke","Dagger Spray"],"picked":"SKIP","floor":18.0},{"not_picked":["Dagger Throw","Concentrate","Crippling Poison"],"picked":"SKIP","floor":20.0},{"not_picked":["Infinite Blades","Well Laid Plans"],"picked":"Blur+1","floor":23.0},{"not_picked":["Sucker Punch","Wraith Form v2","Dagger Spray+1"],"picked":"SKIP","floor":24.0},{"not_picked":["Sucker Punch","Wraith Form v2","Dagger Spray+1"],"picked":"SKIP","floor":24.0},{"not_picked":["All Out Attack","Cloak And Dagger","Deflect"],"picked":"SKIP","floor":25.0},{"not_picked":["Deadly Poison","Envenom"],"picked":"Dodge and Roll+1","floor":29.0},{"not_picked":["Sucker Punch","Leg Sweep","Backstab"],"picked":"SKIP","floor":30.0},{"not_picked":["Dagger Spray","Storm of Steel"],"picked":"Blur","floor":31.0},{"not_picked":["Adrenaline","Glass Knife"],"picked":"After Image","floor":33.0},{"not_picked":["Dash","Skewer","Outmaneuver"],"picked":"SKIP","floor":35.0},{"not_picked":["PiercingWail","Backflip","Flying Knee+1"],"picked":"SKIP","floor":39.0},{"not_picked":["Leg Sweep","Unload","Expertise+1"],"picked":"SKIP","floor":42.0},{"not_picked":["Dagger Throw","Prepared","Masterful Stab"],"picked":"SKIP","floor":44.0},{"not_picked":["Caltrops","Slice","Flying Knee"],"picked":"SKIP","floor":45.0},{"not_picked":["Deflect","Dagger Spray+1","Poisoned Stab"],"picked":"SKIP","floor":47.0},{"not_picked":["Deflect","Expertise","Blade Dance+1"],"picked":"SKIP","floor":48.0},{"not_picked":["Deflect","Expertise"],"picked":"Blade Dance+1","floor":48.0},{"not_picked":["Masterful Stab","Riddle With Holes","Bullet Time"],"picked":"SKIP","floor":55.0}],"player_experience":177525,"relics_obtained":[{"floor":6.0,"key":"PreservedInsect"},{"floor":8.0,"key":"Art of War"},{"floor":9.0,"key":"Oddly Smooth Stone"},{"floor":12.0,"key":"WingedGreaves"},{"floor":14.0,"key":"Strawberry"},{"floor":23.0,"key":"Mercury Hourglass"},{"floor":25.0,"key":"Orichalcum"},{"floor":26.0,"key":"Incense Burner"},{"floor":29.0,"key":"Anchor"},{"floor":31.0,"key":"Unceasing Top"},{"floor":36.0,"key":"Bird Faced Urn"},{"floor":42.0,"key":"The Courier"},{"floor":45.0,"key":"Snake Skull"},{"floor":48.0,"key":"Regal Pillow"},{"floor":55.0,"key":"Paper Crane"}],"event_choices":[{"damage_healed":0.0,"max_hp_gain":0.0,"max_hp_loss":0.0,"gold_gain":75.0,"event_name":"World of Goop","player_choice":"Gather Gold","floor":3.0,"gold_loss":0.0,"damage_taken":11.0},{"cards_removed":["Strike_G"],"damage_healed":0.0,"max_hp_gain":0.0,"max_hp_loss":0.0,"gold_gain":0.0,"event_name":"Purifier","player_choice":"Purged","floor":5.0,"gold_loss":0.0,"damage_taken":0.0},{"damage_healed":0.0,"max_hp_gain":0.0,"max_hp_loss":0.0,"gold_gain":0.0,"event_name":"Ghosts","player_choice":"Ignored","floor":21.0,"gold_loss":0.0,"damage_taken":0.0},{"cards_removed":["Defend_G"],"damage_healed":0.0,"max_hp_gain":0.0,"max_hp_loss":0.0,"gold_gain":0.0,"event_name":"Back to Basics","player_choice":"Elegance","floor":22.0,"gold_loss":0.0,"damage_taken":0.0},{"damage_healed":0.0,"max_hp_gain":0.0,"max_hp_loss":0.0,"gold_gain":0.0,"event_name":"MindBloom","player_choice":"Fight","floor":36.0,"gold_loss":0.0,"damage_taken":0.0},{"damage_healed":0.0,"max_hp_gain":0.0,"max_hp_loss":4.0,"gold_gain":0.0,"event_name":"Winding Halls","player_choice":"Max HP","floor":38.0,"gold_loss":0.0,"damage_taken":0.0},{"cards_removed":["Defend_G"],"damage_healed":0.0,"max_hp_gain":0.0,"max_hp_loss":0.0,"gold_gain":0.0,"event_name":"Purifier","player_choice":"Purged","floor":41.0,"gold_loss":0.0,"damage_taken":0.0}],"is_beta":false,"boss_relics":[{"not_picked":["Sozu","SlaversCollar"],"picked":"Empty Cage"},{"not_picked":["Ring of the Serpent","Snecko Eye"],"picked":"Coffee Dripper"}],"items_purged_floors":[4,19,37],"is_endless":false,"potions_floor_spawned":[2,10,13,14,23,24,33,36,42,44,47,55],"ascension_level":20}}