{"host":"uvd23xk3ig6bv7xx","time":1610300960,"event":{"mods":["BaseMod","Colored Powertips","Minty Spire (QoL Compilation)","Quick Restart","Replay The Spire","StSLib","SuperFastMode"],"gold_per_floor":[114,114,114,126,51,51,80,3,3,28,28,41,59,75,75,171,171,171,171],"floor_reached":18,"playtime":514,"items_purged":["Strike_R"],"score":195,"play_id":"1dc5dc48-cd0e-4221-8db2-b15b9e5ff17d","local_time":"20210111014920","is_ascension_mode":false,"campfire_choices":[{"data":"Flex","floor":11,"key":"SMITH"},{"data":"Body Slam","floor":15,"key":"SMITH"}],"circlet_count":0,"master_deck":["Strike_R","Strike_R","Strike_R","Defend_R","Defend_R","Defend_R","Bash","Thunderclap","Headbutt+1","Body Slam","Flex+1","Flame Barrier","Body Slam+1","Whirlwind","Ghostly Armor","Demon Form"],"relics":["Burning Blood","NeowsBlessing","Replay:Baseball","Replay:Bottled Steam"],"acts_visited":["Exordium","TheCity"],"potions_floor_usage":[10,16],"damage_taken":[{"damage":0,"enemies":"Small Slimes","floor":1,"turns":1},{"damage":0,"enemies":"Jaw Worm","floor":4,"turns":1},{"damage":0,"enemies":"3 Sentries","floor":7,"turns":2},{"damage":29,"enemies":"Lagavulin","floor":10,"turns":7},{"damage":0,"enemies":"2 Louse","floor":12,"turns":3},{"damage":8,"enemies":"Red Slaver","floor":13,"turns":3},{"damage":0,"enemies":"Blue Slaver","floor":14,"turns":3},{"damage":14,"enemies":"The Guardian","floor":16,"turns":14},{"damage":0,"enemies":"Chosen","floor":18,"turns":1}],"seed_played":"6343213180811257143","potions_obtained":[{"floor":7,"key":"LiquidBronze"},{"floor":10,"key":"BloodPotion"},{"floor":13,"key":"HeartOfIron"}],"is_trial":false,"path_per_floor":["M","?","?","M","$","?","E","$","T","E","R","M","M","M","R","B",null,"M"],"character_chosen":"IRONCLAD","items_purchased":["Flame Barrier"],"campfire_rested":0,"item_purchase_floors":[8],"current_hp_per_floor":[80,85,85,85,85,85,85,85,85,62,62,68,66,72,72,64,85,85,85],"gold":171,"neow_bonus":"THREE_ENEMY_KILL","is_daily":false,"chose_seed":false,"campfire_upgraded":2,"win_rate":0.0,"timestamp":1610300960,"path_taken":["M","?","?","M","$","?","E","?","T","E","R","M","?","M","R","BOSS","M"],"items_purchased_type":["Card"],"build_version":"2020-12-22","purchased_purges":1,"victory":false,"max_hp_per_floor":[80,85,85,85,85,85,85,85,85,85,85,85,85,85,85,85,85,85,85],"card_choices":[{"not_picked":["ReplayTheSpireMod:Strike From Hell","True Grit"],"picked":"Thunderclap","floor":1},{"not_picked":["Disarm","Thunderclap"],"picked":"Body Slam","floor":4},{"not_picked":["Havoc","Clash"],"picked":"Flex","floor":7},{"not_picked":["Replay:Undeath\u0027s Touch","Run Through"],"picked":"Body Slam","floor":10},{"not_picked":["Disarm","Clothesline"],"picked":"Whirlwind","floor":12},{"not_picked":["Sword Boomerang","Rage","Heavy Blade"],"picked":"SKIP","floor":13},{"not_picked":["Armaments","Immolate"],"picked":"Ghostly Armor","floor":14},{"not_picked":["Exhume","Replay:Many Hands"],"picked":"Demon Form","floor":16}],"player_experience":324195,"relics_obtained":[{"floor":7,"key":"Replay:Baseball"},{"floor":10,"key":"Replay:Bottled Steam"}],"event_choices":[{"damage_healed":0,"gold_gain":0,"player_choice":"Donut","damage_taken":0,"max_hp_gain":5,"max_hp_loss":0,"event_name":"Big Fish","floor":2,"gold_loss":0}],"is_beta":false,"boss_relics":[{"not_picked":["Replay:Ancient Bell","Ooze Armor","Replay:Drink Me"]}],"items_purged_floors":[5],"is_endless":false,"potions_floor_spawned":[7,10,13],"killed_by":"Chosen","ascension_level":0}}