{"host":"51mqhfpmwwd4kxyt","time":1610251673,"event":{"mods":["BaseMod","Downfall","Googly Eyes","Highlight Path","Minty Spire (QoL Compilation)","READ ME - Guardian Mod","StSLib","The Cursed","The Servant 0.9.4"],"gold_per_floor":[115,132,207,224,204,232,232,257,284,284,296,296,311,325,325,426,426,437,34,48,48,48],"floor_reached":21,"playtime":872,"items_purged":["Strike_B"],"score":258,"play_id":"fe3940d8-ffdf-4a2e-8b1e-a80706cdb612","local_time":"20210109230753","is_ascension_mode":true,"campfire_choices":[{"floor":7,"key":"REST"},{"floor":10,"key":"REST"},{"data":"Machine Learning","floor":12,"key":"SMITH"},{"floor":15,"key":"REST"}],"circlet_count":0,"master_deck":["Strike_B","Defend_B","Defend_B","Defend_B","Defend_B","Zap","Dualcast","Static Discharge","Melter","Conserve Battery","Skim","Recycle","Storm","Machine Learning+1","Capacitor","Loop","Amplify","Coolheaded","Bandage Up","Defragment","Recycle","Electrodynamics"],"relics":["Cracked Core","Art of War","Oddly Smooth Stone","Smiling Mask","Runic Pyramid","Medical Kit"],"acts_visited":["Exordium","TheCity"],"potions_floor_usage":[6,8,14,18,21],"damage_taken":[{"damage":5,"enemies":"2 Louse","floor":1,"turns":3},{"damage":1,"enemies":"Cultist","floor":2,"turns":3},{"damage":7,"enemies":"Jaw Worm","floor":4,"turns":4},{"damage":18,"enemies":"Gremlin Nob","floor":6,"turns":4},{"damage":18,"enemies":"3 Sentries","floor":8,"turns":7},{"damage":4,"enemies":"2 Fungi Beasts","floor":11,"turns":4},{"damage":5,"enemies":"Looter","floor":13,"turns":3},{"damage":2,"enemies":"3 Louse","floor":14,"turns":3},{"damage":36,"enemies":"The Guardian","floor":16,"turns":11},{"damage":31,"enemies":"3 Byrds","floor":18,"turns":4},{"damage":13,"enemies":"Chosen","floor":20,"turns":6},{"damage":20,"enemies":"Centurion and Healer","floor":21,"turns":4}],"seed_played":"-6385278968559912971","potions_obtained":[{"floor":1,"key":"Dexterity Potion"},{"floor":2,"key":"Strength Potion"},{"floor":5,"key":"sneckomod:MuddlingPotion"},{"floor":11,"key":"DistilledChaos"},{"floor":20,"key":"sneckomod:MuddlingPotion"}],"is_trial":false,"path_per_floor":["M","M","?","M","?","E","R","E","T","R","M","R","M","M","R","B",null,"M","$","M","M"],"character_chosen":"DEFECT","items_purchased":["Bandage Up","Medical Kit","Defragment","Recycle"],"campfire_rested":3,"item_purchase_floors":[19,19,19,19],"current_hp_per_floor":[63,62,51,44,44,26,46,28,28,48,44,44,39,37,57,21,56,25,25,16,0,0],"gold":48,"neow_bonus":"TRANSFORM_TWO_CARDS","is_daily":false,"chose_seed":false,"campfire_upgraded":1,"win_rate":0.0,"timestamp":1610251673,"path_taken":["M","M","?","M","?","E","R","E","T","R","M","R","M","M","R","BOSS","M","$","M","M"],"items_purchased_type":["Card","Relic","Card","Card"],"build_version":"2020-12-22","purchased_purges":1,"victory":false,"max_hp_per_floor":[68,68,68,68,68,68,68,68,68,68,68,68,68,68,68,68,68,68,68,68,68,68],"card_choices":[{"not_picked":["BootSequence","Streamline"],"picked":"Conserve Battery","floor":1},{"not_picked":["Double Energy","Chaos"],"picked":"Skim","floor":2},{"not_picked":["Static Discharge","Redo","Undo"],"picked":"SKIP","floor":4},{"not_picked":["Streamline","Cold Snap"],"picked":"Recycle","floor":6},{"not_picked":["Coolheaded","Undo"],"picked":"Storm","floor":8},{"not_picked":["Cold Snap","Rebound"],"picked":"Machine Learning","floor":11},{"not_picked":["Streamline","Rebound"],"picked":"Capacitor","floor":13},{"not_picked":["FTL","Recycle"],"picked":"Loop","floor":14},{"not_picked":["Buffer","Rainbow"],"picked":"Amplify","floor":16},{"not_picked":["Cold Snap","Beam Cell+1"],"picked":"Coolheaded","floor":18},{"not_picked":["Sweeping Beam+1","Conserve Battery+1"],"picked":"Electrodynamics","floor":20}],"player_experience":375801,"relics_obtained":[{"floor":6,"key":"Art of War"},{"floor":8,"key":"Oddly Smooth Stone"},{"floor":9,"key":"Smiling Mask"}],"event_choices":[{"damage_healed":0,"gold_gain":75,"player_choice":"Gather Gold","damage_taken":11,"max_hp_gain":0,"max_hp_loss":0,"event_name":"World of Goop","floor":3,"gold_loss":0},{"damage_healed":0,"gold_gain":0,"player_choice":"Bought 1 Potion","damage_taken":0,"max_hp_gain":0,"max_hp_loss":0,"event_name":"The Woman in Blue","floor":5,"gold_loss":0}],"is_beta":false,"boss_relics":[{"not_picked":["Astrolabe","Tiny House"],"picked":"Runic Pyramid"}],"items_purged_floors":[19],"is_endless":false,"potions_floor_spawned":[1,2,11,20],"killed_by":"Centurion and Healer","ascension_level":7}}