{"host":"xt3o4iokwksypl90","time":1610316907,"event":{"mods":["AchievementEnabler","BaseMod","Googly Eyes","Highlight Path","Minty Spire (QoL Compilation)","Permanent Neow"],"gold_per_floor":[112,122,122,47,47,80,99,134,134,159,159,193,207,225,225,330,330,347,347,307,11,30,49,76,26,26,56,56,74,94,108,108,209,209,229,229,245,245,70,100,100,126,126,157,173,191,191,204,204,204,204,204,39,71,71],"floor_reached":56,"playtime":5055,"items_purged":["Strike_B","Strike_B+1","Strike_B+1","Defend_B+1"],"score":1721,"play_id":"f76d2814-25ef-4ccb-9bf5-5c71dc5fe72c","local_time":"20210110231507","is_ascension_mode":true,"campfire_choices":[{"data":"Streamline","floor":11.0,"key":"SMITH"},{"data":"FTL","floor":15.0,"key":"SMITH"},{"data":"Zap","floor":28.0,"key":"SMITH"},{"floor":32.0,"key":"REST"},{"data":"Hologram","floor":41.0,"key":"SMITH"},{"floor":47,"key":"RECALL"},{"data":"SpiritShield","floor":49,"key":"SMITH"},{"data":"Aggregate","floor":52,"key":"SMITH"}],"circlet_count":0,"master_deck":["Strike_B+1","Defend_B+1","Defend_B+1","Zap+1","Dualcast+1","Rebound","Streamline+1","Glacier","Beam Cell","Genetic Algorithm","Machine Learning","Double Energy+1","FTL+1","Doom and Gloom","All For One","CurseOfTheBell","Steam Power+1","Aggregate+1","Scrape+1","Go for the Eyes+1","Undo+1","Beam Cell+1","Tempest+1","Hologram+1","Coolheaded+1","Multi-Cast","Finesse","Defragment","All For One","SpiritShield+1","Burning Pact+1","Dark Embrace+1","Halt+1","Defragment+1","Escape Plan+1","Turbo"],"relics":["Cracked Core","NeowsBlessing","Cables","Mercury Hourglass","Symbiotic Virus","Prayer Wheel","Pen Nib","Calling Bell","DataDisk","InkBottle","Ginger","Membership Card","Torii","Bottled Flame","HornCleat","Calipers","Sozu","PrismaticShard","Dead Branch","Frozen Egg 2","Vajra","Orrery","Akabeko"],"acts_visited":["Exordium","TheCity","TheBeyond","TheEnding"],"potions_floor_usage":[55],"damage_taken":[{"damage":0.0,"enemies":"2 Louse","floor":1.0,"turns":1.0},{"damage":0.0,"enemies":"Small Slimes","floor":2.0,"turns":1.0},{"damage":0.0,"enemies":"Gremlin Nob","floor":6.0,"turns":1.0},{"damage":0.0,"enemies":"Cultist","floor":7.0,"turns":3.0},{"damage":10.0,"enemies":"3 Sentries","floor":8.0,"turns":8.0},{"damage":9.0,"enemies":"Lagavulin","floor":10.0,"turns":4.0},{"damage":18.0,"enemies":"Gremlin Nob","floor":12.0,"turns":3.0},{"damage":3.0,"enemies":"Blue Slaver","floor":13.0,"turns":2.0},{"damage":0.0,"enemies":"Large Slime","floor":14.0,"turns":3.0},{"damage":0.0,"enemies":"Slime Boss","floor":16.0,"turns":5.0},{"damage":5.0,"enemies":"Shell Parasite","floor":18.0,"turns":4.0},{"damage":0.0,"enemies":"Chosen","floor":22.0,"turns":3.0},{"damage":10.0,"enemies":"Centurion and Healer","floor":23.0,"turns":2.0},{"damage":0.0,"enemies":"Book of Stabbing","floor":24.0,"turns":5.0},{"damage":1.0,"enemies":"Slavers","floor":27.0,"turns":4.0},{"damage":1.0,"enemies":"Sentry and Sphere","floor":29.0,"turns":4.0},{"damage":18.0,"enemies":"Shelled Parasite and Fungi","floor":30.0,"turns":2.0},{"damage":1.0,"enemies":"Centurion and Healer","floor":31.0,"turns":5.0},{"damage":10.0,"enemies":"Champ","floor":33.0,"turns":5.0},{"damage":10.0,"enemies":"3 Darklings","floor":35.0,"turns":3.0},{"damage":0.0,"enemies":"Orb Walker","floor":37.0,"turns":2.0},{"damage":1.0,"enemies":"Reptomancer","floor":40.0,"turns":4.0},{"damage":0.0,"enemies":"Nemesis","floor":42.0,"turns":5.0},{"damage":10.0,"enemies":"Reptomancer","floor":44.0,"turns":4.0},{"damage":0,"enemies":"Writhing Mass","floor":45,"turns":3},{"damage":0,"enemies":"Spire Growth","floor":46,"turns":3},{"damage":0,"enemies":"Sphere and 2 Shapes","floor":48,"turns":4},{"damage":11,"enemies":"Donu and Deca","floor":50,"turns":10},{"damage":0,"enemies":"Shield and Spear","floor":54,"turns":3},{"damage":41,"enemies":"The Heart","floor":55,"turns":12}],"seed_played":"312737740583950714","potions_obtained":[{"floor":1.0,"key":"Strength Potion"},{"floor":5.0,"key":"Ancient Potion"},{"floor":5.0,"key":"SkillPotion"},{"floor":8.0,"key":"Explosive Potion"},{"floor":12.0,"key":"BlessingOfTheForge"},{"floor":22.0,"key":"SkillPotion"},{"floor":31.0,"key":"FairyPotion"}],"is_trial":false,"path_per_floor":["M","M","?","$","?","E","M","E","T","E","R","E","M","M","R","B",null,"M","?","?","$","M","M","E","$","T","E","R","M","M","M","R","B",null,"M","?","M","?","$","E","R","E","T","E","M","M","R","M","R","B",null,"R","$","E","B",null],"character_chosen":"DEFECT","items_purchased":["Membership Card","Torii","PrismaticShard","All For One","Defragment+1","Orrery"],"campfire_rested":1,"item_purchase_floors":[21,21,39,39,53,53],"current_hp_per_floor":[75,75,60,60,60,60,60,50,50,41,41,23,20,20,20,20,61,56,56,56,56,56,46,46,46,46,45,45,44,26,25,47,37,66,56,51,51,51,51,50,50,50,50,40,40,40,40,40,40,29,64,64,64,64,23],"gold":71,"neow_bonus":"THREE_ENEMY_KILL","is_daily":false,"chose_seed":false,"campfire_upgraded":6,"win_rate":0.0,"timestamp":1610316907,"path_taken":["M","M","?","$","?","E","?","E","T","E","R","E","M","M","R","BOSS","M","?","?","$","M","?","E","?","T","E","R","M","?","M","R","BOSS","M","?","M","?","$","E","R","E","T","E","M","M","R","M","R","BOSS","R","$","E","BOSS"],"items_purchased_type":["Relic","Relic","Relic","Card","Card","Relic"],"build_version":"2020-12-22","purchased_purges":4,"victory":true,"max_hp_per_floor":[75,75,75,75,75,75,75,75,75,75,75,75,75,75,75,75,75,75,75,75,75,75,75,75,75,75,75,75,75,75,75,75,75,75,75,75,75,75,75,75,75,75,75,75,75,75,75,75,75,75,75,75,75,75,75],"card_choices":[{"not_picked":["Double Energy","Aggregate"],"picked":"Rebound","floor":1.0},{"not_picked":["Redo","Compile Driver"],"picked":"Streamline","floor":2.0},{"not_picked":["Sunder","Force Field"],"picked":"Glacier","floor":6.0},{"not_picked":["Coolheaded","Doom and Gloom"],"picked":"Beam Cell","floor":7.0},{"not_picked":["Steam Power","Stack"],"picked":"Genetic Algorithm","floor":8.0},{"not_picked":["Conserve Battery","Stack"],"picked":"Machine Learning","floor":10.0},{"not_picked":["Consume","Self Repair","Blizzard"],"picked":"SKIP","floor":12.0},{"not_picked":["Lockon","Turbo"],"picked":"Double Energy","floor":13.0},{"not_picked":["Ball Lightning","Aggregate","Coolheaded"],"picked":"SKIP","floor":13.0},{"not_picked":["Doom and Gloom","Auto Shields"],"picked":"FTL","floor":14.0},{"not_picked":["Steam","Redo"],"picked":"Doom and Gloom","floor":14.0},{"not_picked":["Buffer","Echo Form"],"picked":"All For One","floor":16.0},{"not_picked":["Chill","Streamline"],"picked":"Steam Power+1","floor":18.0},{"not_picked":["Beam Cell","Chill"],"picked":"Aggregate","floor":18.0},{"not_picked":["Steam","Rebound"],"picked":"Scrape+1","floor":22.0},{"not_picked":["Streamline+1","Conserve Battery"],"picked":"Go for the Eyes+1","floor":22.0},{"not_picked":["Cold Snap+1","Sunder","Gash"],"picked":"SKIP","floor":23.0},{"not_picked":["Stack+1","Meteor Strike","Blizzard"],"picked":"SKIP","floor":23.0},{"not_picked":["Genetic Algorithm","Capacitor","Compile Driver"],"picked":"SKIP","floor":24.0},{"not_picked":["Skim","Lockon","Recycle+1"],"picked":"SKIP","floor":27.0},{"not_picked":["Compile Driver","Heatsinks"],"picked":"Undo+1","floor":29.0},{"not_picked":["Aggregate+1","Redo"],"picked":"Beam Cell+1","floor":29.0},{"not_picked":["Compile Driver","Genetic Algorithm"],"picked":"Tempest+1","floor":30.0},{"not_picked":["Chaos","Steam"],"picked":"Hologram","floor":30.0},{"not_picked":["Stack","Compile Driver"],"picked":"Coolheaded+1","floor":31.0},{"not_picked":["Compile Driver","Conserve Battery","Sweeping Beam+1"],"picked":"SKIP","floor":31.0},{"not_picked":["All For One","Buffer"],"picked":"Multi-Cast","floor":33.0},{"not_picked":["Gash","Streamline","Ball Lightning"],"picked":"SKIP","floor":35.0},{"not_picked":["Gash","Ball Lightning","Glacier"],"picked":"SKIP","floor":35.0},{"not_picked":["Discovery","The Bomb"],"picked":"Finesse","floor":36.0},{"not_picked":["Beam Cell+1","Stack"],"picked":"Defragment","floor":37.0},{"not_picked":["Rip and Tear","Leap","Turbo+1"],"picked":"SKIP","floor":37.0},{"not_picked":["Clothesline","Combust+1"],"picked":"SpiritShield","floor":40.0},{"not_picked":["Gash","Vault"],"picked":"Burning Pact+1","floor":42.0},{"not_picked":["Transmutation","Flying Knee+1"],"picked":"Dark Embrace+1","floor":44.0},{"not_picked":["Bane+1","Clash","Metallicize+1"],"picked":"SKIP","floor":45},{"not_picked":["Streamline+1","Pommel Strike+1","Tactician"],"picked":"SKIP","floor":45},{"not_picked":["Steam Power+1","Heatsinks+1","Armaments"],"picked":"SKIP","floor":46},{"not_picked":["Tantrum+1","Clothesline","Judgement"],"picked":"SKIP","floor":46},{"not_picked":["Steam Power+1","Heatsinks+1","Armaments"],"picked":"SKIP","floor":46},{"not_picked":["Tantrum+1","Clothesline","Judgement"],"picked":"SKIP","floor":46},{"not_picked":["CrushJoints","Cloak And Dagger+1"],"picked":"Halt+1","floor":48},{"not_picked":["Hologram+1","Sword Boomerang+1","EmptyBody"],"picked":"SKIP","floor":48},{"not_picked":["FearNoEvil+1","Acrobatics"],"picked":"Escape Plan+1","floor":53},{"not_picked":["Distraction","BowlingBash"],"picked":"Turbo","floor":54}],"player_experience":255214,"relics_obtained":[{"floor":6.0,"key":"Cables"},{"floor":8.0,"key":"Mercury Hourglass"},{"floor":9.0,"key":"Symbiotic Virus"},{"floor":10.0,"key":"Prayer Wheel"},{"floor":12.0,"key":"Pen Nib"},{"floor":17.0,"key":"DataDisk"},{"floor":17.0,"key":"InkBottle"},{"floor":17.0,"key":"Ginger"},{"floor":24.0,"key":"Bottled Flame"},{"floor":26.0,"key":"HornCleat"},{"floor":27.0,"key":"Calipers"},{"floor":40.0,"key":"Dead Branch"},{"floor":42.0,"key":"Frozen Egg 2"},{"floor":44.0,"key":"Vajra"},{"floor":54,"key":"Akabeko"}],"event_choices":[{"damage_healed":0.0,"max_hp_gain":0.0,"max_hp_loss":0.0,"gold_gain":0.0,"event_name":"Shining Light","player_choice":"Entered Light","floor":3.0,"gold_loss":0.0,"damage_taken":15.0,"cards_upgraded":["Strike_B","Defend_B"]},{"damage_healed":0.0,"max_hp_gain":0.0,"max_hp_loss":0.0,"gold_gain":0.0,"event_name":"Lab","player_choice":"Got Potions","floor":5.0,"gold_loss":0.0,"damage_taken":0.0},{"damage_healed":0.0,"max_hp_gain":0.0,"max_hp_loss":0.0,"gold_gain":0.0,"event_name":"Back to Basics","player_choice":"Simplicity","floor":19.0,"gold_loss":0.0,"damage_taken":0.0,"cards_upgraded":["Strike_B","Strike_B","Defend_B","Defend_B","Defend_B"]},{"damage_healed":0.0,"max_hp_gain":0.0,"max_hp_loss":0.0,"gold_gain":0.0,"event_name":"Designer","player_choice":"Upgraded Two","floor":20.0,"gold_loss":40.0,"damage_taken":0.0,"cards_upgraded":["Dualcast","Double Energy"]},{"damage_healed":0.0,"max_hp_gain":0.0,"max_hp_loss":0.0,"gold_gain":0.0,"event_name":"SensoryStone","player_choice":"Memory 2","floor":36.0,"gold_loss":0.0,"damage_taken":5.0},{"cards_removed":["Defend_B"],"damage_healed":0.0,"max_hp_gain":0.0,"max_hp_loss":0.0,"gold_gain":0.0,"event_name":"Falling","player_choice":"Removed Skill","floor":38.0,"gold_loss":0.0,"damage_taken":0.0}],"is_beta":false,"boss_relics":[{"not_picked":["Black Star","SacredBark"],"picked":"Calling Bell"},{"not_picked":["Runic Pyramid","Cursed Key"],"picked":"Sozu"}],"items_purged_floors":[4,25,39,53],"is_endless":false,"potions_floor_spawned":[1,7,8,12,14,22,27,30,31,37,40,54],"ascension_level":5}}