{"host":"xs2umar4czbsv0xl","time":1610278499,"event":{"mods":["AchievementEnabler","Act Like it!","BaseMod","Gensokyo","Marisa????????","Minty Spire (QoL Compilation)","Reimu??????","Remilia??????","Replay The Spire","StSLib","The Hierophant","The Wild Card"],"gold_per_floor":[111,61,61,236,236,275,275,310,310,334,35,49,49,49,49,168,168,189,189,189,205,51,86,86,86,86,86,386,400,400,400],"floor_reached":30,"playtime":1255,"items_purged":["Doubt"],"score":302,"play_id":"33093058-1ad2-452f-9dd2-e7d234ca6791","local_time":"20210110053459","is_ascension_mode":false,"campfire_choices":[{"floor":7,"key":"RECALL"},{"data":"Armaments","floor":13,"key":"SMITH"},{"data":"Flame Barrier","floor":15,"key":"SMITH"},{"data":"ReplayReversal","floor":24,"key":"SMITH"}],"circlet_count":0,"master_deck":["Strike_R","Strike_R","Strike_R","Strike_R","Strike_R","Defend_R","Defend_R","Defend_R","Defend_R","Bash","Armaments+1","Body Slam","Shrug It Off","Cleave","Body Slam","Metallicize","Flame Barrier+1","Double Tap","Warcry+1","ReplayReversal+1","Sword Boomerang","CommonCold","Cleave"],"relics":["Burning Blood","NeowsBlessing","Golden Idol","Mastiff:ReiMu","Anchor","Pen Nib","Lee\u0027s Waffle","RedLine:ReiMu","Ring of Panic","MutagenicStrength","Tiny Chest","Pantograph","Eternal Feather","Omamori","Old Coin"],"acts_visited":["Exordium","TheCity"],"potions_floor_usage":[30,30],"damage_taken":[{"damage":0,"enemies":"Jaw Worm","floor":1,"turns":1},{"damage":0,"enemies":"Gremlin Nob","floor":6,"turns":1},{"damage":0,"enemies":"3 Sentries","floor":8,"turns":2},{"damage":2,"enemies":"2 Louse","floor":10,"turns":3},{"damage":0,"enemies":"Cultist","floor":12,"turns":2},{"damage":40,"enemies":"Hexaghost","floor":16,"turns":10},{"damage":16,"enemies":"2 Thieves","floor":18,"turns":5},{"damage":0,"enemies":"Spheric Guardian","floor":21,"turns":1},{"damage":26,"enemies":"Book of Stabbing","floor":23,"turns":6},{"damage":6,"enemies":"Centurion and Healer","floor":29,"turns":4},{"damage":69,"enemies":"Gremlin Leader","floor":30,"turns":8}],"seed_played":"-4093793503621684108","potions_obtained":[{"floor":1,"key":"Swift Potion"},{"floor":10,"key":"ZuzhouPotion:ReiMu"},{"floor":23,"key":"Weak Potion"}],"is_trial":false,"path_per_floor":["M","$","?","?","?","E","R","E","T","M","$","M","R","$","R","B",null,"M","?","?","M","$","E","R","?","T","?","T","M","E"],"character_chosen":"IRONCLAD","items_purchased":["Body Slam","Lee\u0027s Waffle","Metallicize","Tiny Chest"],"campfire_rested":0,"item_purchase_floors":[2,11,11,22],"current_hp_per_floor":[80,80,60,60,57,63,63,69,69,73,87,87,87,87,87,53,87,77,77,77,83,83,63,63,63,63,63,63,63,0,0],"gold":400,"neow_bonus":"THREE_ENEMY_KILL","is_daily":false,"chose_seed":false,"campfire_upgraded":3,"win_rate":0.0,"timestamp":1610278499,"path_taken":["M","$","?","?","?","E","R","E","T","M","$","M","R","?","R","BOSS","M","?","?","M","?","E","R","?","T","?","?","M","E"],"items_purchased_type":["Card","Relic","Card","Relic"],"build_version":"2020-12-22","purchased_purges":1,"victory":false,"max_hp_per_floor":[80,80,80,80,80,80,80,80,80,80,87,87,87,87,87,87,87,87,87,87,87,87,87,87,87,87,87,87,87,87,87],"card_choices":[{"not_picked":["Metallicize","Twin Strike"],"picked":"Armaments","floor":1},{"not_picked":["True Grit","Rampage"],"picked":"Shrug It Off","floor":6},{"not_picked":["Dropkick","Warcry"],"picked":"Cleave","floor":8},{"not_picked":["ReplayTheSpireMod:Muscle Training","Clash"],"picked":"Body Slam","floor":10},{"not_picked":["Clash","Heavy Blade"],"picked":"Flame Barrier","floor":12},{"not_picked":["Replay:Many Hands","Corruption"],"picked":"Double Tap","floor":16},{"not_picked":["Headbutt","Armaments"],"picked":"Warcry+1","floor":18},{"not_picked":["Run Through","ReplayTheSpireMod:Muscle Training+1"],"picked":"ReplayReversal","floor":21},{"not_picked":["Clash","ReplayTheSpireMod:Strike From Hell"],"picked":"Sword Boomerang","floor":23},{"not_picked":["Pummel","Fiend Fire"],"picked":"Cleave","floor":29}],"player_experience":168775,"relics_obtained":[{"floor":6,"key":"Anchor"},{"floor":8,"key":"Pen Nib"},{"floor":19,"key":"Ring of Panic"},{"floor":23,"key":"Pantograph"},{"floor":26,"key":"Eternal Feather"},{"floor":28,"key":"Old Coin"}],"event_choices":[{"damage_healed":0,"gold_gain":0,"player_choice":"Take Damage","damage_taken":20,"relics_obtained":["Golden Idol"],"max_hp_gain":0,"max_hp_loss":0,"event_name":"Golden Idol","floor":3,"gold_loss":0},{"damage_healed":0,"gold_gain":175,"player_choice":"AGREE","damage_taken":0,"max_hp_gain":0,"max_hp_loss":0,"event_name":"Liars Game","floor":4,"gold_loss":0,"cards_obtained":["Doubt"]},{"damage_healed":0,"gold_gain":0,"player_choice":"Success","damage_taken":3,"relics_obtained":["Mastiff:ReiMu"],"max_hp_gain":0,"max_hp_loss":0,"event_name":"Scrap Ooze","floor":5,"gold_loss":0},{"damage_healed":0,"gold_gain":0,"player_choice":"Inject Mutagens","damage_taken":0,"relics_obtained":["MutagenicStrength"],"max_hp_gain":0,"max_hp_loss":0,"event_name":"Drug Dealer","floor":20,"gold_loss":0},{"damage_healed":0,"gold_gain":0,"player_choice":"Ignored","damage_taken":0,"max_hp_gain":0,"max_hp_loss":0,"event_name":"Beggar","floor":25,"gold_loss":0}],"is_beta":false,"boss_relics":[{"not_picked":["Runic Cube","Runic Dome"],"picked":"RedLine:ReiMu"}],"items_purged_floors":[11],"is_endless":false,"potions_floor_spawned":[1,10,23],"killed_by":"Gremlin Leader","ascension_level":0}}