{"host":"wud4w7nw8qmq6f33","time":1610255967,"event":{"mods":["2.2 Compatiblity","Act Like it!","BaseMod","Beaked The Cultist","BetterRewards","Colored Map","Colored Powertips","Downfall","Energized Spire","Gremlin Skip","Minty Spire (QoL Compilation)","Permanent Neow","Quick Restart","Rare Cards Sparkle","StSLib","everything is the same but u backflip on backflip","slay the spire mod where everything is the same but ironclad has a cowboy hat"],"gold_per_floor":[99,99,99,99,99,99,99,9,9,9,9,9,9,9,9,9,9,9],"floor_reached":16,"playtime":848,"items_purged":["Slimebound:Split"],"score":106,"play_id":"81405fdf-8dd0-4ed1-a6a0-2a93523c18a0","local_time":"20210110001927","is_ascension_mode":false,"campfire_choices":[{"data":"Slimebound:AcidTongue","floor":6,"key":"SMITH"},{"data":"Slimebound:RejuvenatingLick","floor":9,"key":"SMITH"},{"data":"Slimebound:MegaLick","floor":11,"key":"SMITH"},{"floor":13,"key":"REST"},{"floor":15,"key":"REST"}],"circlet_count":0,"master_deck":["Slimebound:Strike_Slimebound","Slimebound:Strike_Slimebound","Slimebound:Strike_Slimebound","Slimebound:Defend_Slimebound","Slimebound:Defend_Slimebound","Slimebound:Defend_Slimebound","Slimebound:Defend_Slimebound","Slimebound:CorrosiveSpit","Slimebound:MegaLick+1","Slimebound:MegaLick+1","Slimebound:RejuvenatingLick+1","Slimebound:AcidTongue+1","Slimebound:AcidTongue"],"relics":["downfall:Hecktoplasm","Bag of Preparation","Oddly Smooth Stone","Anchor"],"acts_visited":["Exordium"],"potions_floor_usage":[5,5,12],"damage_taken":[{"damage":5,"enemies":"Jaw Worm","floor":1,"turns":4},{"damage":4,"enemies":"Small Slimes","floor":2,"turns":2},{"damage":5,"enemies":"Cultist","floor":3,"turns":4},{"damage":23,"enemies":"Lagavulin Event","floor":5,"turns":7},{"damage":0,"enemies":"downfall:FleeingMerchant","floor":8,"turns":4},{"damage":19,"enemies":"3 Sentries","floor":10,"turns":11},{"damage":17,"enemies":"Lagavulin","floor":12,"turns":10},{"damage":51,"enemies":"downfall:Silent","floor":16,"turns":11}],"seed_played":"-8833005582162651012","potions_obtained":[{"floor":1,"key":"AttackPotion"},{"floor":2,"key":"PowerPotion"},{"floor":5,"key":"Swift Potion"}],"is_trial":false,"path_per_floor":["M","M","M","?","?","R","T","$","R","E","R","E","R","?","R","B"],"character_chosen":"SLIMEBOUND","items_purchased":[],"campfire_rested":2,"item_purchase_floors":[],"current_hp_per_floor":[59,59,58,58,41,41,41,43,43,26,26,11,29,29,47,0,0,0],"gold":9,"neow_bonus":"BOSS_RELIC","is_daily":false,"chose_seed":false,"campfire_upgraded":3,"win_rate":0.0,"timestamp":1610255967,"path_taken":["M","M","M","?","?","R","T","$","R","E","R","E","R","?","R","BOSS"],"items_purchased_type":[],"build_version":"2020-12-22","purchased_purges":1,"victory":false,"max_hp_per_floor":[60,60,60,60,60,60,60,60,60,60,60,60,60,60,60,60,60,60],"card_choices":[{"not_picked":["Slimebound:FormOfPuddle","Slimebound:FinishingTackle"],"picked":"Slimebound:MegaLick","floor":1},{"not_picked":["Slimebound:FormOfPuddle","Slimebound:FinishingTackle"],"picked":"Slimebound:MegaLick","floor":1},{"not_picked":["Slimebound:Equalize","Slimebound:Schlurp","Slimebound:FinishingTackle"],"picked":"SKIP","floor":2},{"not_picked":["Slimebound:PressTheAttack","Slimebound:Prepare"],"picked":"Slimebound:RejuvenatingLick","floor":3},{"not_picked":["Slimebound:SplitMire","Slimebound:LeechingTouch"],"picked":"Slimebound:AcidTongue","floor":5},{"not_picked":["Slimebound:LeechEnergy","Slimebound:SpikyOuterGoop"],"picked":"Slimebound:AcidTongue","floor":8},{"not_picked":["Slimebound:RallyTheTroops","Slimebound:Chomp","Slimebound:SplitLeeching"],"picked":"SKIP","floor":10},{"not_picked":["Slimebound:TongueLash","Slimebound:FinishingTackle","Slimebound:Chomp"],"picked":"SKIP","floor":12}],"player_experience":640365,"relics_obtained":[{"floor":5,"key":"Bag of Preparation"},{"floor":10,"key":"Oddly Smooth Stone"},{"floor":12,"key":"Anchor"}],"event_choices":[{"cards_removed":["Slimebound:Tackle"],"damage_healed":0,"gold_gain":0,"player_choice":"Card Removal","damage_taken":0,"max_hp_gain":0,"max_hp_loss":0,"event_name":"The Cleric","floor":4,"gold_loss":0}],"is_beta":false,"boss_relics":[],"items_purged_floors":[8],"is_endless":false,"potions_floor_spawned":[1,2,5],"killed_by":"downfall:Silent","ascension_level":0}}