{"host":"9d9dhukr2jywmy0f","time":1610287366,"event":{"mods":["2.2 Compatiblity","Alarm Clock","BaseMod","Bestiary","Block Reminder","Colored Map","Colored Powertips","Curses Come First","DeckTracker","Energized Spire","Highlight Path","Key Reminder","Minty Spire (QoL Compilation)","Quick Restart","Rare Cards Sparkle","Relic Sorter","Relic Stats","Spire Birthday Party","StSLib","SuperFastMode","Synergy Search","Unceasing Turn Reminder","Unknown Chances"],"gold_per_floor":[217,217,236,236,161,161,180,180,231,156,180,180,51,51,51,147,147,172,62,17,32,32,32,47,68,94,94,109,109,109,58,58,154,154,175,175,50,70,120,120,133,168,168,168,168,168],"floor_reached":45,"playtime":1474,"items_purged":["Defend_B","Strike_B","Rip and Tear"],"score":858,"play_id":"ab963499-6914-4350-bd25-108acb1d7a40","local_time":"20210110220246","is_ascension_mode":true,"campfire_choices":[{"data":"Zap","floor":6.0,"key":"SMITH"},{"data":"Dualcast","floor":12.0,"key":"SMITH"},{"floor":15.0,"key":"RECALL"},{"data":"Coolheaded","floor":23.0,"key":"SMITH"},{"data":"Fission","floor":27.0,"key":"SMITH"},{"data":"Biased Cognition","floor":30.0,"key":"SMITH"},{"data":"Coolheaded","floor":32.0,"key":"SMITH"},{"data":"Turbo","floor":40.0,"key":"SMITH"},{"floor":44,"key":"REST"}],"circlet_count":0,"master_deck":["AscendersBane","Defend_B+1","Defend_B","Defend_B+1","Zap+1","Dualcast+1","Cold Snap+1","Ball Lightning","Ball Lightning","Fission+1","White Noise","Coolheaded+1","Ball Lightning","Biased Cognition+1","Turbo+1","Coolheaded+1","Coolheaded+1","Lockon+1"],"relics":["Cracked Core","Golden Idol","MealTicket","keyreminder:keyreminder","energizedSpire:OgreHead","Nunchaku","Runic Dome","Singing Bowl"],"acts_visited":["Exordium","TheCity","TheBeyond"],"potions_floor_usage":[45],"damage_taken":[{"damage":3.0,"enemies":"Small Slimes","floor":1.0,"turns":3.0},{"damage":1.0,"enemies":"2 Louse","floor":3.0,"turns":3.0},{"damage":0.0,"enemies":"Cultist","floor":7.0,"turns":3.0},{"damage":7.0,"enemies":"2 Fungi Beasts","floor":11.0,"turns":3.0},{"damage":30.0,"enemies":"Hexaghost","floor":16.0,"turns":9.0},{"damage":17.0,"enemies":"Chosen","floor":18.0,"turns":4.0},{"damage":4.0,"enemies":"3 Byrds","floor":21.0,"turns":4.0},{"damage":17.0,"enemies":"3 Cultists","floor":24.0,"turns":4.0},{"damage":0.0,"enemies":"Snecko","floor":25.0,"turns":3.0},{"damage":0.0,"enemies":"Snake Plant","floor":28.0,"turns":3.0},{"damage":5.0,"enemies":"Automaton","floor":33.0,"turns":8.0},{"damage":2.0,"enemies":"3 Darklings","floor":35.0,"turns":2.0},{"damage":1.0,"enemies":"Orb Walker","floor":38.0,"turns":2.0},{"damage":0.0,"enemies":"Sphere and 2 Shapes","floor":41.0,"turns":3.0},{"damage":55.0,"enemies":"Giant Head","floor":42.0,"turns":7.0},{"damage":42,"enemies":"Nemesis","floor":45,"turns":6}],"seed_played":"5456064582483148570","potions_obtained":[{"floor":7.0,"key":"Ancient Potion"},{"floor":11.0,"key":"Block Potion"},{"floor":21.0,"key":"GamblersBrew"},{"floor":33.0,"key":"Weak Potion"},{"floor":35.0,"key":"SkillPotion"}],"is_trial":false,"path_per_floor":["M","?","M","?","?","R","M","?","T","$","M","R","$","?","R","B",null,"M","?","$","M","$","R","M","M","T","R","M","?","R","$","R","B",null,"M","?","$","M","?","R","M","E","T","R","E"],"character_chosen":"DEFECT","items_purchased":["Ball Lightning","White Noise","Coolheaded"],"campfire_rested":1,"item_purchase_floors":[13,20,31],"current_hp_per_floor":[61,40,39,39,39,39,39,39,39,54,47,47,62,62,62,32,56,39,39,54,50,64,64,47,47,47,47,47,47,47,62,62,57,62,60,60,64,63,63,63,63,8,8,27,0,0],"gold":168,"neow_bonus":"HUNDRED_GOLD","is_daily":false,"chose_seed":false,"campfire_upgraded":7,"win_rate":0.0,"timestamp":1610287366,"path_taken":["M","?","M","?","?","R","M","?","T","$","M","R","$","?","R","BOSS","M","?","$","M","$","R","M","M","T","R","?","?","R","?","R","BOSS","M","?","$","?","?","R","M","E","T","R","E"],"items_purchased_type":["Card","Card","Card"],"build_version":"2020-11-30","purchased_purges":3,"victory":false,"max_hp_per_floor":[71,71,71,71,71,71,71,64,64,64,64,64,64,64,64,64,64,64,64,64,64,64,64,64,64,64,64,64,64,64,64,64,64,64,64,64,64,64,64,64,64,64,64,64,64,64],"relic_stats":{"Nunchaku":[7],"Singing Bowl":0,"counters":[16,67],"Golden Idol":79,"MealTicket":78,"obtain_stats":[{"keyreminder:keyreminder":15,"Runic Dome":34,"Nunchaku":26,"Singing Bowl":42,"Golden Idol":8,"MealTicket":9,"energizedSpire:OgreHead":17,"Cracked Core":0},{"keyreminder:keyreminder":4,"Runic Dome":11,"Nunchaku":9,"Singing Bowl":15,"Golden Idol":3,"MealTicket":3,"energizedSpire:OgreHead":5,"Cracked Core":0},{"keyreminder:keyreminder":12,"Runic Dome":47,"Nunchaku":36,"Singing Bowl":61,"Golden Idol":9,"MealTicket":9,"energizedSpire:OgreHead":21,"Cracked Core":0}]},"card_choices":[{"not_picked":["Streamline","Steam Power"],"picked":"Cold Snap","floor":1.0},{"not_picked":["Rebound","Cold Snap"],"picked":"Ball Lightning","floor":3.0},{"not_picked":["Rebound","Hologram","Compile Driver"],"picked":"SKIP","floor":7.0},{"not_picked":["Melter","FTL"],"picked":"Rip and Tear","floor":11.0},{"not_picked":["Seek","Thunder Strike"],"picked":"Fission","floor":16.0},{"not_picked":["Conserve Battery","Beam Cell","Leap+1"],"picked":"SKIP","floor":18.0},{"not_picked":["Capacitor","Gash"],"picked":"Coolheaded","floor":21.0},{"not_picked":["Go for the Eyes","Hologram"],"picked":"Ball Lightning","floor":24.0},{"not_picked":["Steam Power","Stack","Steam"],"picked":"SKIP","floor":25.0},{"not_picked":["Compile Driver","Hologram+1"],"picked":"Biased Cognition","floor":28.0},{"not_picked":["Steam","Stack"],"picked":"Coolheaded","floor":35.0},{"not_picked":["Streamline","Turbo+1","Ball Lightning"],"picked":"SKIP","floor":38.0},{"not_picked":["Rebound","Tempest","Steam"],"picked":"SKIP","floor":41.0},{"not_picked":["Conserve Battery","Stack"],"picked":"Lockon+1","floor":42.0}],"player_experience":816180,"relics_obtained":[{"floor":9.0,"key":"MealTicket"},{"floor":26.0,"key":"Nunchaku"},{"floor":42.0,"key":"Singing Bowl"}],"event_choices":[{"damage_healed":0.0,"max_hp_gain":0.0,"max_hp_loss":0.0,"gold_gain":0.0,"event_name":"Shining Light","player_choice":"Entered Light","floor":2.0,"gold_loss":0.0,"damage_taken":21.0,"cards_upgraded":["Defend_B","Defend_B"]},{"cards_removed":["Strike_B"],"damage_healed":0.0,"max_hp_gain":0.0,"max_hp_loss":0.0,"gold_gain":0.0,"event_name":"Living Wall","player_choice":"Forget","floor":4.0,"gold_loss":0.0,"damage_taken":0.0},{"cards_removed":["Strike_B"],"damage_healed":0.0,"max_hp_gain":0.0,"max_hp_loss":0.0,"gold_gain":0.0,"event_name":"The Cleric","player_choice":"Card Removal","floor":5.0,"gold_loss":75.0,"damage_taken":0.0},{"damage_healed":0.0,"max_hp_gain":0.0,"max_hp_loss":7.0,"gold_gain":0.0,"event_name":"Golden Idol","player_choice":"Lose Max HP","floor":8.0,"gold_loss":0.0,"damage_taken":0.0,"relics_obtained":["Golden Idol"]},{"damage_healed":0.0,"max_hp_gain":0.0,"max_hp_loss":0.0,"gold_gain":0.0,"event_name":"Liars Game","player_choice":"Ignored","floor":14.0,"gold_loss":0.0,"damage_taken":0.0},{"cards_removed":["Strike_B"],"damage_healed":0.0,"max_hp_gain":0.0,"max_hp_loss":0.0,"gold_gain":0.0,"event_name":"Designer","player_choice":"Upgrade and Remove","floor":19.0,"gold_loss":110.0,"damage_taken":0.0,"cards_upgraded":["Cold Snap"]},{"damage_healed":0.0,"max_hp_gain":0.0,"max_hp_loss":0.0,"gold_gain":0.0,"event_name":"The Library","player_choice":"Read","floor":29.0,"gold_loss":0.0,"damage_taken":0.0,"cards_obtained":["Turbo"]},{"damage_healed":0.0,"max_hp_gain":0.0,"max_hp_loss":0.0,"gold_gain":0.0,"event_name":"Upgrade Shrine","player_choice":"Upgraded","floor":36.0,"gold_loss":0.0,"damage_taken":0.0,"cards_upgraded":["Coolheaded"]},{"damage_healed":0.0,"max_hp_gain":0.0,"max_hp_loss":0.0,"gold_gain":50.0,"event_name":"Golden Shrine","player_choice":"Pray","floor":39.0,"gold_loss":0.0,"damage_taken":0.0}],"is_beta":false,"boss_relics":[{"not_picked":["Empty Cage","Fusion Hammer"],"picked":"energizedSpire:OgreHead"},{"not_picked":["Sozu","Snecko Eye"],"picked":"Runic Dome"}],"items_purged_floors":[10,13,37],"is_endless":false,"potions_floor_spawned":[7,11,21,33,35],"killed_by":"Nemesis","ascension_level":20}}