{"host":"k9laiz0l4dd0ezpa","time":1610276687,"event":{"mods":["Arknights The Spire","BaseMod","Colored Powertips","Minty Spire (QoL Compilation)","Quick Restart","Relic Stats","Replay The Spire","StSLib"],"gold_per_floor":[116,116,36,52,52,52,15,45,124,124,144,144,144,159,159,262,262,282,482,500,514,514,514],"floor_reached":22,"playtime":1165,"items_purged":[],"score":209,"play_id":"7e3ef9d0-e1fc-41ec-a66a-3ea31d1e1c28","local_time":"20210110190447","is_ascension_mode":false,"campfire_choices":[{"data":"ats:Emotion Absorption","floor":6,"key":"SMITH"},{"data":"ats:Soul Absorption","floor":10,"key":"SMITH"},{"data":"ats:Burning Ground","floor":12,"key":"SMITH"},{"data":"ats:Composite Medical Shells","floor":15,"key":"SMITH"}],"circlet_count":0,"master_deck":["ats:Strike C","ats:Strike G","ats:Strike S","ats:Strike V","ats:Armor Crushing Shot","ats:Defend","ats:Defend","ats:Defend","ats:Defend","ats:Emotion Absorption+1","ats:Sword Rain","ats:Chain Hook","ats:Burning Ground+1","ats:Ignite+1","ats:Soul Absorption+1","ats:Composite Medical Shells+1","ats:True Silver Slash","ats:Healing Strengthening","ats:Neurotoxin"],"relics":["ats:Sanity","NeowsBlessing","Akabeko","ats:Originium","Replay:Bottled Snecko","Replay:Accelerometer","Snack Pack","SacredBark"],"acts_visited":["Exordium","TheCity"],"potions_floor_usage":[],"damage_taken":[{"damage":0,"enemies":"Small Slimes","floor":1,"turns":1},{"damage":0,"enemies":"Cultist","floor":4,"turns":1},{"damage":0,"enemies":"Gremlin Nob","floor":8,"turns":1},{"damage":2,"enemies":"2 Louse","floor":11,"turns":2},{"damage":11,"enemies":"Gremlin Gang","floor":14,"turns":3},{"damage":46,"enemies":"Slime Boss","floor":16,"turns":10},{"damage":19,"enemies":"Spheric Guardian","floor":18,"turns":4},{"damage":26,"enemies":"Shell Parasite","floor":20,"turns":5},{"damage":25,"enemies":"Chosen and Byrds","floor":21,"turns":5},{"damage":10,"enemies":"Sentry and Sphere","floor":22,"turns":2}],"seed_played":"8065291834203659346","potions_obtained":[{"floor":1,"key":"Venom Potion"},{"floor":5,"key":"CultistPotion"},{"floor":5,"key":"Elixir"},{"floor":5,"key":"Block Potion"}],"is_trial":false,"path_per_floor":["M","?","$","M","?","R","$","E","T","R","M","R","?","M","R","B",null,"M","?","M","M","M"],"character_chosen":"DOCTOR_CLASS","items_purchased":["ats:Chain Hook","ats:Ignite+1"],"campfire_rested":0,"item_purchase_floors":[3,7],"current_hp_per_floor":[72,72,72,72,72,72,72,72,72,72,70,70,70,61,61,19,72,53,53,29,7,0,0],"gold":514,"neow_bonus":"THREE_ENEMY_KILL","is_daily":false,"chose_seed":false,"campfire_upgraded":4,"win_rate":0.0,"timestamp":1610276687,"path_taken":["M","?","$","?","?","R","?","E","T","R","M","R","?","M","R","BOSS","M","?","M","?","M"],"items_purchased_type":["Card","Card"],"build_version":"2020-12-22","purchased_purges":0,"victory":false,"max_hp_per_floor":[72,72,72,72,72,72,72,72,72,72,72,72,72,72,72,72,72,72,72,72,72,72,72],"relic_stats":{"counters":[10,33],"obtain_stats":[{"Replay:Accelerometer":9,"NeowsBlessing":0,"ats:Originium":8,"SacredBark":17,"Snack Pack":13,"ats:Sanity":0,"Replay:Bottled Snecko":8,"Akabeko":2},{"Replay:Accelerometer":3,"NeowsBlessing":0,"ats:Originium":3,"SacredBark":6,"Snack Pack":4,"ats:Sanity":0,"Replay:Bottled Snecko":3,"Akabeko":1},{"Replay:Accelerometer":3,"NeowsBlessing":0,"ats:Originium":3,"SacredBark":17,"Snack Pack":5,"ats:Sanity":0,"Replay:Bottled Snecko":3,"Akabeko":1}]},"card_choices":[{"not_picked":["ats:Mental Burst","ats:Guardian Obelisk"],"picked":"ats:Sword Rain","floor":1},{"not_picked":["ats:Cat Scratch","ats:Beaten Up"],"picked":"ats:Burning Ground","floor":4},{"not_picked":["ats:Rapid Magazine","ats:Nebulous Foxfire"],"picked":"ats:Soul Absorption","floor":8},{"not_picked":["ats:Shell Defense","ats:LN2 Cannon","ats:Poison Spread"],"picked":"SKIP","floor":11},{"not_picked":["ats:Spore Proliferation","ats:Consecutive Shot Auto"],"picked":"ats:Composite Medical Shells","floor":14},{"not_picked":["ats:Calcification","ats:Ambush"],"picked":"ats:True Silver Slash","floor":16},{"not_picked":["ats:Assault Order+1","ats:Explosion Area Strengthen","ats:Flexible Camouflage"],"picked":"SKIP","floor":18},{"not_picked":["ats:Ignite","ats:Flexible Camouflage"],"picked":"ats:Healing Strengthening","floor":20},{"not_picked":["ats:Defend Order","ats:Soul Absorption+1"],"picked":"ats:Neurotoxin","floor":21}],"player_experience":193273,"relics_obtained":[{"floor":8,"key":"ats:Originium"},{"floor":8,"key":"Replay:Bottled Snecko"},{"floor":9,"key":"Replay:Accelerometer"}],"event_choices":[{"damage_healed":0,"gold_gain":0,"player_choice":"Gave Potion","damage_taken":0,"relics_obtained":["Akabeko"],"max_hp_gain":0,"max_hp_loss":0,"event_name":"WeMeetAgain","floor":2,"gold_loss":0},{"damage_healed":0,"gold_gain":0,"player_choice":"Got Potions","damage_taken":0,"max_hp_gain":0,"max_hp_loss":0,"event_name":"Lab","floor":5,"gold_loss":0},{"damage_healed":0,"gold_gain":0,"player_choice":"Searched \u00271\u0027 times","damage_taken":0,"relics_obtained":["Snack Pack"],"max_hp_gain":0,"max_hp_loss":0,"event_name":"Dead Adventurer","floor":13,"gold_loss":0},{"damage_healed":0,"gold_gain":200,"player_choice":"Gold","damage_taken":0,"max_hp_gain":0,"max_hp_loss":0,"event_name":"Wheel of Change","floor":19,"gold_loss":0}],"is_beta":false,"boss_relics":[{"not_picked":["Empty Cage","Kintsugi"],"picked":"SacredBark"}],"items_purged_floors":[],"is_endless":false,"potions_floor_spawned":[1,16,20],"killed_by":"Sentry and Sphere","ascension_level":0}}