{"host":"uonldg9uriwfhjjx","time":1610266062,"event":{"mods":["AchievementEnabler","BaseMod","Minty Spire (QoL Compilation)","Relic Stats"],"gold_per_floor":[109,54,54,54,54,80,108,436,436,149,179,179,206,218,218,296,296,306,40,40,58,68,68,95,114,114,146,59,59,419,429,429,500,500,512,512,527,575,585,585,585,598,623,191,191,191,210,245,245,245],"floor_reached":51,"playtime":1378,"items_purged":["Strike_R"],"score":1387,"play_id":"4beed8e4-181d-4bbf-9f3d-99ccbf51ab85","local_time":"20210110030742","is_ascension_mode":true,"campfire_choices":[{"data":"Inflame","floor":12,"key":"SMITH"},{"data":"Seeing Red","floor":15,"key":"SMITH"},{"data":"Bash","floor":23,"key":"SMITH"},{"data":"Heavy Blade","floor":29,"key":"SMITH"},{"data":"Heavy Blade","floor":32,"key":"SMITH"},{"data":"Inflame","floor":40,"key":"SMITH"},{"data":"Demon Form","floor":45,"key":"SMITH"},{"floor":49,"key":"REST"}],"circlet_count":0,"master_deck":["AscendersBane","Strike_R","Defend_R","Defend_R","Defend_R","Bash+1","Seeing Red+1","Sword Boomerang","Clothesline","Shrug It Off","Inflame+1","Heavy Blade+1","Armaments+1","Battle Trance+1","Corruption","Thunderclap+1","Reaper+1","Clash+1","Heavy Blade+1","Necronomicurse","Flex+1","Spot Weakness+1","Flex+1","Combust","CurseOfTheBell","Finesse+1","Inflame+1","Madness+1","Madness+1","Fire Breathing","Demon Form+1","Seeing Red+1","Sword Boomerang","Pummel"],"relics":["Burning Blood","NeowsBlessing","Meat on the Bone","Ancient Tea Set","Odd Mushroom","Old Coin","Bottled Tornado","Lee\u0027s Waffle","Toxic Egg 2","Astrolabe","Mummified Hand","Necronomicon","Bag of Preparation","Mercury Hourglass","Pear","Calling Bell","MealTicket","Shuriken","Magic Flower","Prayer Wheel","Red Skull","Pen Nib","Champion Belt"],"acts_visited":["Exordium","TheCity","TheBeyond"],"potions_floor_usage":[13,24,38],"damage_taken":[{"damage":0,"enemies":"Cultist","floor":1,"turns":1},{"damage":0,"enemies":"3 Sentries","floor":6,"turns":1},{"damage":0,"enemies":"The Mushroom Lair","floor":7,"turns":1},{"damage":42,"enemies":"Gremlin Nob","floor":8,"turns":5},{"damage":20,"enemies":"Lagavulin","floor":13,"turns":4},{"damage":2,"enemies":"2 Louse","floor":14,"turns":2},{"damage":25,"enemies":"Hexaghost","floor":16,"turns":9},{"damage":0,"enemies":"Chosen","floor":18,"turns":3},{"damage":25,"enemies":"Shell Parasite","floor":21,"turns":3},{"damage":7,"enemies":"3 Cultists","floor":22,"turns":3},{"damage":21,"enemies":"Gremlin Leader","floor":24,"turns":5},{"damage":6,"enemies":"Centurion and Healer","floor":25,"turns":3},{"damage":41,"enemies":"Slavers","floor":27,"turns":3},{"damage":7,"enemies":"Snecko","floor":31,"turns":3},{"damage":42,"enemies":"Automaton","floor":33,"turns":6},{"damage":26,"enemies":"3 Shapes","floor":35,"turns":5},{"damage":17,"enemies":"3 Darklings","floor":37,"turns":4},{"damage":41,"enemies":"2 Orb Walkers","floor":38,"turns":6},{"damage":48,"enemies":"Sphere and 2 Shapes","floor":39,"turns":5},{"damage":10,"enemies":"Spire Growth","floor":42,"turns":4},{"damage":14,"enemies":"3 Darklings","floor":47,"turns":3},{"damage":55,"enemies":"Reptomancer","floor":48,"turns":4},{"damage":43,"enemies":"Time Eater","floor":50,"turns":4}],"seed_played":"4870371297488395122","potions_obtained":[{"floor":7,"key":"Strength Potion"},{"floor":16,"key":"LiquidBronze"},{"floor":21,"key":"SpeedPotion"},{"floor":27,"key":"Block Potion"},{"floor":37,"key":"Strength Potion"},{"floor":42,"key":"Ancient Potion"},{"floor":47,"key":"BloodPotion"}],"is_trial":false,"path_per_floor":["M","$","?","$","?","E","?","E","T","$","?","R","E","M","R","B",null,"M","$","?","M","M","R","E","M","T","E","$","R","?","M","R","B",null,"M","?","M","?","M","R","?","M","T","$","R","?","M","E","R","B",null],"character_chosen":"IRONCLAD","items_purchased":["Sword Boomerang","Lee\u0027s Waffle","Heavy Blade","Mummified Hand","Combust","Pen Nib","Demon Form","Seeing Red+1"],"campfire_rested":1,"item_purchase_floors":[2,10,10,19,28,44,44,44],"current_hp_per_floor":[74,74,56,56,49,55,61,37,37,82,82,82,68,72,72,53,75,82,82,61,54,81,81,67,67,67,87,87,87,51,64,64,56,83,83,83,92,60,92,92,75,92,92,92,92,92,92,64,91,57],"gold":245,"neow_bonus":"THREE_ENEMY_KILL","is_daily":false,"chose_seed":false,"campfire_upgraded":7,"win_rate":0.0,"timestamp":1610266062,"path_taken":["M","$","?","$","?","E","?","E","T","$","?","R","E","M","R","BOSS","M","$","?","M","M","R","E","M","T","E","$","R","?","M","R","BOSS","M","?","M","?","M","R","?","?","T","$","R","?","M","E","R","BOSS"],"items_purchased_type":["Card","Relic","Card","Relic","Card","Relic","Card","Card"],"build_version":"2020-12-22","purchased_purges":1,"victory":true,"max_hp_per_floor":[75,75,75,75,75,75,75,75,75,82,82,82,82,82,82,82,82,82,82,82,82,82,82,82,82,82,92,92,92,92,92,92,92,92,92,92,92,92,92,92,92,92,92,92,92,92,92,92,92,92],"relic_stats":{"Lee\u0027s Waffle":45,"counters":[23,87],"Astrolabe":["Thunderclap","Reaper","Clash"],"Magic Flower":[57],"Pen Nib":[2],"Bag of Preparation":[24],"Burning Blood":128,"Mercury Hourglass":[225],"Mummified Hand":[30],"Shuriken":[9],"MealTicket":0,"Prayer Wheel":3,"Necronomicon":[41],"Champion Belt":[3],"obtain_stats":[{"Lee\u0027s Waffle":10,"Pear":27,"NeowsBlessing":0,"Astrolabe":17,"Magic Flower":34,"Pen Nib":44,"Bag of Preparation":24,"Odd Mushroom":7,"Bottled Tornado":9,"Ancient Tea Set":6,"Burning Blood":0,"Old Coin":8,"Mercury Hourglass":26,"Calling Bell":34,"Mummified Hand":19,"Shuriken":34,"MealTicket":34,"Prayer Wheel":38,"Necronomicon":20,"Champion Belt":48,"Toxic Egg 2":13,"Red Skull":43,"Meat on the Bone":3},{"Lee\u0027s Waffle":4,"Pear":13,"NeowsBlessing":0,"Astrolabe":7,"Magic Flower":15,"Pen Nib":20,"Bag of Preparation":11,"Odd Mushroom":3,"Bottled Tornado":4,"Ancient Tea Set":2,"Burning Blood":0,"Old Coin":4,"Mercury Hourglass":12,"Calling Bell":15,"Mummified Hand":8,"Shuriken":15,"MealTicket":15,"Prayer Wheel":18,"Necronomicon":8,"Champion Belt":22,"Toxic Egg 2":5,"Red Skull":20,"Meat on the Bone":1},{"Lee\u0027s Waffle":8,"Pear":43,"NeowsBlessing":0,"Astrolabe":23,"Magic Flower":52,"Pen Nib":76,"Bag of Preparation":37,"Odd Mushroom":3,"Bottled Tornado":8,"Ancient Tea Set":2,"Burning Blood":0,"Old Coin":8,"Mercury Hourglass":40,"Calling Bell":52,"Mummified Hand":26,"Shuriken":52,"MealTicket":52,"Prayer Wheel":67,"Necronomicon":26,"Champion Belt":83,"Toxic Egg 2":12,"Red Skull":76,"Meat on the Bone":1}],"Meat on the Bone":66},"card_choices":[{"not_picked":["Cleave","Warcry"],"picked":"Seeing Red","floor":1},{"not_picked":["Sword Boomerang","Hemokinesis"],"picked":"Clothesline","floor":6},{"not_picked":["Evolve","Body Slam"],"picked":"Shrug It Off","floor":7},{"not_picked":["Headbutt","True Grit"],"picked":"Inflame","floor":8},{"not_picked":["Combust","Anger"],"picked":"Armaments+1","floor":13},{"not_picked":["Shockwave+1","Burning Pact+1"],"picked":"Battle Trance+1","floor":14},{"not_picked":["Fiend Fire","Double Tap+1"],"picked":"Corruption","floor":16},{"not_picked":["Carnage","Sword Boomerang"],"picked":"Heavy Blade","floor":18},{"not_picked":["Anger","Rage+1"],"picked":"Flex+1","floor":21},{"not_picked":["Heavy Blade+1","True Grit+1","Clothesline"],"picked":"SKIP","floor":22},{"not_picked":["Havoc+1","Fire Breathing"],"picked":"Spot Weakness+1","floor":24},{"not_picked":["Second Wind+1","Rupture"],"picked":"Flex+1","floor":25},{"not_picked":["Bloodletting+1","True Grit+1","Thunderclap"],"picked":"SKIP","floor":27},{"not_picked":["Thunderclap","Flame Barrier+1","Bludgeon"],"picked":"SKIP","floor":31},{"not_picked":["Spot Weakness+1","Anger+1","Entrench+1"],"picked":"SKIP","floor":35},{"not_picked":["Chrysalis+1","PanicButton+1"],"picked":"Finesse+1","floor":36},{"not_picked":["Sword Boomerang","Carnage","Perfected Strike"],"picked":"SKIP","floor":37},{"not_picked":["Headbutt","Shockwave+1"],"picked":"Inflame","floor":39},{"not_picked":["Anger","Power Through+1","Warcry+1"],"picked":"SKIP","floor":39},{"not_picked":["Sentinel+1","True Grit+1"],"picked":"Fire Breathing","floor":42},{"not_picked":["Iron Wave+1","Entrench+1","Sword Boomerang"],"picked":"SKIP","floor":42},{"not_picked":["Brutality","Searing Blow"],"picked":"Sword Boomerang","floor":47},{"not_picked":["Clash","Havoc+1"],"picked":"Pummel","floor":47},{"not_picked":["Cleave+1","Flame Barrier+1","Iron Wave"],"picked":"SKIP","floor":48}],"player_experience":764575,"relics_obtained":[{"floor":6,"key":"Ancient Tea Set"},{"floor":7,"key":"Odd Mushroom"},{"floor":8,"key":"Old Coin"},{"floor":9,"key":"Bottled Tornado"},{"floor":13,"key":"Toxic Egg 2"},{"floor":20,"key":"Necronomicon"},{"floor":24,"key":"Bag of Preparation"},{"floor":26,"key":"Mercury Hourglass"},{"floor":27,"key":"Pear"},{"floor":34,"key":"MealTicket"},{"floor":34,"key":"Shuriken"},{"floor":34,"key":"Magic Flower"},{"floor":38,"key":"Prayer Wheel"},{"floor":43,"key":"Red Skull"},{"floor":48,"key":"Champion Belt"}],"event_choices":[{"damage_healed":0,"gold_gain":0,"player_choice":"Success","damage_taken":18,"relics_obtained":["Meat on the Bone"],"max_hp_gain":0,"max_hp_loss":0,"event_name":"Scrap Ooze","floor":3,"gold_loss":0},{"cards_removed":["Strike_R"],"damage_healed":0,"gold_gain":0,"player_choice":"Card Removal","damage_taken":7,"max_hp_gain":0,"max_hp_loss":0,"event_name":"Golden Wing","floor":5,"gold_loss":0},{"damage_healed":0,"gold_gain":0,"player_choice":"Fought Mushrooms","damage_taken":0,"max_hp_gain":0,"max_hp_loss":0,"event_name":"Mushrooms","floor":7,"gold_loss":0},{"damage_healed":0,"gold_gain":30,"player_choice":"Searched \u00271\u0027 times","damage_taken":0,"max_hp_gain":0,"max_hp_loss":0,"event_name":"Dead Adventurer","floor":11,"gold_loss":0},{"damage_healed":0,"gold_gain":0,"player_choice":"Obtained Book","damage_taken":21,"max_hp_gain":0,"max_hp_loss":0,"event_name":"Cursed Tome","floor":20,"gold_loss":0},{"damage_healed":0,"gold_gain":360,"player_choice":"GOLD GOLD GOLD GOLD ","damage_taken":36,"max_hp_gain":0,"max_hp_loss":0,"event_name":"Knowing Skull","floor":30,"potions_obtained":[],"gold_loss":0,"cards_obtained":[]},{"damage_healed":0,"gold_gain":0,"player_choice":"Memory 1","damage_taken":0,"max_hp_gain":0,"max_hp_loss":0,"event_name":"SensoryStone","floor":36,"gold_loss":0},{"damage_healed":0,"gold_gain":0,"player_choice":"Fight","damage_taken":0,"max_hp_gain":0,"max_hp_loss":0,"event_name":"Mysterious Sphere","floor":38,"gold_loss":0},{"damage_healed":0,"gold_gain":0,"player_choice":"Embrace Madness","damage_taken":17,"max_hp_gain":0,"max_hp_loss":0,"event_name":"Winding Halls","floor":41,"gold_loss":0,"cards_obtained":["Madness","Madness"]},{"damage_healed":0,"gold_gain":0,"player_choice":"Ignored","damage_taken":0,"max_hp_gain":0,"max_hp_loss":0,"event_name":"Tomb of Lord Red Mask","floor":46,"gold_loss":0}],"is_beta":false,"boss_relics":[{"not_picked":["Runic Pyramid","Ectoplasm"],"picked":"Astrolabe"},{"not_picked":["Busted Crown","Mark of Pain"],"picked":"Calling Bell"}],"items_purged_floors":[10],"is_endless":false,"potions_floor_spawned":[7,16,21,22,27,37,42,47],"ascension_level":16}}