{"host":"sian7qp8a9pc9xwd","time":1610288201,"event":{"mods":["BaseMod","Lobotomy","Minty Spire (QoL Compilation)","StSLib"],"gold_per_floor":[118,137,137,11,186,186,214,214,283,283,283,308,308,62,62,186,186,209,56,69,69,69],"floor_reached":21,"playtime":1059,"items_purged":["Defend_B","Doubt"],"score":184,"play_id":"2bcfff14-c134-42d6-b349-932c45b469c8","local_time":"20210110091641","is_ascension_mode":true,"campfire_choices":[{"data":"Zap","floor":6.0,"key":"SMITH"},{"floor":10.0,"key":"REST"},{"floor":13.0,"key":"REST"},{"data":"Defragment","floor":15.0,"key":"SMITH"}],"circlet_count":0,"master_deck":["Strike_B","Strike_B+1","Strike_B+1","Defend_B","Defend_B","Defend_B","Zap+1","Dualcast","PunishingBird","Conserve Battery","OSAHOGD","Conserve Battery","MeatLantern","Skim","OldLady","Ball Lightning","Defragment+1","Tempest","UniverseFragment","Electrodynamics","BeautyBeast","Steam+1","BodiesMountain"],"relics":["Cracked Core","CogitoBucket","Bag of Preparation","Golden Idol","Sundial","Whetstone","SlaversCollar","LuminousBracelet","Runic Capacitor"],"acts_visited":["Exordium","TheCity"],"potions_floor_usage":[16],"damage_taken":[{"damage":6.0,"enemies":"Cultist","floor":1.0,"turns":4.0},{"damage":9.0,"enemies":"2 Louse","floor":2.0,"turns":2.0},{"damage":62.0,"enemies":"Gremlin Nob","floor":7.0,"turns":6.0},{"damage":0.0,"enemies":"Small Slimes","floor":12.0,"turns":2.0},{"damage":21,"enemies":"Hexaghost","floor":16,"turns":7},{"damage":4,"enemies":"Shell Parasite","floor":18,"turns":2},{"damage":52,"enemies":"Chosen","floor":20,"turns":4},{"damage":47,"enemies":"Snake Plant","floor":21,"turns":2}],"seed_played":"1342135082054832175","potions_obtained":[{"floor":2.0,"key":"Regen Potion"},{"floor":7.0,"key":"SkillPotion"},{"floor":12.0,"key":"Swift Potion"}],"is_trial":false,"path_per_floor":["M","M","?","$","?","R","E","?","T","R","T","M","R","$","R","B",null,"M","$","M","M"],"character_chosen":"DEFECT","items_purchased":["Conserve Battery","Defragment","Tempest","Runic Capacitor"],"campfire_rested":2,"item_purchase_floors":[4,14,14,19],"current_hp_per_floor":[69,60,53,53,53,53,8,8,8,28,28,28,48,48,48,27,69,80,80,30,0,0],"gold":69,"neow_bonus":"","is_daily":false,"chose_seed":false,"campfire_upgraded":2,"win_rate":0.0,"timestamp":1610288201,"path_taken":["M","?","?","$","?","R","E","?","T","R","?","M","R","$","R","BOSS","M","$","M","M"],"items_purchased_type":["Card","Card","Card","Relic"],"build_version":"2020-12-22","purchased_purges":2,"victory":false,"max_hp_per_floor":[75,75,75,75,75,75,75,69,69,69,69,69,69,69,69,69,69,84,84,84,84,84],"card_choices":[{"not_picked":["BlackSwan","CherryBlossoms"],"picked":"PunishingBird","floor":1.0},{"not_picked":["Steam Power","Hologram"],"picked":"Conserve Battery","floor":1.0},{"not_picked":["Bloodbath","Murderer","CherryBlossoms"],"picked":"Singing Bowl","floor":2.0},{"not_picked":["Rudolta","Bloodbath"],"picked":"OSAHOGD","floor":2.0},{"not_picked":["Rebound","Go for the Eyes","Steam Power"],"picked":"SKIP","floor":2.0},{"not_picked":["GalaxyChild","Murderer"],"picked":"MeatLantern","floor":7.0},{"not_picked":["Redo","Streamline"],"picked":"Skim","floor":7.0},{"not_picked":["Murderer","SpiderBud"],"picked":"OldLady","floor":12.0},{"not_picked":["Blizzard","Hello World"],"picked":"Ball Lightning","floor":12.0},{"not_picked":["Variant","SpiderBud"],"picked":"UniverseFragment","floor":16},{"not_picked":["All For One","Core Surge"],"picked":"Electrodynamics","floor":16},{"not_picked":["Porccubus","Murderer"],"picked":"BeautyBeast","floor":18},{"not_picked":["Go for the Eyes","Gash+1"],"picked":"Steam+1","floor":18},{"not_picked":["WallGazer","Woodsman"],"picked":"BodiesMountain","floor":20},{"not_picked":["Compile Driver","Rebound","Beam Cell"],"picked":"SKIP","floor":20}],"player_experience":667769,"relics_obtained":[{"floor":7.0,"key":"Bag of Preparation"},{"floor":9.0,"key":"Sundial"},{"floor":11.0,"key":"Whetstone"}],"event_choices":[{"cards_removed":["Strike_B"],"damage_healed":0.0,"max_hp_gain":0.0,"max_hp_loss":0.0,"gold_gain":0.0,"event_name":"Golden Wing","player_choice":"Card Removal","floor":3.0,"gold_loss":0.0,"damage_taken":7.0},{"damage_healed":0.0,"max_hp_gain":0.0,"max_hp_loss":0.0,"gold_gain":175.0,"event_name":"Liars Game","player_choice":"AGREE","floor":5.0,"gold_loss":0.0,"damage_taken":0.0,"cards_obtained":["Doubt"]},{"damage_healed":0.0,"max_hp_gain":0.0,"max_hp_loss":6.0,"gold_gain":0.0,"event_name":"Golden Idol","player_choice":"Lose Max HP","floor":8.0,"gold_loss":0.0,"damage_taken":0.0,"relics_obtained":["Golden Idol"]}],"is_beta":false,"boss_relics":[{"not_picked":["Tiny House","Busted Crown"],"picked":"SlaversCollar"}],"items_purged_floors":[4,14],"is_endless":false,"potions_floor_spawned":[2,7,12],"killed_by":"Snake Plant","ascension_level":1}}