{"host":"2se5dq1do2gp0x9k","time":1610241075,"event":{"mods":["AchievementEnabler","BaseMod","Block Reminder","Colored Map","Colored Powertips","Minty Spire (QoL Compilation)","Relic Stats","StSLib","SuperFastMode"],"gold_per_floor":[310,327,164,164,164,204,204,44,70,82,125,155,167,197,209,314,326,351,363,363],"floor_reached":19,"playtime":719,"items_purged":[],"score":315,"play_id":"48f4e1e1-6df7-494b-aa01-7c701c53070f","local_time":"20210109171115","is_ascension_mode":true,"campfire_choices":[{"data":"BattleHymn","floor":7,"key":"SMITH"},{"data":"TalkToTheHand","floor":10,"key":"SMITH"},{"floor":13,"key":"REST"},{"data":"Protect","floor":15,"key":"SMITH"}],"circlet_count":0,"master_deck":["AscendersBane","Strike_P","Strike_P","Strike_P","Strike_P","Defend_P","Defend_P","Defend_P","Defend_P","Eruption","Vigilance","BattleHymn+1","FlyingSleeves","TalkToTheHand+1","Nirvana","CutThroughFate","Protect+1","CutThroughFate","SandsOfTime","DevaForm"],"relics":["HolyWater","Old Coin","Golden Idol","CloakClasp","Membership Card","MawBank","Ancient Tea Set"],"acts_visited":["Exordium","TheCity"],"potions_floor_usage":[6,16,19],"damage_taken":[{"damage":11,"enemies":"2 Louse","floor":1,"turns":3},{"damage":0,"enemies":"Jaw Worm","floor":2,"turns":3},{"damage":15,"enemies":"Lagavulin","floor":6,"turns":6},{"damage":24,"enemies":"3 Sentries","floor":11,"turns":5},{"damage":0,"enemies":"Cultist","floor":12,"turns":2},{"damage":4,"enemies":"Exordium Thugs","floor":14,"turns":5},{"damage":4,"enemies":"The Guardian","floor":16,"turns":14},{"damage":1,"enemies":"Shell Parasite","floor":18,"turns":5},{"damage":57,"enemies":"Masked Bandits","floor":19,"turns":5}],"seed_played":"-4808907099758672701","potions_obtained":[{"floor":1,"key":"BottledMiracle"},{"floor":2,"key":"FearPotion"},{"floor":12,"key":"Dexterity Potion"}],"is_trial":false,"path_per_floor":["M","M","$","?","?","E","R","$","T","R","E","M","R","M","R","B",null,"M","?"],"character_chosen":"WATCHER","items_purchased":["TalkToTheHand","Nirvana","Membership Card"],"campfire_rested":1,"item_purchase_floors":[3,3,8],"current_hp_per_floor":[50,50,50,50,50,35,35,35,35,35,11,11,29,25,25,21,52,51,0,0],"gold":363,"neow_bonus":"ONE_RARE_RELIC","is_daily":false,"chose_seed":false,"campfire_upgraded":3,"win_rate":0.0,"timestamp":1610241075,"path_taken":["M","M","$","?","?","E","R","?","T","R","E","?","R","M","R","BOSS","M","?"],"items_purchased_type":["Card","Card","Relic"],"build_version":"2020-12-22","purchased_purges":0,"victory":false,"max_hp_per_floor":[68,68,68,62,62,62,62,62,62,62,62,62,62,62,62,62,62,62,62,62],"relic_stats":{"counters":[9,48],"Golden Idol":52,"CloakClasp":[161],"MawBank":120,"obtain_stats":[{"Golden Idol":4,"HolyWater":17,"CloakClasp":6,"Membership Card":8,"PureWater":0,"MawBank":9,"Ancient Tea Set":11,"Old Coin":0},{"Golden Idol":2,"HolyWater":7,"CloakClasp":3,"Membership Card":3,"PureWater":0,"MawBank":3,"Ancient Tea Set":4,"Old Coin":0},{"Golden Idol":6,"HolyWater":38,"CloakClasp":12,"Membership Card":12,"PureWater":0,"MawBank":12,"Ancient Tea Set":17,"Old Coin":0}]},"card_choices":[{"not_picked":["InnerPeace","Perseverance"],"picked":"BattleHymn","floor":1},{"not_picked":["SignatureMove","Perseverance"],"picked":"FlyingSleeves","floor":2},{"not_picked":["PathToVictory","SandsOfTime"],"picked":"CutThroughFate","floor":6},{"not_picked":["SashWhip","PathToVictory"],"picked":"Protect","floor":11},{"not_picked":["Conclude","BowlingBash"],"picked":"CutThroughFate","floor":12},{"not_picked":["Evaluate","Crescendo"],"picked":"SandsOfTime","floor":14},{"not_picked":["LessonLearned","Alpha"],"picked":"DevaForm","floor":16},{"not_picked":["ReachHeaven","CrushJoints","WindmillStrike"],"picked":"SKIP","floor":18}],"player_experience":3827515,"relics_obtained":[{"floor":6,"key":"CloakClasp"},{"floor":9,"key":"MawBank"},{"floor":11,"key":"Ancient Tea Set"}],"event_choices":[{"damage_healed":0,"gold_gain":0,"player_choice":"Lose Max HP","damage_taken":0,"relics_obtained":["Golden Idol"],"max_hp_gain":0,"max_hp_loss":6,"event_name":"Golden Idol","floor":4,"gold_loss":0},{"damage_healed":0,"gold_gain":0,"player_choice":"Ignored","damage_taken":0,"max_hp_gain":0,"max_hp_loss":0,"event_name":"Liars Game","floor":5,"gold_loss":0},{"damage_healed":0,"gold_gain":0,"player_choice":"Fought Bandits","damage_taken":0,"max_hp_gain":0,"max_hp_loss":0,"event_name":"Masked Bandits","floor":19,"gold_loss":0}],"is_beta":false,"boss_relics":[{"not_picked":["Black Star","Ectoplasm"],"picked":"HolyWater"}],"items_purged_floors":[],"is_endless":false,"potions_floor_spawned":[1,2,12],"killed_by":"Masked Bandits","ascension_level":16}}