{"host":"4q8tqz186r0pap1a","time":1610260082,"event":{"mods":["ATMod(阿瑾Mod)","Act Like it!","Arknights The Spire","BaseMod","Bestiary","Block Reminder","Colored Powertips","Curses Come First","Dota2Spire","Downfall","Gensokyo","Gold Saver","GungeonMod","Hallownest","Highlight Path","Hubris","Hunter 猎人","Jedi Mod","KinomotoSakuraMod(木之本樱)","KomeijiMod","LagranYue(拉格朗・月)","Minty Spire (QoL Compilation)","Nova Terra(诺娃・泰拉)","Pale of the Ancients","Quarter Circle Forward PUNCH!","Red Circlet Mod","Relic Stats","Replay The Spire","Shop Mod","Spicy Shops","StSLib","The Bug Knight","The Construct","The Cursed","The Marked","TheWitcher","WarShipGirlsR/战舰少女R mod","Yakumo Yukari mod","Yuyuko","[IsaacMod]以撒尖塔","[功能]功能增强和修复MOD","[地精首领爬塔]The Maniac","vexMod","【功能Mod】混沌之环修复补丁","【功能Mod】聪明的最终Boss","【遗物卡牌】REMEMod","残留之物"],"gold_per_floor":[118,118,138,155,208,252,252,252,252],"floor_reached":8,"playtime":556,"items_purged":["Clumsy"],"score":166,"play_id":"db56eac6-a995-4521-b484-d5789b972d39","local_time":"20210110142802","is_ascension_mode":true,"campfire_choices":[],"circlet_count":0,"master_deck":["AscendersBane","Strike_B","Strike_B","Strike_B","Strike_B","Defend_B","Defend_B","Defend_B+1","Defend_B+1","Zap","Dualcast","BloodyBrimstone","jedi:hex","Redo","FIFO Queue","ReplayTheSpireMod:Omega Cannon","Amplify","AT_StudyProgram","EpicFetus","Mirror Shield+1","AT_StudyProgram","Metamorphosis","jedi:BurstFrost","AT_EMC2","Coolheaded","AT_RightCognition","Time Bomb","Cold Snap","expansioncontent:PrepareCrush"],"relics":["Cracked Core","AT_ATBox","REME_ComplimentaryCards","HushsDoor","LagranYue:RandomDrawCardRelic","NeowsBlessing","D6","AT_BellDemon","Kunai","TheBattery","Mercury Hourglass","Sling","MerchantsRug","Replay:Bottled Steam","Dota2Spire:Butterfly","Dota2Spire:MantaStyle","SteamSale","Mirror","Membership Card","War Paint","DemoMod:OrangeGuonStone","vexMod:ConsolationPrize","hubris:BottledRain","DemoMod:GlassGuonStoneRelic","DeathBook","PillsDrop","qcfpunch:White_Boots","WingedGreaves","LagranYue:NewUniverseRelic","Dota2Spire:Mjollnir","jedi:archwizardhat","hubris:EmptyBottle"],"acts_visited":["Exordium"],"potions_floor_usage":[5,8,8],"damage_taken":[{"damage":0,"enemies":"Cultist","floor":1,"turns":1},{"damage":0,"enemies":"Small Slimes","floor":3,"turns":1},{"damage":0,"enemies":"Jaw Worm","floor":4,"turns":1},{"damage":33,"enemies":"Exordium Wildlife","floor":5,"turns":4},{"damage":19,"enemies":"Gremlin Nob","floor":6,"turns":3},{"damage":13,"enemies":"Lagavulin","floor":8,"turns":2}],"seed_played":"4054233140194360176","potions_obtained":[{"floor":1,"key":"LiquidMemories"},{"floor":1,"key":"Fire Potion"},{"floor":5,"key":"PlaceholderMod:PlaceholderPotion"}],"is_trial":false,"path_per_floor":["M","$","M","M","M","E","$","E"],"character_chosen":"DEFECT","items_purchased":["AT_BellDemon","Kunai","TheBattery","Mercury Hourglass","Sling","ReplayTheSpireMod:Omega Cannon","Amplify","AT_StudyProgram","MerchantsRug","Replay:Bottled Steam","EpicFetus","Dota2Spire:Butterfly","Dota2Spire:MantaStyle","SteamSale","Mirror","Membership Card","Mirror Shield+1","AT_StudyProgram","War Paint","Metamorphosis","qcfpunch:White_Boots","WingedGreaves","LagranYue:NewUniverseRelic","Dota2Spire:Mjollnir","jedi:archwizardhat","hubris:EmptyBottle","expansioncontent:PrepareCrush"],"campfire_rested":0,"item_purchase_floors":[2,2,2,2,2,2,2,2,2,2,2,2,2,2,2,2,2,2,2,2,7,7,7,7,7,7,7],"current_hp_per_floor":[64,64,64,64,31,12,12,0,0],"gold":252,"neow_bonus":"THREE_ENEMY_KILL","is_daily":false,"chose_seed":false,"campfire_upgraded":0,"win_rate":0.0,"timestamp":1610260082,"path_taken":["M","$","?","?","M","E","$","E"],"items_purchased_type":["Relic","Relic","Relic","Relic","Relic","Card","Card","Card","Relic","Relic","Card","Relic","Relic","Relic","Relic","Relic","Card","Card","Relic","Card","Relic","Relic","Relic","Relic","Relic","Relic","Card"],"build_version":"2020-12-22","purchased_purges":1,"victory":false,"max_hp_per_floor":[71,71,71,71,71,65,65,62,62],"relic_stats":{"counters":[6,11],"Kunai":[0],"War Paint":["Defend_B","Defend_B"],"obtain_stats":[{"AT_BellDemon":2,"AT_ATBox":0,"LagranYue:RandomDrawCardRelic":0,"DemoMod:GlassGuonStoneRelic":1,"TheBattery":2,"jedi:archwizardhat":7,"hubris:EmptyBottle":7,"Sling":2,"DeathBook":6,"PillsDrop":6,"WingedGreaves":7,"Dota2Spire:Mjollnir":7,"Kunai":2,"Cracked Core":0,"LagranYue:NewUniverseRelic":7,"Replay:Bottled Steam":2,"KeepersGift":0,"MerchantsRug":2,"Dota2Spire:MantaStyle":2,"NeowsBlessing":0,"DemoMod:OrangeGuonStone":3,"vexMod:ConsolationPrize":4,"War Paint":2,"SteamSale":2,"qcfpunch:White_Boots":7,"Mercury Hourglass":2,"D6":0,"Dota2Spire:Butterfly":2,"Membership Card":2,"HushsDoor":0,"Mirror":2,"REME_ComplimentaryCards":0,"hubris:BottledRain":5},{"AT_BellDemon":1,"AT_ATBox":0,"LagranYue:RandomDrawCardRelic":0,"DemoMod:GlassGuonStoneRelic":1,"TheBattery":1,"jedi:archwizardhat":5,"hubris:EmptyBottle":5,"Sling":1,"DeathBook":5,"PillsDrop":5,"WingedGreaves":5,"Dota2Spire:Mjollnir":5,"Kunai":1,"Cracked Core":0,"LagranYue:NewUniverseRelic":5,"Replay:Bottled Steam":1,"KeepersGift":0,"MerchantsRug":1,"Dota2Spire:MantaStyle":1,"NeowsBlessing":0,"DemoMod:OrangeGuonStone":2,"vexMod:ConsolationPrize":3,"War Paint":1,"SteamSale":1,"qcfpunch:White_Boots":5,"Mercury Hourglass":1,"D6":0,"Dota2Spire:Butterfly":1,"Membership Card":1,"HushsDoor":0,"Mirror":1,"REME_ComplimentaryCards":0,"hubris:BottledRain":4},{"AT_BellDemon":1,"AT_ATBox":0,"LagranYue:RandomDrawCardRelic":0,"DemoMod:GlassGuonStoneRelic":1,"TheBattery":1,"jedi:archwizardhat":9,"hubris:EmptyBottle":9,"Sling":1,"DeathBook":9,"PillsDrop":9,"WingedGreaves":9,"Dota2Spire:Mjollnir":9,"Kunai":1,"Cracked Core":0,"LagranYue:NewUniverseRelic":9,"Replay:Bottled Steam":1,"KeepersGift":0,"MerchantsRug":1,"Dota2Spire:MantaStyle":1,"NeowsBlessing":0,"DemoMod:OrangeGuonStone":2,"vexMod:ConsolationPrize":3,"War Paint":1,"SteamSale":1,"qcfpunch:White_Boots":9,"Mercury Hourglass":1,"D6":0,"Dota2Spire:Butterfly":1,"Membership Card":1,"HushsDoor":0,"Mirror":1,"REME_ComplimentaryCards":0,"hubris:BottledRain":6}],"Mercury Hourglass":[31]},"card_choices":[{"not_picked":[],"picked":"BloodyBrimstone","floor":0},{"not_picked":["jedi:BurstFrost","Rebound"],"picked":"jedi:hex","floor":1},{"not_picked":["BasicCrystalCard","Compile Driver"],"picked":"Redo","floor":1},{"not_picked":["Leap","Streamline"],"picked":"FIFO Queue","floor":1},{"not_picked":["Storm","Capacitor"],"picked":"jedi:BurstFrost","floor":3},{"not_picked":["ReplayTheSpireMod:Repulse","AT_WarpDrive"],"picked":"AT_EMC2","floor":3},{"not_picked":["FIFO Queue","Gash"],"picked":"Coolheaded","floor":3},{"not_picked":["Redo","Time Bomb"],"picked":"AT_RightCognition","floor":4},{"not_picked":["hubris:PowerSurge","Skim"],"picked":"Time Bomb","floor":4},{"not_picked":["Conserve Battery","Hologram","Leap"],"picked":"SKIP","floor":4},{"not_picked":["Leap","Barrage","Streamline"],"picked":"SKIP","floor":5},{"not_picked":["Turbo","Rebound","AT_DarkMatter"],"picked":"SKIP","floor":5},{"not_picked":["Redo","Static Discharge","AT_ThunderBolt"],"picked":"SKIP","floor":5},{"not_picked":["AT_HeatAcrobatics","Melter"],"picked":"Cold Snap","floor":6}],"player_experience":158044,"relics_obtained":[{"floor":3,"key":"DemoMod:OrangeGuonStone"},{"floor":4,"key":"vexMod:ConsolationPrize"},{"floor":5,"key":"hubris:BottledRain"},{"floor":6,"key":"DeathBook"},{"floor":6,"key":"PillsDrop"}],"event_choices":[],"is_beta":false,"boss_relics":[],"items_purged_floors":[7],"is_endless":false,"potions_floor_spawned":[1,1,5,5,6],"killed_by":"Lagavulin","ascension_level":20}}