{"host":"d42v9a78iaxjks5w","time":1610285986,"event":{"mods":["BaseMod","Colored Map","Colored Powertips","Downfall","Minty Spire (QoL Compilation)","StSLib"],"gold_per_floor":[118,136,136,152,152,152,18,67,67,83,101,101,101,116,116,217,217,230,240,240,35,52,52,69,69,69,88,88,108,127,145,145,243,243,259,259,278,295,295,295,312,322,395,395,395,395,395,297,297,297],"floor_reached":51,"playtime":2275,"items_purged":["Writhe"],"score":695,"play_id":"b31ac893-bdb9-4df6-ad0a-0de192008552","local_time":"20210110073946","is_ascension_mode":false,"campfire_choices":[{"data":"Pommel Strike","floor":6,"key":"SMITH"},{"data":"Iron Wave","floor":12,"key":"SMITH"},{"data":"Whirlwind","floor":15,"key":"SMITH"},{"data":"Flame Barrier","floor":23,"key":"SMITH"},{"data":"Berserk","floor":25,"key":"SMITH"},{"data":"Ghostly Armor","floor":32,"key":"SMITH"},{"data":"Demon Form","floor":40,"key":"SMITH"},{"data":"Secret Weapon","floor":44,"key":"SMITH"},{"data":"Metallicize","floor":46,"key":"SMITH"},{"data":"Thunderclap","floor":49,"key":"SMITH"}],"circlet_count":0,"master_deck":["Strike_R","Strike_R","Defend_R","Defend_R","Defend_R","Bash","Pommel Strike+1","Shrug It Off","Metallicize+1","Whirlwind+1","Pommel Strike","Iron Wave+1","Cleave","Berserk+1","Ghostly Armor+1","Flame Barrier+1","Hemokinesis","Offering","Pommel Strike+1","Demon Form+1","Secret Weapon+1","Thunderclap+1"],"relics":["Burning Blood","Eternal Feather","Anchor","The Courier","FaceOfCleric","Busted Crown","Ornamental Fan","Mango","Empty Cage","Gremlin Horn"],"acts_visited":["Exordium","TheCity","TheBeyond"],"potions_floor_usage":[10,16,16,24,33,33,38,41,45],"damage_taken":[{"damage":5,"enemies":"Cultist","floor":1,"turns":4},{"damage":6,"enemies":"2 Louse","floor":2,"turns":3},{"damage":2,"enemies":"Jaw Worm","floor":4,"turns":5},{"damage":10,"enemies":"Gremlin Gang","floor":10,"turns":6},{"damage":13,"enemies":"Blue Slaver","floor":11,"turns":4},{"damage":9,"enemies":"Exordium Thugs","floor":14,"turns":6},{"damage":25,"enemies":"The Guardian","floor":16,"turns":17},{"damage":2,"enemies":"Shell Parasite","floor":18,"turns":4},{"damage":29,"enemies":"Spheric Guardian","floor":19,"turns":6},{"damage":9,"enemies":"Cultist and Chosen","floor":22,"turns":3},{"damage":6,"enemies":"Centurion and Healer","floor":24,"turns":6},{"damage":9,"enemies":"Snecko","floor":27,"turns":5},{"damage":7,"enemies":"Chosen and Byrds","floor":29,"turns":5},{"damage":10,"enemies":"Snake Plant","floor":30,"turns":3},{"damage":32,"enemies":"Shelled Parasite and Fungi","floor":31,"turns":4},{"damage":76,"enemies":"Automaton","floor":33,"turns":14},{"damage":30,"enemies":"3 Shapes","floor":35,"turns":4},{"damage":11,"enemies":"Orb Walker","floor":37,"turns":4},{"damage":25,"enemies":"Spire Growth","floor":38,"turns":5},{"damage":34,"enemies":"Transient","floor":41,"turns":5},{"damage":13,"enemies":"Maw","floor":42,"turns":6},{"damage":19,"enemies":"Jaw Worm Horde","floor":45,"turns":3},{"damage":78,"enemies":"Donu and Deca","floor":50,"turns":8}],"seed_played":"8372701991145429263","potions_obtained":[{"floor":4,"key":"PowerPotion"},{"floor":10,"key":"HeartOfIron"},{"floor":11,"key":"LiquidMemories"},{"floor":16,"key":"ColorlessPotion"},{"floor":24,"key":"SmokeBomb"},{"floor":27,"key":"Energy Potion"},{"floor":29,"key":"EssenceOfSteel"},{"floor":37,"key":"PowerPotion"},{"floor":38,"key":"Dexterity Potion"}],"is_trial":false,"path_per_floor":["M","M","?","M","?","R","$","T","T","M","M","R","?","M","R","B",null,"M","M","?","$","M","R","M","R","T","M","?","M","M","M","R","B",null,"M","$","M","M","?","R","M","M","T","R","M","R","?","$","R","B",null],"character_chosen":"IRONCLAD","items_purchased":["Metallicize","Whirlwind","Ornamental Fan","Thunderclap"],"campfire_rested":0,"item_purchase_floors":[7,7,21,48],"current_hp_per_floor":[88,88,88,88,85,88,88,88,88,84,77,86,86,84,89,71,90,91,69,69,69,67,79,80,92,106,104,104,104,101,76,88,19,113,90,90,86,68,68,80,53,47,47,59,47,59,89,89,101,30],"gold":297,"neow_bonus":"TEN_PERCENT_HP_BONUS","is_daily":false,"chose_seed":false,"campfire_upgraded":10,"win_rate":0.0,"timestamp":1610285986,"path_taken":["M","?","?","M","?","R","$","?","T","?","M","R","?","M","R","BOSS","M","M","?","$","M","R","M","R","T","M","?","M","M","?","R","BOSS","M","$","M","M","?","R","M","M","T","R","M","R","?","$","R","BOSS"],"items_purchased_type":["Card","Card","Relic","Card"],"build_version":"2020-12-22","purchased_purges":1,"victory":true,"max_hp_per_floor":[88,88,88,88,88,88,88,88,88,88,88,88,88,89,89,90,90,91,92,92,92,93,93,94,94,108,109,109,110,111,112,112,113,113,114,114,115,116,116,116,117,118,118,118,119,119,119,119,119,120],"card_choices":[{"not_picked":["Sever Soul","Reckless Charge"],"picked":"Pommel Strike","floor":1},{"not_picked":["Blood for Blood","Clash"],"picked":"Shrug It Off","floor":2},{"not_picked":["Perfected Strike","Fire Breathing","Clothesline"],"picked":"SKIP","floor":4},{"not_picked":["Bloodletting","Clash"],"picked":"Pommel Strike","floor":10},{"not_picked":["Rampage","Feel No Pain"],"picked":"Iron Wave","floor":11},{"not_picked":["Clash","Armaments"],"picked":"Cleave","floor":14},{"not_picked":["Brutality","Reaper"],"picked":"Berserk","floor":16},{"not_picked":[],"picked":"Ghostly Armor","floor":18},{"not_picked":["Bloodletting"],"picked":"SKIP","floor":19},{"not_picked":["Sword Boomerang"],"picked":"SKIP","floor":22},{"not_picked":["Shrug It Off"],"picked":"SKIP","floor":24},{"not_picked":["Bloodletting"],"picked":"SKIP","floor":27},{"not_picked":["Sever Soul+1"],"picked":"SKIP","floor":29},{"not_picked":[],"picked":"Pommel Strike+1","floor":30},{"not_picked":["Warcry"],"picked":"SKIP","floor":31},{"not_picked":[],"picked":"Demon Form","floor":33},{"not_picked":["Sword Boomerang"],"picked":"SKIP","floor":35},{"not_picked":["Anger"],"picked":"SKIP","floor":37},{"not_picked":["Clash"],"picked":"SKIP","floor":38},{"not_picked":[],"picked":"Secret Weapon","floor":39},{"not_picked":["Iron Wave"],"picked":"SKIP","floor":41},{"not_picked":["Shrug It Off"],"picked":"SKIP","floor":42}],"player_experience":82406,"relics_obtained":[{"floor":8,"key":"Anchor"},{"floor":9,"key":"The Courier"},{"floor":26,"key":"Mango"},{"floor":43,"key":"Gremlin Horn"}],"event_choices":[{"damage_healed":0,"gold_gain":0,"player_choice":"Ignored","damage_taken":0,"max_hp_gain":0,"max_hp_loss":0,"event_name":"Liars Game","floor":3,"gold_loss":0},{"damage_healed":0,"gold_gain":0,"player_choice":"Success","damage_taken":3,"relics_obtained":["Eternal Feather"],"max_hp_gain":0,"max_hp_loss":0,"event_name":"Scrap Ooze","floor":5,"gold_loss":0},{"damage_healed":0,"gold_gain":0,"player_choice":"Trade","damage_taken":0,"relics_obtained":["FaceOfCleric"],"max_hp_gain":0,"max_hp_loss":0,"event_name":"FaceTrader","floor":13,"gold_loss":0},{"damage_healed":0,"gold_gain":0,"player_choice":"Read","damage_taken":0,"max_hp_gain":0,"max_hp_loss":0,"event_name":"The Library","floor":20,"gold_loss":0,"cards_obtained":["Flame Barrier"]},{"damage_healed":0,"gold_gain":0,"cards_transformed":["Defend_R","Strike_R"],"player_choice":"Became Test Subject","damage_taken":0,"max_hp_gain":0,"max_hp_loss":0,"event_name":"Drug Dealer","floor":28,"gold_loss":0,"cards_obtained":["Hemokinesis","Offering"]},{"damage_healed":0,"gold_gain":0,"player_choice":"Memory 1","damage_taken":0,"max_hp_gain":0,"max_hp_loss":0,"event_name":"SensoryStone","floor":39,"gold_loss":0},{"damage_healed":30,"gold_gain":0,"player_choice":"Writhe","damage_taken":0,"max_hp_gain":0,"max_hp_loss":0,"event_name":"Winding Halls","floor":47,"gold_loss":0,"cards_obtained":["Writhe"]}],"is_beta":false,"boss_relics":[{"not_picked":["Tiny House","Velvet Choker"],"picked":"Busted Crown"},{"not_picked":["Cursed Key","Runic Pyramid"],"picked":"Empty Cage"}],"items_purged_floors":[48],"is_endless":false,"potions_floor_spawned":[4,10,11,16,24,27,29,37,38,45],"ascension_level":0}}