{"host":"sc0o2qwpf9j16a4i","time":1610270866,"event":{"mods":["AchievementEnabler","BaseMod","BetterRewards","Block Reminder","Colored Map","Colored Powertips","Custom Start","Highlight Path","Minty Spire (QoL Compilation)","Relic Stats"],"gold_per_floor":[119,133,152,152,166,166,210,225,225,225,240,140,140,140,140,233,233,251,272,71,90,90,131,131,156,180,218,218,234,234,248,248,339,339,357,357,373,389,173,217,217,217,217,238,263,281,315,333,333,333,333,333,333,29,72,72],"floor_reached":57,"playtime":3139,"items_purged":["Strike_G","Pain","Strike_G+1","Strike_G+1"],"score":3691,"play_id":"10110009-24bd-4aff-b010-6e054ce7d84f","local_time":"20210110112746","is_ascension_mode":true,"campfire_choices":[{"data":"Apotheosis","floor":6.0,"key":"SMITH"},{"floor":13.0,"key":"DIG"},{"floor":15.0,"key":"DIG"},{"floor":28.0,"key":"DIG"},{"floor":30.0,"key":"REST"},{"floor":32.0,"key":"DIG"},{"floor":42.0,"key":"RECALL"},{"floor":49,"key":"DIG"},{"floor":53,"key":"DIG"}],"circlet_count":0,"master_deck":["AscendersBane","Strike_G+1","Strike_G+1","Defend_G+1","Defend_G+1","Defend_G+1","Defend_G+1","Defend_G+1","Survivor","Dash","Backstab","Footwork","Apotheosis+1","Dash","Skewer","Dagger Spray","Flying Knee","Sucker Punch","Concentrate","Deadly Poison","Crippling Poison+1","Malaise","Dodge and Roll","Noxious Fumes+1","Crippling Poison","Backflip+1","Dodge and Roll","Malaise","Footwork","Backflip+1","Bouncing Flask+1","Infinite Blades+1","Crippling Poison+1","Leg Sweep","Wraith Form v2+1","Adrenaline","Prepared+1","Footwork","Caltrops","Blur"],"relics":["Ring of the Snake","Lee\u0027s Waffle","Du-Vu Doll","Dream Catcher","Pantograph","ClockworkSouvenir","Art of War","Shovel","TwistedFunnel","Medical Kit","DollysMirror","Centennial Puzzle","Strawberry","Golden Idol","Nunchaku","Pear","WarpedTongs","Blue Candle","Toy Ornithopter","Dead Branch","Fusion Hammer","Orrery","Calipers","Enchiridion","Lantern","Smiling Mask","Matryoshka","InkBottle","Busted Crown","PreservedInsect","War Paint","Regal Pillow","Akabeko","Orichalcum","Sundial","Chemical X","Pocketwatch"],"acts_visited":["Exordium","TheCity","TheBeyond","TheEnding"],"potions_floor_usage":[48,56],"damage_taken":[{"damage":0.0,"enemies":"Jaw Worm","floor":1.0,"turns":2.0},{"damage":0.0,"enemies":"2 Louse","floor":2.0,"turns":1.0},{"damage":0.0,"enemies":"Cultist","floor":3.0,"turns":2.0},{"damage":0.0,"enemies":"Red Slaver","floor":5.0,"turns":3.0},{"damage":0.0,"enemies":"Lagavulin","floor":7.0,"turns":6.0},{"damage":0.0,"enemies":"Large Slime","floor":8.0,"turns":3.0},{"damage":2.0,"enemies":"Blue Slaver","floor":11.0,"turns":2.0},{"damage":12.0,"enemies":"Slime Boss","floor":16.0,"turns":6.0},{"damage":1.0,"enemies":"Shell Parasite","floor":18.0,"turns":6.0},{"damage":0.0,"enemies":"2 Thieves","floor":19.0,"turns":2.0},{"damage":2.0,"enemies":"3 Cultists","floor":21.0,"turns":3.0},{"damage":0.0,"enemies":"Gremlin Leader","floor":23.0,"turns":5.0},{"damage":0.0,"enemies":"Snake Plant","floor":25.0,"turns":4.0},{"damage":0.0,"enemies":"Book of Stabbing","floor":27.0,"turns":7.0},{"damage":0.0,"enemies":"Snecko","floor":29.0,"turns":5.0},{"damage":0.0,"enemies":"3 Cultists","floor":31.0,"turns":4.0},{"damage":6.0,"enemies":"Automaton","floor":33.0,"turns":7.0},{"damage":0.0,"enemies":"Orb Walker","floor":35.0,"turns":2.0},{"damage":0.0,"enemies":"3 Shapes","floor":37.0,"turns":4.0},{"damage":2.0,"enemies":"Maw","floor":38.0,"turns":6.0},{"damage":2.0,"enemies":"Giant Head","floor":40.0,"turns":8.0},{"damage":1,"enemies":"Spire Growth","floor":44,"turns":5},{"damage":7,"enemies":"Jaw Worm Horde","floor":45,"turns":2},{"damage":0,"enemies":"Writhing Mass","floor":46,"turns":5},{"damage":0,"enemies":"Nemesis","floor":47,"turns":5},{"damage":0,"enemies":"3 Darklings","floor":48,"turns":3},{"damage":8,"enemies":"Donu and Deca","floor":50,"turns":9},{"damage":32,"enemies":"Time Eater","floor":51,"turns":13},{"damage":0,"enemies":"Shield and Spear","floor":55,"turns":6},{"damage":48,"enemies":"The Heart","floor":56,"turns":10}],"seed_played":"3044844146529364826","potions_obtained":[{"floor":1.0,"key":"Ancient Potion"},{"floor":2.0,"key":"SkillPotion"},{"floor":16.0,"key":"SpeedPotion"},{"floor":25.0,"key":"ColorlessPotion"},{"floor":35.0,"key":"SkillPotion"},{"floor":48,"key":"AttackPotion"}],"is_trial":false,"path_per_floor":["M","M","M","?","M","R","E","M","T","?","M","$","R","?","R","B",null,"M","M","$","M","?","E","?","M","T","E","R","M","R","M","R","B",null,"M","?","M","M","$","E","?","R","T","M","M","M","E","M","R","B","B",null,"R","$","E","B",null],"character_chosen":"THE_SILENT","items_purchased":["Lee\u0027s Waffle","Du-Vu Doll","Dream Catcher","Pantograph","ClockworkSouvenir","Art of War","Dash","Backstab","Shovel","TwistedFunnel","Footwork","Medical Kit","Apotheosis","DollysMirror","Centennial Puzzle","Strawberry","Skewer","Dagger Spray","Orrery","Footwork","PreservedInsect","Blur","Chemical X"],"campfire_rested":1,"item_purchase_floors":[0,0,0,0,0,0,0,0,0,0,0,0,0,0,0,0,0,0,20,20,39,54,54],"current_hp_per_floor":[80,80,80,52,52,52,52,52,62,62,60,60,60,49,49,62,83,82,82,82,80,80,80,59,59,59,59,59,59,86,86,86,84,89,89,89,89,87,87,85,85,85,85,84,77,77,77,82,82,82,58,82,82,82,82,42],"gold":72,"neow_bonus":"","is_daily":false,"chose_seed":false,"campfire_upgraded":1,"win_rate":0.0,"timestamp":1610270866,"path_taken":["M","M","M","?","M","R","E","M","T","?","?","?","R","?","R","BOSS","M","M","$","M","?","E","?","M","T","E","R","M","R","M","R","BOSS","M","?","?","M","$","E","?","R","T","M","M","?","E","M","R","BOSS","BOSS","R","$","E","BOSS"],"items_purchased_type":["Relic","Relic","Relic","Relic","Relic","Relic","Card","Card","Relic","Relic","Card","Relic","Card","Relic","Relic","Relic","Card","Card","Relic","Card","Relic","Card","Relic"],"build_version":"2020-12-22","purchased_purges":4,"victory":true,"max_hp_per_floor":[80,80,80,80,80,80,80,80,90,90,90,90,90,90,90,90,90,90,90,90,90,90,90,90,90,90,90,90,90,90,90,90,90,90,90,90,90,90,90,90,90,90,90,90,90,90,90,90,90,90,90,90,90,90,90,90],"relic_stats":{"Regal Pillow":1,"Smiling Mask":175,"Dream Catcher":1,"Centennial Puzzle":[156],"Nunchaku":[29],"Shovel":6,"Sundial":[8],"Pantograph":147,"Chemical X":[28],"InkBottle":[54],"Ring of the Snake":[60],"Lee\u0027s Waffle":191,"counters":[148,717],"Golden Idol":325,"Blue Candle":[0],"Dead Branch":[296],"PreservedInsect":257,"War Paint":["Crippling Poison","Crippling Poison"],"Orichalcum":[408],"Medical Kit":[4],"WarpedTongs":[119],"Busted Crown":20,"Art of War":[8],"obtain_stats":[{"TwistedFunnel":0,"Ice Cream":10,"Calipers":23,"Gremlin Horn":9,"CeramicFish":27,"Vajra":0,"Ginger":42,"Bottled Tornado":54,"Boot":2,"Sling":0,"Blood Vial":26,"Lizard Tail":3,"Centennial Puzzle":9,"HornCleat":0,"DollysMirror":22,"Sundial":43,"Strawberry":0,"Philosopher\u0027s Stone":34,"Fusion Hammer":17,"Necronomicon":31,"Kunai":36,"Toxic Egg 2":9,"Girya":6,"Pear":9,"Happy Flower":9,"Astrolabe":17,"Blue Candle":13,"Dead Branch":15,"Oddly Smooth Stone":24,"Velvet Choker":17,"Eternal Feather":55,"Pen Nib":4,"Paper Crane":44,"War Paint":40,"Akabeko":13,"WarpedTongs":10,"Du-Vu Doll":36,"OrangePellets":0,"Bronze Scales":42,"Snecko Eye":17,"Pandora\u0027s Box":34,"StrikeDummy":7,"Ring of the Serpent":34,"Pocketwatch":40,"Meat on the Bone":26,"Regal Pillow":0,"Lantern":26,"Enchiridion":24,"Snake Skull":0,"Juzu Bracelet":44,"Ancient Tea Set":14,"Cursed Key":34,"Smiling Mask":29,"ClockworkSouvenir":0,"Frozen Eye":54,"Dream Catcher":26,"Nunchaku":7,"Matryoshka":25,"Shovel":26,"Ninja Scroll":48,"Pantograph":10,"Tiny Chest":31,"WingedGreaves":37,"Chemical X":0,"InkBottle":32,"Ring of the Snake":0,"Runic Pyramid":17,"Potion Belt":0,"Lee\u0027s Waffle":0,"Golden Idol":4,"Thread and Needle":9,"PreservedInsect":39,"Frozen Egg 2":30,"Orichalcum":0,"Odd Mushroom":13,"Medical Kit":30,"White Beast Statue":11,"Mercury Hourglass":7,"Peace Pipe":0,"Anchor":22,"Busted Crown":34,"Ornamental Fan":26,"Orrery":20,"Ectoplasm":17,"Art of War":10,"Bag of Marbles":7,"Membership Card":39,"Toy Ornithopter":14},{"TwistedFunnel":19,"Ice Cream":93,"Calipers":130,"Gremlin Horn":65,"CeramicFish":54,"Vajra":89,"Ginger":80,"Bottled Tornado":116,"Boot":20,"Sling":61,"Blood Vial":14,"Lizard Tail":20,"Centennial Puzzle":47,"HornCleat":61,"DollysMirror":13,"Sundial":111,"Strawberry":118,"Philosopher\u0027s Stone":58,"Fusion Hammer":126,"Necronomicon":32,"Kunai":107,"Toxic Egg 2":6,"Girya":22,"Pear":124,"Happy Flower":22,"Astrolabe":96,"Blue Candle":125,"Dead Branch":125,"Oddly Smooth Stone":29,"Velvet Choker":68,"Eternal Feather":117,"Pen Nib":44,"Paper Crane":81,"War Paint":139,"Akabeko":49,"WarpedTongs":124,"Du-Vu Doll":35,"OrangePellets":41,"Bronze Scales":111,"Snecko Eye":51,"Pandora\u0027s Box":75,"StrikeDummy":5,"Ring of the Serpent":106,"Pocketwatch":38,"Meat on the Bone":54,"Regal Pillow":89,"Lantern":131,"Enchiridion":130,"Snake Skull":41,"Juzu Bracelet":40,"Ancient Tea Set":25,"Cursed Key":33,"Smiling Mask":103,"ClockworkSouvenir":89,"Frozen Eye":87,"Dream Catcher":29,"Nunchaku":123,"Matryoshka":54,"Shovel":54,"Ninja Scroll":85,"Pantograph":7,"Tiny Chest":74,"WingedGreaves":78,"Chemical X":89,"InkBottle":134,"Ring of the Snake":0,"Runic Pyramid":26,"Potion Belt":89,"Lee\u0027s Waffle":41,"Golden Idol":121,"Thread and Needle":92,"PreservedInsect":78,"Frozen Egg 2":17,"Orichalcum":41,"Odd Mushroom":95,"Medical Kit":32,"White Beast Statue":93,"Mercury Hourglass":65,"Peace Pipe":61,"Anchor":13,"Busted Crown":135,"Ornamental Fan":72,"Orrery":128,"Ectoplasm":10,"Art of War":23,"Bag of Marbles":46,"Membership Card":78,"Toy Ornithopter":125},{"TwistedFunnel":113,"Ice Cream":447,"Calipers":612,"Gremlin Horn":304,"CeramicFish":263,"Vajra":433,"Ginger":378,"Bottled Tornado":556,"Boot":116,"Sling":288,"Blood Vial":72,"Lizard Tail":116,"Centennial Puzzle":241,"HornCleat":288,"DollysMirror":65,"Sundial":522,"Strawberry":571,"Philosopher\u0027s Stone":280,"Fusion Hammer":596,"Necronomicon":168,"Kunai":502,"Toxic Egg 2":33,"Girya":125,"Pear":588,"Happy Flower":125,"Astrolabe":459,"Blue Candle":590,"Dead Branch":590,"Oddly Smooth Stone":156,"Velvet Choker":320,"Eternal Feather":562,"Pen Nib":228,"Paper Crane":384,"War Paint":659,"Akabeko":251,"WarpedTongs":588,"Du-Vu Doll":183,"OrangePellets":218,"Bronze Scales":522,"Snecko Eye":255,"Pandora\u0027s Box":355,"StrikeDummy":30,"Ring of the Serpent":500,"Pocketwatch":200,"Meat on the Bone":263,"Regal Pillow":433,"Lantern":616,"Enchiridion":612,"Snake Skull":218,"Juzu Bracelet":212,"Ancient Tea Set":136,"Cursed Key":177,"Smiling Mask":486,"ClockworkSouvenir":433,"Frozen Eye":420,"Dream Catcher":156,"Nunchaku":585,"Matryoshka":263,"Shovel":263,"Ninja Scroll":400,"Pantograph":36,"Tiny Chest":348,"WingedGreaves":367,"Chemical X":433,"InkBottle":632,"Ring of the Snake":0,"Runic Pyramid":143,"Potion Belt":433,"Lee\u0027s Waffle":218,"Golden Idol":576,"Thread and Needle":444,"PreservedInsect":367,"Frozen Egg 2":93,"Orichalcum":218,"Odd Mushroom":454,"Medical Kit":168,"White Beast Statue":447,"Mercury Hourglass":304,"Peace Pipe":288,"Anchor":65,"Busted Crown":639,"Ornamental Fan":339,"Orrery":604,"Ectoplasm":55,"Art of War":129,"Bag of Marbles":237,"Membership Card":367,"Toy Ornithopter":590}],"Toy Ornithopter":5,"Pocketwatch":[1]},"card_choices":[{"not_picked":["Quick Slash","Masterful Stab"],"picked":"Flying Knee","floor":1.0},{"not_picked":["Dagger Spray","Reflex","Masterful Stab"],"picked":"SKIP","floor":2.0},{"not_picked":["Flying Knee","Dagger Spray","Masterful Stab"],"picked":"SKIP","floor":3.0},{"not_picked":["Flying Knee","Outmaneuver"],"picked":"Sucker Punch","floor":5.0},{"not_picked":["Sucker Punch","Quick Slash"],"picked":"Concentrate","floor":7.0},{"not_picked":["Backflip","Predator"],"picked":"Deadly Poison","floor":8.0},{"not_picked":["Quick Slash","Underhanded Strike"],"picked":"Crippling Poison","floor":11.0},{"not_picked":["Die Die Die","Venomology"],"picked":"Malaise","floor":16.0},{"not_picked":["Expertise","Poisoned Stab"],"picked":"Dodge and Roll","floor":18.0},{"not_picked":["Cloak And Dagger","Tactician","Slice"],"picked":"SKIP","floor":19.0},{"not_picked":["Backflip","Cloak And Dagger+1"],"picked":"Noxious Fumes+1","floor":20.0},{"not_picked":["Eviscerate+1","Riddle With Holes"],"picked":"Crippling Poison","floor":20.0},{"not_picked":["Bouncing Flask","Quick Slash"],"picked":"Backflip+1","floor":20.0},{"not_picked":["Skewer","Sucker Punch"],"picked":"Dodge and Roll","floor":20.0},{"not_picked":["All Out Attack","Slice"],"picked":"Malaise","floor":20.0},{"not_picked":["Slice","Deadly Poison","Sucker Punch"],"picked":"SKIP","floor":21.0},{"not_picked":["Deflect","Flying Knee"],"picked":"Backflip+1","floor":23.0},{"not_picked":["Terror","Tactician","Noxious Fumes"],"picked":"SKIP","floor":25.0},{"not_picked":["Backflip","Underhanded Strike+1"],"picked":"Bouncing Flask+1","floor":27.0},{"not_picked":["PiercingWail+1","Choke"],"picked":"Infinite Blades+1","floor":29.0},{"not_picked":["Eviscerate","Outmaneuver"],"picked":"Crippling Poison","floor":30.0},{"not_picked":["Dodge and Roll","Glass Knife"],"picked":"Leg Sweep","floor":31.0},{"not_picked":["Doppelganger","Night Terror"],"picked":"Wraith Form v2","floor":33.0},{"not_picked":["Concentrate+1"],"picked":"SKIP","floor":35.0},{"not_picked":["Endless Agony"],"picked":"SKIP","floor":37.0},{"not_picked":[],"picked":"Prepared+1","floor":38.0},{"not_picked":["Dagger Throw+1"],"picked":"SKIP","floor":40.0},{"not_picked":[],"picked":"Footwork","floor":44},{"not_picked":["Endless Agony"],"picked":"SKIP","floor":45},{"not_picked":["Cloak And Dagger"],"picked":"SKIP","floor":46},{"not_picked":["Doppelganger"],"picked":"SKIP","floor":47},{"not_picked":[],"picked":"Caltrops","floor":48},{"not_picked":["Accuracy"],"picked":"SKIP","floor":55}],"player_experience":574107,"relics_obtained":[{"floor":7.0,"key":"Nunchaku"},{"floor":9.0,"key":"Pear"},{"floor":13.0,"key":"Blue Candle"},{"floor":15.0,"key":"Dead Branch"},{"floor":23.0,"key":"Calipers"},{"floor":24.0,"key":"Enchiridion"},{"floor":26.0,"key":"Lantern"},{"floor":27.0,"key":"Smiling Mask"},{"floor":28.0,"key":"Matryoshka"},{"floor":32.0,"key":"InkBottle"},{"floor":40.0,"key":"War Paint"},{"floor":43,"key":"Regal Pillow"},{"floor":47,"key":"Akabeko"},{"floor":49,"key":"Orichalcum"},{"floor":53,"key":"Sundial"},{"floor":55,"key":"Pocketwatch"}],"event_choices":[{"damage_healed":0.0,"max_hp_gain":0.0,"max_hp_loss":0.0,"gold_gain":0.0,"event_name":"Golden Idol","player_choice":"Take Damage","floor":4.0,"gold_loss":0.0,"damage_taken":28.0,"relics_obtained":["Golden Idol"]},{"damage_healed":0.0,"max_hp_gain":0.0,"max_hp_loss":0.0,"gold_gain":0.0,"event_name":"Accursed Blacksmith","player_choice":"Rummage","floor":10.0,"gold_loss":0.0,"damage_taken":0.0,"relics_obtained":["WarpedTongs"],"cards_obtained":["Pain"]},{"damage_healed":0.0,"max_hp_gain":0.0,"max_hp_loss":0.0,"gold_gain":0.0,"event_name":"Scrap Ooze","player_choice":"Success","floor":14.0,"gold_loss":0.0,"damage_taken":11.0,"relics_obtained":["Toy Ornithopter"]},{"damage_healed":0.0,"max_hp_gain":0.0,"max_hp_loss":0.0,"gold_gain":0.0,"event_name":"Back to Basics","player_choice":"Simplicity","floor":22.0,"gold_loss":0.0,"damage_taken":0.0,"cards_upgraded":["Strike_G","Strike_G","Strike_G","Strike_G","Defend_G","Defend_G","Defend_G","Defend_G","Defend_G"]},{"damage_healed":0.0,"max_hp_gain":0.0,"max_hp_loss":0.0,"gold_gain":0.0,"event_name":"Cursed Tome","player_choice":"Obtained Book","floor":24.0,"gold_loss":0.0,"damage_taken":21.0},{"damage_healed":0.0,"max_hp_gain":0.0,"max_hp_loss":0.0,"gold_gain":0.0,"cards_transformed":["Neutralize"],"event_name":"Transmorgrifier","player_choice":"Transformed","floor":36.0,"gold_loss":0.0,"damage_taken":0.0,"cards_obtained":["Adrenaline"]},{"damage_healed":0.0,"max_hp_gain":0.0,"max_hp_loss":0.0,"gold_gain":0.0,"event_name":"Upgrade Shrine","player_choice":"Upgraded","floor":41.0,"gold_loss":0.0,"damage_taken":0.0,"cards_upgraded":["Wraith Form v2"]}],"is_beta":false,"boss_relics":[{"not_picked":["HoveringKite","Sozu"],"picked":"Fusion Hammer"},{"not_picked":["Black Star","WristBlade"],"picked":"Busted Crown"}],"items_purged_floors":[0,12,39,54],"is_endless":false,"potions_floor_spawned":[1,2,16,23,25,27,31,35,37,45,47,48,55],"ascension_level":20}}