{"host":"t3nmszc7fx0d6552","time":1610299579,"event":{"mods":["AchievementEnabler","BaseMod","Colored Map","Minty Spire (QoL Compilation)","Permanent Neow","StSLib","SuperFastMode"],"gold_per_floor":[116,135,135,160,310,310,349,329,329,31,50,50,73,117,117,117,117],"floor_reached":16,"playtime":462,"items_purged":[],"score":220,"play_id":"0e5618fe-51e6-49bc-a94d-2dbff1585b1e","local_time":"20210111022619","is_ascension_mode":true,"campfire_choices":[{"data":"Bash","floor":6,"key":"SMITH"},{"floor":12,"key":"REST"},{"data":"Whirlwind","floor":15,"key":"SMITH"}],"circlet_count":0,"master_deck":["AscendersBane","Strike_R","Strike_R","Strike_R","Strike_R","Strike_R","Defend_R","Defend_R","Defend_R","Defend_R","Bash+1","Cleave","Twin Strike","Fire Breathing","Doubt","Sword Boomerang","Whirlwind+1","Shockwave","Pommel Strike","Battle Trance","Double Tap"],"relics":["Burning Blood","Champion Belt","Golden Idol","Self Forming Clay","Shovel","Toolbox","Bronze Scales"],"acts_visited":["Exordium"],"potions_floor_usage":[7,11,14],"damage_taken":[{"damage":14,"enemies":"Jaw Worm","floor":1,"turns":4},{"damage":4,"enemies":"2 Louse","floor":2,"turns":3},{"damage":7,"enemies":"Small Slimes","floor":4,"turns":3},{"damage":44,"enemies":"Lagavulin","floor":7,"turns":6},{"damage":6,"enemies":"Red Slaver","floor":11,"turns":3},{"damage":20,"enemies":"Lots of Slimes","floor":13,"turns":3},{"damage":1,"enemies":"3 Sentries","floor":14,"turns":2},{"damage":36,"enemies":"Slime Boss","floor":16,"turns":6}],"seed_played":"3453258815122672173","potions_obtained":[{"floor":1,"key":"ElixirPotion"},{"floor":2,"key":"Strength Potion"},{"floor":8,"key":"DistilledChaos"},{"floor":13,"key":"SteroidPotion"}],"is_trial":false,"path_per_floor":["M","M","?","M","?","R","E","?","T","$","M","R","M","E","R","B"],"character_chosen":"IRONCLAD","items_purchased":["Toolbox","Whirlwind","Shockwave"],"campfire_rested":1,"item_purchase_floors":[10,10,10],"current_hp_per_floor":[60,62,62,61,61,61,23,23,23,23,23,41,27,32,32,0,0],"gold":117,"neow_bonus":"ONE_RARE_RELIC","is_daily":false,"chose_seed":false,"campfire_upgraded":2,"win_rate":0.0,"timestamp":1610299579,"path_taken":["M","M","?","M","?","R","E","?","T","$","M","R","?","E","R","BOSS"],"items_purchased_type":["Relic","Card","Card"],"build_version":"2020-12-22","purchased_purges":0,"victory":false,"max_hp_per_floor":[68,68,62,62,62,62,62,62,62,62,62,62,62,62,62,62,62],"card_choices":[{"not_picked":["Ghostly Armor","Iron Wave"],"picked":"Cleave","floor":1},{"not_picked":["Pummel","Perfected Strike"],"picked":"Twin Strike","floor":2},{"not_picked":["Feel No Pain","Havoc"],"picked":"Fire Breathing","floor":4},{"not_picked":["Headbutt","Body Slam"],"picked":"Sword Boomerang","floor":7},{"not_picked":["Perfected Strike","Iron Wave"],"picked":"Pommel Strike","floor":11},{"not_picked":["True Grit","Headbutt"],"picked":"Battle Trance","floor":13},{"not_picked":["Sword Boomerang","Hemokinesis"],"picked":"Double Tap","floor":14}],"player_experience":1376009,"relics_obtained":[{"floor":7,"key":"Self Forming Clay"},{"floor":9,"key":"Shovel"},{"floor":14,"key":"Bronze Scales"}],"event_choices":[{"damage_healed":0,"gold_gain":0,"player_choice":"Lose Max HP","damage_taken":0,"relics_obtained":["Golden Idol"],"max_hp_gain":0,"max_hp_loss":6,"event_name":"Golden Idol","floor":3,"gold_loss":0},{"damage_healed":0,"gold_gain":150,"player_choice":"AGREE","damage_taken":0,"max_hp_gain":0,"max_hp_loss":0,"event_name":"Liars Game","floor":5,"gold_loss":0,"cards_obtained":["Doubt"]},{"damage_healed":0,"gold_gain":0,"player_choice":"Bought 1 Potion","damage_taken":0,"max_hp_gain":0,"max_hp_loss":0,"event_name":"The Woman in Blue","floor":8,"gold_loss":0}],"is_beta":false,"boss_relics":[],"items_purged_floors":[],"is_endless":false,"potions_floor_spawned":[1,2,13],"killed_by":"Slime Boss","ascension_level":20}}