{"host":"cv77zuuuekizn3ic","time":1610274944,"event":{"mods":["AchievementEnabler","BaseMod","Marisa£®ÏF”Í°°ƒß¿Ì…≥£©","Minty Spire (QoL Compilation)","StSLib","Waifu the Spire","everything is the same but u backflip on backflip","slay the spire mod where everything is the same but ironclad has a cowboy hat"],"gold_per_floor":[119,130,142,162,162,162,194,214,239,239,267,267,267,279,279,352,352,371,371,296,346,73,105,105,155,181,191,291,291,305,334,334,408,408,418,418,496,496,57,57,87,0,23,51,51,51,77,104,104,104,104,104,104,31,60,60,60],"floor_reached":56,"playtime":2720,"items_purged":["Strike_R","Strike_R","Strike_R"],"score":2125,"play_id":"771f419a-b038-4907-947f-09637a3ca090","local_time":"20210110183544","is_ascension_mode":true,"campfire_choices":[{"data":"Apotheosis","floor":6.0,"key":"SMITH"},{"data":"Warcry","floor":10.0,"key":"SMITH"},{"data":"Dark Embrace","floor":15.0,"key":"SMITH"},{"floor":24.0,"key":"REST"},{"floor":29.0,"key":"DIG"},{"floor":32.0,"key":"DIG"},{"floor":40.0,"key":"DIG"},{"floor":45.0,"key":"DIG"},{"floor":46.0,"key":"DIG"},{"floor":49.0,"key":"RECALL"},{"floor":53.0,"key":"DIG"}],"circlet_count":0,"master_deck":["AscendersBane","Strike_R","Strike_R+1","Defend_R","Defend_R","Defend_R","Defend_R","Bash","Apotheosis+1","Battle Trance","Whirlwind+1","Dark Embrace+1","Power Through","Anger","Warcry+1","Warcry","Demon Form","Rampage","Evolve","Barricade","Madness","Madness","Havoc","Deep Breath","Havoc+1","Madness","Entrench"],"relics":["Burning Blood","HornCleat","Oddly Smooth Stone","Juzu Bracelet","Fusion Hammer","PreservedInsect","Whetstone","Happy Flower","Shovel","Eternal Feather","Red Skull","MealTicket","Prayer Wheel","Runic Dome","Meat on the Bone","Medical Kit","WingedGreaves","Potion Belt","Red Mask","The Courier","Girya","Vajra","Regal Pillow","Centennial Puzzle","Kunai","StoneCalendar"],"acts_visited":["Exordium","TheCity","TheBeyond","TheEnding"],"potions_floor_usage":[55,56,56],"damage_taken":[{"damage":6.0,"enemies":"Cultist","floor":1.0,"turns":3.0},{"damage":3.0,"enemies":"Jaw Worm","floor":2.0,"turns":5.0},{"damage":0.0,"enemies":"2 Louse","floor":3.0,"turns":2.0},{"damage":22.0,"enemies":"Red Slaver","floor":4.0,"turns":4.0},{"damage":5.0,"enemies":"3 Sentries","floor":7.0,"turns":9.0},{"damage":3.0,"enemies":"Looter","floor":8.0,"turns":3.0},{"damage":28.0,"enemies":"Gremlin Nob","floor":11.0,"turns":4.0},{"damage":0.0,"enemies":"Exordium Wildlife","floor":14.0,"turns":3.0},{"damage":14.0,"enemies":"The Guardian","floor":16.0,"turns":13.0},{"damage":28.0,"enemies":"2 Thieves","floor":18.0,"turns":5.0},{"damage":8.0,"enemies":"Slavers","floor":23.0,"turns":4.0},{"damage":9.0,"enemies":"Shell Parasite","floor":27.0,"turns":4.0},{"damage":3.0,"enemies":"Colosseum Slavers","floor":28.0,"turns":4.0},{"damage":6.0,"enemies":"Colosseum Nobs","floor":28.0,"turns":4.0},{"damage":17.0,"enemies":"3 Cultists","floor":30.0,"turns":5.0},{"damage":3.0,"enemies":"Book of Stabbing","floor":31.0,"turns":4.0},{"damage":33.0,"enemies":"Automaton","floor":33.0,"turns":9.0},{"damage":36.0,"enemies":"Orb Walker","floor":35.0,"turns":5.0},{"damage":4.0,"enemies":"Reptomancer","floor":41.0,"turns":5.0},{"damage":5.0,"enemies":"Giant Head","floor":44.0,"turns":5.0},{"damage":0.0,"enemies":"Nemesis","floor":47.0,"turns":5.0},{"damage":19.0,"enemies":"Awakened One","floor":50.0,"turns":9.0},{"damage":34.0,"enemies":"Time Eater","floor":51.0,"turns":6.0},{"damage":62,"enemies":"Shield and Spear","floor":55,"turns":5},{"damage":41,"enemies":"The Heart","floor":56,"turns":2}],"seed_played":"3872852054593479658","potions_obtained":[{"floor":2.0,"key":"Block Potion"},{"floor":4.0,"key":"PowerPotion"},{"floor":7.0,"key":"CultistPotion"},{"floor":11.0,"key":"AttackPotion"},{"floor":13.0,"key":"Energy Potion"},{"floor":16.0,"key":"GamblersBrew"},{"floor":23.0,"key":"EssenceOfSteel"},{"floor":28.0,"key":"PowerPotion"},{"floor":44.0,"key":"BlessingOfTheForge"}],"is_trial":false,"path_per_floor":["M","M","M","M","T","R","E","M","T","R","E","?","?","M","R","B",null,"M","?","$","?","$","E","R","?","T","M","?","R","M","E","R","B",null,"M","?","T","?","$","R","E","?","T","E","R","R","E","T","R","B","B",null,"R","$","E","B"],"character_chosen":"IRONCLAD","items_purchased":["PreservedInsect","Medical Kit","Havoc","Deep Breath","Madness"],"campfire_rested":1,"item_purchase_floors":[22,39,39,39,54],"current_hp_per_floor":[50,53,59,43,43,43,44,47,47,47,25,25,25,31,31,23,62,40,19,19,19,19,17,41,41,41,38,41,53,42,45,57,30,68,38,24,24,24,39,51,53,53,53,54,69,80,80,80,80,67,51,73,80,80,36,0,0],"gold":60,"neow_bonus":"RANDOM_COLORLESS_2","is_daily":false,"chose_seed":false,"campfire_upgraded":3,"win_rate":0.0,"timestamp":1610274944,"path_taken":["M","M","M","M","?","R","E","M","T","R","E","?","?","M","R","BOSS","M","?","$","?","$","E","R","?","T","M","?","R","M","E","R","BOSS","M","?","?","?","$","R","E","?","T","E","R","R","E","?","R","BOSS","BOSS","R","$","E","BOSS"],"items_purchased_type":["Relic","Relic","Card","Card","Card"],"build_version":"2020-12-22","purchased_purges":3,"victory":false,"max_hp_per_floor":[75,75,75,75,75,75,75,75,75,75,75,75,75,75,75,75,75,75,80,80,80,80,80,80,80,80,80,80,80,80,80,80,80,80,80,80,80,80,80,80,80,80,80,80,80,80,80,80,80,80,80,80,80,80,80,80,80],"card_choices":[{"not_picked":["Master of Strategy","Thinking Ahead"],"picked":"Apotheosis","floor":0.0},{"not_picked":["Disarm","Body Slam"],"picked":"Battle Trance","floor":1.0},{"not_picked":["Cleave","Heavy Blade"],"picked":"Whirlwind","floor":2.0},{"not_picked":["Flex","Battle Trance"],"picked":"Dark Embrace","floor":3.0},{"not_picked":["Uppercut","Dual Wield"],"picked":"Power Through","floor":4.0},{"not_picked":["Blood for Blood","Dual Wield"],"picked":"Anger","floor":7.0},{"not_picked":["Twin Strike","Metallicize"],"picked":"Warcry","floor":8.0},{"not_picked":["Clash","Headbutt","Twin Strike"],"picked":"SKIP","floor":11.0},{"not_picked":["Clash","Headbutt","Twin Strike"],"picked":"SKIP","floor":11.0},{"not_picked":["Pommel Strike","Wild Strike"],"picked":"Warcry","floor":14.0},{"not_picked":["Immolate","Impervious"],"picked":"Demon Form","floor":16.0},{"not_picked":["Perfected Strike","Headbutt+1","Battle Trance"],"picked":"SKIP","floor":18.0},{"not_picked":["Warcry","Thunderclap","Clothesline"],"picked":"SKIP","floor":23.0},{"not_picked":["Thunderclap+1","Headbutt"],"picked":"Rampage","floor":27.0},{"not_picked":["Double Tap","Clash+1"],"picked":"Evolve","floor":28.0},{"not_picked":["Searing Blow","Evolve+1","Wild Strike"],"picked":"SKIP","floor":30.0},{"not_picked":["Battle Trance","Warcry","Rupture+1"],"picked":"SKIP","floor":31.0},{"not_picked":["Fiend Fire","Immolate"],"picked":"Barricade","floor":33.0},{"not_picked":["Intimidate","Headbutt","Wild Strike"],"picked":"SKIP","floor":35.0},{"not_picked":["Warcry","Sword Boomerang","Wild Strike+1"],"picked":"SKIP","floor":35.0},{"not_picked":["Hemokinesis","Twin Strike","Juggernaut"],"picked":"SKIP","floor":41.0},{"not_picked":["Iron Wave+1","True Grit+1"],"picked":"Havoc+1","floor":44.0},{"not_picked":["Bloodletting","Wild Strike","Twin Strike"],"picked":"SKIP","floor":47.0},{"not_picked":["Whirlwind+1","Inflame+1"],"picked":"Entrench","floor":55}],"player_experience":830498,"relics_obtained":[{"floor":5.0,"key":"HornCleat"},{"floor":9.0,"key":"Oddly Smooth Stone"},{"floor":11.0,"key":"Juzu Bracelet"},{"floor":23.0,"key":"Whetstone"},{"floor":26.0,"key":"Happy Flower"},{"floor":28.0,"key":"Shovel"},{"floor":28.0,"key":"Eternal Feather"},{"floor":29.0,"key":"Red Skull"},{"floor":31.0,"key":"MealTicket"},{"floor":32.0,"key":"Prayer Wheel"},{"floor":37.0,"key":"Meat on the Bone"},{"floor":40.0,"key":"WingedGreaves"},{"floor":41.0,"key":"Potion Belt"},{"floor":44.0,"key":"The Courier"},{"floor":45.0,"key":"Girya"},{"floor":46.0,"key":"Vajra"},{"floor":47.0,"key":"Regal Pillow"},{"floor":48.0,"key":"Centennial Puzzle"},{"floor":53.0,"key":"Kunai"},{"floor":55,"key":"StoneCalendar"}],"event_choices":[{"damage_healed":0.0,"max_hp_gain":0.0,"max_hp_loss":0.0,"gold_gain":0.0,"event_name":"Shining Light","player_choice":"Ignored","floor":12.0,"gold_loss":0.0,"damage_taken":0.0},{"damage_healed":0.0,"max_hp_gain":0.0,"max_hp_loss":0.0,"gold_gain":0.0,"event_name":"Lab","player_choice":"Got Potions","floor":13.0,"gold_loss":0.0,"damage_taken":0.0},{"damage_healed":0.0,"max_hp_gain":5.0,"max_hp_loss":0.0,"gold_gain":0.0,"event_name":"Forgotten Altar","player_choice":"Shed Blood","floor":19.0,"gold_loss":0.0,"damage_taken":26.0},{"damage_healed":0.0,"max_hp_gain":0.0,"max_hp_loss":0.0,"gold_gain":50.0,"event_name":"Nest","player_choice":"Stole From Cult","floor":21.0,"gold_loss":0.0,"damage_taken":0.0},{"damage_healed":0.0,"max_hp_gain":0.0,"max_hp_loss":0.0,"gold_gain":50.0,"event_name":"Golden Shrine","player_choice":"Pray","floor":25.0,"gold_loss":0.0,"damage_taken":0.0},{"damage_healed":0.0,"max_hp_gain":0.0,"max_hp_loss":0.0,"gold_gain":0.0,"event_name":"Colosseum","player_choice":"Fight","floor":28.0,"gold_loss":0.0,"damage_taken":0.0},{"damage_healed":0.0,"max_hp_gain":0.0,"max_hp_loss":0.0,"gold_gain":0.0,"event_name":"Colosseum","player_choice":"Fought Nobs","floor":28.0,"gold_loss":0.0,"damage_taken":0.0},{"damage_healed":0.0,"max_hp_gain":0.0,"max_hp_loss":0.0,"gold_gain":0.0,"event_name":"Winding Halls","player_choice":"Embrace Madness","floor":36.0,"gold_loss":0.0,"damage_taken":14.0,"cards_obtained":["Madness","Madness"]},{"damage_healed":0.0,"max_hp_gain":0.0,"max_hp_loss":0.0,"gold_gain":0.0,"event_name":"Mysterious Sphere","player_choice":"Ignored","floor":38.0,"gold_loss":0.0,"damage_taken":0.0},{"damage_healed":0.0,"max_hp_gain":0.0,"max_hp_loss":0.0,"gold_gain":0.0,"event_name":"Tomb of Lord Red Mask","player_choice":"Paid","floor":42.0,"gold_loss":87.0,"damage_taken":0.0,"relics_obtained":["Red Mask"]}],"is_beta":false,"boss_relics":[{"not_picked":["Calling Bell","Black Star"],"picked":"Fusion Hammer"},{"not_picked":["SacredBark","Runic Cube"],"picked":"Runic Dome"}],"items_purged_floors":[20,22,39],"is_endless":false,"potions_floor_spawned":[2,4,7,11,16,23,28,28,31,35,44],"killed_by":"The Heart","ascension_level":20}}