{"host":"a3oe3gstxz77c7qu","time":1610313989,"event":{"mods":["2.2 Compatiblity","Act Like it!","Astrologer","BaseMod","Bestiary","Better Altar","Better Match","Better Note","Better Skull","Better Third Choice","Block Reminder","Curses Come First","Custom Start","Dark Map","Downfall","Friendly Minions","GifTheSpireLib","Hermit","Jorbs\u0027s Wanderer Trilogy","Lobotomy","LobotomyExtend","Marisa????????","Minty Spire (QoL Compilation)","Permanent Neow","Quick Restart","Relic Stats","Replay The Spire","StSLib","The Bug Knight","The Cursed","The Disciple","Uncapped","Unknown Chances","Wandering Minibosses"],"gold_per_floor":[116,135,135,145,145,145,164,194,220,220,249,249,282,302,302,400,400,400,400,400,400,400,400,400,400,400,400,1,1,1,1,1,1,1,1,1,1,1,1,1,1,1,1,1,1,1,1,1,1,1,1],"floor_reached":52,"playtime":3903,"items_purged":[],"score":1218,"play_id":"7c10c411-0d8f-4467-bd78-b060f0ac0b45","local_time":"20210110212629","is_ascension_mode":false,"campfire_choices":[{"data":"astrologer:Prestidigitation","floor":12,"key":"SMITH"},{"data":"astrologer:Strike","floor":15,"key":"PURGE"},{"data":"astrologer:DarkMatter","floor":24,"key":"SMITH"},{"data":"astrologer:Cataclysm","floor":29,"key":"SMITH"},{"data":"astrologer:Opposition","floor":32,"key":"SMITH"},{"floor":41,"key":"REST"},{"data":"astrologer:BlackHole","floor":47,"key":"SMITH"},{"floor":49,"key":"REST"}],"circlet_count":0,"master_deck":["astrologer:Strike","astrologer:Defend","astrologer:Defend+1","astrologer:Defend","astrologer:Defend","astrologer:NorthStar","astrologer:TheFool+1","astrologer:MeteorShower+1","Scorched","astrologer:Opposition","astrologer:SpaceDust+1","NakedNest","astrologer:Prestidigitation+1","UniverseFragment","astrologer:Opposition+1","astrologer:GlassStar","Variant","astrologer:Cataclysm+1","astrologer:DarkMatter+1","MHz","astrologer:CometStrike+1","astrologer:Conjunction+1","astrologer:BlackHole+1","BlueStar","astrologer:CometStrike+1"],"relics":["astrologer:SkyMirror","CogitoBucket","RabbitCall","LetterFromLob","Pen Nib","Happy Flower","Potion Belt","Thread and Needle","AspirationHeart","Ectoplasm","Red Mask","HellTrain","FossilizedHelix","PreservedInsect","Quantum Egg","hexamod:BolsterEngine","Gremlin Food","Pear","Busted Crown","AtMidnight","BackwardClock","Anchor","HollowMod:PaleOreRelic","Blood Vial","MagicBullet_r","ShedSkin_r"],"acts_visited":["Exordium","TheCity","TheBeyond"],"potions_floor_usage":[16,23,33,36,36,39,42,50,50,50,50,50],"damage_taken":[{"damage":0,"enemies":"Jaw Worm","floor":1,"turns":3},{"damage":0,"enemies":"Small Slimes","floor":2,"turns":1},{"damage":0,"enemies":"Cultist","floor":4,"turns":2},{"damage":0,"enemies":"Large Slime","floor":7,"turns":3},{"damage":6,"enemies":"HollowMod:MossKnight","floor":8,"turns":6},{"damage":18,"enemies":"Gremlin Nob","floor":11,"turns":4},{"damage":1,"enemies":"Lagavulin","floor":13,"turns":6},{"damage":9,"enemies":"Exordium Thugs","floor":14,"turns":3},{"damage":6,"enemies":"Hexaghost","floor":16,"turns":9},{"damage":0,"enemies":"Spheric Guardian","floor":18,"turns":4},{"damage":0,"enemies":"Masked Bandits","floor":21,"turns":3},{"damage":3,"enemies":"3 Byrds","floor":23,"turns":3},{"damage":0,"enemies":"Sentry and Sphere","floor":25,"turns":3},{"damage":0,"enemies":"Book of Stabbing","floor":27,"turns":6},{"damage":0,"enemies":"HollowMod:Nosk","floor":31,"turns":6},{"damage":0,"enemies":"Pondfish","floor":33,"turns":9},{"damage":0,"enemies":"Orb Walker","floor":35,"turns":2},{"damage":31,"enemies":"3 Shapes","floor":36,"turns":10},{"damage":0,"enemies":"Jaw Worm Horde","floor":37,"turns":3},{"damage":7,"enemies":"4 Shapes","floor":39,"turns":4},{"damage":0,"enemies":"Reptomancer","floor":40,"turns":3},{"damage":0,"enemies":"R_Hoarder","floor":42,"turns":5},{"damage":0,"enemies":"Transient","floor":44,"turns":5},{"damage":0,"enemies":"3 Darklings","floor":46,"turns":5},{"damage":69,"enemies":"Awakened One","floor":50,"turns":43}],"seed_played":"-817986885471904389","potions_obtained":[{"floor":2,"key":"DuplicationPotion"},{"floor":7,"key":"SkillPotion"},{"floor":14,"key":"PowerPotion"},{"floor":18,"key":"LiquidBronze"},{"floor":25,"key":"PowerPotion"},{"floor":31,"key":"Strength Potion"},{"floor":35,"key":"Dexterity Potion"},{"floor":37,"key":"AttackPotion"},{"floor":38,"key":"Adrenaline Potion"},{"floor":38,"key":"champ:CounterPotion"},{"floor":40,"key":"SkillPotion"},{"floor":42,"key":"PowerPotion"}],"is_trial":false,"path_per_floor":["M","M","?","M","?","?","M","E","T","?","E","R","E","M","R","B",null,"M","M","?","?","?","M","R","M","T","E","$","R","T","E","R","B",null,"M","M","M","?","M","E","R","E","T","M","$","M","R","?","R","B",null,null],"character_chosen":"ASTROLOGER","items_purchased":["Quantum Egg","hexamod:BolsterEngine"],"campfire_rested":2,"item_purchase_floors":[28,28],"current_hp_per_floor":[70,70,75,75,60,60,60,54,54,54,36,36,35,36,36,30,85,85,85,85,85,85,82,82,82,82,82,82,82,82,92,92,92,95,95,64,64,64,57,57,85,85,85,87,87,89,89,80,95,26,26],"gold":1,"neow_bonus":"","is_daily":false,"chose_seed":false,"campfire_upgraded":5,"win_rate":0.0,"timestamp":1610313989,"path_taken":["M","M","?","M","?","?","M","E","T","?","E","R","E","M","R","BOSS","M","M","?","?","?","M","R","M","T","E","$","R","?","E","R","BOSS","M","M","M","?","M","E","R","E","T","?","?","?","R","?","R","BOSS"],"items_purchased_type":["Relic","Relic"],"build_version":"2020-12-22","purchased_purges":0,"victory":true,"max_hp_per_floor":[70,70,75,75,75,75,75,75,75,75,75,75,75,85,85,85,85,85,85,85,85,85,85,85,85,85,85,85,85,85,95,95,95,95,95,95,95,95,95,95,95,95,95,95,95,95,95,95,95,95,95],"relic_stats":{"Blood Vial":4,"Busted Crown":54,"Happy Flower":[46],"counters":[29,155],"Pen Nib":[20],"Ectoplasm":541,"PreservedInsect":148,"obtain_stats":[{"RabbitCall":0,"Blood Vial":43,"CogitoBucket":0,"astrologer:SkyMirror":0,"Red Mask":21,"HollowMod:PaleOreRelic":42,"Potion Belt":11,"Gremlin Food":30,"BackwardClock":36,"Pear":31,"Happy Flower":9,"MagicBullet_r":48,"Quantum Egg":28,"AspirationHeart":14,"Thread and Needle":13,"Pen Nib":8,"PreservedInsect":27,"Anchor":40,"Busted Crown":34,"AtMidnight":36,"Ectoplasm":17,"LetterFromLob":1,"HellTrain":25,"hexamod:BolsterEngine":28,"FossilizedHelix":26,"ShedSkin_r":48},{"RabbitCall":0,"Blood Vial":25,"CogitoBucket":0,"astrologer:SkyMirror":0,"Red Mask":12,"HollowMod:PaleOreRelic":25,"Potion Belt":6,"Gremlin Food":16,"BackwardClock":21,"Pear":17,"Happy Flower":5,"MagicBullet_r":27,"Quantum Egg":16,"AspirationHeart":9,"Thread and Needle":7,"Pen Nib":5,"PreservedInsect":16,"Anchor":24,"Busted Crown":18,"AtMidnight":21,"Ectoplasm":10,"LetterFromLob":1,"HellTrain":15,"hexamod:BolsterEngine":16,"FossilizedHelix":15,"ShedSkin_r":27},{"RabbitCall":0,"Blood Vial":101,"CogitoBucket":0,"astrologer:SkyMirror":0,"Red Mask":45,"HollowMod:PaleOreRelic":101,"Potion Belt":19,"Gremlin Food":58,"BackwardClock":86,"Pear":64,"Happy Flower":15,"MagicBullet_r":111,"Quantum Egg":58,"AspirationHeart":29,"Thread and Needle":25,"Pen Nib":15,"PreservedInsect":58,"Anchor":96,"Busted Crown":73,"AtMidnight":86,"Ectoplasm":38,"LetterFromLob":3,"HellTrain":52,"hexamod:BolsterEngine":58,"FossilizedHelix":52,"ShedSkin_r":111}]},"card_choices":[{"not_picked":["astrologer:Still","astrologer:Eclipse"],"picked":"astrologer:MeteorShower","floor":1},{"not_picked":["BeautyBeast","Scorched","VoidDream"],"picked":"Singing Bowl","floor":1},{"not_picked":["VoidDream","Laetitia"],"picked":"Scorched","floor":1},{"not_picked":["astrologer:Prestidigitation","astrologer:ShiningStar"],"picked":"astrologer:Opposition","floor":2},{"not_picked":["FairyFestival","OldLady","BlackSwan"],"picked":"Singing Bowl","floor":2},{"not_picked":["astrologer:MeteorShower","astrologer:TheSun"],"picked":"astrologer:SpaceDust","floor":4},{"not_picked":["MeatLantern","ShyLook","OldLady"],"picked":"Singing Bowl","floor":4},{"not_picked":["CrumblingArmor","PunishingBird"],"picked":"NakedNest","floor":7},{"not_picked":["astrologer:TheDevil","astrologer:Prestidigitation","astrologer:Temperance"],"picked":"SKIP","floor":7},{"not_picked":["astrologer:TheDevil","astrologer:Temperance"],"picked":"astrologer:Prestidigitation","floor":7},{"not_picked":["MHz","MeatLantern","CrumblingArmor"],"picked":"Singing Bowl","floor":8},{"not_picked":["CrumblingArmor","OldLady"],"picked":"UniverseFragment","floor":8},{"not_picked":["astrologer:ReadTheStars","astrologer:Confirmation","astrologer:Shine"],"picked":"SKIP","floor":8},{"not_picked":["astrologer:CometStrike","astrologer:Eclipse"],"picked":"astrologer:GlassStar","floor":11},{"not_picked":["BeautyBeast","CherryBlossoms","FieryBird"],"picked":"Singing Bowl","floor":11},{"not_picked":["PunishingBird","Wellcheers"],"picked":"Variant","floor":11},{"not_picked":["astrologer:Judgement","astrologer:ReadTheStars"],"picked":"astrologer:Cataclysm","floor":13},{"not_picked":["OSAHOGD","ShyLook","SpiderBud"],"picked":"Singing Bowl","floor":13},{"not_picked":["Wellcheers","Bloodbath","BeautyBeast"],"picked":"Singing Bowl","floor":14},{"not_picked":["astrologer:TheEmpress","astrologer:Shine","astrologer:TheMoon"],"picked":"SKIP","floor":14},{"not_picked":["astrologer:BlackHole","astrologer:WheelofFortune"],"picked":"astrologer:DarkMatter","floor":16},{"not_picked":["Wellcheers","WhiteNight","CherryBlossoms"],"picked":"Singing Bowl","floor":16},{"not_picked":["WallGazer","HappyTeddy"],"picked":"MHz","floor":16},{"not_picked":["BigBird","SingingMachine","CherryBlossoms"],"picked":"Singing Bowl","floor":18},{"not_picked":["astrologer:Observe+1","astrologer:Radiance+1","astrologer:Strength"],"picked":"SKIP","floor":18},{"not_picked":["astrologer:TheLovers","astrologer:Eclipse+1"],"picked":"astrologer:CometStrike+1","floor":21},{"not_picked":["FairyFestival","Mercenary","Scarecrow"],"picked":"Singing Bowl","floor":21},{"not_picked":["Wellcheers","GalaxyChild","WallGazer"],"picked":"Singing Bowl","floor":23},{"not_picked":["astrologer:MeteorShower+1","astrologer:Moonlight+1","astrologer:Shine"],"picked":"SKIP","floor":23},{"not_picked":["BigBird","BlueStar","Yin"],"picked":"Singing Bowl","floor":25},{"not_picked":["astrologer:MeteorShower+1","astrologer:CometStrike+1","astrologer:ReadTheStars"],"picked":"SKIP","floor":25},{"not_picked":["astrologer:SpaceDust+1","astrologer:ReadTheStars"],"picked":"astrologer:Conjunction+1","floor":27},{"not_picked":["WhitesApple","SnowQueen","SpiderBud"],"picked":"Singing Bowl","floor":27},{"not_picked":["GreedKing","QueenOfHatred","SnowQueen"],"picked":"Singing Bowl","floor":31},{"not_picked":["astrologer:CosmicExpanse","astrologer:Stardust","astrologer:StarOfChange"],"picked":"SKIP","floor":31},{"not_picked":["astrologer:TheMagician","astrologer:WheelofFortune"],"picked":"astrologer:BlackHole","floor":33},{"not_picked":["Wellcheers","BlueStar","CherryBlossoms"],"picked":"Singing Bowl","floor":33},{"not_picked":["OldLady","CENSORED","WallGazer"],"picked":"Singing Bowl","floor":35},{"not_picked":["astrologer:Strength+1"],"picked":"SKIP","floor":35},{"not_picked":["Funeral","SingingMachine","BigBird"],"picked":"Singing Bowl","floor":36},{"not_picked":["astrologer:Still+1"],"picked":"SKIP","floor":36},{"not_picked":["astrologer:Still+1"],"picked":"SKIP","floor":36},{"not_picked":["Rudolta","FieryBird","HappyTeddy"],"picked":"Singing Bowl","floor":37},{"not_picked":["QueenBee","Bloodbath"],"picked":"BlueStar","floor":37},{"not_picked":["astrologer:Still"],"picked":"SKIP","floor":37},{"not_picked":["BodiesMountain","OSAHOGD","SpiderBud"],"picked":"Singing Bowl","floor":39},{"not_picked":["astrologer:Judgement"],"picked":"SKIP","floor":39},{"not_picked":["WhitesApple","SpiderBud","Woodsman"],"picked":"Singing Bowl","floor":40},{"not_picked":["astrologer:Moonlight+1"],"picked":"SKIP","floor":40},{"not_picked":["ShyLook","BigBird","QueenBee"],"picked":"Singing Bowl","floor":42},{"not_picked":["astrologer:Judgement+1"],"picked":"SKIP","floor":42},{"not_picked":[],"picked":"astrologer:CometStrike+1","floor":44},{"not_picked":["BeautyBeast","WhiteNight","GalaxyChild"],"picked":"Singing Bowl","floor":44},{"not_picked":["MeatLantern","Woodsman","Bloodbath"],"picked":"Singing Bowl","floor":46},{"not_picked":["astrologer:SpaceDust"],"picked":"SKIP","floor":46}],"player_experience":972679,"relics_obtained":[{"floor":1,"key":"LetterFromLob"},{"floor":8,"key":"Pen Nib"},{"floor":9,"key":"Happy Flower"},{"floor":11,"key":"Potion Belt"},{"floor":13,"key":"Thread and Needle"},{"floor":21,"key":"Red Mask"},{"floor":26,"key":"FossilizedHelix"},{"floor":27,"key":"PreservedInsect"},{"floor":30,"key":"Gremlin Food"},{"floor":31,"key":"Pear"},{"floor":36,"key":"AtMidnight"},{"floor":40,"key":"Anchor"},{"floor":42,"key":"HollowMod:PaleOreRelic"},{"floor":43,"key":"Blood Vial"}],"event_choices":[{"damage_healed":0,"gold_gain":0,"player_choice":"Donut","damage_taken":0,"max_hp_gain":5,"max_hp_loss":0,"event_name":"Big Fish","floor":3,"gold_loss":0},{"damage_healed":75,"gold_gain":0,"player_choice":"Upgrade","damage_taken":15,"max_hp_gain":0,"max_hp_loss":75,"event_name":"betterThird:BetterShining","floor":5,"gold_loss":0,"cards_upgraded":["astrologer:SpaceDust","astrologer:TheFool"]},{"damage_healed":0,"gold_gain":0,"cards_transformed":["astrologer:Strike"],"player_choice":"Transformed","damage_taken":0,"max_hp_gain":0,"max_hp_loss":0,"event_name":"Transmorgrifier","floor":10,"gold_loss":0,"cards_obtained":["astrologer:Opposition"]},{"cards_removed":["astrologer:DarkMatter"],"damage_healed":0,"gold_gain":0,"player_choice":"Give","damage_taken":0,"max_hp_gain":0,"max_hp_loss":0,"event_name":"betterNote:BetterNote","floor":20,"gold_loss":0,"cards_obtained":["None"]},{"damage_healed":0,"gold_gain":0,"player_choice":"Fought Bandits","damage_taken":0,"max_hp_gain":0,"max_hp_loss":0,"event_name":"Masked Bandits","floor":21,"gold_loss":0},{"damage_healed":0,"gold_gain":99,"player_choice":"Steal","damage_taken":0,"max_hp_gain":0,"max_hp_loss":0,"event_name":"betterThird:BetterNest","floor":22,"gold_loss":0},{"damage_healed":0,"gold_gain":0,"player_choice":"Got Potions","damage_taken":0,"max_hp_gain":0,"max_hp_loss":0,"event_name":"Lab","floor":38,"gold_loss":0}],"is_beta":false,"boss_relics":[{"not_picked":["Ring of Chaos","Astrolabe"],"picked":"Ectoplasm"},{"not_picked":["Cursed Key","Tiny House"],"picked":"Busted Crown"}],"items_purged_floors":[],"is_endless":false,"potions_floor_spawned":[2,7,14,18,25,31,35,37,40,42,44],"ascension_level":0}}