{"host":"z9grmtg2w0nmz8n1","time":1610277870,"event":{"mods":["Aspiration","Bard","BaseMod","Beaked The Cultist","Better Altar","Better Match","Better Note","Better Sensory Stone","Better Skull","Better Third Choice","BetterRewards","CCEM","Colored Map","Conspire","Downfall","GifTheSpireLib","Googly Eyes","Halation","Hermit","Highlight Path","Hubris","Hunter ??","Jedi Mod","Jorbs\u0027s Wanderer Trilogy","Mad Scientist","Marisa????????","Minty Spire (QoL Compilation)","Permanent Neow","Replay The Spire","Shade Mod","Shop Mod","Spicy Shops","StSLib","Stuff the Spire","The Bug Knight","The Construct","The Necromancer","The Runesmith","The Witch"],"gold_per_floor":[111,122,122,47,65,91,91,108,108,108,120,120,152,52,52,52,52],"floor_reached":16,"playtime":692,"items_purged":["StuffTheSpire:SnapShoot","Strike_B"],"score":116,"play_id":"d55d01a5-0310-4600-9829-402e7c9fe0b4","local_time":"20210110092430","is_ascension_mode":true,"campfire_choices":[{"floor":12,"key":"RECALL"},{"floor":15,"key":"REST"}],"circlet_count":0,"master_deck":["Strike_B+1","Strike_B","Defend_B","Defend_B","Defend_B","Defend_B","Zap","Dualcast","Auto Shields","Rebound","Defragment","ReplayTheSpireMod:Calculation Training","StuffTheSpire:Synthwave","Barrage","jedi:spotbugs","Thunder Strike"],"relics":["Cracked Core","StuffTheSpire:ColdMirror","halation:EternalFortune","Gremlin Food"],"acts_visited":["Exordium"],"potions_floor_usage":[16,16],"damage_taken":[{"damage":0,"enemies":"conspire:RoseBush","floor":1,"turns":3},{"damage":0,"enemies":"Cultist","floor":2,"turns":3},{"damage":8,"enemies":"2 Louse","floor":5,"turns":2},{"damage":39,"enemies":"3 Sentries","floor":6,"turns":14},{"damage":3,"enemies":"Red Slaver","floor":8,"turns":3},{"damage":20,"enemies":"Gremlin Gang","floor":11,"turns":4},{"damage":14,"enemies":"HollowMod:MossKnight","floor":13,"turns":8},{"damage":37,"enemies":"Slime Boss","floor":16,"turns":9}],"seed_played":"318801296503002326","potions_obtained":[{"floor":6,"key":"jedi:coolantleak"},{"floor":8,"key":"Ancient Potion"},{"floor":13,"key":"SkillPotion"}],"is_trial":false,"path_per_floor":["M","M","?","$","M","E","?","M","T","?","M","R","E","$","R","B"],"character_chosen":"DEFECT","items_purchased":[],"campfire_rested":1,"item_purchase_floors":[],"current_hp_per_floor":[75,75,75,75,67,28,43,40,40,43,23,23,9,9,32,0,0],"gold":52,"neow_bonus":"THREE_CARDS","is_daily":false,"chose_seed":false,"campfire_upgraded":0,"win_rate":0.0,"timestamp":1610277870,"path_taken":["M","M","?","$","?","E","?","M","T","?","M","R","E","?","R","BOSS"],"items_purchased_type":[],"build_version":"2020-12-22","purchased_purges":2,"victory":false,"max_hp_per_floor":[75,75,75,75,75,75,75,75,75,78,78,78,78,78,78,78,78],"card_choices":[{"not_picked":["Compile Driver","Redo"],"picked":"Auto Shields","floor":0},{"not_picked":["StuffTheSpire:Plugnplay","jedi:markofdeath"],"picked":"Rebound","floor":1},{"not_picked":["Sunder","jedi:BurstLightning"],"picked":"Defragment","floor":2},{"not_picked":["Stack","hubris:PowerSurge"],"picked":"ReplayTheSpireMod:Calculation Training","floor":5},{"not_picked":["Steam","Sweeping Beam"],"picked":"StuffTheSpire:Synthwave","floor":6},{"not_picked":["jedi:BurstLightning","Scrape"],"picked":"Barrage","floor":8},{"not_picked":["Go for the Eyes","Fission"],"picked":"jedi:spotbugs","floor":11},{"not_picked":["White Noise","Rebound"],"picked":"Thunder Strike","floor":13}],"player_experience":828783,"relics_obtained":[{"floor":6,"key":"StuffTheSpire:ColdMirror"},{"floor":13,"key":"Gremlin Food"}],"event_choices":[{"damage_healed":0,"gold_gain":0,"cards_transformed":["Strike_B"],"player_choice":"Transformed","damage_taken":0,"max_hp_gain":0,"max_hp_loss":0,"event_name":"Transmorgrifier","floor":3,"gold_loss":0,"cards_obtained":["StuffTheSpire:SnapShoot"]}],"is_beta":false,"boss_relics":[],"items_purged_floors":[4,14],"is_endless":false,"potions_floor_spawned":[6,8,13],"killed_by":"Slime Boss","ascension_level":1}}