{"host":"hig8qfi5vzbgudte","time":1610300065,"event":{"mods":["BaseMod","Colored Map","Downfall","Hermit","Hubris","Jorbs\u0027s Wanderer Trilogy","Minty Spire (QoL Compilation)","Quick Restart","StSLib","The Cursed","The Hierophant","The Marked"],"gold_per_floor":[119,119,131,146,21,21,41,41,91,91,120,120,26,51,51,155,155,173,173,186,186,186,186],"floor_reached":22,"playtime":1301,"items_purged":[],"score":192,"play_id":"7fcef19a-d60a-4df1-93b6-45ea79d49064","local_time":"20210110113425","is_ascension_mode":false,"campfire_choices":[{"data":"theMarked:HeritageOfTheMarked","floor":6,"key":"SMITH"},{"data":"theMarked:Static","floor":8,"key":"SMITH"},{"data":"theMarked:Static","floor":10,"key":"SMITH"},{"data":"theMarked:Seal","floor":12,"key":"SMITH"},{"floor":15,"key":"REST"}],"circlet_count":0,"master_deck":["theMarked:Strike","theMarked:Strike","theMarked:Strike","theMarked:Strike","theMarked:Strike","theMarked:Defend","theMarked:Defend","theMarked:Defend","theMarked:Defend","theMarked:SoldierOfQuellstein","theMarked:HeritageOfTheMarked+1","theMarked:BanishingStrike","theMarked:Seal+1","theMarked:BanishingStrike","theMarked:AttractMetal","theMarked:Static+1","theMarked:Static+1","theMarked:AttractMetal","theMarked:BanishingStrike","theMarked:Polarize","theMarked:Static","theMarked:DispelDoubt","theMarked:ElementalBlade"],"relics":["theMarked:ArtifactOfAir","NeowsBlessing","hubris:OldNail","Oddly Smooth Stone","Bird Faced Urn","hubris:SlimyHat","Philosopher\u0027s Stone","hubris:ToyBattleship"],"acts_visited":["Exordium","TheCity"],"potions_floor_usage":[14,16,18],"damage_taken":[{"damage":0,"enemies":"Cultist","floor":1,"turns":1},{"damage":0,"enemies":"Small Slimes","floor":3,"turns":1},{"damage":0,"enemies":"2 Louse","floor":4,"turns":1},{"damage":14,"enemies":"Blue Slaver","floor":7,"turns":3},{"damage":8,"enemies":"Gremlin Nob","floor":11,"turns":3},{"damage":27,"enemies":"3 Sentries","floor":14,"turns":5},{"damage":16,"enemies":"Slime Boss","floor":16,"turns":7},{"damage":14,"enemies":"2 Thieves","floor":18,"turns":3},{"damage":49,"enemies":"3 Byrds","floor":20,"turns":5},{"damage":18,"enemies":"Snake Plant","floor":22,"turns":1}],"seed_played":"7311663859075695926","potions_obtained":[{"floor":1,"key":"Fire Potion"},{"floor":7,"key":"Dexterity Potion"},{"floor":14,"key":"DistilledChaos"},{"floor":20,"key":"Swift Potion"}],"is_trial":false,"path_per_floor":["M","T","M","M","$","R","M","R","T","R","E","R","$","E","R","B",null,"M","?","M","?","M"],"character_chosen":"THE_DEFAULT","items_purchased":["theMarked:BanishingStrike","theMarked:AttractMetal","theMarked:Static","theMarked:BanishingStrike","theMarked:Polarize"],"campfire_rested":1,"item_purchase_floors":[5,5,5,13,13],"current_hp_per_floor":[70,70,70,70,70,70,56,56,56,56,48,48,48,21,42,28,70,56,56,9,9,0,0],"gold":186,"neow_bonus":"THREE_ENEMY_KILL","is_daily":false,"chose_seed":false,"campfire_upgraded":4,"win_rate":0.0,"timestamp":1610300065,"path_taken":["M","?","?","M","?","R","M","R","T","R","E","R","$","E","R","BOSS","M","?","M","?","M"],"items_purchased_type":["Card","Card","Card","Card","Card"],"build_version":"2020-12-22","purchased_purges":0,"victory":false,"max_hp_per_floor":[70,70,70,70,70,70,70,70,70,70,70,70,70,70,70,70,70,70,70,70,70,70,70],"card_choices":[{"not_picked":["theMarked:Parkour","theMarked:ElectricStrings"],"picked":"theMarked:HeritageOfTheMarked","floor":1},{"not_picked":["theMarked:StartUp","theMarked:Improvise"],"picked":"theMarked:BanishingStrike","floor":3},{"not_picked":["theMarked:TunnelVision","theMarked:Panic"],"picked":"theMarked:Seal","floor":4},{"not_picked":["theMarked:Panic","theMarked:WastefulDefense"],"picked":"theMarked:Static","floor":7},{"not_picked":["theMarked:Indomitable","theMarked:ChainLightning"],"picked":"theMarked:AttractMetal","floor":11},{"not_picked":["theMarked:Improvise","theMarked:ChainLightning"],"picked":"theMarked:Static","floor":14},{"not_picked":["theMarked:UnarmedFury","theMarked:Levitate"],"picked":"theMarked:DispelDoubt","floor":16},{"not_picked":["theMarked:WastefulAttack","theMarked:TakeCover"],"picked":"theMarked:ElementalBlade","floor":18},{"not_picked":["theMarked:BanishingStrike","theMarked:SwordAndMagic+1"],"picked":"theMarked:Electrocute+1","floor":20}],"player_experience":91342,"relics_obtained":[{"floor":2,"key":"hubris:OldNail"},{"floor":9,"key":"Oddly Smooth Stone"},{"floor":11,"key":"Bird Faced Urn"},{"floor":14,"key":"hubris:SlimyHat"}],"event_choices":[{"damage_healed":0,"gold_gain":0,"player_choice":"Ignored","damage_taken":0,"max_hp_gain":0,"max_hp_loss":0,"event_name":"Vampires","floor":19,"gold_loss":0},{"cards_removed":["theMarked:Electrocute"],"damage_healed":0,"gold_gain":0,"player_choice":"Gave Card","damage_taken":0,"relics_obtained":["hubris:ToyBattleship"],"max_hp_gain":0,"max_hp_loss":0,"event_name":"WeMeetAgain","floor":21,"gold_loss":0}],"is_beta":false,"boss_relics":[{"not_picked":["Sozu","Empty Cage"],"picked":"Philosopher\u0027s Stone"}],"items_purged_floors":[],"is_endless":false,"potions_floor_spawned":[1,7,14,20],"killed_by":"Snake Plant","ascension_level":0}}