{"host":"z4nt7tdd4gjrinn7","time":1610252362,"event":{"mods":["BaseMod","Minty Spire (QoL Compilation)","StSLib","The Senshi","The Servant 0.9.4"],"gold_per_floor":[109,63,63,79,79,99,167,167,217,229,229,34,61,91,103,211,223,245,104,104,117,64,64,91,91,91,91,91,101,111,122,122,122,122],"floor_reached":33,"playtime":1698,"items_purged":[],"score":255,"play_id":"c9e80056-1c6e-455b-924e-34417bd0e956","local_time":"20210109231922","is_ascension_mode":false,"campfire_choices":[{"data":"Cleave","floor":8,"key":"SMITH"},{"data":"Thunderclap","floor":11,"key":"SMITH"},{"floor":15,"key":"REST"},{"data":"Fire Breathing","floor":23,"key":"SMITH"},{"floor":25,"key":"REST"},{"floor":27,"key":"REST"},{"floor":32,"key":"REST"}],"circlet_count":0,"master_deck":["Strike_R","Strike_R","Strike_R","Strike_R","Strike_R","Defend_R","Defend_R","Defend_R","Defend_R","Bash","Thunderclap+1","Clothesline","Cleave+1","Clothesline","Perfected Strike","Fire Breathing+1","Reaper","Headbutt+1","Anger","Intimidate+1","Twin Strike","Flame Barrier","Bloodletting","Twin Strike","Perfected Strike","Thunderclap","Rampage","Searing Blow","Shrug It Off+1","Wild Strike"],"relics":["Burning Blood","Blood Vial","Sling","MawBank","Mark of Pain","Orrery","Darkstone Periapt","Incense Burner"],"acts_visited":["Exordium","TheCity"],"potions_floor_usage":[16,33,33,33],"damage_taken":[{"damage":14,"enemies":"2 Louse","floor":1,"turns":3},{"damage":9,"enemies":"Cultist","floor":4,"turns":4},{"damage":8,"enemies":"Jaw Worm","floor":6,"turns":3},{"damage":14,"enemies":"Looter","floor":10,"turns":3},{"damage":8,"enemies":"Exordium Wildlife","floor":14,"turns":3},{"damage":81,"enemies":"Hexaghost","floor":16,"turns":11},{"damage":30,"enemies":"Spheric Guardian","floor":18,"turns":4},{"damage":14,"enemies":"Shell Parasite","floor":21,"turns":5},{"damage":47,"enemies":"Slavers","floor":24,"turns":4},{"damage":39,"enemies":"Colosseum Slavers","floor":28,"turns":4},{"damage":9,"enemies":"Snake Plant","floor":29,"turns":3},{"damage":40,"enemies":"Centurion and Healer","floor":30,"turns":4},{"damage":7,"enemies":"Cultist and Chosen","floor":31,"turns":5},{"damage":76,"enemies":"Champ","floor":33,"turns":9}],"seed_played":"2722307052417023474","potions_obtained":[{"floor":1,"key":"Weak Potion"},{"floor":16,"key":"Fire Potion"},{"floor":21,"key":"Dexterity Potion"},{"floor":30,"key":"ColorlessPotion"}],"is_trial":false,"path_per_floor":["M","$","?","M","?","M","?","R","T","M","R","$","T","M","R","B",null,"M","$","?","M","$","R","E","R","T","R","?","M","M","M","R","B"],"character_chosen":"IRONCLAD","items_purchased":["Clothesline","Perfected Strike","Sling","Orrery","Thunderclap"],"campfire_rested":4,"item_purchase_floors":[2,12,12,19,22],"current_hp_per_floor":[72,72,90,87,87,85,85,85,85,79,79,79,79,79,90,15,90,66,66,66,60,60,60,40,67,67,90,60,59,31,32,59,0,0],"gold":122,"neow_bonus":"ONE_RANDOM_RARE_CARD","is_daily":false,"chose_seed":false,"campfire_upgraded":3,"win_rate":0.0,"timestamp":1610252362,"path_taken":["M","$","?","?","?","M","?","R","T","M","R","?","?","M","R","BOSS","M","$","?","M","$","R","E","R","T","R","?","M","?","M","R","BOSS"],"items_purchased_type":["Card","Card","Relic","Relic","Card"],"build_version":"2020-12-22","purchased_purges":0,"victory":false,"max_hp_per_floor":[80,80,90,90,90,90,90,90,90,90,90,90,90,90,90,90,90,90,90,90,90,90,90,90,90,90,90,90,90,90,90,90,90,90],"card_choices":[{"not_picked":["Warcry","Hemokinesis"],"picked":"Thunderclap","floor":1},{"not_picked":["Shrug It Off","Havoc"],"picked":"Cleave","floor":4},{"not_picked":["Power Through","Shrug It Off"],"picked":"Shockwave","floor":6},{"not_picked":["Sword Boomerang","Metallicize"],"picked":"Clothesline","floor":10},{"not_picked":["Fiend Fire","Body Slam"],"picked":"Fire Breathing","floor":14},{"not_picked":["Juggernaut","Demon Form"],"picked":"Reaper","floor":16},{"not_picked":["True Grit+1","Warcry"],"picked":"Headbutt+1","floor":18},{"not_picked":["Heavy Blade","Wild Strike"],"picked":"Anger","floor":19},{"not_picked":["Hemokinesis+1","Seeing Red+1"],"picked":"Shrug It Off+1","floor":19},{"not_picked":["Reckless Charge","True Grit"],"picked":"Intimidate+1","floor":19},{"not_picked":["Reckless Charge","Havoc+1"],"picked":"Twin Strike","floor":19},{"not_picked":["Second Wind","Sentinel"],"picked":"Flame Barrier","floor":19},{"not_picked":["Carnage","Feed"],"picked":"Perfected Strike","floor":21},{"not_picked":["Sword Boomerang","Iron Wave"],"picked":"Rampage","floor":24},{"not_picked":["Rupture","Warcry+1"],"picked":"Searing Blow","floor":29},{"not_picked":["Carnage","Headbutt"],"picked":"Shrug It Off+1","floor":30},{"not_picked":["Clothesline","Body Slam"],"picked":"Wild Strike","floor":31}],"player_experience":40780,"relics_obtained":[{"floor":9,"key":"Blood Vial"},{"floor":13,"key":"MawBank"},{"floor":24,"key":"Darkstone Periapt"},{"floor":26,"key":"Incense Burner"}],"event_choices":[{"cards_removed":["Bludgeon"],"damage_healed":8,"gold_gain":0,"player_choice":"Offered Rare","damage_taken":0,"max_hp_gain":10,"max_hp_loss":0,"event_name":"Bonfire Elementals","floor":3,"gold_loss":0},{"damage_healed":0,"gold_gain":0,"player_choice":"Ignored","damage_taken":0,"max_hp_gain":0,"max_hp_loss":0,"event_name":"Shining Light","floor":5,"gold_loss":0},{"damage_healed":0,"gold_gain":68,"player_choice":"Gained Gold","damage_taken":0,"max_hp_gain":0,"max_hp_loss":0,"event_name":"Golden Wing","floor":7,"gold_loss":0},{"damage_healed":0,"gold_gain":0,"cards_transformed":["Shrug It Off","Shockwave"],"player_choice":"Became Test Subject","damage_taken":0,"max_hp_gain":0,"max_hp_loss":0,"event_name":"Drug Dealer","floor":20,"gold_loss":0,"cards_obtained":["Bloodletting","Twin Strike"]},{"damage_healed":0,"gold_gain":0,"player_choice":"Fight","damage_taken":0,"max_hp_gain":0,"max_hp_loss":0,"event_name":"Colosseum","floor":28,"gold_loss":0},{"damage_healed":0,"gold_gain":0,"player_choice":"Fled From Nobs","damage_taken":0,"max_hp_gain":0,"max_hp_loss":0,"event_name":"Colosseum","floor":28,"gold_loss":0}],"is_beta":false,"boss_relics":[{"not_picked":["Calling Bell","Astrolabe"],"picked":"Mark of Pain"}],"items_purged_floors":[],"is_endless":false,"potions_floor_spawned":[1,16,21,30,31],"killed_by":"Champ","ascension_level":0}}