{"host":"wud4w7nw8qmq6f33","time":1610256947,"event":{"mods":["2.2 Compatiblity","Act Like it!","BaseMod","Colored Map","Colored Powertips","Downfall","Gremlin Skip","Minty Spire (QoL Compilation)","Permanent Neow","Quick Restart","Rare Cards Sparkle","StSLib","everything is the same but u backflip on backflip","slay the spire mod where everything is the same but ironclad has a cowboy hat"],"gold_per_floor":[99,110,140,140,50,69,94,79,79,79,79],"floor_reached":9,"playtime":322,"items_purged":["Slimebound:Strike_Slimebound"],"score":49,"play_id":"dab4853e-b684-4784-a421-4048530cd12c","local_time":"20210110003547","is_ascension_mode":false,"campfire_choices":[{"data":"Slimebound:Split","floor":1,"key":"SMITH"}],"circlet_count":0,"master_deck":["Slimebound:Strike_Slimebound","Slimebound:Strike_Slimebound","Slimebound:Defend_Slimebound","Slimebound:Defend_Slimebound","Slimebound:Defend_Slimebound","Slimebound:Defend_Slimebound","Slimebound:Split+1","Slimebound:CorrosiveSpit","Slimebound:PressTheAttack","Slimebound:LevelUp","Slimebound:PressTheAttack"],"relics":["Black Star"],"acts_visited":["Exordium"],"potions_floor_usage":[],"damage_taken":[{"damage":11,"enemies":"Jaw Worm","floor":2,"turns":4},{"damage":13,"enemies":"downfall:FleeingMerchant","floor":5,"turns":4},{"damage":9,"enemies":"2 Louse","floor":6,"turns":3},{"damage":14,"enemies":"downfall:FleeingMerchant","floor":8,"turns":4},{"damage":0,"enemies":"3 Sentries","floor":9,"turns":1}],"seed_played":"-3761616180449095594","potions_obtained":[],"is_trial":false,"path_per_floor":["R","M","?","?","$","M","T","$","E"],"character_chosen":"SLIMEBOUND","items_purchased":[],"campfire_rested":0,"item_purchase_floors":[],"current_hp_per_floor":[60,57,57,57,52,51,51,45,45,45,45],"gold":79,"neow_bonus":"BOSS_RELIC","is_daily":false,"chose_seed":false,"campfire_upgraded":1,"win_rate":0.0,"timestamp":1610256947,"path_taken":["R","M","?","?","$","M","T","?","E"],"items_purchased_type":[],"build_version":"2020-12-22","purchased_purges":1,"victory":false,"max_hp_per_floor":[60,60,60,60,60,60,60,60,60,60,60],"card_choices":[{"not_picked":["Slimebound:FinishingTackle","Slimebound:FlameTackle"],"picked":"Slimebound:PressTheAttack","floor":2},{"not_picked":["Slimebound:PressTheAttack","Slimebound:Nibble"],"picked":"Slimebound:LevelUp","floor":5},{"not_picked":["Slimebound:RollThrough","Slimebound:Dissolve"],"picked":"Slimebound:PressTheAttack","floor":6},{"not_picked":["Slimebound:FinishingTackle","Slimebound:GrowthPunch","Slimebound:FirmFortitude"],"picked":"SKIP","floor":8}],"player_experience":616252,"relics_obtained":[],"event_choices":[{"cards_removed":["Slimebound:Tackle"],"damage_healed":0,"gold_gain":0,"player_choice":"Card Removal","damage_taken":0,"max_hp_gain":0,"max_hp_loss":0,"event_name":"The Cleric","floor":4,"gold_loss":0}],"is_beta":false,"boss_relics":[],"items_purged_floors":[5],"is_endless":false,"potions_floor_spawned":[],"killed_by":"3 Sentries","ascension_level":0}}