{"host":"qhhcmep1unj6mpf7","time":1610275848,"event":{"mods":["2.2 Compatiblity","AchievementEnabler","BaseMod","Colored Map","DeckTracker","Highlight Path","Keyboard Shortcuts","Minty Spire (QoL Compilation)","Permanent Neow","Quick Restart","Random Character Button","StSLib","SuperFastMode","everything is the same but u backflip on backflip"],"gold_per_floor":[117,42,56,73,73,73,105,105,132,158,31,31,42,42,42,42,42],"floor_reached":16,"playtime":499,"items_purged":["Writhe","Strike_R"],"score":184,"play_id":"9eb8efa9-28e7-4aad-95e1-6e95add177da","local_time":"20210110195048","is_ascension_mode":true,"campfire_choices":[{"data":"Body Slam","floor":6.0,"key":"SMITH"},{"data":"Feel No Pain","floor":12,"key":"SMITH"},{"floor":15,"key":"REST"}],"circlet_count":0,"master_deck":["AscendersBane","Strike_R","Strike_R","Strike_R","Defend_R","Defend_R","Defend_R","Defend_R","Bash","Master of Strategy","Fire Breathing+1","Warcry","Body Slam+1","Evolve","Feel No Pain+1"],"relics":["Burning Blood","Bag of Preparation","Smiling Mask","Vajra"],"acts_visited":[],"potions_floor_usage":[],"damage_taken":[{"damage":0.0,"enemies":"2 Louse","floor":1.0,"turns":5.0},{"damage":7.0,"enemies":"Jaw Worm","floor":3.0,"turns":3.0},{"damage":7.0,"enemies":"Small Slimes","floor":4.0,"turns":3.0},{"damage":43.0,"enemies":"Gremlin Nob","floor":7.0,"turns":5.0},{"damage":15,"enemies":"3 Sentries","floor":10,"turns":4},{"damage":16,"enemies":"Exordium Thugs","floor":13,"turns":4},{"damage":37,"enemies":"The Guardian","floor":16,"turns":5}],"seed_played":"-1621638773494528250","potions_obtained":[{"floor":4.0,"key":"ColorlessPotion"},{"floor":13,"key":"LiquidBronze"}],"is_trial":false,"path_per_floor":["M","$","M","M","?","R","E","?","T","E","$","R","M","?","R","B"],"character_chosen":"IRONCLAD","items_purchased":["Feel No Pain"],"campfire_rested":1,"item_purchase_floors":[11],"current_hp_per_floor":[74,74,73,72,65,65,28,28,28,19,19,19,9,9,31,0,0],"gold":42,"neow_bonus":"RANDOM_COLORLESS_2","is_daily":false,"chose_seed":false,"campfire_upgraded":2,"win_rate":0.0,"timestamp":1610275848,"path_taken":["M","$","M","M","?","R","E","?","T","E","?","R","M","?","R","BOSS"],"items_purchased_type":["Card"],"build_version":"2020-12-22","purchased_purges":2,"victory":false,"max_hp_per_floor":[75,75,75,75,75,75,75,75,75,75,75,75,75,75,75,75,75],"card_choices":[{"not_picked":["Sadistic Nature","Secret Technique"],"picked":"Master of Strategy","floor":0.0},{"not_picked":["Clash","Disarm"],"picked":"Fire Breathing","floor":1.0},{"not_picked":["Clash","Iron Wave"],"picked":"Warcry","floor":3.0},{"not_picked":["Burning Pact","Clothesline"],"picked":"Body Slam","floor":4.0},{"not_picked":["Clothesline","Perfected Strike","Twin Strike"],"picked":"SKIP","floor":7.0},{"not_picked":["Cleave","Spot Weakness"],"picked":"Evolve","floor":10},{"not_picked":["Thunderclap","Clothesline","Headbutt"],"picked":"SKIP","floor":13}],"player_experience":346728,"relics_obtained":[{"floor":7.0,"key":"Bag of Preparation"},{"floor":9,"key":"Smiling Mask"},{"floor":10,"key":"Vajra"}],"event_choices":[{"cards_removed":["Strike_R"],"damage_healed":0.0,"max_hp_gain":0.0,"max_hp_loss":0.0,"gold_gain":0.0,"event_name":"Golden Wing","player_choice":"Card Removal","floor":5.0,"gold_loss":0.0,"damage_taken":7.0},{"damage_healed":0,"gold_gain":0,"player_choice":"Grow","damage_taken":0,"max_hp_gain":0,"max_hp_loss":0,"event_name":"Living Wall","floor":8,"gold_loss":0,"cards_upgraded":["Fire Breathing"]},{"damage_healed":0,"gold_gain":0,"player_choice":"Ignored","damage_taken":0,"max_hp_gain":0,"max_hp_loss":0,"event_name":"Shining Light","floor":14,"gold_loss":0}],"is_beta":false,"boss_relics":[],"items_purged_floors":[2,11],"is_endless":false,"potions_floor_spawned":[4,13],"killed_by":"The Guardian","ascension_level":14}}