{"host":"337p6miwxbqfki03","time":1610315907,"event":{"mods":["BaseMod","Better Third Choice","Colored Map","Conspire","Downfall","Hubris","Minty Spire (QoL Compilation)","Replay The Spire","Somnambulant","StSLib","The Cursed","The Hierophant","Unceasing Turn Reminder"],"gold_per_floor":[112,112,112,128,144,144,161,161,161,4,39,12,12,29,29,133,133,151,151,151,151,58,34,48,48,48,88,88,88,121,121,121,91,91],"floor_reached":33,"playtime":2984,"items_purged":[],"score":466,"play_id":"db80dc9f-c4cf-4235-9107-059cdd3d2dd1","local_time":"20210110155827","is_ascension_mode":false,"campfire_choices":[{"data":"hierophant:WrathOfGod","floor":6,"key":"SMITH"},{"floor":8,"key":"REST"},{"floor":13,"key":"REST"},{"floor":15,"key":"REST"},{"floor":25,"key":"REST"},{"floor":32,"key":"REST"}],"circlet_count":0,"master_deck":["hierophant:Punish","conspire:GhostlyDefend","conspire:GhostlyDefend","conspire:GhostlyDefend","conspire:GhostlyDefend","hierophant:ChurchCoffers","hierophant:RepressedViolence","hierophant:Martyrdom","hierophant:PassingBell","hierophant:WrathOfGod+1","hierophant:ArchangelShield","hierophant:OrnateJavelin","hierophant:Zeal","hierophant:Flagellation","hierophant:Invocation","hierophant:Chorus","Slimebound:Tackle+1","Slimebound:Tackle+1","Slimebound:Tackle+1","hierophant:Exaltation","hierophant:Repentance+1","hierophant:Cornucopia","hierophant:HolyVerse+1","hierophant:Punish","conspire:GhostlyDefend","conspire:GhostlyDefend","conspire:GhostlyDefend","conspire:GhostlyDefend","hierophant:ChurchCoffers","hierophant:RepressedViolence","hierophant:Martyrdom","hierophant:PassingBell","hierophant:WrathOfGod+1","hierophant:ArchangelShield","hierophant:OrnateJavelin","hierophant:Zeal","hierophant:Flagellation","hierophant:Invocation","hierophant:Chorus+1","Slimebound:Tackle+1","Slimebound:Tackle+1","Slimebound:Tackle+1","hierophant:Exaltation","hierophant:Repentance+1","hierophant:Cornucopia","hierophant:HolyVerse+1","hierophant:SolarFlare"],"relics":["Replay:Bronze Core","Bronze Scales","Membership Card","Replay:Ringing Soul","conspire:RoyalGoblet","MutagenicStrength","hubris:Towel","Blue Doll","PreservedInsect","Eternal Feather"],"acts_visited":["Exordium","TheCity"],"potions_floor_usage":[16,16],"damage_taken":[{"damage":0,"enemies":"2 Louse","floor":1,"turns":1},{"damage":1,"enemies":"Jaw Worm","floor":4,"turns":3},{"damage":5,"enemies":"Small Slimes","floor":5,"turns":4},{"damage":25,"enemies":"3 Sentries","floor":7,"turns":6},{"damage":25,"enemies":"conspire:MimicChest","floor":11,"turns":6},{"damage":10,"enemies":"Looter","floor":14,"turns":3},{"damage":110,"enemies":"Hexaghost","floor":16,"turns":9},{"damage":5,"enemies":"3 Byrds","floor":18,"turns":2},{"damage":32,"enemies":"Chosen","floor":24,"turns":6},{"damage":39,"enemies":"Centurion and Healer","floor":27,"turns":6},{"damage":48,"enemies":"Shelled Parasite and Fungi","floor":30,"turns":3}],"seed_played":"-4213076170408113592","potions_obtained":[{"floor":4,"key":"LiquidMemories"},{"floor":5,"key":"Languid Potion"},{"floor":11,"key":"FairyPotion"},{"floor":14,"key":"conspire:TimeTravelPotion"},{"floor":24,"key":"Elixir"},{"floor":27,"key":"Elixir"}],"is_trial":false,"path_per_floor":["M","?","?","M","M","R","E","R","T","$","?","$","R","M","R","B",null,"M","?","?","?","$","$","M","R","T","M","T","?","M","?","R","B"],"character_chosen":"HIEROPHANT","items_purchased":["Membership Card","hierophant:Zeal","hierophant:Exaltation","Blue Doll","hierophant:Repentance+1"],"campfire_rested":5,"item_purchase_floors":[10,12,22,22,23],"current_hp_per_floor":[75,75,75,74,69,69,44,66,66,66,44,47,71,64,84,10,87,85,88,88,88,91,94,65,95,95,59,59,62,17,17,77,0,0],"gold":91,"neow_bonus":"BOSS_RELIC","is_daily":false,"chose_seed":false,"campfire_upgraded":1,"win_rate":0.0,"timestamp":1610315907,"path_taken":["M","?","?","M","M","R","E","R","T","$","?","?","R","?","R","BOSS","M","?","?","?","?","$","M","R","T","M","?","?","?","?","R","BOSS"],"items_purchased_type":["Relic","Card","Card","Relic","Card"],"build_version":"2020-12-22","purchased_purges":0,"victory":false,"max_hp_per_floor":[75,75,75,75,75,75,75,75,75,75,78,81,81,84,84,87,87,90,93,93,93,96,99,102,102,102,105,105,108,111,111,111,111,111],"card_choices":[{"not_picked":["hierophant:SealAway","hierophant:PassingBell"],"picked":"hierophant:RepressedViolence","floor":1},{"not_picked":["hierophant:Sermon","hierophant:Remorse"],"picked":"hierophant:PassingBell","floor":4},{"not_picked":["hierophant:DisplayOfPower","hierophant:Doubloon"],"picked":"hierophant:WrathOfGod","floor":5},{"not_picked":["hierophant:Smite","hierophant:RustyCrate"],"picked":"hierophant:ArchangelShield","floor":7},{"not_picked":["hierophant:Smite","hierophant:Doomsaying"],"picked":"hierophant:OrnateJavelin","floor":11},{"not_picked":["hierophant:Remorse","hierophant:Doomsaying"],"picked":"hierophant:Flagellation","floor":14},{"not_picked":["hierophant:Determination","hierophant:Kindle"],"picked":"hierophant:Invocation","floor":16},{"not_picked":["hierophant:Purify","hierophant:Smite+1"],"picked":"hierophant:Chorus","floor":18},{"not_picked":["hierophant:Doubloon","hierophant:Martyrdom"],"picked":"hierophant:Cornucopia","floor":24},{"not_picked":["hierophant:AuricBeam","hierophant:RustyCrate"],"picked":"hierophant:HolyVerse+1","floor":27},{"not_picked":["hierophant:RecallFunds","hierophant:FieryStrike"],"picked":"hierophant:SolarFlare","floor":30}],"player_experience":262422,"relics_obtained":[{"floor":7,"key":"Bronze Scales"},{"floor":11,"key":"Replay:Ringing Soul"},{"floor":26,"key":"PreservedInsect"},{"floor":28,"key":"Eternal Feather"}],"event_choices":[{"damage_healed":0,"gold_gain":0,"player_choice":"Agree","damage_taken":0,"max_hp_gain":0,"max_hp_loss":0,"event_name":"conspire:LoneGhost","floor":3,"gold_loss":0},{"damage_healed":0,"gold_gain":0,"player_choice":"Inject Mutagens","damage_taken":0,"relics_obtained":["MutagenicStrength"],"max_hp_gain":0,"max_hp_loss":0,"event_name":"Drug Dealer","floor":20,"gold_loss":0},{"damage_healed":0,"gold_gain":0,"player_choice":"Upgraded","damage_taken":0,"max_hp_gain":0,"max_hp_loss":0,"event_name":"Upgrade Shrine","floor":31,"gold_loss":0,"cards_upgraded":["hierophant:Chorus"]}],"is_beta":false,"boss_relics":[{"not_picked":["hubris:BlackHole","Abe\u0027s Treasure"],"picked":"conspire:RoyalGoblet"}],"items_purged_floors":[],"is_endless":false,"potions_floor_spawned":[4,5,11,14,24,27],"killed_by":"Pondfish","ascension_level":0}}