{"host":"xzk9bt2l7avnb6n5","time":1610312294,"event":{"mods":["Aspiration","BaseMod","BetterRewards","Conspire","Downfall","Highlight Path","Infinite Spire","Jorbs\u0027s Wanderer Trilogy","Minty Spire (QoL Compilation)","READ ME - Guardian Mod","Replay The Spire","Shop Mod","StSLib","The Bug Knight","The Disciple","The Jungle","The Servant 0.9.4","The Wild Card"],"gold_per_floor":[99,118,118,34,47,60,60,60,60,73,73,91,91,105,125,224,224,224,239,254,267,267,267,321,341,441,441,441,452,452,483,497,599,599,524,534,546,69,138,154,154,174,174,12,12,39,39,39,49,49],"floor_reached":51,"playtime":2927,"items_purged":[],"score":741,"play_id":"15cef1f2-54a9-4be7-af68-b00398a3533c","local_time":"20210110135814","is_ascension_mode":false,"campfire_choices":[{"floor":1,"key":"REST"},{"data":"Slimebound:SlimeSlap","floor":9,"key":"SMITH"},{"floor":13,"key":"REST"},{"data":"Slimebound:SelfFormingGoo","floor":18,"key":"SMITH"},{"data":"Slimebound:Gluttony","floor":30,"key":"SMITH"},{"data":"Slimebound:OozeBath","floor":35,"key":"SMITH"},{"data":"Dramatic Entrance","floor":43,"key":"SMITH"},{"data":"Slimebound:Nibble","floor":45,"key":"SMITH"},{"data":"Slimebound:MegaLick","floor":47,"key":"SMITH"}],"circlet_count":0,"master_deck":["Slimebound:Strike_Slimebound","Slimebound:Strike_Slimebound","Slimebound:Tackle","Slimebound:Defend_Slimebound","Slimebound:Defend_Slimebound","Slimebound:Defend_Slimebound","Slimebound:Defend_Slimebound","Slimebound:Split","Slimebound:CorrosiveSpit","Slimebound:SlimeSpikes","Slimebound:SlimeSlap+1","Slimebound:LevelUp+1","Slimebound:HauntingLick","Slimebound:MegaLick","Slimebound:HauntingLick","Slimebound:Nibble+1","Slimebound:GrowthPunch","Slimebound:Gluttony+1","Slimebound:SelfFormingGoo+1","CurseOfTheBell","Slimebound:SlimeSpikes+1","Slimebound:LeechEnergy+1","Slimebound:Replication","Slimebound:LeechingTouch","Slimebound:AcidTongue+1","Slimebound:MegaLick+1","Slimebound:RollThrough","Slimebound:OozeBath+1","Slimebound:SplitBruiser","Slimebound:SplitMire+1","Slimebound:LeechEnergy+1","Dramatic Entrance+1","Slimebound:SplitAcid","Slimebound:GoopTackle","Parasite","Slimebound:Schlurp+1","Slimebound:SplitAcid"],"relics":["Slimebound:AbsorbEndCombat","Replay:Rubber Ducky","Sundial","Calling Bell","Guardian:PocketSentry","Shuriken","BranchBurnRelic","Enchiridion","Toy Ornithopter","ChewingGum","Durian","infinitespire:CursedDice","Nunchaku","Black Star","downfall:HeartBlessingGreen","Sling","Replay:Baseball","Blue Doll","Eternal Feather","Regal Pillow","Gremlin Horn","infinitespire:Satchel"],"acts_visited":["Exordium","TheCity","TheBeyond"],"potions_floor_usage":[16,16,20,29,32,40,42,46,50,50,50],"damage_taken":[{"damage":6,"enemies":"Small Slimes","floor":2,"turns":4},{"damage":0,"enemies":"downfall:FleeingMerchant","floor":4,"turns":4},{"damage":9,"enemies":"2 Louse","floor":5,"turns":4},{"damage":15,"enemies":"Jaw Worm","floor":6,"turns":2},{"damage":11,"enemies":"3 Louse","floor":10,"turns":3},{"damage":12,"enemies":"Large Slime","floor":12,"turns":5},{"damage":31,"enemies":"Gremlin Gang","floor":14,"turns":4},{"damage":4,"enemies":"2 Fungi Beasts","floor":15,"turns":3},{"damage":18,"enemies":"downfall:Silent","floor":16,"turns":9},{"damage":5,"enemies":"conspire:FuzzyDice","floor":19,"turns":7},{"damage":4,"enemies":"Chosen","floor":20,"turns":4},{"damage":9,"enemies":"conspire:HollyBat","floor":21,"turns":6},{"damage":4,"enemies":"Snake Plant","floor":25,"turns":5},{"damage":4,"enemies":"3 Cultists","floor":29,"turns":6},{"damage":4,"enemies":"HollowMod:Nosk","floor":31,"turns":10},{"damage":8,"enemies":"Centurion and Healer","floor":32,"turns":7},{"damage":14,"enemies":"downfall:Defect","floor":33,"turns":10},{"damage":29,"enemies":"3 Darklings","floor":36,"turns":6},{"damage":0,"enemies":"3 Shapes","floor":37,"turns":4},{"damage":0,"enemies":"downfall:FleeingMerchant","floor":38,"turns":4},{"damage":15,"enemies":"Transient","floor":40,"turns":5},{"damage":30,"enemies":"Writhing Mass","floor":42,"turns":5},{"damage":4,"enemies":"downfall:FleeingMerchant","floor":44,"turns":4},{"damage":3,"enemies":"HollowMod:StalkingDevout","floor":46,"turns":4},{"damage":6,"enemies":"3 Darklings","floor":49,"turns":3},{"damage":30,"enemies":"downfall:Ironclad","floor":50,"turns":9}],"seed_played":"-1062035942323644429","potions_obtained":[{"floor":2,"key":"Dexterity Potion"},{"floor":12,"key":"BlessingOfTheForge"},{"floor":14,"key":"Swift Potion"},{"floor":16,"key":"Weak Potion"},{"floor":19,"key":"champ:CounterPotion"},{"floor":21,"key":"Elixir"},{"floor":33,"key":"SpeedPotion"},{"floor":37,"key":"SkillPotion"},{"floor":39,"key":"AttackPotion"},{"floor":42,"key":"DistilledChaos"},{"floor":46,"key":"Energy Potion"},{"floor":49,"key":"Venom Potion"}],"is_trial":false,"path_per_floor":["R","M","?","$","M","M","T","?","R","M","?","M","R","M","M","B",null,"R","M","M","M","?","?","T","M","?","AVR","T","M","R","E","M","B",null,"R","M","M","$","?","M","T","M","R","$","R","E","R","?","M","B",null],"character_chosen":"SLIMEBOUND","items_purchased":["Slimebound:LevelUp","Sling","Replay:Baseball","Dramatic Entrance","Slimebound:SplitAcid","Slimebound:GoopTackle","Regal Pillow"],"campfire_rested":2,"item_purchase_floors":[4,38,38,38,38,38,44],"current_hp_per_floor":[60,60,60,60,57,53,53,53,53,60,60,52,60,41,53,60,60,60,60,60,57,41,60,60,60,60,65,65,65,65,65,65,55,65,65,65,65,65,49,65,65,58,65,65,65,65,65,65,65,65],"gold":49,"neow_bonus":"RANDOM_COMMON_RELIC","is_daily":false,"chose_seed":false,"campfire_upgraded":7,"win_rate":0.0,"timestamp":1610312294,"path_taken":["R","M","?","$","M","M","T","?","R","M","?","M","R","M","M","BOSS","R","M","M","M","?","?","T","M","?","AVR","?","M","R","E","M","BOSS","R","M","M","$","?","M","T","M","R","$","R","E","R","?","M","BOSS"],"items_purchased_type":["Card","Relic","Relic","Card","Card","Card","Relic"],"build_version":"2020-12-22","purchased_purges":0,"victory":true,"max_hp_per_floor":[60,60,60,60,60,60,60,60,60,60,60,60,60,60,60,60,60,60,60,60,60,60,60,60,60,60,65,65,65,65,65,65,65,65,65,65,65,65,65,65,65,65,65,65,65,65,65,65,65,65],"card_choices":[{"not_picked":["Slimebound:BestDefense","Slimebound:Schlurp"],"picked":"Slimebound:SlimeSpikes","floor":2},{"not_picked":["Slimebound:SplitBruiser","Slimebound:Dissolve"],"picked":"Slimebound:SlimeSlap","floor":4},{"not_picked":["Slimebound:GoopSpray","Slimebound:GoopTackle"],"picked":"Slimebound:HauntingLick","floor":5},{"not_picked":["Slimebound:SplitBruiser","Slimebound:TongueLash"],"picked":"Slimebound:MegaLick","floor":6},{"not_picked":["Slimebound:SlimeTap","Slimebound:Prepare"],"picked":"Slimebound:HauntingLick","floor":10},{"not_picked":["Slimebound:GoopSpray","Slimebound:LeechEnergy"],"picked":"Slimebound:Nibble","floor":12},{"not_picked":["Slimebound:SplitLeeching","Slimebound:ProtectTheBoss"],"picked":"Slimebound:GrowthPunch","floor":14},{"not_picked":["Slimebound:BestDefense","Slimebound:LeechEnergy"],"picked":"Slimebound:Gluttony","floor":15},{"not_picked":["Slimebound:OneTwoCombo","Slimebound:LeechLife"],"picked":"Slimebound:SelfFormingGoo","floor":16},{"not_picked":["Slimebound:GoopSpray+1","Slimebound:SplitBruiser"],"picked":"Slimebound:SlimeSpikes+1","floor":19},{"not_picked":["Slimebound:Chomp+1","Slimebound:Prepare"],"picked":"Slimebound:LeechEnergy+1","floor":20},{"not_picked":["Slimebound:HungryTackle","Slimebound:ComboTackle"],"picked":"Slimebound:Replication","floor":21},{"not_picked":["Slimebound:Chomp","Slimebound:GoopSpray+1"],"picked":"Slimebound:LeechingTouch","floor":25},{"not_picked":["Slimebound:SlimeTap","Slimebound:ViciousTackle"],"picked":"Slimebound:AcidTongue+1","floor":29},{"not_picked":["Slimebound:Dissolve","Slimebound:ViciousTackle"],"picked":"Slimebound:MegaLick","floor":31},{"not_picked":["Slimebound:SplitBruiser+1","Slimebound:Schlurp"],"picked":"Slimebound:RollThrough","floor":32},{"not_picked":["Slimebound:LeechLife","Slimebound:RallyTheTroops"],"picked":"Slimebound:OozeBath","floor":33},{"not_picked":["Slimebound:ItLooksTasty","Slimebound:LeechingTouch+1"],"picked":"Slimebound:SplitBruiser","floor":36},{"not_picked":["Slimebound:MegaLick","Slimebound:LeadByExample+1"],"picked":"Slimebound:SplitMire+1","floor":37},{"not_picked":["Slimebound:PressTheAttack","Slimebound:FormOfPuddle+1"],"picked":"Slimebound:LeechEnergy+1","floor":38},{"not_picked":["Slimebound:PressTheAttack","Slimebound:Equalize+1","Slimebound:SplitAcid"],"picked":"SKIP","floor":40},{"not_picked":["Slimebound:ItLooksTasty","Slimebound:Dissolve+1"],"picked":"Slimebound:Schlurp+1","floor":42},{"not_picked":["Slimebound:Gluttony","Slimebound:GrowthPunch+1","Slimebound:SlimeTap+1"],"picked":"SKIP","floor":44},{"not_picked":["Slimebound:SelfFormingGoo","Slimebound:LevelUp"],"picked":"Slimebound:SplitAcid","floor":46},{"not_picked":["Slimebound:GrowthPunch+1","Slimebound:RollThrough+1","Slimebound:ViciousTackle+1"],"picked":"SKIP","floor":49}],"player_experience":472641,"relics_obtained":[{"floor":7,"key":"Sundial"},{"floor":17,"key":"Guardian:PocketSentry"},{"floor":17,"key":"Shuriken"},{"floor":17,"key":"Dead Branch"},{"floor":22,"key":"Enchiridion"},{"floor":24,"key":"Toy Ornithopter"},{"floor":28,"key":"infinitespire:CursedDice"},{"floor":31,"key":"Nunchaku"},{"floor":39,"key":"Blue Doll"},{"floor":41,"key":"Eternal Feather"},{"floor":46,"key":"Gremlin Horn"},{"floor":46,"key":"infinitespire:Satchel"}],"event_choices":[{"damage_healed":0,"gold_gain":0,"player_choice":"Leave","damage_taken":0,"max_hp_gain":0,"max_hp_loss":0,"event_name":"conspire:Investor","floor":11,"gold_loss":0},{"damage_healed":20,"gold_gain":0,"player_choice":"Heal","damage_taken":0,"max_hp_gain":0,"max_hp_loss":0,"event_name":"The Library","floor":23,"gold_loss":0}],"is_beta":false,"boss_relics":[{"not_picked":["aspiration:SilentSkillbook","conspire:RunicOctahedron"],"picked":"Calling Bell"},{"not_picked":["Coffee Dripper","aspiration:SecretTechniqueScroll"],"picked":"Black Star"}],"items_purged_floors":[],"is_endless":false,"potions_floor_spawned":[2,12,14,15,16,19,21,33,37,42,46,49],"ascension_level":0}}