{"host":"56ghxnzsglgdq727","time":1610297551,"event":{"mods":["AchievementEnabler","BaseMod","Downfall","Duelist Mod","Hermit","Minty Spire (QoL Compilation)","Rare Cards Sparkle","StSLib","The Bug Knight","The Exalted","The Senshi","The Servant 0.9.4","The Wild Card"],"gold_per_floor":[236,115,128,147,10,10,25,43,122,122,122,139,156,167,167,267,267,280,280,379,392,392,392,59,74,74,85,185,185,200,230,230,326,326,339,358,426,442,456,456,473,473,473],"floor_reached":42,"playtime":2187,"items_purged":["theDuelist:CastleWalls","theDuelist:CastleWalls","hexamod:Haunted"],"score":491,"play_id":"1b8898ad-bc90-43d9-9a57-5240f818f556","local_time":"20210110115231","is_ascension_mode":false,"campfire_choices":[{"data":"theDuelist:MagiciansRod","floor":6.0,"key":"SMITH"},{"data":"theDuelist:ForbiddenLance","floor":11.0,"key":"SMITH"},{"data":"theDuelist:ForbiddenLance+1","floor":15.0,"key":"SMITH"},{"data":"theDuelist:GrandSpellbookTower","floor":23.0,"key":"SMITH"},{"data":"theDuelist:ForbiddenLance+2","floor":29,"key":"SMITH"},{"data":"theDuelist:ForbiddenLance+3","floor":32,"key":"SMITH"},{"data":"theDuelist:ForbiddenLance+4","floor":40,"key":"SMITH"}],"circlet_count":0,"master_deck":["theDuelist:DarkMagician","theDuelist:NeoMagic","theDuelist:ForbiddenLance+5","theDuelist:MysticalElf","theDuelist:MagiciansRod+1","theDuelist:Sparks","theDuelist:ExodiaLL","theDuelist:ExodiaLA+1","theDuelist:SummoningCurse","theDuelist:ExodiaRL","theDuelist:ExodiaRA","hexamod:Haunted"],"relics":["theDuelist:MillenniumPuzzle","theDuelist:CardPoolRelic","theDuelist:CardPoolBasicRelic","theDuelist:BoosterPackPoolRelic","theDuelist:CardPoolAddRelic","theDuelist:CardPoolMinusRelic","theDuelist:CardPoolSaveRelic","theDuelist:CardPoolOptionsRelic","Mercury Hourglass","theDuelist:MetronomeRelicD","Cursed Key","MutagenicStrength","Singing Bowl","theDuelist:FatMaxHPRelic","Tiny Chest","Sundial","theDuelist:ElectricToken","theDuelist:BlessingAnubis","TungstenRod","Sozu"],"acts_visited":["Exordium","TheCity","TheBeyond"],"potions_floor_usage":[31,33],"damage_taken":[{"damage":1.0,"enemies":"Cultist","floor":1.0,"turns":4.0},{"damage":0.0,"enemies":"Jaw Worm","floor":3.0,"turns":4.0},{"damage":0.0,"enemies":"2 Louse","floor":4.0,"turns":3.0},{"damage":1.0,"enemies":"Blue Slaver","floor":7.0,"turns":5.0},{"damage":3.0,"enemies":"Exordium Thugs","floor":8.0,"turns":7.0},{"damage":0.0,"enemies":"3 Louse","floor":12.0,"turns":3.0},{"damage":0.0,"enemies":"2 Fungi Beasts","floor":13.0,"turns":3.0},{"damage":2.0,"enemies":"Looter","floor":14.0,"turns":3.0},{"damage":17.0,"enemies":"Hexaghost","floor":16.0,"turns":17.0},{"damage":6.0,"enemies":"Chosen","floor":18.0,"turns":5.0},{"damage":36.0,"enemies":"Centurion and Healer","floor":21.0,"turns":11.0},{"damage":12.0,"enemies":"Snake Plant","floor":25.0,"turns":3.0},{"damage":33.0,"enemies":"Shelled Parasite and Fungi","floor":27.0,"turns":5.0},{"damage":5.0,"enemies":"Colosseum Slavers","floor":28.0,"turns":2.0},{"damage":9.0,"enemies":"Colosseum Nobs","floor":28.0,"turns":3.0},{"damage":0,"enemies":"3 Cultists","floor":30,"turns":2},{"damage":0,"enemies":"theDuelist:KaibaA2","floor":31,"turns":4},{"damage":88,"enemies":"Collector","floor":33,"turns":11},{"damage":9,"enemies":"3 Darklings","floor":35,"turns":7},{"damage":0,"enemies":"Orb Walker","floor":36,"turns":2},{"damage":26,"enemies":"4 Shapes","floor":38,"turns":6},{"damage":1,"enemies":"3 Darklings","floor":39,"turns":14},{"damage":34,"enemies":"Jaw Worm Horde","floor":41,"turns":5},{"damage":227,"enemies":"Nemesis","floor":42,"turns":18}],"seed_played":"-7375475705325000899","potions_obtained":[{"floor":7.0,"key":"theDuelist:SummonArmorPotion"},{"floor":8.0,"key":"theDuelist:SolderPotionB"},{"floor":12.0,"key":"Swift Potion"},{"floor":16.0,"key":"SkillPotion"},{"floor":18.0,"key":"Explosive Potion"},{"floor":25.0,"key":"Block Potion"},{"floor":28,"key":"theDuelist:VampireVial"},{"floor":31,"key":"theDuelist:ElectricPotion"}],"is_trial":false,"path_per_floor":["M","$","M","M","$","R","M","M","T","T","R","M","M","M","R","B",null,"M","?","?","M","T","R","$","M","T","M","?","R","M","E","R","B",null,"M","M","T","M","M","R","M","E"],"character_chosen":"THE_DUELIST","items_purchased":["theDuelist:SpiritHarp","theDuelist:MagiciansRod","theDuelist:FatMaxHPRelic","theDuelist:ExodiaLL","Tiny Chest"],"campfire_rested":0,"item_purchase_floors":[2,5,24,24,24],"current_hp_per_floor":[79,79,79,79,79,79,78,75,75,75,75,75,75,73,73,56,80,74,74,74,38,38,38,238,226,226,193,181,181,181,183,183,97,286,279,281,281,257,258,258,226,0,0],"gold":473,"neow_bonus":"HUNDRED_GOLD","is_daily":false,"chose_seed":false,"campfire_upgraded":7,"win_rate":0.0,"timestamp":1610297551,"path_taken":["M","?","?","?","?","R","M","M","T","?","R","?","M","M","R","BOSS","M","?","?","M","?","R","$","?","T","M","?","R","M","E","R","BOSS","M","M","?","M","M","R","M","E"],"items_purchased_type":["Card","Card","Relic","Card","Relic"],"build_version":"2020-12-22","purchased_purges":3,"victory":false,"max_hp_per_floor":[80,80,80,80,80,80,80,80,80,80,80,80,80,80,80,80,80,80,80,80,80,80,80,280,280,280,280,282,282,282,284,284,286,286,288,290,290,292,294,294,296,296,296],"card_choices":[{"not_picked":["theDuelist:BlizzardWarrior","theDuelist:DarkMagician","theDuelist:Mudballman","theDuelist:MysticalElf","theDuelist:NeoMagic"],"picked":"SKIP","floor":1.0},{"not_picked":["theDuelist:InjectionFairy","theDuelist:Illusionist","theDuelist:NeoMagic","theDuelist:CallAtlanteans","theDuelist:AltarTribute"],"picked":"SKIP","floor":3.0},{"not_picked":["theDuelist:Blockman","theDuelist:LightningDarts","theDuelist:WormWarlord","theDuelist:Raigeki"],"picked":"theDuelist:ForbiddenLance","floor":4.0},{"not_picked":["theDuelist:AttackTheMoon","theDuelist:GraniteLoyalist","theDuelist:Sangan","theDuelist:ClearKuriboh","theDuelist:SolemnStrike"],"picked":"SKIP","floor":7.0},{"not_picked":["theDuelist:SangaThunder","theDuelist:MysticalElf","theDuelist:Illusionist","theDuelist:BookSecret"],"picked":"theDuelist:SpiritHarp","floor":8.0},{"not_picked":["theDuelist:RainbowMagician","theDuelist:Wildfire","theDuelist:SangaWater"],"picked":"SKIP","floor":12.0},{"not_picked":["theDuelist:BlizzardWarrior","theDuelist:MysticalElf","theDuelist:Illusionist","theDuelist:OnslaughtFireKings","theDuelist:CallAtlanteans"],"picked":"SKIP","floor":13.0},{"not_picked":["theDuelist:FrontierWiseman","theDuelist:BattleOx","theDuelist:GilfordLegend","theDuelist:PotDichotomy","theDuelist:PreventRat"],"picked":"SKIP","floor":14.0},{"not_picked":["theDuelist:ExodiaHead","theDuelist:RainbowDarkDragon","theDuelist:RainbowMagician","theDuelist:SangaWater"],"picked":"theDuelist:GrandSpellbookTower","floor":16.0},{"not_picked":["theDuelist:InariFire","theDuelist:GoblinSecret+1","theDuelist:MindAir","theDuelist:WonderWand","theDuelist:MagiciansRod"],"picked":"SKIP","floor":18.0},{"not_picked":["theDuelist:NeoMagic","theDuelist:DarkMagician","theDuelist:FlyingSaucer+1","theDuelist:ThousandEyesIdol+1","theDuelist:ExodiaRA+1"],"picked":"SKIP","floor":21.0},{"not_picked":["theDuelist:SilentDoom","theDuelist:FogKing"],"picked":"theDuelist:ExodiaLA+1","floor":25.0},{"not_picked":["theDuelist:NeoMagic","theDuelist:SpiritHarp","theDuelist:DarkMagicianGirl","theDuelist:SkilledDarkMagician"],"picked":"theDuelist:ExodiaRL","floor":27.0},{"not_picked":["theDuelist:DarklordSuperbia","theDuelist:EvilswarmHeliotrope","theDuelist:FlameTiger","theDuelist:PowerWall","theDuelist:MillenniumScorpion"],"picked":"Singing Bowl","floor":28},{"not_picked":["theDuelist:LegendaryExodia","theDuelist:LordD","theDuelist:ApprenticeIllusionMagician","theDuelist:DoomShaman"],"picked":"theDuelist:ExodiaRA","floor":30},{"not_picked":["theDuelist:BlizzardWarrior","theDuelist:NeoMagic","theDuelist:InjectionFairy","theDuelist:DarkMagician","theDuelist:LegendaryFlameLord"],"picked":"Singing Bowl","floor":31},{"not_picked":["theDuelist:RainbowDarkDragon","theDuelist:IrisEarthMother+1","theDuelist:RainbowMagician","theDuelist:RainbowKuriboh","theDuelist:RainbowOverdragon"],"picked":"Singing Bowl","floor":33},{"not_picked":["theDuelist:Wildfire+1","theDuelist:CosmoBrain","theDuelist:FogKing","theDuelist:MagicalBlast","theDuelist:SwordsBurning"],"picked":"Singing Bowl","floor":35},{"not_picked":["theDuelist:SangaEarth","theDuelist:BlizzardPrincess+1","theDuelist:BookSecret+1","theDuelist:AncientElf+1","theDuelist:SkilledDarkMagician+1"],"picked":"Singing Bowl","floor":36},{"not_picked":["theDuelist:FrontierWiseman+1","theDuelist:GilfordLegend","theDuelist:PotDichotomy","theDuelist:PreventRat","theDuelist:BattleOx+1"],"picked":"Singing Bowl","floor":38},{"not_picked":["theDuelist:CharcoalInpachi+2","theDuelist:Cloning","theDuelist:OneForOne+1","theDuelist:SphereKuriboh+2","theDuelist:DestructPotion+1"],"picked":"Singing Bowl","floor":39},{"not_picked":["theDuelist:CosmoBrain","theDuelist:ApprenticeIllusionMagician+2","theDuelist:LordD+1","theDuelist:Relinquished+1","theDuelist:InvitationDarkSleep+1"],"picked":"Singing Bowl","floor":41}],"player_experience":207157,"relics_obtained":[{"floor":9.0,"key":"Mercury Hourglass"},{"floor":10.0,"key":"theDuelist:MetronomeRelicD"},{"floor":22.0,"key":"Singing Bowl"},{"floor":26.0,"key":"Sundial"},{"floor":28,"key":"theDuelist:ElectricToken"},{"floor":28,"key":"theDuelist:BlessingAnubis"},{"floor":31,"key":"TungstenRod"}],"event_choices":[{"damage_healed":0.0,"max_hp_gain":0.0,"max_hp_loss":0.0,"gold_gain":0.0,"event_name":"Drug Dealer","player_choice":"Inject Mutagens","floor":19.0,"gold_loss":0.0,"damage_taken":0.0,"relics_obtained":["MutagenicStrength"]},{"damage_healed":0.0,"max_hp_gain":0.0,"max_hp_loss":0.0,"gold_gain":99.0,"event_name":"Nest","player_choice":"Stole From Cult","floor":20.0,"gold_loss":0.0,"damage_taken":0.0},{"damage_healed":0.0,"max_hp_gain":0.0,"max_hp_loss":0.0,"gold_gain":0.0,"event_name":"Colosseum","player_choice":"Fight","floor":28.0,"gold_loss":0.0,"damage_taken":0.0},{"damage_healed":0.0,"max_hp_gain":0.0,"max_hp_loss":0.0,"gold_gain":0.0,"event_name":"Colosseum","player_choice":"Fought Nobs","floor":28.0,"gold_loss":0.0,"damage_taken":0.0}],"is_beta":false,"boss_relics":[{"not_picked":["Runic Cube","Velvet Choker"],"picked":"Cursed Key"},{"not_picked":["Bromod:ArcaneBarrier","Runic Dome"],"picked":"Sozu"}],"items_purged_floors":[2,5,24],"is_endless":false,"potions_floor_spawned":[7,8,12,16,18,25,28,31,38,39],"killed_by":"Nemesis","ascension_level":0}}