{"host":"fm9e0lfunjlbhzxv","time":1610248996,"event":{"mods":["2.2 Compatiblity","Astrologer","BaseMod","Better Match","Better Skull","Better Third Choice","Colored Map","Colored Powertips","Downfall","Key Reminder","Marisa????????","Minty Spire (QoL Compilation)","Permanent Neow","Rare Cards Sparkle","Relic Stats","Remilia??????","Spicy Shops","StSLib","The Administrix","The Bug Knight","The Disciple","The Servant 0.9.4","The Vixen","slay the spire mod where everything is the same but ironclad has a cowboy hat"],"gold_per_floor":[99,99,99,99,99,99,124,151,251,251,271,271,288,301,311,415,415,415,430,443,443,543,84,110,35,52,52,52,86,86,113,130,230,230,80,100,100,110,95,95,95,95,95,107,133,133,143,51,68,68],"floor_reached":51,"playtime":4499,"items_purged":["Madness"],"score":761,"play_id":"4dc105be-8137-42e8-9432-6876a6410ce5","local_time":"20210109192315","is_ascension_mode":false,"campfire_choices":[{"data":"Guardian:TwinSlam","floor":1,"key":"SMITH"},{"data":"Guardian:CurlUp","floor":6,"key":"SMITH"},{"data":"Guardian:DonusPower","floor":10,"key":"SMITH"},{"floor":12,"key":"REST"},{"floor":18,"key":"RECALL"},{"data":"Guardian:BaubleBeam","floor":25,"key":"SMITH"},{"floor":28,"key":"REST"},{"data":"Guardian:TimeCapacitor","floor":35,"key":"SMITH"},{"data":"Guardian:TimeSifter","floor":42,"key":"SMITH"}],"circlet_count":0,"master_deck":["Guardian:Defend_Guardian","Guardian:CurlUp+1","Guardian:TwinSlam+1","Guardian:DonusPower+1","Guardian:SentryBeam","Guardian:ChargeCore","Guardian:Reroute","Guardian:HyperBeam_Guardian","Guardian:RefractedBeam","Parasite","Guardian:Recover","Guardian:BaubleBeam+1","Guardian:Planning","Guardian:PrismaticBarrier","Guardian:EvasiveProtocol","Guardian:TimeCapacitor+1","Guardian:SpikerProtocol","Guardian:SpikerProtocol+1","Bite","Bite","Bite","Bite","Bite","Guardian:TimeSifter+1","Guardian:BronzeArmor+1","Guardian:TemporalStrike","Guardian:Recover","Guardian:RevengeProtocol","Guardian:RollAttack+1","Guardian:Aged","Guardian:ShieldSpikes+1","Guardian:Gem_White","Guardian:Suspension","Guardian:Gem_Cyan","Guardian:TemporalStrike+1","Guardian:SpikerProtocol","Guardian:FloatingOrbs","Guardian:BronzeOrb"],"relics":["Guardian:ModeShifter","Juzu Bracelet","downfall:GremlinSack","SlaversCollar","Nloth\u0027s Gift","Incense Burner","Ornamental Fan","Bag of Marbles","Guardian:BottledStasis","downfall:HeartBlessingRed","Prayer Wheel","White Beast Statue","Empty Cage","downfall:HeartBlessingGreen","downfall:HeartBlessingBlue","Mummified Hand","Meat on the Bone","Guardian:StasisEgg","Pantograph","TheVixenMod:UmbreonRelic"],"acts_visited":["Exordium","TheCity","TheBeyond"],"potions_floor_usage":[16,38,44],"damage_taken":[{"damage":0,"enemies":"Small Slimes","floor":2,"turns":1},{"damage":0,"enemies":"Cultist","floor":3,"turns":1},{"damage":0,"enemies":"Jaw Worm","floor":5,"turns":1},{"damage":20,"enemies":"Gremlin Nob","floor":8,"turns":5},{"damage":12,"enemies":"Gremlin Nob","floor":9,"turns":4},{"damage":0,"enemies":"Lots of Slimes","floor":11,"turns":1},{"damage":12,"enemies":"Gremlin Gang","floor":13,"turns":3},{"damage":0,"enemies":"Exordium Wildlife","floor":14,"turns":3},{"damage":0,"enemies":"Large Slime","floor":15,"turns":3},{"damage":25,"enemies":"downfall:Watcher","floor":16,"turns":8},{"damage":17,"enemies":"Spheric Guardian","floor":19,"turns":4},{"damage":12,"enemies":"Shell Parasite","floor":20,"turns":4},{"damage":13,"enemies":"downfall:Ironclad","floor":22,"turns":5},{"damage":0,"enemies":"downfall:FleeingMerchant","floor":23,"turns":4},{"damage":20,"enemies":"Sentry and Sphere","floor":26,"turns":5},{"damage":0,"enemies":"Gremlin Leader","floor":29,"turns":6},{"damage":4,"enemies":"Slavers","floor":31,"turns":5},{"damage":11,"enemies":"Cultist and Chosen","floor":32,"turns":6},{"damage":5,"enemies":"downfall:Silent","floor":33,"turns":6},{"damage":12,"enemies":"3 Shapes","floor":36,"turns":4},{"damage":10,"enemies":"3 Darklings","floor":38,"turns":5},{"damage":0,"enemies":"downfall:FleeingMerchant","floor":39,"turns":4},{"damage":9,"enemies":"4 Shapes","floor":44,"turns":1},{"damage":13,"enemies":"Reptomancer","floor":45,"turns":6},{"damage":10,"enemies":"Reptomancer","floor":46,"turns":3},{"damage":0,"enemies":"Writhing Mass","floor":47,"turns":5},{"damage":0,"enemies":"downfall:FleeingMerchant","floor":48,"turns":4},{"damage":4,"enemies":"Jaw Worm Horde","floor":49,"turns":4},{"damage":23,"enemies":"downfall:Ironclad","floor":50,"turns":9}],"seed_played":"-1816462919395257577","potions_obtained":[{"floor":8,"key":"Ancient Potion"},{"floor":13,"key":"Fruit Juice"},{"floor":14,"key":"EssenceOfSteel"},{"floor":16,"key":"Ancient Potion"},{"floor":31,"key":"LiquidBronze"},{"floor":38,"key":"PowerPotion"},{"floor":39,"key":"Fruit Juice"},{"floor":44,"key":"Weak Potion"},{"floor":47,"key":"Guardian:AcceleratePotion"}],"is_trial":false,"path_per_floor":["R","M","M","?","M","R","T","E","?","R","M","R","M","M","M","B",null,"R","M","M","?","?","$","T","R","M","?","R","E","?","E","M","B",null,"R","M","?","M","$","?","T","R","?","M","E","?","M","$","M","B",null],"character_chosen":"GUARDIAN","items_purchased":["Guardian:SpikerProtocol","Bag of Marbles","Guardian:BottledStasis","Guardian:FloatingOrbs"],"campfire_rested":2,"item_purchase_floors":[23,23,23,48],"current_hp_per_floor":[80,80,80,80,80,80,80,60,50,50,52,76,66,68,70,52,85,85,68,58,58,47,49,49,49,31,31,56,74,74,74,75,82,85,95,83,83,83,91,91,91,91,91,87,84,78,82,90,92,93],"gold":68,"neow_bonus":"THREE_ENEMY_KILL","is_daily":false,"chose_seed":false,"campfire_upgraded":6,"win_rate":0.0,"timestamp":1610248995,"path_taken":["R","M","M","?","?","R","T","E","?","R","M","R","M","M","M","BOSS","R","M","M","?","?","$","T","R","M","?","R","E","?","E","M","BOSS","R","M","?","M","$","?","T","R","?","M","E","?","M","$","M","BOSS"],"items_purchased_type":["Card","Relic","Relic","Card"],"build_version":"2020-12-22","purchased_purges":1,"victory":true,"max_hp_per_floor":[80,80,80,80,80,80,80,80,80,80,80,80,80,80,80,85,85,85,85,85,85,85,85,85,85,85,85,85,85,85,85,85,85,85,95,95,95,95,95,95,95,95,95,100,100,100,100,100,100,100],"relic_stats":{"counters":[29,117],"Ornamental Fan":[160],"Mummified Hand":[48],"Pantograph":8,"Prayer Wheel":6,"Juzu Bracelet":2,"Nloth\u0027s Gift":4,"obtain_stats":[{"Guardian:BottledStasis":23,"downfall:HeartBlessingRed":25,"Guardian:StasisEgg":43,"Guardian:ModeShifter":0,"downfall:HeartsMalice":0,"downfall:HeartBlessingGreen":35,"Juzu Bracelet":8,"Incense Burner":22,"Empty Cage":34,"White Beast Statue":31,"Blood Vial":7,"keyreminder:keyreminder":18,"SlaversCollar":17,"downfall:GremlinSack":9,"Ornamental Fan":22,"downfall:HeartBlessingBlue":35,"Mummified Hand":37,"Pantograph":45,"Prayer Wheel":29,"Nloth\u0027s Gift":21,"Bag of Marbles":23,"TheVixenMod:UmbreonRelic":46,"Meat on the Bone":41},{"Guardian:BottledStasis":14,"downfall:HeartBlessingRed":14,"Guardian:StasisEgg":22,"Guardian:ModeShifter":0,"downfall:HeartsMalice":0,"downfall:HeartBlessingGreen":19,"Juzu Bracelet":4,"Incense Burner":13,"Empty Cage":19,"White Beast Statue":17,"Blood Vial":3,"keyreminder:keyreminder":10,"SlaversCollar":10,"downfall:GremlinSack":5,"Ornamental Fan":13,"downfall:HeartBlessingBlue":19,"Mummified Hand":20,"Pantograph":24,"Prayer Wheel":16,"Nloth\u0027s Gift":12,"Bag of Marbles":14,"TheVixenMod:UmbreonRelic":24,"Meat on the Bone":22},{"Guardian:BottledStasis":44,"downfall:HeartBlessingRed":44,"Guardian:StasisEgg":85,"Guardian:ModeShifter":0,"downfall:HeartsMalice":0,"downfall:HeartBlessingGreen":72,"Juzu Bracelet":5,"Incense Burner":40,"Empty Cage":72,"White Beast Statue":60,"Blood Vial":0,"keyreminder:keyreminder":27,"SlaversCollar":27,"downfall:GremlinSack":9,"Ornamental Fan":40,"downfall:HeartBlessingBlue":72,"Mummified Hand":76,"Pantograph":92,"Prayer Wheel":55,"Nloth\u0027s Gift":35,"Bag of Marbles":44,"TheVixenMod:UmbreonRelic":92,"Meat on the Bone":85}],"Meat on the Bone":0},"card_choices":[{"not_picked":["Guardian:TimeBomb","Guardian:Gem_Cyan"],"picked":"Guardian:DonusPower","floor":2},{"not_picked":["Guardian:Reroute","Guardian:Gem_Fragmented"],"picked":"Guardian:SentryBeam","floor":3},{"not_picked":["Guardian:Gem_Lightblue","Guardian:DonusPower"],"picked":"Guardian:ChargeCore","floor":5},{"not_picked":["Guardian:ChargeUp","Guardian:PrimingBeam"],"picked":"Guardian:Reroute","floor":8},{"not_picked":["Guardian:Gem_Red","Guardian:PiercingHide"],"picked":"Guardian:Gem_White","floor":9},{"not_picked":["Guardian:Emergency","Guardian:CrystalBeam"],"picked":"Guardian:Recover","floor":11},{"not_picked":["Guardian:Gem_Fragmented","Guardian:Gem_Red"],"picked":"Guardian:Gem_Purple","floor":13},{"not_picked":["Guardian:Recover","Guardian:CrystalBeam"],"picked":"Guardian:Gem_Green","floor":14},{"not_picked":["Guardian:Gem_Purple","Guardian:Gem_Lightblue"],"picked":"Guardian:Gem_Crimson","floor":15},{"not_picked":["Guardian:HyperBeam_Guardian","Guardian:ConstructionForm"],"picked":"Guardian:BaubleBeam","floor":16},{"not_picked":["Guardian:Incinerate","Guardian:TimeCapacitor"],"picked":"Guardian:Planning","floor":19},{"not_picked":["Guardian:ChargeCore","Guardian:TimeBomb"],"picked":"Guardian:PrismaticBarrier","floor":20},{"not_picked":["Guardian:Clone","Guardian:Emergency"],"picked":"Guardian:EvasiveProtocol","floor":22},{"not_picked":["Guardian:PrimingBeam+1","Guardian:PiercingHide"],"picked":"Guardian:TimeCapacitor","floor":23},{"not_picked":["Guardian:Gem_Cyan","Guardian:EvasiveProtocol"],"picked":"Guardian:SpikerProtocol+1","floor":26},{"not_picked":["Guardian:Gem_Red","Guardian:PrismaticBeam"],"picked":"Guardian:TimeSifter","floor":29},{"not_picked":["Guardian:PrismaticBarrier+1","Guardian:StasisField"],"picked":"Guardian:BronzeArmor+1","floor":31},{"not_picked":["Guardian:Emergency","Guardian:GuardianWhirl"],"picked":"Guardian:TemporalStrike","floor":32},{"not_picked":["Guardian:BaubleBeam","Guardian:ShieldCharger"],"picked":"Guardian:Recover","floor":32},{"not_picked":["Guardian:SphericShield","Guardian:StasisStrike"],"picked":"Guardian:RevengeProtocol","floor":33},{"not_picked":["Guardian:ArmoredProtocol","Guardian:PolyBeam"],"picked":"Guardian:Gem_Crimson","floor":36},{"not_picked":["Guardian:ArmoredProtocol+1","Guardian:Planning"],"picked":"Guardian:Gem_Orange","floor":36},{"not_picked":["Guardian:TemporalShield+1","Guardian:TimeBomb"],"picked":"Guardian:Gem_Red","floor":38},{"not_picked":["Guardian:GuardianWhirl+1","Guardian:TemporalStrike"],"picked":"Guardian:RollAttack+1","floor":38},{"not_picked":["Guardian:PrismaticBarrier+1","Guardian:PolyBeam+1"],"picked":"Guardian:Gem_Cyan","floor":39},{"not_picked":["Guardian:Reroute+1","Guardian:Gem_Green"],"picked":"Guardian:ShieldSpikes+1","floor":44},{"not_picked":["Guardian:RevengeProtocol","Guardian:Gem_Red"],"picked":"Guardian:Gem_White","floor":44},{"not_picked":["Guardian:Recover","Guardian:TemporalStrike"],"picked":"Guardian:Suspension","floor":45},{"not_picked":["Guardian:RevengeProtocol","Guardian:ChargeCore"],"picked":"Guardian:Gem_Cyan","floor":47},{"not_picked":["Guardian:BronzeArmor","Guardian:TemporalShield+1"],"picked":"Guardian:TemporalStrike+1","floor":47},{"not_picked":["Guardian:Planning","Guardian:Gem_Cyan"],"picked":"Guardian:SpikerProtocol","floor":48},{"not_picked":["Guardian:TimeBomb+1","Guardian:Gem_Lightblue"],"picked":"Guardian:BronzeOrb","floor":49},{"not_picked":["Guardian:ShieldCharger","Guardian:RefractedBeam+1","Guardian:PrismaticBarrier"],"picked":"SKIP","floor":49}],"player_experience":733452,"relics_obtained":[{"floor":7,"key":"Blood Vial"},{"floor":8,"key":"Juzu Bracelet"},{"floor":9,"key":"downfall:GremlinSack"},{"floor":22,"key":"Incense Burner"},{"floor":22,"key":"Ornamental Fan"},{"floor":29,"key":"Prayer Wheel"},{"floor":31,"key":"White Beast Statue"},{"floor":37,"key":"Mummified Hand"},{"floor":41,"key":"Meat on the Bone"},{"floor":45,"key":"Pantograph"}],"event_choices":[{"damage_healed":0,"gold_gain":0,"player_choice":"Became a vampire (Vial)","damage_taken":0,"max_hp_gain":0,"max_hp_loss":0,"event_name":"Vampires","floor":27,"relics_lost":["Blood Vial"],"gold_loss":0,"cards_obtained":["Bite","Bite","Bite","Bite","Bite"]},{"damage_healed":0,"gold_gain":0,"player_choice":"Fight the Beast\u0027s assailants","damage_taken":0,"relics_obtained":["TheVixenMod:UmbreonRelic"],"max_hp_gain":0,"max_hp_loss":0,"event_name":"Creature of the Night","floor":46,"gold_loss":0}],"is_beta":false,"boss_relics":[{"not_picked":["Runic Dome","Fusion Hammer"],"picked":"SlaversCollar"},{"not_picked":["SacredBark","Guardian:StasisSlotReductionRelic"],"picked":"Empty Cage"}],"items_purged_floors":[23],"is_endless":false,"potions_floor_spawned":[8,13,14,16,19,26,29,31,32,33,36,38,39,44,45,46,47,48,49],"ascension_level":0}}