{"host":"w2kjv12xyhtt0cv2","time":1610285778,"event":{"mods":["Act Like it!","BaseMod","Colored Map","Friendly Minions","Gensokyo","Highlight Path","Hubris","Kiyohime（清姬）","Marisa（F雨　魔理沙）","Minty Spire (QoL Compilation)","Quick Restart","Reimu（博丽灵梦）","Relic Stats","Replay The Spire","RumiaBox-露米娅的神秘盒子","Shop Mod","Spicy Shops","StSLib","The Cursed","The Servant 0.9.4","UnlockEverythingMod","Waifu the Spire","[功能]功能增强和修复MOD","vexMod","【功能Mod】Neow奖励","【遗物卡牌】REMEMod","没有小屋子和绿帽子啦"],"gold_per_floor":[118,118,135,148,148,145,145],"floor_reached":6,"playtime":175,"items_purged":[],"score":102,"play_id":"83e31510-2f95-4c12-902d-a3be81b6bb70","local_time":"20210110213618","is_ascension_mode":true,"campfire_choices":[],"circlet_count":0,"master_deck":["KiyohimeMod:Strike","KiyohimeMod:Strike","KiyohimeMod:Strike","KiyohimeMod:Strike","KiyohimeMod:Defend","KiyohimeMod:Defend","KiyohimeMod:Defend","KiyohimeMod:Track","KiyohimeMod:FlameKiss","KiyohimeMod:Shapeshift","REME_BattleFury","Poor:ReiMu"],"relics":["REME_ComplimentaryCards","vexMod:BigBerry","YidongShenshe:ReiMu"],"acts_visited":["Exordium"],"potions_floor_usage":[6],"damage_taken":[{"damage":0.0,"enemies":"Small Slimes","floor":1.0,"turns":2.0},{"damage":0.0,"enemies":"Cultist","floor":3.0,"turns":2.0},{"damage":3.0,"enemies":"Jaw Worm","floor":4.0,"turns":2.0},{"damage":24,"enemies":"Gremlin Nob","floor":6,"turns":4}],"seed_played":"8634043392413938831","potions_obtained":[{"floor":1.0,"key":"GamblersBrew"}],"is_trial":false,"path_per_floor":["M","?","M","M","?","E"],"character_chosen":"Kiyohime","items_purchased":[],"campfire_rested":0,"item_purchase_floors":[],"current_hp_per_floor":[84,84,84,81,81,57,57],"gold":145,"neow_bonus":"BOSS_RELIC","is_daily":false,"chose_seed":false,"campfire_upgraded":0,"win_rate":0.0,"timestamp":1610285778,"path_taken":["M","?","?","?","?","E"],"items_purchased_type":[],"build_version":"2020-12-22","purchased_purges":0,"victory":false,"max_hp_per_floor":[90,90,90,90,90,90,90],"relic_stats":{"counters":[4,10],"obtain_stats":[{"KiyohimeMod:FireDragon":0,"YidongShenshe:ReiMu":5,"REME_ComplimentaryCards":0,"vexMod:BigBerry":0},{"KiyohimeMod:FireDragon":0,"YidongShenshe:ReiMu":3,"REME_ComplimentaryCards":0,"vexMod:BigBerry":0},{"KiyohimeMod:FireDragon":0,"YidongShenshe:ReiMu":6,"REME_ComplimentaryCards":0,"vexMod:BigBerry":0}]},"card_choices":[{"not_picked":["KiyohimeMod:RealityMarble","KiyohimeMod:EatSoul","KiyohimeMod:AndSoTheShipConquers"],"picked":"SKIP","floor":1.0},{"not_picked":["KiyohimeMod:WaterTurn","KiyohimeMod:EatSoul","KiyohimeMod:AndSoTheShipConquers"],"picked":"SKIP","floor":3.0},{"not_picked":["KiyohimeMod:SteelTraining","KiyohimeMod:BlueBlackKey","KiyohimeMod:AgainstMagic"],"picked":"SKIP","floor":4.0}],"player_experience":128768,"relics_obtained":[],"event_choices":[{"cards_removed":["KiyohimeMod:Defend"],"damage_healed":0.0,"max_hp_gain":0.0,"max_hp_loss":0.0,"gold_gain":0.0,"event_name":"Bonfire Elementals","player_choice":"Offered Basic","floor":2.0,"gold_loss":0.0,"damage_taken":0.0},{"damage_healed":0.0,"max_hp_gain":0.0,"max_hp_loss":0.0,"gold_gain":0.0,"event_name":"yidonshenshe","player_choice":"带走神社","floor":5.0,"gold_loss":0.0,"damage_taken":0.0,"relics_obtained":["YidongShenshe:ReiMu"],"cards_obtained":["Poor:ReiMu"]}],"is_beta":false,"boss_relics":[],"items_purged_floors":[],"is_endless":false,"potions_floor_spawned":[1],"killed_by":"Gremlin Nob","ascension_level":9}}