{"host":"dpbezu80jg8zk7un","time":1610245506,"event":{"mods":["BaseMod","Colored Map","Colored Powertips","Custom Start","DeckTracker","Minty Spire (QoL Compilation)","Quick Restart","StSLib","SuperFastMode"],"gold_per_floor":[11,286,305,316,241,271,300,300,325,325,325,342,376,391,391,470,470,490,490,490,500,400,400,435,435,462,495,506,208,208,219,219,292,292,310,328,328,339,189,189,220,236,236,236,236,236,268,13,13,13,13,13,13,13,45,45,45],"floor_reached":56,"playtime":2222,"items_purged":["Regret","Strike_P","Strike_P","Defend_P","Defend_P"],"score":2152,"play_id":"f960c5ea-3d1f-4942-9c13-dfef64098fb4","local_time":"20210110112506","is_ascension_mode":true,"campfire_choices":[{"data":"Eruption","floor":8.0,"key":"SMITH"},{"floor":11.0,"key":"REST"},{"data":"MentalFortress","floor":15.0,"key":"SMITH"},{"data":"Scrawl","floor":23.0,"key":"SMITH"},{"floor":30.0,"key":"REST"},{"data":"Pray","floor":32.0,"key":"SMITH"},{"data":"Vault","floor":40.0,"key":"SMITH"},{"floor":44.0,"key":"RECALL"},{"data":"DevaForm","floor":46.0,"key":"SMITH"},{"data":"Adaptation","floor":49.0,"key":"SMITH"},{"data":"Prostrate","floor":53.0,"key":"SMITH"}],"circlet_count":0,"master_deck":["AscendersBane","Strike_P+1","Eruption+1","Vigilance","FlurryOfBlows","DevaForm+1","EmptyMind+1","MentalFortress+1","Ragnarok+1","Scrawl+1","Pray+1","Pray+1","Vault+1","Wallop+1","Prostrate+1","Adaptation+1","Swivel+1"],"relics":["PureWater","PreservedInsect","Odd Mushroom","Whetstone","Art of War","SacredBark","HornCleat","Toy Ornithopter","Bottled Tornado","Strawberry","Coffee Dripper","Oddly Smooth Stone","Regal Pillow","Ice Cream"],"acts_visited":["Exordium","TheCity","TheBeyond","TheEnding"],"potions_floor_usage":[56,56],"damage_taken":[{"damage":13.0,"enemies":"Small Slimes","floor":1.0,"turns":3.0},{"damage":9.0,"enemies":"Cultist","floor":3.0,"turns":3.0},{"damage":5.0,"enemies":"2 Louse","floor":4.0,"turns":3.0},{"damage":7.0,"enemies":"Gremlin Nob","floor":6.0,"turns":3.0},{"damage":9.0,"enemies":"The Mushroom Lair","floor":7.0,"turns":4.0},{"damage":0.0,"enemies":"2 Fungi Beasts","floor":12.0,"turns":2.0},{"damage":15.0,"enemies":"3 Sentries","floor":13.0,"turns":7.0},{"damage":5.0,"enemies":"Gremlin Gang","floor":14.0,"turns":2.0},{"damage":0.0,"enemies":"Slime Boss","floor":16.0,"turns":4.0},{"damage":6.0,"enemies":"2 Thieves","floor":18.0,"turns":3.0},{"damage":0.0,"enemies":"Spheric Guardian","floor":21.0,"turns":4.0},{"damage":9.0,"enemies":"Book of Stabbing","floor":24.0,"turns":4.0},{"damage":29.0,"enemies":"Slavers","floor":27.0,"turns":3.0},{"damage":2.0,"enemies":"Shelled Parasite and Fungi","floor":28.0,"turns":2.0},{"damage":0.0,"enemies":"Snecko","floor":31.0,"turns":4.0},{"damage":18.0,"enemies":"Champ","floor":33.0,"turns":5.0},{"damage":0.0,"enemies":"Orb Walker","floor":35.0,"turns":2.0},{"damage":6.0,"enemies":"3 Shapes","floor":36.0,"turns":4.0},{"damage":0.0,"enemies":"Maw","floor":38.0,"turns":4.0},{"damage":0.0,"enemies":"Giant Head","floor":41.0,"turns":3.0},{"damage":0.0,"enemies":"Spire Growth","floor":42.0,"turns":3.0},{"damage":0.0,"enemies":"Nemesis","floor":47.0,"turns":4.0},{"damage":0.0,"enemies":"Donu and Deca","floor":50.0,"turns":5.0},{"damage":21.0,"enemies":"Time Eater","floor":51.0,"turns":7.0},{"damage":49.0,"enemies":"Shield and Spear","floor":55.0,"turns":6.0},{"damage":33,"enemies":"The Heart","floor":56,"turns":2}],"seed_played":"840448765271350171","potions_obtained":[{"floor":3.0,"key":"SteroidPotion"},{"floor":4.0,"key":"Energy Potion"},{"floor":13.0,"key":"Explosive Potion"},{"floor":16.0,"key":"Fire Potion"},{"floor":21.0,"key":"AttackPotion"},{"floor":27.0,"key":"BottledMiracle"},{"floor":28.0,"key":"Swift Potion"},{"floor":35.0,"key":"FearPotion"},{"floor":47.0,"key":"BlessingOfTheForge"},{"floor":55.0,"key":"SpeedPotion"}],"is_trial":false,"path_per_floor":["M","?","M","M","$","E","?","R","T","?","R","M","E","M","R","B",null,"M","?","?","M","$","R","E","?","T","E","M","$","R","M","R","B",null,"M","M","?","M","$","R","E","M","T","R","?","R","E","$","R","B","B",null,"R","$","E","B"],"character_chosen":"WATCHER","items_purchased":["Strawberry","Adaptation"],"campfire_rested":2,"item_purchase_floors":[29,48],"current_hp_per_floor":[48,48,39,34,34,27,18,18,18,18,38,38,23,18,18,18,56,50,50,50,50,50,50,41,41,41,17,15,22,44,44,44,26,63,63,57,57,57,57,57,57,57,57,57,57,57,62,62,62,62,41,64,64,64,15,0,0],"gold":45,"neow_bonus":"TRANSFORM_TWO_CARDS","is_daily":false,"chose_seed":false,"campfire_upgraded":8,"win_rate":0.0,"timestamp":1610245506,"path_taken":["M","?","M","?","$","E","?","R","T","?","R","?","E","M","R","BOSS","M","?","?","?","$","R","E","?","T","E","M","$","R","M","R","BOSS","M","M","?","M","$","R","E","M","T","R","?","R","E","?","R","BOSS","BOSS","R","$","E","BOSS"],"items_purchased_type":["Relic","Card"],"build_version":"2020-12-22","purchased_purges":5,"victory":false,"max_hp_per_floor":[68,68,68,68,68,68,68,68,68,68,68,68,68,68,68,68,68,68,68,68,68,68,68,68,68,68,68,68,75,75,75,75,75,75,75,75,71,71,71,71,71,71,71,71,71,71,71,71,71,71,71,71,71,71,71,71,71],"card_choices":[{"not_picked":["ClearTheMind","Wallop"],"picked":"EmptyMind","floor":1.0},{"not_picked":["Evaluate","WindmillStrike"],"picked":"MentalFortress","floor":3.0},{"not_picked":["EmptyFist","TalkToTheHand","FlurryOfBlows"],"picked":"SKIP","floor":4.0},{"not_picked":["ThirdEye","Indignation"],"picked":"Ragnarok","floor":6.0},{"not_picked":["EmptyBody","Worship","Indignation"],"picked":"SKIP","floor":12.0},{"not_picked":["Evaluate","ReachHeaven","FlyingSleeves"],"picked":"SKIP","floor":13.0},{"not_picked":["Prostrate","Wallop","FlurryOfBlows"],"picked":"SKIP","floor":14.0},{"not_picked":["Wish","Vault"],"picked":"Scrawl","floor":16.0},{"not_picked":["FlyingSleeves+1","Protect"],"picked":"Pray+1","floor":18.0},{"not_picked":["Weave","ThirdEye","FlyingSleeves"],"picked":"SKIP","floor":21.0},{"not_picked":["Judgement","EmptyFist"],"picked":"Pray","floor":24.0},{"not_picked":["MentalFortress","BowlingBash","EmptyBody"],"picked":"SKIP","floor":27.0},{"not_picked":["FollowUp","PathToVictory","EmptyBody"],"picked":"SKIP","floor":28.0},{"not_picked":["ForeignInfluence","CutThroughFate","EmptyMind"],"picked":"SKIP","floor":31.0},{"not_picked":["Devotion","Blasphemy"],"picked":"Vault","floor":33.0},{"not_picked":["WaveOfTheHand","FollowUp"],"picked":"Wallop+1","floor":35.0},{"not_picked":["CrushJoints","FollowUp+1","BowlingBash+1"],"picked":"SKIP","floor":36.0},{"not_picked":["Swivel","Nirvana","SashWhip"],"picked":"SKIP","floor":38.0},{"not_picked":["ReachHeaven+1","Ragnarok","Halt"],"picked":"SKIP","floor":41.0},{"not_picked":["FlyingSleeves+1","Evaluate","WindmillStrike"],"picked":"SKIP","floor":42.0},{"not_picked":["Evaluate+1","JustLucky"],"picked":"Prostrate","floor":47.0},{"not_picked":["Conclude","BowlingBash"],"picked":"Swivel+1","floor":55.0}],"player_experience":2857160,"relics_obtained":[{"floor":6.0,"key":"PreservedInsect"},{"floor":7.0,"key":"Odd Mushroom"},{"floor":9.0,"key":"Whetstone"},{"floor":13.0,"key":"Art of War"},{"floor":24.0,"key":"HornCleat"},{"floor":26.0,"key":"Toy Ornithopter"},{"floor":27.0,"key":"Bottled Tornado"},{"floor":41.0,"key":"Oddly Smooth Stone"},{"floor":47.0,"key":"Regal Pillow"},{"floor":55.0,"key":"Ice Cream"}],"event_choices":[{"damage_healed":0.0,"max_hp_gain":0.0,"max_hp_loss":0.0,"gold_gain":275.0,"event_name":"Golden Shrine","player_choice":"Desecrate","floor":2.0,"gold_loss":0.0,"damage_taken":0.0,"cards_obtained":["Regret"]},{"damage_healed":0.0,"max_hp_gain":0.0,"max_hp_loss":0.0,"gold_gain":0.0,"event_name":"Mushrooms","player_choice":"Fought Mushrooms","floor":7.0,"gold_loss":0.0,"damage_taken":0.0},{"damage_healed":0.0,"max_hp_gain":0.0,"max_hp_loss":0.0,"gold_gain":0.0,"event_name":"Upgrade Shrine","player_choice":"Upgraded","floor":10.0,"gold_loss":0.0,"damage_taken":0.0,"cards_upgraded":["EmptyMind"]},{"damage_healed":0.0,"max_hp_gain":0.0,"max_hp_loss":0.0,"gold_gain":0.0,"event_name":"Vampires","player_choice":"Ignored","floor":19.0,"gold_loss":0.0,"damage_taken":0.0},{"cards_removed":["Defend_P"],"damage_healed":0.0,"max_hp_gain":0.0,"max_hp_loss":0.0,"gold_gain":0.0,"event_name":"Purifier","player_choice":"Purged","floor":20.0,"gold_loss":0.0,"damage_taken":0.0},{"damage_healed":0.0,"max_hp_gain":0.0,"max_hp_loss":0.0,"gold_gain":0.0,"event_name":"The Mausoleum","player_choice":"Ignored","floor":25.0,"gold_loss":0.0,"damage_taken":0.0},{"damage_healed":0.0,"max_hp_gain":0.0,"max_hp_loss":4.0,"gold_gain":0.0,"event_name":"Winding Halls","player_choice":"Max HP","floor":37.0,"gold_loss":0.0,"damage_taken":0.0},{"damage_healed":0.0,"max_hp_gain":0.0,"max_hp_loss":0.0,"gold_gain":0.0,"event_name":"Tomb of Lord Red Mask","player_choice":"Ignored","floor":45.0,"gold_loss":0.0,"damage_taken":0.0}],"is_beta":false,"boss_relics":[{"not_picked":["Ectoplasm","Runic Dome"],"picked":"SacredBark"},{"not_picked":["Velvet Choker","Black Star"],"picked":"Coffee Dripper"}],"items_purged_floors":[5,22,29,39,48],"is_endless":false,"potions_floor_spawned":[3,4,13,16,21,27,28,33,35,42,47,55],"killed_by":"The Heart","ascension_level":20}}