{"host":"bf9sa99gaumonoeu","time":1610254578,"event":{"mods":["AchievementEnabler","Act Like it!","BaseMod","Better Sensory Stone","Colored Map","Colored Powertips","Friendly Minions","Gensokyo","GifTheSpireLib","Googly Eyes","Hallownest","Hermit","Hubris","Jorbs\u0027s Wanderer Trilogy","KinomotoSakuraMod(????)","Koishi","Lobotomy","Marisa????????","Minty Spire (QoL Compilation)","Rare Cards Sparkle","Reimu??????","Relic Stats","Remilia??????","Replay The Spire","StSLib","The Administrix","The Alterego","The Animator","The Bug Knight","The Construct","The Cursed","The Disciple","The Hierophant","The Mystic","The Necromancer","The Poker Player","The Runesmith","The Senshi","The Servant 0.9.4","TheLocksmith","Yakumo Yukari mod","thorton"],"gold_per_floor":[25,75,75,89,49,49,77,2,28,41,84,84,34,58,58,159,209,224,255,255,165,198,198,240,240,240,240,258,275,275,320,320,420,420,459,489,503,137,63,63,96,110,110,128,12,12,30,61,61,69,69,69,14,50,50,50],"floor_reached":55,"playtime":7032,"items_purged":["animator:Strike","TheCursedMod:Dregs","animator:Defend"],"score":1312,"play_id":"d355205f-b3ad-44cd-b4f5-afeeeef8194f","local_time":"20210110025618","is_ascension_mode":true,"campfire_choices":[{"data":"animator:Biyorigo","floor":6.0,"key":"SMITH"},{"data":"animator:GuildGirl","floor":12,"key":"SMITH"},{"data":"animator:Yuuichirou","floor":15,"key":"SMITH"},{"data":"animator:Togame","floor":23,"key":"SMITH"},{"data":"animator:TukaLunaMarceau","floor":25,"key":"SMITH"},{"data":"animator:Emonzaemon","floor":27,"key":"SMITH"},{"data":"animator:UneriGinkaku","floor":30,"key":"SMITH"},{"data":"animator:Togame","floor":32,"key":"SMITH"},{"data":"animator:Eris","floor":40,"key":"SMITH"},{"data":"animator:Konayuki","floor":46,"key":"SMITH"},{"floor":49,"key":"RECALL"},{"data":"animator:Hitei","floor":52,"key":"SMITH"}],"circlet_count":0,"master_deck":["AscendersBane","animator:Strike_Katanagatari","animator:Defend_Katanagatari","animator:Strike+1","animator:Defend","animator:Defend","animator:Azekura+1","animator:Emonzaemon+1","animator:Biyorigo+1","animator:GuildGirl+1","animator:Yuuichirou+1","animator:Darkness","animator:ZankiKiguchi","animator:Mitsurugi","Parasite","animator:TukaLunaMarceau+1","animator:Togame+1","animator:Kyubey","animator:UneriGinkaku+1","stsjorbsmod:Procrastination","animator:Togame+1","Pot Of Greed","Pot Of Greed","animator:GuildGirl","Pot Of Greed","animator:Konayuki+1","animator:Konayuki+1","animator:Shichika","animator:Shimakaze","animator:Elesis","animator:Elesis","animator:Laby+1","animator:Curse_Rozen","animator:Hitei+1","animator:Hitei","Pot Of Greed"],"relics":["animator:LivingPicture","animator:TheMissingPiece","animator:PurgingStone","Ring of Misfortune","Ring of Greed","Membership Card","Blue Doll","PaintedHorse:ReiMu","Anchor","Bag of Marbles","Gremlin Horn","Tiny House","Akabeko","construct:FoamFinger","Grinning Jar","Philosopher\u0027s Stone","Sling","MealTicket","Art of War","animator:HeavyHalberd","ScarletDevilRocket"],"acts_visited":["Exordium","TheCity","TheBeyond","TheEnding"],"potions_floor_usage":[19,22,33,50,50,55],"damage_taken":[{"damage":0.0,"enemies":"2 Louse","floor":1.0,"turns":3.0},{"damage":9.0,"enemies":"Jaw Worm","floor":4.0,"turns":4.0},{"damage":0.0,"enemies":"Small Slimes","floor":7.0,"turns":4.0},{"damage":0,"enemies":"3 Louse","floor":10,"turns":4},{"damage":0,"enemies":"3 Sentries","floor":11,"turns":7},{"damage":0,"enemies":"Large Slime","floor":14,"turns":5},{"damage":0,"enemies":"Hexaghost","floor":16,"turns":9},{"damage":0,"enemies":"Chosen","floor":18,"turns":6},{"damage":1,"enemies":"2 Thieves","floor":19,"turns":4},{"damage":9,"enemies":"Snecko","floor":22,"turns":4},{"damage":3,"enemies":"Book of Stabbing","floor":24,"turns":5},{"damage":0,"enemies":"Snake Plant","floor":28,"turns":3},{"damage":0,"enemies":"Cultist and Chosen","floor":29,"turns":4},{"damage":2,"enemies":"animator:HornedBat","floor":31,"turns":7},{"damage":24,"enemies":"Collector","floor":33,"turns":10},{"damage":0,"enemies":"Orb Walker","floor":35,"turns":3},{"damage":0,"enemies":"3 Shapes","floor":36,"turns":5},{"damage":1,"enemies":"Writhing Mass","floor":37,"turns":5},{"damage":0,"enemies":"Giant Head","floor":41,"turns":5},{"damage":6,"enemies":"Sphere and 2 Shapes","floor":42,"turns":3},{"damage":6,"enemies":"Maw","floor":44,"turns":5},{"damage":6,"enemies":"Spire Growth","floor":47,"turns":3},{"damage":7,"enemies":"Sphere and 2 Shapes","floor":48,"turns":3},{"damage":23,"enemies":"Awakened One","floor":50,"turns":5},{"damage":33,"enemies":"Shield and Spear","floor":54,"turns":4},{"damage":48,"enemies":"The Heart","floor":55,"turns":3}],"seed_played":"-1281204939607891444","potions_obtained":[{"floor":1.0,"key":"ZuzhouPotion:ReiMu"},{"floor":4.0,"key":"Explosive Potion"},{"floor":11,"key":"Ancient Potion"},{"floor":17,"key":"SneckoOil"},{"floor":19,"key":"Fire Potion"},{"floor":28,"key":"GamblersBrew"},{"floor":33,"key":"Dexterity Potion"},{"floor":35,"key":"Swift Potion"}],"is_trial":false,"path_per_floor":["M","?","?","M","?","R","M","$","T","M","E","R","?","M","R","B",null,"M","M","?","?","M","R","E","R","T","R","M","M","R","E","R","B",null,"M","M","M","$","$","R","E","M","T","M","$","R","M","M","R","B",null,"R","$","E","B"],"character_chosen":"THE_ANIMATOR","items_purchased":["Anchor","Sling","animator:Shimakaze","animator:Elesis","MealTicket","Art of War","animator:Laby+1","CultistPotion","Elixir","GamblersBrew"],"campfire_rested":0,"item_purchase_floors":[8,38,38,38,38,38,39,45,53,53],"current_hp_per_floor":[59,59,59,50,50,50,50,50,50,51,51,51,51,51,51,51,68,68,67,67,67,58,58,55,55,55,55,56,56,56,54,54,30,62,65,68,72,72,75,75,75,75,75,75,75,75,75,74,74,51,69,69,75,48,0,0],"gold":50,"neow_bonus":"THREE_RARE_CARDS","is_daily":false,"chose_seed":false,"campfire_upgraded":11,"win_rate":0.0,"timestamp":1610254578,"path_taken":["M","?","?","M","?","R","M","$","T","M","E","R","?","M","R","BOSS","M","M","?","?","M","R","E","R","T","R","M","M","R","E","R","BOSS","M","M","M","?","$","R","E","M","T","M","$","R","?","M","R","BOSS","R","$","E","BOSS"],"items_purchased_type":["Relic","Relic","Card","Card","Relic","Relic","Card","Potion","Potion","Potion"],"build_version":"2020-12-22","purchased_purges":3,"victory":false,"max_hp_per_floor":[66,66,66,66,66,66,66,66,66,67,67,67,67,67,67,67,72,72,72,72,72,72,72,72,72,72,72,73,73,73,73,73,73,73,73,73,75,75,75,75,75,75,75,75,75,75,75,75,75,75,75,75,75,75,75,75],"relic_stats":{"Gremlin Horn":[21,21],"counters":[26,123],"MealTicket":9,"Art of War":[0],"obtain_stats":[{"Tiny House":17,"construct:FoamFinger":26,"ScarletDevilRocket":54,"Gremlin Horn":11,"animator:TheMissingPiece":0,"Blue Doll":2,"Ring of Greed":2,"Sling":38,"Akabeko":24,"Anchor":8,"animator:PurgingStone":0,"PaintedHorse:ReiMu":5,"Ring of Misfortune":2,"Philosopher\u0027s Stone":34,"MealTicket":38,"animator:LivingPicture":0,"Bag of Marbles":9,"Art of War":38,"Membership Card":2,"animator:HeavyHalberd":41,"Grinning Jar":31},{"Tiny House":7,"construct:FoamFinger":11,"ScarletDevilRocket":25,"Gremlin Horn":5,"animator:TheMissingPiece":0,"Blue Doll":1,"Ring of Greed":1,"Sling":18,"Akabeko":11,"Anchor":3,"animator:PurgingStone":0,"PaintedHorse:ReiMu":2,"Ring of Misfortune":1,"Philosopher\u0027s Stone":15,"MealTicket":18,"animator:LivingPicture":0,"Bag of Marbles":3,"Art of War":18,"Membership Card":1,"animator:HeavyHalberd":19,"Grinning Jar":14},{"Tiny House":36,"construct:FoamFinger":55,"ScarletDevilRocket":120,"Gremlin Horn":22,"animator:TheMissingPiece":0,"Blue Doll":3,"Ring of Greed":3,"Sling":92,"Akabeko":55,"Anchor":11,"animator:PurgingStone":0,"PaintedHorse:ReiMu":7,"Ring of Misfortune":3,"Philosopher\u0027s Stone":79,"MealTicket":92,"animator:LivingPicture":0,"Bag of Marbles":11,"Art of War":92,"Membership Card":3,"animator:HeavyHalberd":97,"Grinning Jar":69}]},"card_choices":[{"not_picked":["animator:FeridBathory","animator:ChaikaTrabant"],"picked":"animator:Biyorigo","floor":0.0},{"not_picked":["animator:Togame","animator:Megumin"],"picked":"animator:GuildGirl","floor":1.0},{"not_picked":["animator:DwarfShaman","animator:Yoichi"],"picked":"animator:Yuuichirou","floor":4.0},{"not_picked":["animator:Illya","animator:DwarfShaman"],"picked":"animator:Darkness","floor":7.0},{"not_picked":["animator:Emonzaemon","animator:Konayuki"],"picked":"animator:ZankiKiguchi","floor":10},{"not_picked":["animator:ChaikaTrabant","animator:Illya","animator:HiiragiShinya"],"picked":"SKIP","floor":11},{"not_picked":["animator:ZankiKiguchi","animator:OrikoMikuni","animator:Konayuki"],"picked":"SKIP","floor":14},{"not_picked":["animator:Viivi","animator:Tyuule"],"picked":"animator:Mitsurugi","floor":17},{"not_picked":["animator:Berserker","animator:Lancer","animator:NagisaMomoe"],"picked":"SKIP","floor":18},{"not_picked":["animator:YaoHaDucy","animator:RoryMercury"],"picked":"animator:TukaLunaMarceau","floor":19},{"not_picked":["animator:Laby","animator:UneriGinkaku"],"picked":"animator:Togame","floor":22},{"not_picked":["animator:Rider","animator:Ara"],"picked":"animator:Kyubey","floor":24},{"not_picked":["animator:RinTohsaka+1","animator:Shinoa"],"picked":"animator:UneriGinkaku","floor":28},{"not_picked":["animator:ZankiKiguchi","animator:Azekura"],"picked":"animator:Togame","floor":29},{"not_picked":["animator:Shinoa","animator:Konayuki"],"picked":"animator:GuildGirl","floor":31},{"not_picked":["animator:ItamiYouji","animator:Wiz"],"picked":"animator:Eris","floor":33},{"not_picked":["animator:Mikaela","animator:Shinoa"],"picked":"animator:Konayuki+1","floor":35},{"not_picked":["animator:ZankiKiguchi","animator:Ciel+1"],"picked":"animator:Konayuki","floor":36},{"not_picked":["animator:UneriGinkaku","animator:ZankiKiguchi"],"picked":"animator:Shichika","floor":37},{"not_picked":["animator:Kuribayashi","animator:RinTohsaka","animator:Biyorigo"],"picked":"SKIP","floor":41},{"not_picked":["animator:GuildGirl","animator:Ara","animator:Rena"],"picked":"SKIP","floor":42},{"not_picked":["animator:Mikaela","animator:LeleiLaLalena","animator:Nanami+1"],"picked":"SKIP","floor":44},{"not_picked":["animator:TukaLunaMarceau+1","animator:YuiTsuruno"],"picked":"animator:Hitei","floor":48},{"not_picked":["animator:Konayuki","animator:SakuraMatou+1"],"picked":"animator:Hitei","floor":54}],"player_experience":872261,"relics_obtained":[{"floor":2.0,"key":"Ring of Misfortune"},{"floor":2.0,"key":"Ring of Greed"},{"floor":2.0,"key":"Membership Card"},{"floor":2.0,"key":"Blue Doll"},{"floor":9.0,"key":"Bag of Marbles"},{"floor":11,"key":"Gremlin Horn"},{"floor":24,"key":"Akabeko"},{"floor":26,"key":"construct:FoamFinger"},{"floor":31,"key":"Grinning Jar"},{"floor":41,"key":"animator:HeavyHalberd"},{"floor":54,"key":"ScarletDevilRocket"}],"event_choices":[{"damage_healed":0.0,"max_hp_gain":0.0,"max_hp_loss":0.0,"gold_gain":0.0,"event_name":"Golden Idol","player_choice":"Ignored","floor":3.0,"gold_loss":0.0,"damage_taken":0.0},{"damage_healed":0.0,"max_hp_gain":0.0,"max_hp_loss":0.0,"gold_gain":0.0,"event_name":"yidonshenshe","player_choice":"Donate","floor":5.0,"gold_loss":40.0,"damage_taken":0.0,"relics_obtained":["PaintedHorse:ReiMu"]},{"cards_removed":["animator:Strike"],"damage_healed":0,"gold_gain":0,"player_choice":"Card Removal","damage_taken":0,"max_hp_gain":0,"max_hp_loss":0,"event_name":"The Cleric","floor":13,"gold_loss":50},{"cards_removed":["SwitchConfidence"],"damage_healed":0,"gold_gain":0,"player_choice":"Removed","damage_taken":0,"max_hp_gain":0,"max_hp_loss":0,"event_name":"The Cursed Forest","floor":20,"gold_loss":0},{"cards_removed":["Amnesia"],"damage_healed":0,"gold_gain":0,"player_choice":"Removed","damage_taken":0,"max_hp_gain":0,"max_hp_loss":0,"event_name":"The Cursed Forest","floor":20,"gold_loss":0},{"cards_removed":["stsjorbsmod:Amnesia"],"damage_healed":0,"gold_gain":0,"player_choice":"Upgrade and Remove","damage_taken":0,"max_hp_gain":0,"max_hp_loss":0,"event_name":"Designer","floor":21,"gold_loss":90,"cards_upgraded":["animator:Strike"]}],"is_beta":false,"boss_relics":[{"not_picked":["thethorton:GreedFountain","Replay:Drink Me"],"picked":"Tiny House"},{"not_picked":["Calling Bell","construct:ClawGrip"],"picked":"Philosopher\u0027s Stone"}],"items_purged_floors":[38,39,45],"is_endless":false,"potions_floor_spawned":[1,4,11,19,28,33,35,41,42,44],"killed_by":"The Heart","ascension_level":12}}