{"host":"rwomhe7k24zy6c7l","time":1610257273,"event":{"mods":["Act Like it!","BaseMod","Colored Powertips","Conspire","Gensokyo","Luminous","Minty Spire (QoL Compilation)","RumiaBox-露米娅的神秘盒子","StSLib","The Bug Knight","Waifu the Spire","WarShipGirlsR/战舰少女R mod"],"gold_per_floor":[117,117,127,176,276,310,310,329,329,329,354,389,389,402,402,500,500,517,532,193,231,231,283,283,198,223,223,288,288,358,26,26,150,150,170,180,2,2,2,2,52,52,52,83,83,95,27,27,27],"floor_reached":48,"playtime":3803,"items_purged":["rmod:combined","rmod:fletcher"],"score":509,"play_id":"e80dffbc-d450-42b9-8b52-a8a9f9d68018","local_time":"20210110134112","is_ascension_mode":false,"campfire_choices":[{"data":"rmod:basicallowance","floor":7.0,"key":"SMITH"},{"data":"rmod:chargemoney","floor":13.0,"key":"SMITH"},{"floor":15.0,"key":"REST"},{"data":"rmod:abidefaith","floor":24.0,"key":"SMITH"},{"data":"HandOfGreed","floor":29.0,"key":"SMITH"},{"floor":32.0,"key":"REST"},{"data":"rmod:expedition","floor":40.0,"key":"SMITH"},{"data":"rmod:expedition+1","floor":42.0,"key":"SMITH"},{"floor":45,"key":"REST"}],"circlet_count":0,"master_deck":["rmod:strick","rmod:strick","rmod:strick","rmod:strick","rmod:defend","rmod:defend+1","rmod:defend","rmod:defend+1","rmod:basicallowance+1","rmod:maingunfire","rmod:diaomin+1","rmod:chargemoney+1","rmod:fletcherpendant","rmod:abidefaith+1","HandOfGreed+1","rmod:expedition+2","rmod:acesubmarine","rmod:mineteam+1","rmod:steelsupply+1","rmod:desperatesituation+1","rmod:unsinkable+1","rmod:victimresponsibility+1","rmod:wife+1","rmod:desperatesituation","rmod:secretscript","rmod:smokecover+1","rmod:advancebysurprise+1"],"relics":["Ccalipers","Toxic Egg 2","Boot","Matryoshka","PreservedInsect","Lantern","rmod:extraamm","Orichalcum","Centennial Puzzle","rmod:mogul","War Paint","Mummified Hand","Omamori","conspire:TreasureMap","Astrolabe","Sundial","conspire:Boomerang","Ornamental Fan","Tiny Chest"],"acts_visited":["Exordium","TheCity","TheBeyond"],"potions_floor_usage":[],"damage_taken":[{"damage":0.0,"enemies":"2 Louse","floor":1.0,"turns":4.0},{"damage":1.0,"enemies":"Jaw Worm","floor":3.0,"turns":4.0},{"damage":17.0,"enemies":"HollowMod:MossKnight","floor":6.0,"turns":7.0},{"damage":8.0,"enemies":"conspire:RoseBush","floor":8.0,"turns":2.0},{"damage":7.0,"enemies":"Lagavulin","floor":12.0,"turns":5.0},{"damage":16.0,"enemies":"conspire:2 RoseBushes","floor":14.0,"turns":2.0},{"damage":7.0,"enemies":"Hexaghost","floor":16.0,"turns":9.0},{"damage":0.0,"enemies":"Chosen","floor":18.0,"turns":6.0},{"damage":9.0,"enemies":"3 Byrds","floor":19.0,"turns":6.0},{"damage":19.0,"enemies":"conspire:HollyBat","floor":21.0,"turns":9.0},{"damage":8.0,"enemies":"conspire:Head Lice","floor":23.0,"turns":7.0},{"damage":17.0,"enemies":"Sentry and Sphere","floor":28.0,"turns":7.0},{"damage":9.0,"enemies":"3 Cultists","floor":30.0,"turns":9.0},{"damage":62.0,"enemies":"Collector","floor":33.0,"turns":19.0},{"damage":17.0,"enemies":"3 Darklings","floor":35.0,"turns":13.0},{"damage":3.0,"enemies":"Orb Walker","floor":36.0,"turns":4.0},{"damage":3.0,"enemies":"Mind Bloom Boss Battle","floor":41.0,"turns":6.0},{"damage":47,"enemies":"Nemesis","floor":44,"turns":8},{"damage":25,"enemies":"Transient","floor":46,"turns":5},{"damage":1,"enemies":"3 Darklings","floor":48,"turns":2}],"seed_played":"-328712309201835776","potions_obtained":[{"floor":1.0,"key":"Weak Potion"},{"floor":8.0,"key":"Weak Potion"},{"floor":12.0,"key":"Dexterity Potion"},{"floor":16.0,"key":"SteroidPotion"},{"floor":18.0,"key":"FearPotion"},{"floor":21.0,"key":"conspire:TimeTravelPotion"},{"floor":33.0,"key":"AttackPotion"},{"floor":35.0,"key":"AttackPotion"},{"floor":36.0,"key":"ColorlessPotion"},{"floor":46,"key":"SteroidPotion"}],"is_trial":false,"path_per_floor":["M","?","M","T","?","E","R","M","T","?","T","E","R","M","R","B",null,"M","M","$","M","$","E","R","?","T","?","M","R","M","$","R","B",null,"M","M","$","?","T","R","?","R","T","E","R","M","$","M"],"character_chosen":"PRAEFECT","items_purchased":["HandOfGreed","rmod:goodsister","conspire:TreasureMap","rmod:fletcherpendant","Regen Potion","Energy Potion","rmod:wife+1","rmod:advancebysurprise+1"],"campfire_rested":3,"item_purchase_floors":[20,20,31,31,31,31,37,47],"current_hp_per_floor":[75,63,62,62,62,45,45,37,37,37,37,30,30,14,36,29,75,75,66,66,47,47,39,39,39,39,39,35,35,26,26,48,1,75,58,55,55,55,55,55,52,52,52,5,26,1,1,0,0],"gold":27,"neow_bonus":"RANDOM_COMMON_RELIC","is_daily":false,"chose_seed":false,"campfire_upgraded":6,"win_rate":0.0,"timestamp":1610257272,"path_taken":["M","?","M","?","?","E","R","?","T","?","?","E","R","M","R","BOSS","M","M","$","M","$","E","R","?","T","?","M","R","M","$","R","BOSS","M","M","$","?","?","R","?","R","T","E","R","M","$","M"],"items_purchased_type":["Card","Card","Relic","Card","Potion","Potion","Card","Card"],"build_version":"2020-12-22","purchased_purges":2,"victory":false,"max_hp_per_floor":[75,75,75,75,75,75,75,75,75,75,75,75,75,75,75,75,75,75,75,75,75,75,75,75,75,75,75,75,75,75,75,75,75,75,75,75,75,71,71,71,71,71,71,71,71,71,71,71,71],"card_choices":[{"not_picked":["rmod:heivgo","rmod:steelsupply"],"picked":"rmod:combined","floor":1.0},{"not_picked":["rmod:goodsister","rmod:ammunitionsupply+1"],"picked":"rmod:diaomin+1","floor":3.0},{"not_picked":["rmod:heivgo+1","rmod:sl+1","rmod:ridicule+1"],"picked":"SKIP","floor":6.0},{"not_picked":["rmod:smokecover+1","rmod:lonelyqueen+1"],"picked":"rmod:fletcherpendant","floor":8.0},{"not_picked":["rmod:aluminumsupply+1","rmod:goodsister"],"picked":"rmod:chargemoney","floor":12.0},{"not_picked":["rmod:overbreakdown+1","rmod:openingtorpedo"],"picked":"rmod:fletcherpendant","floor":14.0},{"not_picked":["rmod:secretscript","rmod:supriseattacks+1"],"picked":"rmod:abidefaith","floor":16.0},{"not_picked":["rmod:capitalist+1","rmod:aviationdawn+1","rmod:firesupport+1"],"picked":"SKIP","floor":18.0},{"not_picked":["rmod:aluminumsupply+1","rmod:wolves+1","rmod:ammunitionsupply+1"],"picked":"SKIP","floor":19.0},{"not_picked":["rmod:fuelsupply+1","rmod:punchline+1","rmod:combined"],"picked":"SKIP","floor":21.0},{"not_picked":["rmod:overbreakdown+1","rmod:fuelsupply+1"],"picked":"rmod:expedition","floor":23.0},{"not_picked":["rmod:guardianhero+1","rmod:aluminumsupply+1","rmod:diaomin+1"],"picked":"SKIP","floor":28.0},{"not_picked":["rmod:aviationdawn+1","rmod:lonelyqueen+1"],"picked":"rmod:fletcher","floor":30.0},{"not_picked":["rmod:saltedfish+1","rmod:seals"],"picked":"rmod:acesubmarine","floor":33.0},{"not_picked":["rmod:supportescort+1","rmod:steelsupply+1"],"picked":"rmod:unsinkable+1","floor":35.0},{"not_picked":["rmod:steelsupply+1","rmod:diamondstrike"],"picked":"rmod:victimresponsibility+1","floor":36.0},{"not_picked":["rmod:wolves+1","rmod:ammunitionsupply+1"],"picked":"rmod:desperatesituation","floor":41.0},{"not_picked":["rmod:supportescort+1","rmod:spoils+1"],"picked":"rmod:secretscript","floor":44},{"not_picked":["rmod:expedition","rmod:circuitoustactics+1"],"picked":"rmod:smokecover+1","floor":46}],"player_experience":125479,"relics_obtained":[{"floor":4.0,"key":"Boot"},{"floor":6.0,"key":"Matryoshka"},{"floor":9.0,"key":"PreservedInsect"},{"floor":9.0,"key":"Lantern"},{"floor":11.0,"key":"rmod:extraamm"},{"floor":11.0,"key":"Orichalcum"},{"floor":12.0,"key":"Centennial Puzzle"},{"floor":23.0,"key":"War Paint"},{"floor":26.0,"key":"Omamori"},{"floor":39.0,"key":"Sundial"},{"floor":41.0,"key":"conspire:Boomerang"},{"floor":43.0,"key":"Ornamental Fan"},{"floor":44,"key":"Tiny Chest"}],"event_choices":[{"damage_healed":0.0,"max_hp_gain":0.0,"max_hp_loss":0.0,"gold_gain":0.0,"event_name":"Scrap Ooze","player_choice":"Success","floor":2.0,"gold_loss":0.0,"damage_taken":12.0,"relics_obtained":["Toxic Egg 2"]},{"damage_healed":0.0,"max_hp_gain":0.0,"max_hp_loss":0.0,"gold_gain":100.0,"event_name":"Wheel of Change","player_choice":"Gold","floor":5.0,"gold_loss":0.0,"damage_taken":0.0},{"damage_healed":0.0,"max_hp_gain":0.0,"max_hp_loss":0.0,"gold_gain":0.0,"event_name":"conspire:Investor","player_choice":"Leave","floor":10.0,"gold_loss":0.0,"damage_taken":0.0},{"damage_healed":0.0,"max_hp_gain":0.0,"max_hp_loss":0.0,"gold_gain":0.0,"event_name":"Addict","player_choice":"Obtained Relic","floor":25.0,"gold_loss":85.0,"damage_taken":0.0,"relics_obtained":["Mummified Hand"]},{"damage_healed":0.0,"max_hp_gain":0.0,"max_hp_loss":0.0,"gold_gain":0.0,"event_name":"Vampires","player_choice":"Ignored","floor":27.0,"gold_loss":0.0,"damage_taken":0.0},{"damage_healed":0.0,"max_hp_gain":0.0,"max_hp_loss":4.0,"gold_gain":0.0,"event_name":"Winding Halls","player_choice":"Max HP","floor":38.0,"gold_loss":0.0,"damage_taken":0.0},{"damage_healed":0.0,"max_hp_gain":0.0,"max_hp_loss":0.0,"gold_gain":0.0,"event_name":"MindBloom","player_choice":"Fight","floor":41.0,"gold_loss":0.0,"damage_taken":0.0}],"is_beta":false,"boss_relics":[{"not_picked":["Fusion Hammer","Velvet Choker"],"picked":"rmod:mogul"},{"not_picked":["Calling Bell","Tiny House"],"picked":"Astrolabe"}],"items_purged_floors":[20,37],"is_endless":false,"potions_floor_spawned":[1,8,12,16,18,21,33,35,36,46],"killed_by":"3 Darklings","ascension_level":0}}