{"host":"jm9833yuloeli2yd","time":1610300878,"event":{"mods":["BaseMod","Better Altar","Better Match","Better Note","Better Sensory Stone","Better Skull","Better Third Choice","Better Vampires","BetterRewards","Colored Map","Colored Powertips","DeckTracker","Minty Spire (QoL Compilation)","Permanent Neow","Quick Restart","Slay-I","StSLib","SuperFastMode"],"gold_per_floor":[114,68,83,98,23,53,53,53,53],"floor_reached":8,"playtime":167,"items_purged":[],"score":81,"play_id":"2ebd63a4-507b-4931-a697-f5c09eff9467","local_time":"20210110124758","daily_mods":["Specialized","Diverse","Night Terrors"],"is_ascension_mode":false,"campfire_choices":[{"data":"Finisher","floor":7,"key":"SMITH"}],"circlet_count":0,"master_deck":["Strike_P","Strike_P","Strike_P","Strike_P","Defend_P","Defend_P","Defend_P","Defend_P","Eruption","Vigilance","Accuracy","Accuracy","Accuracy","Accuracy","Accuracy","Finisher+1","Anger","Footwork","Conserve Battery","Trip+1","Biased Cognition"],"relics":["PureWater","Mummified Hand"],"acts_visited":["Exordium"],"potions_floor_usage":[],"damage_taken":[{"damage":0,"enemies":"2 Louse","floor":1,"turns":2},{"damage":9,"enemies":"Cultist","floor":3,"turns":5},{"damage":0,"enemies":"Small Slimes","floor":4,"turns":3},{"damage":49,"enemies":"Lagavulin","floor":6,"turns":7},{"damage":14,"enemies":"Gremlin Nob","floor":8,"turns":2}],"seed_played":"-956745095108410897","potions_obtained":[{"floor":1,"key":"Dexterity Potion"},{"floor":4,"key":"Explosive Potion"}],"is_trial":false,"path_per_floor":["M","$","M","M","?","E","R","E"],"character_chosen":"WATCHER","items_purchased":["Anger"],"campfire_rested":0,"item_purchase_floors":[2],"current_hp_per_floor":[72,72,63,63,63,14,14,0,0],"gold":53,"neow_bonus":"","is_daily":true,"chose_seed":false,"campfire_upgraded":1,"win_rate":0.0,"timestamp":1610300878,"path_taken":["M","$","M","M","?","E","R","E"],"items_purchased_type":["Card"],"build_version":"2020-12-22","purchased_purges":0,"victory":false,"max_hp_per_floor":[72,72,72,72,72,72,72,72,72],"card_choices":[{"not_picked":["Flechettes","Clothesline"],"picked":"Finisher","floor":1},{"not_picked":["Bane","Perfected Strike"],"picked":"Footwork","floor":3},{"not_picked":["Halt","Wild Strike"],"picked":"Conserve Battery","floor":4},{"not_picked":["Enlightenment+1","Dark Shackles+1"],"picked":"Trip+1","floor":5},{"not_picked":["Expertise","Hemokinesis"],"picked":"Biased Cognition","floor":6}],"player_experience":1302802,"relics_obtained":[{"floor":6,"key":"Mummified Hand"}],"event_choices":[{"damage_healed":0,"gold_gain":0,"player_choice":"2","damage_taken":0,"max_hp_gain":0,"max_hp_loss":0,"event_name":"betterMatch:BetterMatch","floor":5,"gold_loss":0,"cards_obtained":["betterMatch:ColorlessUncommonCard"]}],"is_beta":false,"boss_relics":[],"items_purged_floors":[],"is_endless":false,"potions_floor_spawned":[1,4],"killed_by":"Gremlin Nob","ascension_level":0}}