{"host":"q8niu1x2pgv94o1d","time":1610308156,"event":{"mods":["AchievementEnabler","BaseMod","Colored Map","Colored Powertips","Minty Spire (QoL Compilation)","StSLib"],"gold_per_floor":[119,119,7,23,23,23,53,53,53,53,70,99,99,99,99,194,194,208,218,218,236,236,268,286,31,54,85,97,97,196,213,213,312,312,323,323,323,333,256,281,281,281,305,305,330,330,341,92,92,92],"floor_reached":51,"playtime":4139,"items_purged":["Pain"],"score":759,"play_id":"0b2882e1-d4a9-4359-9a96-efae3e04bbe7","local_time":"20210110204916","is_ascension_mode":true,"campfire_choices":[{"data":"Genetic Algorithm","floor":6,"key":"SMITH"},{"data":"Lockon","floor":8,"key":"SMITH"},{"data":"Darkness","floor":10,"key":"SMITH"},{"data":"Fusion","floor":15,"key":"SMITH"},{"data":"Chill","floor":29,"key":"SMITH"},{"data":"Biased Cognition","floor":32,"key":"SMITH"},{"data":"Darkness","floor":42,"key":"SMITH"},{"data":"Steam Power","floor":44,"key":"SMITH"},{"data":"Coolheaded","floor":46,"key":"SMITH"},{"data":"Buffer","floor":49,"key":"SMITH"}],"circlet_count":0,"master_deck":["Dualcast","Genetic Algorithm+1","Darkness+1","Lockon+1","Fusion+1","Coolheaded+1","Echo Form","Turbo","Stack","Darkness+1","Biased Cognition+1","Conserve Battery","Steam Power+1","Hyperbeam","Melter","Cold Snap","Double Energy","Loop+1","Auto Shields+1","Flash of Steel","Chill+1","Compile Driver","FTL","Hologram+1","Coolheaded+1","Buffer+1"],"relics":["Cracked Core","Pen Nib","Centennial Puzzle","The Courier","Nunchaku","Orichalcum","Pandora\u0027s Box","WarpedTongs","Bag of Preparation","Orrery","Happy Flower","Bronze Scales","Nuclear Battery","Letter Opener","CeramicFish","Bottled Tornado"],"acts_visited":["Exordium","TheCity","TheBeyond"],"potions_floor_usage":[12,23,33,41,50,50],"damage_taken":[{"damage":7,"enemies":"2 Louse","floor":1,"turns":3},{"damage":8,"enemies":"Jaw Worm","floor":4,"turns":4},{"damage":3,"enemies":"Lagavulin","floor":7,"turns":5},{"damage":0,"enemies":"Small Slimes","floor":11,"turns":3},{"damage":0,"enemies":"Gremlin Nob","floor":12,"turns":2},{"damage":26,"enemies":"The Guardian","floor":16,"turns":8},{"damage":0,"enemies":"Shell Parasite","floor":18,"turns":4},{"damage":4,"enemies":"Chosen","floor":19,"turns":4},{"damage":13,"enemies":"Snake Plant","floor":21,"turns":4},{"damage":23,"enemies":"Slavers","floor":23,"turns":3},{"damage":5,"enemies":"Snecko","floor":24,"turns":4},{"damage":3,"enemies":"Book of Stabbing","floor":27,"turns":5},{"damage":2,"enemies":"Centurion and Healer","floor":28,"turns":4},{"damage":2,"enemies":"Sentry and Sphere","floor":31,"turns":3},{"damage":37,"enemies":"Champ","floor":33,"turns":7},{"damage":0,"enemies":"Orb Walker","floor":35,"turns":4},{"damage":1,"enemies":"3 Darklings","floor":38,"turns":3},{"damage":9,"enemies":"Nemesis","floor":40,"turns":5},{"damage":0,"enemies":"Writhing Mass","floor":41,"turns":1},{"damage":0,"enemies":"Sphere and 2 Shapes","floor":45,"turns":2},{"damage":0,"enemies":"Maw","floor":47,"turns":4},{"damage":7,"enemies":"Time Eater","floor":50,"turns":5}],"seed_played":"-184085540949776428","potions_obtained":[{"floor":4,"key":"Fire Potion"},{"floor":7,"key":"FocusPotion"},{"floor":11,"key":"Block Potion"},{"floor":18,"key":"DuplicationPotion"},{"floor":28,"key":"Ancient Potion"},{"floor":45,"key":"LiquidMemories"}],"is_trial":false,"path_per_floor":["M","?","$","M","$","R","E","R","T","R","M","E","?","$","R","B",null,"M","M","?","M","?","E","M","$","T","E","M","R","?","M","R","B",null,"M","?","?","M","$","E","M","R","T","R","M","R","M","$","R","B",null],"character_chosen":"DEFECT","items_purchased":["Self Repair","Genetic Algorithm","Orrery","Flash of Steel","SmokeBomb","Bottled Tornado","Buffer"],"campfire_rested":0,"item_purchase_floors":[3,3,25,25,39,48,48],"current_hp_per_floor":[68,53,53,52,52,52,56,56,56,56,63,63,60,60,60,41,75,75,75,75,75,75,52,47,47,47,51,56,56,56,61,61,34,75,75,71,71,70,70,61,61,61,61,61,61,61,61,61,61,54],"gold":92,"neow_bonus":"RANDOM_COMMON_RELIC","is_daily":false,"chose_seed":false,"campfire_upgraded":10,"win_rate":0.0,"timestamp":1610308156,"path_taken":["M","?","?","M","?","R","E","R","T","R","M","E","?","$","R","BOSS","M","M","?","M","?","E","?","$","T","E","M","R","?","M","R","BOSS","M","?","?","M","$","E","M","R","T","R","M","R","M","$","R","BOSS"],"items_purchased_type":["Card","Card","Relic","Card","Potion","Relic","Card"],"build_version":"2020-12-22","purchased_purges":1,"victory":true,"max_hp_per_floor":[75,75,75,75,75,75,75,75,75,75,75,75,75,75,75,75,75,75,75,75,75,75,75,75,75,75,75,75,75,75,75,75,75,75,75,71,71,71,71,71,71,71,71,71,71,71,71,71,71,71],"card_choices":[{"not_picked":["Steam","Tempest","Leap"],"picked":"SKIP","floor":1},{"not_picked":["Turbo","Redo"],"picked":"Darkness","floor":4},{"not_picked":["Consume","Turbo"],"picked":"Lockon","floor":7},{"not_picked":["Compile Driver","Cold Snap"],"picked":"Fusion","floor":11},{"not_picked":["Sweeping Beam","Hologram"],"picked":"Coolheaded","floor":12},{"not_picked":["Thunder Strike","Hyperbeam"],"picked":"Echo Form","floor":16},{"not_picked":["Turbo","Hello World+1","Rebound"],"picked":"SKIP","floor":18},{"not_picked":["Scrape","Melter","Storm"],"picked":"SKIP","floor":19},{"not_picked":["Sweeping Beam","Beam Cell"],"picked":"Cold Snap","floor":21},{"not_picked":["Chaos","Doom and Gloom"],"picked":"Double Energy","floor":23},{"not_picked":["Sunder","Gash","Ball Lightning"],"picked":"SKIP","floor":24},{"not_picked":["Turbo+1","Steam Power+1"],"picked":"Loop+1","floor":25},{"not_picked":["Streamline","Compile Driver"],"picked":"Auto Shields+1","floor":25},{"not_picked":["Self Repair+1","Barrage+1","Gash"],"picked":"SKIP","floor":27},{"not_picked":["Genetic Algorithm","Compile Driver"],"picked":"Chill","floor":28},{"not_picked":["Auto Shields","Stack"],"picked":"Compile Driver","floor":31},{"not_picked":["Chaos","Compile Driver"],"picked":"FTL","floor":35},{"not_picked":["Go for the Eyes","Double Energy+1"],"picked":"Hologram+1","floor":38},{"not_picked":["Compile Driver+1","Steam+1","Streamline+1"],"picked":"SKIP","floor":40},{"not_picked":["Sunder+1","Gash+1"],"picked":"Coolheaded+1","floor":45},{"not_picked":["Tempest+1","Hologram","Beam Cell"],"picked":"SKIP","floor":47}],"player_experience":1787433,"relics_obtained":[{"floor":7,"key":"Centennial Puzzle"},{"floor":9,"key":"The Courier"},{"floor":12,"key":"Nunchaku"},{"floor":23,"key":"Bag of Preparation"},{"floor":26,"key":"Happy Flower"},{"floor":27,"key":"Bronze Scales"},{"floor":40,"key":"Letter Opener"},{"floor":43,"key":"CeramicFish"}],"event_choices":[{"damage_healed":0,"gold_gain":0,"player_choice":"Entered Light","damage_taken":15,"max_hp_gain":0,"max_hp_loss":0,"event_name":"Shining Light","floor":2,"gold_loss":0,"cards_upgraded":["Strike_B","Strike_B"]},{"damage_healed":0,"gold_gain":0,"player_choice":"Success","damage_taken":3,"relics_obtained":["Orichalcum"],"max_hp_gain":0,"max_hp_loss":0,"event_name":"Scrap Ooze","floor":13,"gold_loss":0},{"cards_removed":["Zap"],"damage_healed":0,"gold_gain":0,"player_choice":"Elegance","damage_taken":0,"max_hp_gain":0,"max_hp_loss":0,"event_name":"Back to Basics","floor":20,"gold_loss":0},{"damage_healed":0,"gold_gain":0,"player_choice":"Rummage","damage_taken":0,"relics_obtained":["WarpedTongs"],"max_hp_gain":0,"max_hp_loss":0,"event_name":"Accursed Blacksmith","floor":22,"gold_loss":0,"cards_obtained":["Pain"]},{"damage_healed":0,"gold_gain":99,"player_choice":"Stole From Cult","damage_taken":0,"max_hp_gain":0,"max_hp_loss":0,"event_name":"Nest","floor":30,"gold_loss":0},{"damage_healed":0,"gold_gain":0,"player_choice":"Max HP","damage_taken":0,"max_hp_gain":0,"max_hp_loss":4,"event_name":"Winding Halls","floor":36,"gold_loss":0},{"cards_removed":["Self Repair"],"damage_healed":0,"gold_gain":0,"player_choice":"Removed Power","damage_taken":0,"max_hp_gain":0,"max_hp_loss":0,"event_name":"Falling","floor":37,"gold_loss":0}],"is_beta":false,"boss_relics":[{"not_picked":["Ectoplasm","Snecko Eye"],"picked":"Pandora\u0027s Box"},{"not_picked":["Sozu","Runic Dome"],"picked":"Nuclear Battery"}],"items_purged_floors":[25],"is_endless":false,"potions_floor_spawned":[4,7,11,18,19,28,31,45,47],"ascension_level":1}}