{"host":"5x08nt64u3vxxcfi","time":1610266471,"event":{"mods":["BaseMod","Minty Spire (QoL Compilation)","StSLib","SuperFastMode"],"gold_per_floor":[115,30,30,41,51,84,84,84,84,116,116,291,291,311,311,415,415,435,447,134,154,154,154,154,154],"floor_reached":24,"playtime":655,"items_purged":["Doubt"],"score":306,"play_id":"294f5442-ced7-465a-9ac1-d15dbc62f482","local_time":"20210110171431","is_ascension_mode":true,"campfire_choices":[{"data":"Neutralize","floor":7.0,"key":"SMITH"},{"data":"Catalyst","floor":13.0,"key":"SMITH"},{"data":"Footwork","floor":15.0,"key":"SMITH"},{"data":"Infinite Blades","floor":23,"key":"SMITH"}],"circlet_count":0,"master_deck":["AscendersBane","Strike_G","Strike_G","Strike_G","Defend_G","Defend_G","Defend_G","Defend_G","Defend_G","Survivor","Neutralize","Reflex","Deadly Poison","Acrobatics","Sucker Punch","Caltrops","Blur","Neutralize+1","Infinite Blades+1","Footwork+1","Underhanded Strike","Catalyst+1","Deadly Poison","Die Die Die","Bouncing Flask","Poisoned Stab","Cloak And Dagger+1","Bane","Deflect+1","Slice"],"relics":["Ring of the Snake","Prayer Wheel","Dream Catcher","Letter Opener","Coffee Dripper","Eternal Feather","Nloth\u0027s Gift"],"acts_visited":["Exordium","TheCity"],"potions_floor_usage":[],"damage_taken":[{"damage":0.0,"enemies":"2 Louse","floor":1.0,"turns":4.0},{"damage":0.0,"enemies":"Cultist","floor":4.0,"turns":4.0},{"damage":0.0,"enemies":"Jaw Worm","floor":5.0,"turns":4.0},{"damage":18.0,"enemies":"3 Sentries","floor":6.0,"turns":11.0},{"damage":9.0,"enemies":"Lagavulin","floor":10.0,"turns":9.0},{"damage":3.0,"enemies":"Exordium Wildlife","floor":14.0,"turns":5.0},{"damage":5.0,"enemies":"Hexaghost","floor":16.0,"turns":9.0},{"damage":5.0,"enemies":"Shell Parasite","floor":18.0,"turns":5.0},{"damage":18.0,"enemies":"3 Byrds","floor":19.0,"turns":3.0},{"damage":23.0,"enemies":"Cultist and Chosen","floor":21.0,"turns":7.0},{"damage":37,"enemies":"Gremlin Leader","floor":24,"turns":7}],"seed_played":"-751961032865390430","potions_obtained":[{"floor":1.0,"key":"GamblersBrew"},{"floor":10.0,"key":"Fire Potion"}],"is_trial":false,"path_per_floor":["M","$","?","M","M","E","R","?","T","E","T","?","R","M","R","B",null,"M","M","$","M","?","R","E"],"character_chosen":"THE_SILENT","items_purchased":["Sucker Punch","Caltrops","Eternal Feather"],"campfire_rested":0,"item_purchase_floors":[2,2,20],"current_hp_per_floor":[45,45,45,45,45,27,27,50,50,41,41,41,41,38,38,33,61,56,38,38,15,15,33,0,0],"gold":154,"neow_bonus":"TRANSFORM_TWO_CARDS","is_daily":false,"chose_seed":false,"campfire_upgraded":4,"win_rate":0.0,"timestamp":1610266471,"path_taken":["M","$","?","M","?","E","R","?","T","E","?","?","R","M","R","BOSS","M","M","$","M","?","R","E"],"items_purchased_type":["Card","Card","Relic"],"build_version":"2020-12-22","purchased_purges":1,"victory":false,"max_hp_per_floor":[70,70,70,70,70,70,70,70,70,70,70,70,70,70,70,70,70,70,70,70,70,70,70,70,70],"card_choices":[{"not_picked":["Calculated Gamble","Flying Knee"],"picked":"Acrobatics","floor":1.0},{"not_picked":["Sucker Punch","Deadly Poison"],"picked":"Infinite Blades","floor":4.0},{"not_picked":["Acrobatics","Prepared"],"picked":"Footwork","floor":5.0},{"not_picked":["Dodge and Roll","Deadly Poison"],"picked":"Underhanded Strike","floor":6.0},{"not_picked":["Outmaneuver","Underhanded Strike"],"picked":"Catalyst","floor":10.0},{"not_picked":["Dodge and Roll","Storm of Steel"],"picked":"Deadly Poison","floor":14.0},{"not_picked":["Finisher","Heel Hook","Caltrops"],"picked":"SKIP","floor":14.0},{"not_picked":["Envenom","Venomology"],"picked":"Die Die Die","floor":16.0},{"not_picked":["Reflex+1","Acrobatics"],"picked":"Bouncing Flask","floor":18.0},{"not_picked":["Deflect+1","Choke+1"],"picked":"Poisoned Stab","floor":18.0},{"not_picked":["Dodge and Roll","Dagger Spray"],"picked":"Cloak And Dagger+1","floor":19.0},{"not_picked":["Backflip","Venomology"],"picked":"Bane","floor":19.0},{"not_picked":["Flying Knee","PiercingWail"],"picked":"Deflect+1","floor":21.0},{"not_picked":["Acrobatics","Skewer+1"],"picked":"Slice","floor":21.0}],"player_experience":83313,"relics_obtained":[{"floor":6.0,"key":"Unceasing Top"},{"floor":9.0,"key":"Prayer Wheel"},{"floor":10.0,"key":"Dream Catcher"},{"floor":11.0,"key":"Letter Opener"}],"event_choices":[{"damage_healed":0.0,"max_hp_gain":0.0,"max_hp_loss":0.0,"gold_gain":0.0,"event_name":"Match and Keep!","player_choice":"2 cards matched","floor":3.0,"gold_loss":0.0,"damage_taken":0.0,"cards_obtained":["Blur","Neutralize"]},{"damage_healed":23.0,"max_hp_gain":0.0,"max_hp_loss":0.0,"gold_gain":0.0,"event_name":"Big Fish","player_choice":"Banana","floor":8.0,"gold_loss":0.0,"damage_taken":0.0},{"damage_healed":0.0,"max_hp_gain":0.0,"max_hp_loss":0.0,"gold_gain":175.0,"event_name":"Liars Game","player_choice":"AGREE","floor":12.0,"gold_loss":0.0,"damage_taken":0.0,"cards_obtained":["Doubt"]},{"damage_healed":0,"gold_gain":0,"player_choice":"Traded Relic","damage_taken":0,"relics_obtained":["Nloth\u0027s Gift"],"max_hp_gain":0,"max_hp_loss":0,"event_name":"N\u0027loth","floor":22,"relics_lost":["Unceasing Top"],"gold_loss":0}],"is_beta":false,"boss_relics":[{"not_picked":["Tiny House","Fusion Hammer"],"picked":"Coffee Dripper"}],"items_purged_floors":[20],"is_endless":false,"potions_floor_spawned":[1,10],"killed_by":"Gremlin Leader","ascension_level":10}}