{"host":"9d9dhukr2jywmy0f","time":1610311654,"event":{"mods":["2.2 Compatiblity","Alarm Clock","BaseMod","Bestiary","Block Reminder","Colored Map","Colored Powertips","Curses Come First","DeckTracker","Highlight Path","Key Reminder","Minty Spire (QoL Compilation)","Quick Restart","Rare Cards Sparkle","Relic Sorter","Relic Stats","Spire Birthday Party","StSLib","SuperFastMode","Synergy Search","The Poker Player","Unceasing Turn Reminder","Unknown Chances"],"gold_per_floor":[368,386,404,292,302,302,322,34,116,116,116,135,135,167,167,262,262,276,151,66,78,189,201,213,250,262,274,306,338,378,154,154,251,251,263,276,288,305,322,356,368,396,396,396,413,413,13,13,13,13,13,13,13,44,44],"floor_reached":56,"playtime":2694,"items_purged":["PokerPlayerMod:Spade1","PokerPlayerMod:Diamond1","PokerPlayerMod:Club1","PokerPlayerMod:Diamond2","PokerPlayerMod:Club2"],"score":1822,"play_id":"eccdf3bd-e63a-4e98-9322-6c8da4455e77","local_time":"20210111044734","is_ascension_mode":true,"metric_token":1494,"campfire_choices":[{"data":"PokerPlayerMod:Mulligan","floor":6.0,"key":"SMITH"},{"data":"PokerPlayerMod:ClubShade","floor":11.0,"key":"SMITH"},{"data":"PokerPlayerMod:BadJoker","floor":13.0,"key":"SMITH"},{"data":"PokerPlayerMod:TrumpStrike","floor":15.0,"key":"SMITH"},{"data":"PokerPlayerMod:Diamond9","floor":23.0,"key":"SMITH"},{"floor":27.0,"key":"RECALL"},{"data":"PokerPlayerMod:CardBurn","floor":32.0,"key":"SMITH"},{"data":"PokerPlayerMod:Spade9","floor":46,"key":"SMITH"},{"data":"PokerPlayerMod:Club8","floor":49,"key":"SMITH"},{"data":"PokerPlayerMod:Club9","floor":52,"key":"SMITH"}],"circlet_count":0,"master_deck":["PokerPlayerMod:Diamond3","PokerPlayerMod:Diamond7","PokerPlayerMod:Diamond5","PokerPlayerMod:Spade3","PokerPlayerMod:Spade4","PokerPlayerMod:TrumpStrike+1","PokerPlayerMod:BadJoker+1","PokerPlayerMod:Mulligan+1","PokerPlayerMod:Raise+1","PokerPlayerMod:ClubShade+1","PokerPlayerMod:Heart10+","PokerPlayerMod:Diamond10+","PokerPlayerMod:Club10+","PokerPlayerMod:Club7","PokerPlayerMod:Heart10+","PokerPlayerMod:ClubShade+1","PokerPlayerMod:CardBurn+1","PokerPlayerMod:Spade10+","PokerPlayerMod:Spade10+","PokerPlayerMod:Club10+","PokerPlayerMod:CardBurn+1","PokerPlayerMod:Spade10+","PokerPlayerMod:Diamond10+","PokerPlayerMod:ClubShade+1"],"relics":["PokerPlayerMod:DeckCase","Eternal Feather","PokerPlayerMod:EnergeticBat","SacredBark","MawBank","Sundial","PokerPlayerMod:BottledPoker","Torii","Kunai","SlaversCollar","PokerPlayerMod:ClubPass","Strawberry","PokerPlayerMod:PenAndEraser","White Beast Statue"],"acts_visited":["Exordium","TheCity","TheBeyond","TheEnding"],"potions_floor_usage":[55],"damage_taken":[{"damage":6.0,"enemies":"Small Slimes","floor":1.0,"turns":2.0},{"damage":0.0,"enemies":"Cultist","floor":2.0,"turns":3.0},{"damage":5.0,"enemies":"Jaw Worm","floor":3.0,"turns":3.0},{"damage":6.0,"enemies":"Large Slime","floor":5.0,"turns":5.0},{"damage":15.0,"enemies":"3 Louse","floor":7.0,"turns":3.0},{"damage":5.0,"enemies":"Looter","floor":12.0,"turns":2.0},{"damage":1.0,"enemies":"3 Sentries","floor":14.0,"turns":5.0},{"damage":0.0,"enemies":"Slime Boss","floor":16.0,"turns":5.0},{"damage":16.0,"enemies":"2 Thieves","floor":18.0,"turns":3.0},{"damage":24.0,"enemies":"Gremlin Leader","floor":25.0,"turns":3.0},{"damage":0.0,"enemies":"Shell Parasite","floor":28.0,"turns":2.0},{"damage":0.0,"enemies":"3 Cultists","floor":29.0,"turns":2.0},{"damage":16.0,"enemies":"Book of Stabbing","floor":30.0,"turns":3.0},{"damage":0.0,"enemies":"Collector","floor":33.0,"turns":6.0},{"damage":0,"enemies":"3 Shapes","floor":35,"turns":2},{"damage":0,"enemies":"3 Darklings","floor":36,"turns":2},{"damage":0,"enemies":"Maw","floor":37,"turns":5},{"damage":0,"enemies":"4 Shapes","floor":38,"turns":1},{"damage":0,"enemies":"Sphere and 2 Shapes","floor":39,"turns":1},{"damage":9,"enemies":"Nemesis","floor":40,"turns":5},{"damage":0,"enemies":"3 Darklings","floor":41,"turns":2},{"damage":0,"enemies":"Reptomancer","floor":42,"turns":4},{"damage":1,"enemies":"Writhing Mass","floor":45,"turns":4},{"damage":10,"enemies":"Donu and Deca","floor":50,"turns":4},{"damage":0,"enemies":"Shield and Spear","floor":54,"turns":4},{"damage":37,"enemies":"The Heart","floor":55,"turns":7}],"seed_played":"2514804189429503714","potions_obtained":[{"floor":2.0,"key":"FearPotion"},{"floor":3.0,"key":"DuplicationPotion"},{"floor":7.0,"key":"Dexterity Potion"},{"floor":16.0,"key":"ColorlessPotion"},{"floor":25.0,"key":"BlessingOfTheForge"},{"floor":33.0,"key":"Weak Potion"}],"is_trial":false,"path_per_floor":["M","M","M","$","M","R","M","$","T","?","R","M","R","E","R","B",null,"M","$","?","?","?","R","T","E","T","R","M","M","E","$","R","B",null,"M","M","M","M","M","E","M","E","T","?","M","R","$","?","R","B",null,"R","$","E","B",null],"character_chosen":"THE_POKER_PLAYER","items_purchased":["PokerPlayerMod:ClubShade","PokerPlayerMod:Heart10+","PokerPlayerMod:Spade10+","PokerPlayerMod:PenAndEraser","PokerPlayerMod:Diamond10+"],"campfire_rested":0,"item_purchase_floors":[4,8,31,47,47],"current_hp_per_floor":[41,44,43,43,39,39,31,31,31,31,40,47,47,47,47,47,47,34,34,34,34,34,43,43,23,23,32,47,47,39,39,47,47,47,47,47,47,47,47,38,47,54,54,54,53,54,54,51,51,51,51,51,51,51,18],"gold":44,"neow_bonus":"TWO_FIFTY_GOLD","is_daily":false,"chose_seed":false,"campfire_upgraded":9,"win_rate":0.0,"timestamp":1610311654,"path_taken":["M","M","M","$","M","R","M","$","T","?","R","?","R","E","R","BOSS","M","$","?","?","?","R","?","E","T","R","M","M","E","$","R","BOSS","M","M","M","M","M","E","M","E","T","?","M","R","$","?","R","BOSS","R","$","E","BOSS"],"items_purchased_type":["Card","Undefined","Undefined","Relic","Undefined"],"build_version":"2020-11-30","purchased_purges":5,"victory":true,"max_hp_per_floor":[47,47,47,47,47,47,47,47,47,47,47,47,47,47,47,47,47,47,47,47,47,47,47,47,47,47,47,47,47,47,47,47,47,47,47,47,47,47,47,47,47,54,54,54,54,54,54,51,51,51,51,51,51,51,51],"relic_stats":{"Torii":3,"counters":[26,88],"Sundial":[20],"Eternal Feather":36,"Kunai":[0],"MawBank":132,"obtain_stats":[{"Torii":26,"PokerPlayerMod:PenAndEraser":47,"SacredBark":17,"Eternal Feather":9,"MawBank":20,"White Beast Statue":54,"keyreminder:keyreminder":27,"PokerPlayerMod:BottledPoker":25,"SlaversCollar":34,"PokerPlayerMod:DeckCase":0,"PokerPlayerMod:EnergeticBat":14,"Sundial":24,"Strawberry":42,"Kunai":30,"PokerPlayerMod:ClubPass":40},{"Torii":10,"PokerPlayerMod:PenAndEraser":23,"SacredBark":8,"Eternal Feather":5,"MawBank":9,"White Beast Statue":25,"keyreminder:keyreminder":10,"PokerPlayerMod:BottledPoker":10,"SlaversCollar":14,"PokerPlayerMod:DeckCase":0,"PokerPlayerMod:EnergeticBat":7,"Sundial":9,"Strawberry":22,"Kunai":13,"PokerPlayerMod:ClubPass":20},{"Torii":34,"PokerPlayerMod:PenAndEraser":73,"SacredBark":28,"Eternal Feather":16,"MawBank":31,"White Beast Statue":81,"keyreminder:keyreminder":34,"PokerPlayerMod:BottledPoker":34,"SlaversCollar":47,"PokerPlayerMod:DeckCase":0,"PokerPlayerMod:EnergeticBat":23,"Sundial":31,"Strawberry":69,"Kunai":41,"PokerPlayerMod:ClubPass":63}]},"card_choices":[{"not_picked":["PokerPlayerMod:SpadeStrike","PokerPlayerMod:Heart4","PokerPlayerMod:Spade4"],"picked":"SKIP","floor":1.0},{"not_picked":["PokerPlayerMod:Diamond1","PokerPlayerMod:ClubsClub","PokerPlayerMod:Spade1"],"picked":"SKIP","floor":2.0},{"not_picked":["PokerPlayerMod:CloakAndDiamond","PokerPlayerMod:MagicTrick"],"picked":"PokerPlayerMod:Raise","floor":3.0},{"not_picked":["PokerPlayerMod:Spade2","PokerPlayerMod:Spade3","PokerPlayerMod:Diamond2"],"picked":"SKIP","floor":5.0},{"not_picked":["PokerPlayerMod:Configure","PokerPlayerMod:Diamond2","PokerPlayerMod:MagicTrick"],"picked":"SKIP","floor":7.0},{"not_picked":["PokerPlayerMod:Club3","PokerPlayerMod:ClubsClub","PokerPlayerMod:SpadeStrike"],"picked":"SKIP","floor":12.0},{"not_picked":["PokerPlayerMod:Club4","PokerPlayerMod:SpadeStrike"],"picked":"PokerPlayerMod:Diamond9","floor":14.0},{"not_picked":["PokerPlayerMod:Diamond8","PokerPlayerMod:FakeSymbols"],"picked":"PokerPlayerMod:Club10+","floor":16.0},{"not_picked":["PokerPlayerMod:Spade2","PokerPlayerMod:ClubStrike","PokerPlayerMod:Spade1"],"picked":"SKIP","floor":18.0},{"not_picked":["PokerPlayerMod:Diamond1","PokerPlayerMod:Spade5"],"picked":"PokerPlayerMod:ClubShade+1","floor":25.0},{"not_picked":["PokerPlayerMod:Diamond4","PokerPlayerMod:MagicTrick","PokerPlayerMod:Diamond2"],"picked":"SKIP","floor":28.0},{"not_picked":["PokerPlayerMod:Diamond5","PokerPlayerMod:Overdeal"],"picked":"PokerPlayerMod:CardBurn","floor":29.0},{"not_picked":["PokerPlayerMod:SpadeStrike","PokerPlayerMod:HeartStrike"],"picked":"PokerPlayerMod:Spade9","floor":30.0},{"not_picked":["PokerPlayerMod:FakeSymbols","PokerPlayerMod:ItsShowtime"],"picked":"PokerPlayerMod:Club8","floor":33.0},{"not_picked":["PokerPlayerMod:Fold","PokerPlayerMod:Club1","PokerPlayerMod:Spade6"],"picked":"SKIP","floor":35},{"not_picked":["PokerPlayerMod:Spade3","PokerPlayerMod:PoorCopy+1","PokerPlayerMod:Heart3"],"picked":"SKIP","floor":36},{"not_picked":["PokerPlayerMod:CloakAndDiamond","PokerPlayerMod:Spade3"],"picked":"PokerPlayerMod:CardBurn+1","floor":37},{"not_picked":["PokerPlayerMod:Spade2","PokerPlayerMod:Diamond4"],"picked":"PokerPlayerMod:Spade10+","floor":38},{"not_picked":["PokerPlayerMod:Spade1","PokerPlayerMod:CloakAndDiamond+1","PokerPlayerMod:Spade5"],"picked":"SKIP","floor":39},{"not_picked":["PokerPlayerMod:Spade5","PokerPlayerMod:Spade4","PokerPlayerMod:Fold+1"],"picked":"SKIP","floor":40},{"not_picked":["PokerPlayerMod:Heart9","PokerPlayerMod:Club2","PokerPlayerMod:Spade3"],"picked":"SKIP","floor":41},{"not_picked":["PokerPlayerMod:Spade2","PokerPlayerMod:Club2","PokerPlayerMod:Diamond4"],"picked":"SKIP","floor":42},{"not_picked":["PokerPlayerMod:CardBurn+1","PokerPlayerMod:Spade1","PokerPlayerMod:Trickery"],"picked":"SKIP","floor":45},{"not_picked":["PokerPlayerMod:Manipulation","PokerPlayerMod:DartThrow"],"picked":"PokerPlayerMod:ClubShade+1","floor":54}],"player_experience":855369,"relics_obtained":[{"floor":9.0,"key":"Eternal Feather"},{"floor":14.0,"key":"PokerPlayerMod:EnergeticBat"},{"floor":24.0,"key":"Sundial"},{"floor":25.0,"key":"PokerPlayerMod:BottledPoker"},{"floor":26.0,"key":"Torii"},{"floor":30.0,"key":"Kunai"},{"floor":40,"key":"PokerPlayerMod:ClubPass"},{"floor":42,"key":"Strawberry"},{"floor":54,"key":"White Beast Statue"}],"event_choices":[{"damage_healed":0.0,"max_hp_gain":0.0,"max_hp_loss":0.0,"gold_gain":0.0,"event_name":"Upgrade Shrine","player_choice":"Upgraded","floor":10.0,"gold_loss":0.0,"damage_taken":0.0,"cards_upgraded":["PokerPlayerMod:Raise"]},{"damage_healed":0.0,"max_hp_gain":0.0,"max_hp_loss":0.0,"gold_gain":0.0,"event_name":"Addict","player_choice":"Obtained Relic","floor":20.0,"gold_loss":85.0,"damage_taken":0.0,"relics_obtained":["MawBank"]},{"damage_healed":0.0,"max_hp_gain":0.0,"max_hp_loss":0.0,"gold_gain":0.0,"cards_transformed":["PokerPlayerMod:Heart2","PokerPlayerMod:Spade2"],"event_name":"Drug Dealer","player_choice":"Became Test Subject","floor":21.0,"gold_loss":0.0,"damage_taken":0.0,"cards_obtained":["PokerPlayerMod:Club7","PokerPlayerMod:Heart7"]},{"damage_healed":0.0,"max_hp_gain":0.0,"max_hp_loss":0.0,"gold_gain":99.0,"event_name":"Nest","player_choice":"Stole From Cult","floor":22.0,"gold_loss":0.0,"damage_taken":0.0},{"damage_healed":0,"gold_gain":0,"player_choice":"Ignored","damage_taken":0,"max_hp_gain":0,"max_hp_loss":0,"event_name":"Tomb of Lord Red Mask","floor":44,"gold_loss":0},{"damage_healed":0,"gold_gain":0,"player_choice":"Max HP","damage_taken":0,"max_hp_gain":0,"max_hp_loss":3,"event_name":"Winding Halls","floor":48,"gold_loss":0}],"is_beta":false,"boss_relics":[{"not_picked":["Cursed Key","Velvet Choker"],"picked":"SacredBark"},{"not_picked":["Calling Bell","Sozu"],"picked":"SlaversCollar"}],"items_purged_floors":[4,8,19,31,47],"is_endless":false,"potions_floor_spawned":[2,3,7,16,25,28,33,35,36,39,54],"ascension_level":7}}