{"host":"d23wowvt3mehu8rg","time":1610278546,"event":{"mods":["BaseMod","Colored Powertips","Dark Map","Highlight Path","Minty Spire (QoL Compilation)","Slay-I"],"gold_per_floor":[214,226,238,60,60,92,92,104,129,129,161,161,161,178,178,277,277,296,309,101,101,120,120,154,154,154,174,174,187,222,239,239,344,344,355,375,385,385,401,432,41,53,53,53,53],"floor_reached":44,"playtime":3591,"items_purged":["Strike_G","Writhe"],"score":543,"play_id":"6c3f1a34-fc8e-4cca-a541-3e93c80e4f9a","local_time":"20210110123546","is_ascension_mode":true,"campfire_choices":[{"data":"Cloak And Dagger","floor":7,"key":"SMITH"},{"data":"Neutralize","floor":10,"key":"SMITH"},{"floor":13,"key":"REST"},{"data":"Survivor","floor":15,"key":"SMITH"},{"data":"Dash","floor":23,"key":"SMITH"},{"floor":25,"key":"RECALL"},{"data":"Defend_G","floor":28,"key":"SMITH"},{"floor":32,"key":"REST"}],"circlet_count":0,"master_deck":["Strike_G","Strike_G","Strike_G","Defend_G","Defend_G","Defend_G","Defend_G","Defend_G+1","Survivor+1","Neutralize+1","Noxious Fumes+1","Sucker Punch","Dagger Throw","Dagger Throw","Cloak And Dagger+1","Glass Knife","Backstab","Dash+1","Unload","Storm of Steel","Accuracy+1","Predator+1","PiercingWail","Dodge and Roll+1","Backflip+1","PiercingWail","Bullet Time","Unload","Backstab","Acrobatics+1","Crippling Poison+1","After Image","After Image","Leg Sweep+1"],"relics":["Ring of the Serpent","Art of War","PreservedInsect","Regal Pillow","Bronze Scales","Pocketwatch","Strawberry","SlaversCollar","Bottled Tornado","Nunchaku","Lantern"],"acts_visited":["Exordium","TheCity","TheBeyond"],"potions_floor_usage":[11,16,22,24,30,33,33,33,40,40,42,44],"damage_taken":[{"damage":5,"enemies":"Cultist","floor":1,"turns":5},{"damage":1,"enemies":"Jaw Worm","floor":2,"turns":4},{"damage":0,"enemies":"Small Slimes","floor":3,"turns":3},{"damage":21,"enemies":"3 Sentries","floor":6,"turns":8},{"damage":0,"enemies":"Exordium Wildlife","floor":8,"turns":3},{"damage":4,"enemies":"Lagavulin","floor":11,"turns":3},{"damage":0,"enemies":"Red Slaver","floor":14,"turns":3},{"damage":13,"enemies":"Slime Boss","floor":16,"turns":9},{"damage":10,"enemies":"Spheric Guardian","floor":18,"turns":3},{"damage":5,"enemies":"3 Byrds","floor":19,"turns":4},{"damage":10,"enemies":"Snake Plant","floor":22,"turns":3},{"damage":0,"enemies":"Gremlin Leader","floor":24,"turns":6},{"damage":6,"enemies":"3 Cultists","floor":27,"turns":6},{"damage":0,"enemies":"Centurion and Healer","floor":29,"turns":6},{"damage":15,"enemies":"Slavers","floor":30,"turns":5},{"damage":1,"enemies":"Chosen and Byrds","floor":31,"turns":6},{"damage":61,"enemies":"Collector","floor":33,"turns":11},{"damage":3,"enemies":"Orb Walker","floor":35,"turns":4},{"damage":1,"enemies":"3 Shapes","floor":36,"turns":6},{"damage":14,"enemies":"3 Darklings","floor":37,"turns":5},{"damage":19,"enemies":"Jaw Worm Horde","floor":39,"turns":5},{"damage":30,"enemies":"Reptomancer","floor":40,"turns":6},{"damage":19,"enemies":"Sphere and 2 Shapes","floor":42,"turns":6},{"damage":35,"enemies":"Transient","floor":44,"turns":5}],"seed_played":"-1825800323310535426","potions_obtained":[{"floor":3,"key":"SteroidPotion"},{"floor":6,"key":"Explosive Potion"},{"floor":8,"key":"Swift Potion"},{"floor":11,"key":"SneckoOil"},{"floor":18,"key":"LiquidBronze"},{"floor":24,"key":"ColorlessPotion"},{"floor":29,"key":"Block Potion"},{"floor":31,"key":"Dexterity Potion"},{"floor":33,"key":"ColorlessPotion"},{"floor":36,"key":"Strength Potion"},{"floor":39,"key":"Block Potion"},{"floor":40,"key":"Weak Potion"}],"is_trial":false,"path_per_floor":["M","M","M","$","?","E","R","M","T","R","E","?","R","M","R","B",null,"M","M","$","?","M","R","E","R","T","M","R","M","E","M","R","B",null,"M","M","M","?","M","E","$","M","T","M"],"character_chosen":"THE_SILENT","items_purchased":["Dagger Throw","Cloak And Dagger","PiercingWail","Bronze Scales","After Image","Nunchaku"],"campfire_rested":2,"item_purchase_floors":[4,4,20,20,41,41],"current_hp_per_floor":[65,64,64,64,64,43,43,43,43,43,39,32,68,68,68,55,70,60,55,55,55,45,45,45,45,45,39,39,39,31,30,68,7,77,74,73,59,77,58,28,28,9,9,0,0],"gold":53,"neow_bonus":"HUNDRED_GOLD","is_daily":false,"chose_seed":false,"campfire_upgraded":5,"win_rate":0.0,"timestamp":1610278546,"path_taken":["M","?","M","$","?","E","R","M","T","R","E","?","R","M","R","BOSS","M","M","$","?","M","R","E","R","T","M","R","?","E","M","R","BOSS","M","?","M","?","M","E","$","M","T","M"],"items_purchased_type":["Card","Card","Card","Relic","Card","Relic"],"build_version":"2020-12-22","purchased_purges":2,"victory":false,"max_hp_per_floor":[70,70,70,70,70,70,70,70,70,70,70,70,70,70,70,70,70,70,70,70,70,70,70,70,70,70,70,70,70,77,77,77,77,77,77,77,77,77,77,77,77,77,77,77,77],"card_choices":[{"not_picked":["Dodge and Roll","Underhanded Strike"],"picked":"Noxious Fumes","floor":1},{"not_picked":["Reflex","Underhanded Strike"],"picked":"Sucker Punch","floor":2},{"not_picked":["Eviscerate","Prepared"],"picked":"Dagger Throw","floor":3},{"not_picked":["Poisoned Stab","Dagger Throw"],"picked":"Glass Knife","floor":6},{"not_picked":["Bane","Outmaneuver"],"picked":"Backstab","floor":8},{"not_picked":["Well Laid Plans","Backflip"],"picked":"Dash","floor":11},{"not_picked":["Reflex","Dagger Throw"],"picked":"Unload","floor":14},{"not_picked":["Burst","Corpse Explosion"],"picked":"Storm of Steel","floor":16},{"not_picked":["Sucker Punch+1","Deadly Poison"],"picked":"Accuracy+1","floor":18},{"not_picked":["Blade Dance","Poisoned Stab"],"picked":"Predator+1","floor":19},{"not_picked":["Underhanded Strike","Outmaneuver"],"picked":"Dodge and Roll+1","floor":22},{"not_picked":["Flying Knee","Calculated Gamble"],"picked":"Backflip+1","floor":24},{"not_picked":["Setup","Acrobatics"],"picked":"PiercingWail","floor":27},{"not_picked":["Expertise","Heel Hook"],"picked":"Bullet Time","floor":29},{"not_picked":["PiercingWail","Slice","Sucker Punch"],"picked":"SKIP","floor":30},{"not_picked":["Predator","PiercingWail","Deflect+1"],"picked":"SKIP","floor":31},{"not_picked":["Doppelganger","Burst"],"picked":"Unload","floor":33},{"not_picked":["Slice","Deflect+1"],"picked":"Backstab","floor":35},{"not_picked":["Dodge and Roll","Deflect+1"],"picked":"Acrobatics+1","floor":36},{"not_picked":["Flying Knee+1","Masterful Stab+1","Outmaneuver"],"picked":"SKIP","floor":37},{"not_picked":["Envenom","Backflip+1"],"picked":"Crippling Poison+1","floor":39},{"not_picked":["Calculated Gamble+1","Slice"],"picked":"After Image","floor":40},{"not_picked":["Acrobatics","Dodge and Roll"],"picked":"Leg Sweep+1","floor":42}],"player_experience":166387,"relics_obtained":[{"floor":6,"key":"Art of War"},{"floor":9,"key":"PreservedInsect"},{"floor":11,"key":"Regal Pillow"},{"floor":24,"key":"Pocketwatch"},{"floor":30,"key":"Strawberry"},{"floor":40,"key":"Bottled Tornado"},{"floor":43,"key":"Lantern"}],"event_choices":[{"damage_healed":0,"gold_gain":0,"player_choice":"Grow","damage_taken":0,"max_hp_gain":0,"max_hp_loss":0,"event_name":"Living Wall","floor":5,"gold_loss":0,"cards_upgraded":["Noxious Fumes"]},{"cards_removed":["Strike_G"],"damage_healed":0,"gold_gain":0,"player_choice":"Card Removal","damage_taken":7,"max_hp_gain":0,"max_hp_loss":0,"event_name":"Golden Wing","floor":12,"gold_loss":0},{"damage_healed":0,"gold_gain":0,"player_choice":"Ignored","damage_taken":0,"max_hp_gain":0,"max_hp_loss":0,"event_name":"NoteForYourself","floor":21,"gold_loss":0},{"damage_healed":19,"gold_gain":0,"player_choice":"Writhe","damage_taken":0,"max_hp_gain":0,"max_hp_loss":0,"event_name":"Winding Halls","floor":38,"gold_loss":0,"cards_obtained":["Writhe"]}],"is_beta":false,"boss_relics":[{"not_picked":["Velvet Choker","Coffee Dripper"],"picked":"Ring of the Serpent"},{"not_picked":["Sozu","Calling Bell"],"picked":"SlaversCollar"}],"items_purged_floors":[4,41],"is_endless":false,"potions_floor_spawned":[3,6,8,11,18,19,24,29,31,33,36,39,40],"killed_by":"Transient","ascension_level":1}}