{"host":"8xi53560pl5zaoq2","time":1610259325,"event":{"mods":["BaseMod","Colored Map","Highlight Path","Minty Spire (QoL Compilation)","StSLib","Synergy Search"],"gold_per_floor":[117,131,151,2,12,12,87,104,128,128,140,140,140,154,154,154,154],"floor_reached":16,"playtime":763,"items_purged":["Defend_R"],"score":160,"play_id":"aeb60ad2-ab2e-400d-85fc-cdf83bf280c3","local_time":"20210109231525","is_ascension_mode":true,"campfire_choices":[{"data":"Entrench","floor":6,"key":"SMITH"},{"data":"Flame Barrier","floor":13,"key":"SMITH"},{"data":"Bash","floor":15,"key":"SMITH"}],"circlet_count":0,"master_deck":["AscendersBane","Strike_R","Strike_R","Strike_R","Strike_R","Defend_R","Defend_R","Defend_R","Bash+1","Cleave","Clash","Entrench+1","Flame Barrier+1","Impervious","True Grit"],"relics":["Burning Blood","Regal Pillow","Golden Idol"],"acts_visited":["Exordium"],"potions_floor_usage":[5,16,16],"damage_taken":[{"damage":5,"enemies":"Jaw Worm","floor":1,"turns":5},{"damage":3,"enemies":"Small Slimes","floor":2,"turns":4},{"damage":1,"enemies":"2 Louse","floor":3,"turns":3},{"damage":3,"enemies":"Exordium Thugs","floor":5,"turns":4},{"damage":6,"enemies":"Exordium Wildlife","floor":8,"turns":4},{"damage":19,"enemies":"Gremlin Gang","floor":11,"turns":5},{"damage":2,"enemies":"Lots of Slimes","floor":14,"turns":4},{"damage":38,"enemies":"Hexaghost","floor":16,"turns":14}],"seed_played":"3617694525789276047","potions_obtained":[{"floor":1,"key":"BlessingOfTheForge"},{"floor":2,"key":"BlessingOfTheForge"},{"floor":5,"key":"Strength Potion"},{"floor":8,"key":"LiquidMemories"}],"is_trial":false,"path_per_floor":["M","M","M","$","M","R","?","M","T","?","M","?","R","M","R","B"],"character_chosen":"IRONCLAD","items_purchased":["Flame Barrier"],"campfire_rested":0,"item_purchase_floors":[4],"current_hp_per_floor":[76,79,82,82,82,82,71,71,71,71,58,38,38,42,42,4,4],"gold":154,"neow_bonus":"TEN_PERCENT_HP_BONUS","is_daily":false,"chose_seed":false,"campfire_upgraded":3,"win_rate":0.0,"timestamp":1610259325,"path_taken":["M","M","M","$","M","R","?","M","T","?","M","?","R","M","R","BOSS"],"items_purchased_type":["Card"],"build_version":"2020-12-22","purchased_purges":1,"victory":false,"max_hp_per_floor":[82,82,82,82,82,82,82,82,82,82,82,82,82,82,82,82,82],"card_choices":[{"not_picked":["Dark Embrace","True Grit"],"picked":"Cleave","floor":1},{"not_picked":["Bloodletting","Flex"],"picked":"Clash","floor":2},{"not_picked":["Perfected Strike","Bloodletting"],"picked":"Entrench","floor":3},{"not_picked":["Havoc","Infernal Blade"],"picked":"Impervious","floor":5},{"not_picked":["Warcry","Anger"],"picked":"True Grit","floor":8},{"not_picked":["Havoc","Feel No Pain","True Grit"],"picked":"SKIP","floor":11},{"not_picked":["Wild Strike","Thunderclap","Perfected Strike"],"picked":"SKIP","floor":14}],"player_experience":1284421,"relics_obtained":[{"floor":9,"key":"Regal Pillow"}],"event_choices":[{"damage_healed":0,"gold_gain":75,"player_choice":"Gather Gold","damage_taken":11,"max_hp_gain":0,"max_hp_loss":0,"event_name":"World of Goop","floor":7,"gold_loss":0},{"cards_removed":["Strike_R"],"damage_healed":0,"gold_gain":0,"player_choice":"Forget","damage_taken":0,"max_hp_gain":0,"max_hp_loss":0,"event_name":"Living Wall","floor":10,"gold_loss":0},{"damage_healed":0,"gold_gain":0,"player_choice":"Take Damage","damage_taken":20,"relics_obtained":["Golden Idol"],"max_hp_gain":0,"max_hp_loss":0,"event_name":"Golden Idol","floor":12,"gold_loss":0}],"is_beta":false,"boss_relics":[],"items_purged_floors":[4],"is_endless":false,"potions_floor_spawned":[1,2,5,8],"killed_by":"Hexaghost","ascension_level":14}}