{"host":"hszimsrtxxc2k25w","time":1610307725,"event":{"mods":["AchievementEnabler","BaseMod","Colored Map","DeckTracker","Minty Spire (QoL Compilation)","Rare Cards Sparkle","SuperFastMode"],"gold_per_floor":[216,229,229,279,204,239,253,253,253,270,281,291,291,303,303,303,303],"floor_reached":16,"playtime":399,"items_purged":["Strike_R"],"score":208,"play_id":"f7715ef0-6106-4a6c-80ae-51dbfeb96c1a","local_time":"20210111044205","is_ascension_mode":true,"campfire_choices":[{"data":"Armaments","floor":8.0,"key":"SMITH"},{"floor":13,"key":"REST"},{"data":"Evolve","floor":15,"key":"SMITH"}],"circlet_count":0,"master_deck":["AscendersBane","Strike_R","Strike_R","Strike_R","Strike_R","Defend_R","Defend_R","Defend_R","Defend_R","Bash","Armaments+1","Carnage","Shockwave","Power Through","Evolve+1","Shrug It Off"],"relics":["Burning Blood","HornCleat","PreservedInsect","White Beast Statue"],"acts_visited":["Exordium"],"potions_floor_usage":[16],"damage_taken":[{"damage":6.0,"enemies":"Cultist","floor":1.0,"turns":3.0},{"damage":9.0,"enemies":"Jaw Worm","floor":2.0,"turns":4.0},{"damage":52.0,"enemies":"3 Sentries","floor":6.0,"turns":15.0},{"damage":5.0,"enemies":"2 Louse","floor":7.0,"turns":4.0},{"damage":13.0,"enemies":"Large Slime","floor":10.0,"turns":4.0},{"damage":0,"enemies":"2 Fungi Beasts","floor":11,"turns":3},{"damage":4,"enemies":"Red Slaver","floor":12,"turns":4},{"damage":11,"enemies":"Exordium Wildlife","floor":14,"turns":5},{"damage":27,"enemies":"The Guardian","floor":16,"turns":11}],"seed_played":"-6973840606285969832","potions_obtained":[{"floor":1.0,"key":"Weak Potion"},{"floor":6.0,"key":"Fire Potion"},{"floor":10.0,"key":"ColorlessPotion"},{"floor":11,"key":"AttackPotion"},{"floor":12,"key":"DistilledChaos"}],"is_trial":false,"path_per_floor":["M","M","?","?","$","E","M","R","T","M","M","M","R","M","R","B"],"character_chosen":"IRONCLAD","items_purchased":[],"campfire_rested":1,"item_purchase_floors":[],"current_hp_per_floor":[68,65,60,60,60,14,15,15,15,8,14,16,38,33,33,6,6],"gold":303,"neow_bonus":"HUNDRED_GOLD","is_daily":false,"chose_seed":false,"campfire_upgraded":2,"win_rate":0.0,"timestamp":1610307725,"path_taken":["M","M","?","?","$","E","M","R","T","M","?","M","R","M","R","BOSS"],"items_purchased_type":[],"build_version":"2020-12-22","purchased_purges":1,"victory":false,"max_hp_per_floor":[75,75,75,75,75,75,75,75,75,75,75,75,75,75,75,75,75],"card_choices":[{"not_picked":["Intimidate","Inflame"],"picked":"Armaments","floor":1.0},{"not_picked":["Intimidate","Flex"],"picked":"Carnage","floor":2.0},{"not_picked":["Sentinel","Heavy Blade"],"picked":"Shockwave","floor":6.0},{"not_picked":["Perfected Strike","Pommel Strike","Headbutt"],"picked":"SKIP","floor":7.0},{"not_picked":["Rampage","Feel No Pain"],"picked":"Power Through","floor":10.0},{"not_picked":["Dark Embrace","Flex"],"picked":"Evolve","floor":11},{"not_picked":["Havoc","Warcry","Clash"],"picked":"SKIP","floor":12},{"not_picked":["Havoc","Warcry","Clash"],"picked":"SKIP","floor":12},{"not_picked":["Sword Boomerang","Shockwave"],"picked":"Shrug It Off","floor":14}],"player_experience":617371,"relics_obtained":[{"floor":6.0,"key":"PreservedInsect"},{"floor":9.0,"key":"White Beast Statue"}],"event_choices":[{"damage_healed":0.0,"max_hp_gain":0.0,"max_hp_loss":0.0,"gold_gain":0.0,"event_name":"Scrap Ooze","player_choice":"Success","floor":3.0,"gold_loss":0.0,"damage_taken":5.0,"relics_obtained":["HornCleat"]},{"damage_healed":0.0,"max_hp_gain":0.0,"max_hp_loss":0.0,"gold_gain":50.0,"event_name":"Golden Shrine","player_choice":"Pray","floor":4.0,"gold_loss":0.0,"damage_taken":0.0}],"is_beta":false,"boss_relics":[],"items_purged_floors":[5],"is_endless":false,"potions_floor_spawned":[1,6,10,11,12,14],"killed_by":"The Guardian","ascension_level":20}}