{"host":"l84l8xigz5v5foa2","time":1610270536,"event":{"mods":["2.2 Compatiblity","AchievementEnabler","BaseMod","Better Note","Better Vampires","Card Filter","Colored Map","DeckTracker","Downfall","Gremlin Skip","Highlight Path","Keyboard Shortcuts","Minty Spire (QoL Compilation)","Permanent Neow","Quick Restart","Relic Filter","Relic Stats","StSLib","SuperFastMode","Transform Curses","Unknown Chances"],"gold_per_floor":[99,119,130,149,149,166,192,192,22,40,71,71,96,112,124,202,202,127,137,137,153,169,196,196,196,209,59,76,103,103,121,121,121,121],"floor_reached":32,"playtime":1406,"items_purged":["hexamod:Strike"],"score":692,"play_id":"e1210690-dc7d-4ad8-b440-764e556e038a","local_time":"20210110182216","is_ascension_mode":true,"campfire_choices":[{"data":"hexamod:Float","floor":1.0,"key":"SMITH"},{"data":"hexamod:InspiringFlames","floor":8.0,"key":"SMITH"},{"data":"hexamod:NecessarySacrifice","floor":12.0,"key":"SMITH"},{"data":"hexamod:GiftsFromTheDead","floor":18.0,"key":"SMITH"},{"floor":25,"key":"RECALL"},{"data":"hexamod:FastForward","floor":27,"key":"SMITH"},{"data":"hexamod:ShieldOfDarkness","floor":30,"key":"SMITH"}],"circlet_count":0,"master_deck":["AscendersBane","hexamod:Strike","hexamod:Strike","hexamod:Defend","hexamod:Defend","hexamod:Defend","hexamod:Sear","hexamod:Float+1","expansioncontent:BronzeBeam","hexamod:ShieldOfDarkness+1","hexamod:HauntingEcho","hexamod:InspiringFlames+1","hexamod:NightmareStrike","hexamod:SuperheatedStrike","hexamod:NecessarySacrifice+1","hexamod:SpectersWail","hexamod:SoulSteal","hexamod:GiftsFromTheDead+1","hexamod:Hexaguard","hexamod:Hexaguard","hexamod:FastForward+1","hexamod:FirstSeal","hexamod:SwordOfDarkness+1","hexamod:HexaLevel","hexamod:StepThrough"],"relics":["hexamod:SpiritBrand","Nunchaku","Unceasing Top","champ:DuelingGlove","Coffee Dripper","downfall:HeartBlessingGreen","Bottled Tornado","downfall:HeartBlessingBlue","downfall:HeartBlessingRed","Bag of Marbles"],"acts_visited":["Exordium","TheCity"],"potions_floor_usage":[23,26,29],"damage_taken":[{"damage":0.0,"enemies":"Cultist","floor":2.0,"turns":3.0},{"damage":2.0,"enemies":"Small Slimes","floor":3.0,"turns":4.0},{"damage":0.0,"enemies":"2 Louse","floor":4.0,"turns":2.0},{"damage":6.0,"enemies":"Large Slime","floor":6.0,"turns":6.0},{"damage":0.0,"enemies":"downfall:FleeingMerchant","floor":9.0,"turns":4.0},{"damage":0.0,"enemies":"2 Fungi Beasts","floor":10.0,"turns":4.0},{"damage":2.0,"enemies":"Lagavulin","floor":11.0,"turns":6.0},{"damage":0.0,"enemies":"Gremlin Nob","floor":13.0,"turns":3.0},{"damage":0.0,"enemies":"Blue Slaver","floor":14.0,"turns":3.0},{"damage":0.0,"enemies":"Red Slaver","floor":15.0,"turns":2.0},{"damage":24.0,"enemies":"downfall:Silent","floor":16.0,"turns":9.0},{"damage":0.0,"enemies":"3 Byrds","floor":19.0,"turns":3.0},{"damage":0.0,"enemies":"Shelled Parasite and Fungi","floor":21.0,"turns":4.0},{"damage":0,"enemies":"Centurion and Healer","floor":22,"turns":4},{"damage":8,"enemies":"Gremlin Leader","floor":23,"turns":7},{"damage":25,"enemies":"Cultist and Chosen","floor":26,"turns":5},{"damage":4,"enemies":"Snake Plant","floor":28,"turns":3},{"damage":0,"enemies":"Book of Stabbing","floor":29,"turns":4},{"damage":39,"enemies":"Shelled Parasite and Fungi","floor":31,"turns":4},{"damage":8,"enemies":"Centurion and Healer","floor":32,"turns":1}],"seed_played":"3130825602980475884","potions_obtained":[{"floor":6.0,"key":"PowerPotion"},{"floor":10.0,"key":"hexamod:InfernoChargePotion"},{"floor":11.0,"key":"BlessingOfTheForge"},{"floor":13.0,"key":"ColorlessPotion"},{"floor":15.0,"key":"Energy Potion"},{"floor":16.0,"key":"CultistPotion"},{"floor":19.0,"key":"SkillPotion"},{"floor":23,"key":"Swift Potion"},{"floor":28,"key":"FearPotion"}],"is_trial":false,"path_per_floor":["R","M","M","M","?","M","T","R","$","M","E","R","E","M","M","B",null,"R","M","?","M","M","E","T","R","M","R","M","E","R","M","M"],"character_chosen":"THE_SPIRIT","items_purchased":["hexamod:SuperheatedStrike"],"campfire_rested":0,"item_purchase_floors":[9],"current_hp_per_floor":[57,57,55,55,55,49,49,49,49,49,47,47,47,47,47,23,53,53,53,53,53,53,45,45,45,20,30,33,40,40,8,0,0,0],"gold":121,"neow_bonus":"RANDOM_COLORLESS","is_daily":false,"chose_seed":false,"campfire_upgraded":6,"win_rate":0.0,"timestamp":1610270536,"path_taken":["R","M","?","M","?","M","T","R","?","M","E","R","E","M","M","BOSS","R","M","?","M","M","E","T","R","M","R","M","E","R","M","M"],"items_purchased_type":["Card"],"build_version":"2020-12-22","purchased_purges":1,"victory":false,"max_hp_per_floor":[63,63,63,63,63,63,63,63,63,63,63,63,63,63,63,63,63,63,63,63,63,63,63,63,63,63,73,73,73,73,73,73,73,73],"relic_stats":{"Nunchaku":[11],"counters":[20,81],"obtain_stats":[{"champ:DuelingGlove":13,"Nunchaku":7,"downfall:HeartBlessingRed":27,"downfall:HeartBlessingBlue":27,"downfall:HeartBlessingGreen":18,"Coffee Dripper":17,"Bag of Marbles":29,"Bottled Tornado":23,"hexamod:SpiritBrand":0,"Unceasing Top":11},{"champ:DuelingGlove":8,"Nunchaku":4,"downfall:HeartBlessingRed":16,"downfall:HeartBlessingBlue":16,"downfall:HeartBlessingGreen":11,"Coffee Dripper":11,"Bag of Marbles":18,"Bottled Tornado":15,"hexamod:SpiritBrand":0,"Unceasing Top":7},{"champ:DuelingGlove":32,"Nunchaku":15,"downfall:HeartBlessingRed":69,"downfall:HeartBlessingBlue":69,"downfall:HeartBlessingGreen":46,"Coffee Dripper":46,"Bag of Marbles":76,"Bottled Tornado":64,"hexamod:SpiritBrand":0,"Unceasing Top":29}],"Unceasing Top":[5]},"card_choices":[{"not_picked":["Jack Of All Trades","expansioncontent:AwakenDeath"],"picked":"expansioncontent:BronzeBeam","floor":0.0},{"not_picked":["hexamod:SkipABeat","hexamod:ChargedBarrage"],"picked":"hexamod:ShieldOfDarkness","floor":2.0},{"not_picked":["hexamod:ShieldOfDarkness","hexamod:Firestarter","hexamod:ThermalTransfer"],"picked":"SKIP","floor":3.0},{"not_picked":["hexamod:BurningTouch","hexamod:ShieldOfDarkness"],"picked":"hexamod:HauntingEcho","floor":4.0},{"not_picked":["hexamod:SwordOfDarkness","hexamod:SpectersWail"],"picked":"hexamod:InspiringFlames","floor":6.0},{"not_picked":["hexamod:FastForward","hexamod:ChargedBarrage"],"picked":"hexamod:NightmareStrike","floor":9.0},{"not_picked":["hexamod:EmpoweredFlame","hexamod:GhostShield"],"picked":"hexamod:NecessarySacrifice","floor":10.0},{"not_picked":["hexamod:FlamesFromBeyond","hexamod:ChargedBarrage"],"picked":"hexamod:SpectersWail","floor":11.0},{"not_picked":["hexamod:RetreatToShadows","hexamod:GhostLash","hexamod:SkipABeat"],"picked":"SKIP","floor":13.0},{"not_picked":["hexamod:PhantomFireball","hexamod:InspiringFlames","hexamod:GhostflameBarrier"],"picked":"SKIP","floor":14.0},{"not_picked":["hexamod:PhantomFireball","hexamod:InspiringFlames","hexamod:GhostflameBarrier"],"picked":"SKIP","floor":14.0},{"not_picked":["hexamod:PhantomFireball","hexamod:SwordOfDarkness"],"picked":"hexamod:SoulSteal","floor":15.0},{"not_picked":["hexamod:FifthSeal","hexamod:TimeOfNeed"],"picked":"hexamod:GiftsFromTheDead","floor":16.0},{"not_picked":["hexamod:BurningTouch","hexamod:RainOfEmbers"],"picked":"hexamod:Hexaguard","floor":19.0},{"not_picked":["hexamod:GhostOfSpirePresent","hexamod:SuperheatedStrike"],"picked":"hexamod:Hexaguard","floor":21.0},{"not_picked":["hexamod:GhostOfSpirePresent","hexamod:ShieldOfDarkness"],"picked":"hexamod:FastForward","floor":22},{"not_picked":["hexamod:FastForward","hexamod:RetreatToShadows","hexamod:PhantomCloak"],"picked":"SKIP","floor":23},{"not_picked":["hexamod:HeatCrush","hexamod:SwordOfDarkness"],"picked":"hexamod:FirstSeal","floor":26},{"not_picked":["hexamod:NightmareGuise","hexamod:FastForward+1"],"picked":"hexamod:SwordOfDarkness+1","floor":28},{"not_picked":["hexamod:GhostflameInferno","hexamod:FlamesFromBeyond"],"picked":"hexamod:HexaLevel","floor":29},{"not_picked":["hexamod:FlamesFromBeyond","hexamod:ChargedBarrage"],"picked":"hexamod:StepThrough","floor":31}],"player_experience":3056424,"relics_obtained":[{"floor":7.0,"key":"Nunchaku"},{"floor":11.0,"key":"Unceasing Top"},{"floor":13.0,"key":"champ:DuelingGlove"},{"floor":23,"key":"Bottled Tornado"},{"floor":29,"key":"Bag of Marbles"}],"event_choices":[{"cards_removed":["hexamod:Strike"],"damage_healed":0.0,"max_hp_gain":0.0,"max_hp_loss":0.0,"gold_gain":0.0,"event_name":"Bonfire Elementals","player_choice":"Offered Basic","floor":5.0,"gold_loss":0.0,"damage_taken":0.0}],"is_beta":false,"boss_relics":[{"not_picked":["Cursed Key","Fusion Hammer"],"picked":"Coffee Dripper"}],"items_purged_floors":[9],"is_endless":false,"potions_floor_spawned":[6,10,11,13,15,16,19,22,23,28],"killed_by":"Centurion and Healer","ascension_level":20}}