{"host":"m05ccpxu5tzpdfht","time":1610290444,"event":{"mods":["BaseMod","Marisa????????","Minty Spire (QoL Compilation)","Replay The Spire","Shop Mod","StSLib","The Bug Knight"],"gold_per_floor":[115,132,132,148,148,177,194,194,194,228,228,261,278,294,294,294,294],"floor_reached":16,"playtime":770,"items_purged":[],"score":124,"play_id":"d0cd55ac-8afe-4b8e-b9ed-6c0639971d72","local_time":"20210110095404","is_ascension_mode":false,"campfire_choices":[{"data":"HollowMod:AwokenDreamNail","floor":8,"key":"SMITH"},{"data":"HollowMod:ChannelNail","floor":15,"key":"SMITH"}],"circlet_count":0,"master_deck":["HollowMod:NailStrikeStart","HollowMod:NailStrikeStart","HollowMod:NailStrikeStart","HollowMod:NailStrikeStart","HollowMod:QuickDashStart","HollowMod:QuickDashStart","HollowMod:QuickDashStart","HollowMod:QuickDashStart","HollowMod:FocusHealStart","HollowMod:PogoStrike","HollowMod:VengefulSpirit","HollowMod:BaldurShell","Looming Evil","HollowMod:NewJinnsSoul","HollowMod:GreatSlash","HollowMod:AwokenDreamNail+1","HollowMod:MantisMark","HollowMod:ChannelNail+1","HollowMod:VengefulSpirit"],"relics":["HollowMod:VesselMask","HollowMod:LifeEnderRelic","Replay:Towering Pillar of Hats","Ice Cream","Blood Vial"],"acts_visited":["Exordium"],"potions_floor_usage":[11,12,12,16],"damage_taken":[{"damage":1,"enemies":"Jaw Worm","floor":1,"turns":5},{"damage":0,"enemies":"Small Slimes","floor":2,"turns":2},{"damage":1,"enemies":"Cultist","floor":4,"turns":4},{"damage":26,"enemies":"Gremlin Nob","floor":6,"turns":5},{"damage":2,"enemies":"Large Slime","floor":7,"turns":6},{"damage":55,"enemies":"Lagavulin","floor":10,"turns":9},{"damage":0,"enemies":"Blue Slaver","floor":11,"turns":1},{"damage":6,"enemies":"Gremlin Nob","floor":12,"turns":3},{"damage":2,"enemies":"3 Louse","floor":13,"turns":3},{"damage":0,"enemies":"Large Slime","floor":14,"turns":3},{"damage":23,"enemies":"HollowMod:FalseKnight","floor":16,"turns":6}],"seed_played":"4788186826288596900","potions_obtained":[{"floor":1,"key":"SmokeBomb"},{"floor":7,"key":"LiquidMemories"},{"floor":10,"key":"CultistPotion"},{"floor":12,"key":"AttackPotion"}],"is_trial":false,"path_per_floor":["M","M","?","M","?","E","M","R","T","E","M","E","M","M","R","B"],"character_chosen":"THE_BUGKNIGHT","items_purchased":[],"campfire_rested":0,"item_purchase_floors":[],"current_hp_per_floor":[82,82,82,81,86,66,70,70,70,25,25,19,19,21,21,0,0],"gold":294,"neow_bonus":"TEN_PERCENT_HP_BONUS","is_daily":false,"chose_seed":false,"campfire_upgraded":2,"win_rate":0.0,"timestamp":1610290444,"path_taken":["M","M","?","M","?","E","M","R","T","E","?","E","M","?","R","BOSS"],"items_purchased_type":[],"build_version":"2020-12-22","purchased_purges":0,"victory":false,"max_hp_per_floor":[82,82,82,82,87,87,87,87,87,87,87,87,87,87,87,87,87],"card_choices":[{"not_picked":["HollowMod:PerfectDash","HollowMod:DoubleDash"],"picked":"HollowMod:VengefulSpirit","floor":1},{"not_picked":["HollowMod:SoulSplash","HollowMod:CrystalDash"],"picked":"HollowMod:BaldurShell","floor":2},{"not_picked":["HollowMod:DoubleDash","HollowMod:InfectionAssault"],"picked":"HollowMod:NewJinnsSoul","floor":4},{"not_picked":["HollowMod:CornifersMapStart","HollowMod:DungDefenderAura"],"picked":"HollowMod:GreatSlash","floor":6},{"not_picked":["HollowMod:SiblingsShadow","HollowMod:PureNailStrike"],"picked":"HollowMod:AwokenDreamNail","floor":7},{"not_picked":["HollowMod:DashSlash","HollowMod:PerfectDash"],"picked":"HollowMod:MantisMark","floor":10},{"not_picked":["HollowMod:FastStrike","HollowMod:CycloneSlash"],"picked":"HollowMod:ChannelNail","floor":12},{"not_picked":["HollowMod:HeavyBlow","HollowMod:VengefulVoid"],"picked":"HollowMod:VengefulSpirit","floor":13},{"not_picked":["HollowMod:SharpenedNail","HollowMod:GreatSlash","HollowMod:SharpenedShadows"],"picked":"SKIP","floor":14}],"player_experience":656635,"relics_obtained":[{"floor":6,"key":"HollowMod:LifeEnderRelic"},{"floor":9,"key":"Replay:Towering Pillar of Hats"},{"floor":10,"key":"Ice Cream"},{"floor":12,"key":"Blood Vial"}],"event_choices":[{"damage_healed":0,"gold_gain":0,"player_choice":"Donut","damage_taken":0,"max_hp_gain":5,"max_hp_loss":0,"event_name":"Big Fish","floor":5,"gold_loss":0}],"is_beta":false,"boss_relics":[],"items_purged_floors":[],"is_endless":false,"potions_floor_spawned":[1,7,10,12],"killed_by":"HollowMod:FalseKnight","ascension_level":0}}