{"host":"m05ccpxu5tzpdfht","time":1610289662,"event":{"mods":["BaseMod","Marisa????????","Minty Spire (QoL Compilation)","Replay The Spire","Shop Mod","StSLib","The Bug Knight"],"gold_per_floor":[109,109,123,141,155,185,204,204,204,220,220,238,238,271,271,411,411,429,441,468,540,540,540,563,563,563,600,600,618,680,704,744,768,768],"floor_reached":33,"playtime":2160,"items_purged":[],"score":286,"play_id":"36e70a0e-f7d7-4346-9756-10ba4cf9331f","local_time":"20210110094102","is_ascension_mode":false,"campfire_choices":[{"data":"MasterSpark","floor":8,"key":"SMITH"},{"data":"CollectingQuirk","floor":11,"key":"SMITH"},{"data":"Robbery","floor":13,"key":"SMITH"},{"floor":15,"key":"DIG"},{"data":"BlazeAway","floor":25,"key":"SMITH"}],"circlet_count":0,"master_deck":["Strike_MRS","Strike_MRS","Strike_MRS","Strike_MRS","Defend_MRS","Defend_MRS","Defend_MRS","MasterSpark+1","UpSweep","PulseMagic+1","SprinkleStarSeal","SporeBomb","GalacticHalo","GrandCross","DarkMatter","CollectingQuirk+1","Robbery+1","OrrerysSun","JA","AsteroidBelt","MilkyWay+1","BlazeAway+1","PropBag","EnergyFlow","OpenUniverse+1","LuminesStrike","Acceleration","Singularity+1","AsteroidBelt+1"],"relics":["MiniHakkero","Ginger","Turnip","FossilizedHelix","SlaversCollar","HornCleat"],"acts_visited":["Exordium","TheCity"],"potions_floor_usage":[6,16,29,30,31,32,33],"damage_taken":[{"damage":2,"enemies":"2 Louse","floor":1,"turns":4},{"damage":5,"enemies":"Cultist","floor":3,"turns":4},{"damage":7,"enemies":"Small Slimes","floor":4,"turns":4},{"damage":10,"enemies":"Red Slaver","floor":5,"turns":5},{"damage":1,"enemies":"Lagavulin","floor":6,"turns":6},{"damage":8,"enemies":"2 Fungi Beasts","floor":7,"turns":3},{"damage":0,"enemies":"Exordium Wildlife","floor":10,"turns":3},{"damage":0,"enemies":"Gremlin Gang","floor":12,"turns":6},{"damage":9,"enemies":"Blue Slaver","floor":14,"turns":3},{"damage":12,"enemies":"Slime Boss","floor":16,"turns":10},{"damage":1,"enemies":"Shell Parasite","floor":18,"turns":4},{"damage":0,"enemies":"Spheric Guardian","floor":19,"turns":6},{"damage":5,"enemies":"Centurion and Healer","floor":20,"turns":7},{"damage":15,"enemies":"Snake Plant","floor":21,"turns":4},{"damage":9,"enemies":"Shelled Parasite and Fungi","floor":24,"turns":6},{"damage":11,"enemies":"Chosen and Byrds","floor":27,"turns":6},{"damage":0,"enemies":"Centurion and Healer","floor":29,"turns":2},{"damage":0,"enemies":"3 Cultists","floor":30,"turns":6},{"damage":8,"enemies":"Chosen and Byrds","floor":31,"turns":5},{"damage":27,"enemies":"Cultist and Chosen","floor":32,"turns":8},{"damage":6,"enemies":"Book of Stabbing","floor":33,"turns":3}],"seed_played":"955729056143779746","potions_obtained":[{"floor":1,"key":"ColorlessPotion"},{"floor":12,"key":"Block Potion"},{"floor":14,"key":"Explosive Potion"},{"floor":20,"key":"Energy Potion"},{"floor":27,"key":"StarNLove"},{"floor":30,"key":"BlessingOfTheForge"},{"floor":31,"key":"Languid Potion"},{"floor":32,"key":"Strength Potion"}],"is_trial":false,"path_per_floor":["M","?","M","M","M","E","M","R","T","M","R","M","R","M","R","B",null,"M","M","M","M","PTL","PTL","M","R","?","M","T","M","M","M","M","E"],"character_chosen":"MARISA","items_purchased":[],"campfire_rested":0,"item_purchase_floors":[],"current_hp_per_floor":[80,80,75,68,58,57,49,49,49,49,49,49,49,40,40,28,82,81,81,76,61,61,61,52,52,52,41,41,41,41,33,6,0,0],"gold":768,"neow_bonus":"TEN_PERCENT_HP_BONUS","is_daily":false,"chose_seed":false,"campfire_upgraded":4,"win_rate":0.0,"timestamp":1610289662,"path_taken":["M","?","M","M","M","E","?","R","T","M","R","M","R","M","R","BOSS","M","M","M","M","PTL","PTL","M","R","?","M","T","?","M","M","M","E"],"items_purchased_type":[],"build_version":"2020-12-22","purchased_purges":0,"victory":false,"max_hp_per_floor":[82,82,82,82,82,82,82,82,82,82,82,82,82,82,82,82,82,82,82,82,82,82,82,82,82,82,82,82,82,82,82,82,82,82],"card_choices":[{"not_picked":["GasGiant","ShootingEcho"],"picked":"PulseMagic","floor":1},{"not_picked":["AsteroidBelt","Acceleration"],"picked":"SprinkleStarSeal","floor":3},{"not_picked":["NonDirectionalLaser","ChargingUp"],"picked":"SporeBomb","floor":4},{"not_picked":["6A","UnstableBomb"],"picked":"GalacticHalo","floor":5},{"not_picked":["ChargingUp","PropBag"],"picked":"GrandCross","floor":6},{"not_picked":["ShootingEcho","ChargingUp"],"picked":"DarkMatter","floor":7},{"not_picked":["GalacticHalo","IllusionStar"],"picked":"CollectingQuirk","floor":10},{"not_picked":["DarkSpark","Occultation"],"picked":"Robbery","floor":12},{"not_picked":["SporeBomb","ShootingEcho"],"picked":"OrrerysSun","floor":14},{"not_picked":["FinalSpark","UltimateShortwave"],"picked":"JA","floor":16},{"not_picked":["MagicChant","UnstableBomb"],"picked":"AsteroidBelt","floor":18},{"not_picked":["ShootingEcho","UnstableBomb"],"picked":"MilkyWay+1","floor":19},{"not_picked":["DeepEcoloBomb+1","IllusionStar"],"picked":"BlazeAway","floor":20},{"not_picked":["6A+1","LuminesStrike"],"picked":"PropBag","floor":21},{"not_picked":["ChargingUp","GalacticHalo"],"picked":"EnergyFlow","floor":24},{"not_picked":["MagicChant","DoubleSpark"],"picked":"OpenUniverse+1","floor":27},{"not_picked":["BlazingStar","SuperPerseids"],"picked":"LuminesStrike","floor":29},{"not_picked":["WitchLeyline","NonDirectionalLaser"],"picked":"Acceleration","floor":30},{"not_picked":["NonDirectionalLaser+1","EarthLightRay"],"picked":"Singularity+1","floor":31},{"not_picked":["ShootTheMoon+1","ShootingEcho"],"picked":"AsteroidBelt+1","floor":32}],"player_experience":654475,"relics_obtained":[{"floor":6,"key":"Ginger"},{"floor":9,"key":"Turnip"},{"floor":15,"key":"FossilizedHelix"},{"floor":28,"key":"HornCleat"}],"event_choices":[{"damage_healed":0,"gold_gain":0,"player_choice":"Upgraded","damage_taken":0,"max_hp_gain":0,"max_hp_loss":0,"event_name":"Upgrade Shrine","floor":2,"gold_loss":0,"cards_upgraded":["PulseMagic"]},{"cards_removed":["Defend_MRS"],"damage_healed":0,"gold_gain":0,"player_choice":"Card Removal","damage_taken":0,"max_hp_gain":0,"max_hp_loss":0,"event_name":"Wheel of Change","floor":26,"gold_loss":0}],"is_beta":false,"boss_relics":[{"not_picked":["BewitchedHakkero","Ring of Chaos"],"picked":"SlaversCollar"}],"items_purged_floors":[],"is_endless":false,"potions_floor_spawned":[1,12,14,20,27,30,31,32],"killed_by":"Book of Stabbing","ascension_level":0}}