{"host":"65a95dzim48ko8ke","time":1610245542,"event":{"mods":["BaseMod","Beaked The Cultist","Colored Powertips","Minty Spire (QoL Compilation)","Permanent Neow","Quick Restart","Rare Cards Sparkle","Replay The Spire","StSLib"],"gold_per_floor":[213,232,407,407,425,453,453,453,453,469,497,577,97,115,115,211,211,228,228,52,52,67,97,116,116,163,188,36,36,55,112,112,215,215,234,252,252,252,127,127,142,192,192,226,83,95,95,106,106,106,106,106,9,41,41],"floor_reached":56,"playtime":4814,"items_purged":["Doubt","Pain","Hallucinations"],"score":1398,"play_id":"f0c1b3d2-cd45-43cb-8d90-483e182ca486","local_time":"20210110112542","is_ascension_mode":false,"campfire_choices":[{"data":"beaked:Foresight","floor":8.0,"key":"SMITH"},{"floor":25,"key":"DIG"},{"floor":29,"key":"DIG"},{"floor":32,"key":"DIG"},{"floor":40,"key":"RECALL"},{"floor":47,"key":"DIG"},{"floor":49,"key":"DIG"}],"circlet_count":0,"master_deck":["beaked:Strike_Y","beaked:Strike_Y","beaked:Strike_Y","beaked:Strike_Y","beaked:Strike_Y","beaked:Strike_Y+1","beaked:Defend_Y","beaked:Defend_Y","beaked:Defend_Y","beaked:Defend_Y+1","beaked:Ceremony","beaked:Ceremony","beaked:Ceremony","beaked:StunningBlow","beaked:HuntressSpirit","beaked:Foresight+1","beaked:DigDeep","beaked:MimicWarrior","beaked:Negation","Thinking Ahead","Replay:Sssssssssshield+1","beaked:Roost","beaked:Overexert","beaked:Windmill","beaked:Foresight","beaked:ScreechingChant","beaked:WarriorEssence","beaked:Sacrifice","beaked:BloodRitual+1","beaked:BounceBack","beaked:Sacrifice","beaked:Molting","beaked:Evade+1","beaked:AwakenedForm","beaked:HuntressEssence+1","beaked:Tweet+1","Madness+1","Madness","beaked:Overpower","beaked:RitualOfBody+1","beaked:Brace+1","ReplayTheSpireMod:IOU","beaked:CursingBlood","beaked:MachineSpirit","beaked:BarbedWire","ReplayTheSpireMod:IOU","beaked:SurvivalInstinct","ReplayTheSpireMod:Owlgaze"],"relics":["beaked:MendingPlumage","WarpedTongs","White Beast Statue","Ring of Fury","Ring of Hypnosis","Ornamental Fan","HornCleat","Chameleon Ring","BargainBundle","ReplayTheSpireMod:Lightbulb","Replay:Arrowhead","ChewingGum","Enchiridion","Replay:Wax Seal","Shovel","Pet Ghost","Regal Pillow","Happy Flower","Kunai","Divine Protection","Matryoshka","Honey Jar","Calipers","Replay:Ringing Soul","War Paint","Replay:Rubber Ducky","ReplayTheSpireMod:CursedCoin","Replay:Accelerometer","beaked:ShinyBauble","ReplayFunnel","Oddly Smooth Stone","Simple Rune"],"acts_visited":["Exordium","TheCity","TheBeyond","TheEnding"],"potions_floor_usage":[22,22,23,24,27,33,36,44,50,55,55,55,55],"damage_taken":[{"damage":0.0,"enemies":"2 Louse","floor":1.0,"turns":3.0},{"damage":20.0,"enemies":"Jaw Worm","floor":2.0,"turns":5.0},{"damage":7.0,"enemies":"Cultist","floor":5.0,"turns":5.0},{"damage":19.0,"enemies":"Gremlin Nob","floor":6.0,"turns":5.0},{"damage":9.0,"enemies":"3 Louse","floor":10.0,"turns":4.0},{"damage":22.0,"enemies":"3 Sentries","floor":11.0,"turns":9.0},{"damage":3.0,"enemies":"Blue Slaver","floor":14.0,"turns":5.0},{"damage":50.0,"enemies":"Slime Boss","floor":16.0,"turns":9.0},{"damage":49,"enemies":"Spheric Guardian","floor":18,"turns":8},{"damage":14,"enemies":"Shell Parasite","floor":22,"turns":7},{"damage":20,"enemies":"Replay:Snechameleon","floor":23,"turns":6},{"damage":18,"enemies":"Snake Plant","floor":24,"turns":5},{"damage":32,"enemies":"Slavers","floor":27,"turns":5},{"damage":12,"enemies":"Centurion and Healer","floor":30,"turns":5},{"damage":27,"enemies":"Champ","floor":33,"turns":7},{"damage":44,"enemies":"3 Darklings","floor":35,"turns":6},{"damage":0,"enemies":"3 Shapes","floor":36,"turns":3},{"damage":13,"enemies":"Writhing Mass","floor":41,"turns":4},{"damage":27,"enemies":"Mind Bloom Boss Battle","floor":42,"turns":5},{"damage":27,"enemies":"Nemesis","floor":44,"turns":7},{"damage":0,"enemies":"Spire Growth","floor":46,"turns":5},{"damage":0,"enemies":"3 Darklings","floor":48,"turns":6},{"damage":36,"enemies":"Donu and Deca","floor":50,"turns":8},{"damage":0,"enemies":"Shield and Spear","floor":54,"turns":6},{"damage":38,"enemies":"The Heart","floor":55,"turns":8}],"seed_played":"1705267604229494957","potions_obtained":[{"floor":1.0,"key":"Venom Potion"},{"floor":2.0,"key":"LifebloodPotion"},{"floor":10.0,"key":"Explosive Potion"},{"floor":11.0,"key":"LifebloodPotion"},{"floor":14.0,"key":"PowerPotion"},{"floor":16.0,"key":"Fire Potion"},{"floor":18,"key":"beaked:MendingBrew"},{"floor":22,"key":"BlessingOfTheForge"},{"floor":23,"key":"PowerPotion"},{"floor":24,"key":"Fruit Juice"},{"floor":27,"key":"Block Potion"},{"floor":30,"key":"GamblersBrew"},{"floor":31,"key":"SneckoOil"},{"floor":33,"key":"Adrenaline Potion"},{"floor":35,"key":"Dexterity Potion"},{"floor":36,"key":"Doom Potion"},{"floor":41,"key":"Reflective Coating"},{"floor":42,"key":"Fire Potion"},{"floor":44,"key":"SteroidPotion"},{"floor":46,"key":"LiquidBronze"},{"floor":48,"key":"LiquidBronze"},{"floor":54,"key":"Fire Potion"}],"is_trial":false,"path_per_floor":["M","M","?","?","M","E","?","R","T","M","E","T","$","M","R","B",null,"M","?","$","?","M","E","M","R","T","E","$","R","M","?","R","B",null,"M","M","?","?","$","R","M","?","T","E","$","M","R","M","R","B",null,"R","$","E","B",null],"character_chosen":"BEAKED_THE_CULTIST","items_purchased":["BargainBundle","Thinking Ahead","Replay:Sssssssssshield","beaked:Roost","beaked:Overexert","ReplayTheSpireMod:Lightbulb","beaked:Windmill","Replay:Wax Seal","Happy Flower","ReplayTheSpireMod:CursedCoin","Replay:Accelerometer","beaked:CursingBlood","Oddly Smooth Stone","beaked:SurvivalInstinct"],"campfire_rested":0,"item_purchase_floors":[13,13,13,13,13,13,13,20,28,45,45,45,53,53],"current_hp_per_floor":[50,37,37,37,43,38,38,38,38,39,46,46,46,50,43,40,50,25,9,9,9,53,53,60,60,60,66,66,66,69,51,51,75,75,78,84,73,73,73,73,87,89,89,91,94,105,105,111,111,117,117,117,120,129,129],"gold":41,"neow_bonus":"HUNDRED_GOLD","is_daily":false,"chose_seed":false,"campfire_upgraded":1,"win_rate":0.0,"timestamp":1610245542,"path_taken":["M","M","?","?","?","E","?","R","T","M","E","?","$","M","R","BOSS","M","?","$","?","M","E","M","R","T","E","$","R","M","?","R","BOSS","M","?","?","?","$","R","M","?","T","E","$","M","R","?","R","BOSS","R","$","E","BOSS"],"items_purchased_type":["Relic","Card","Card","Card","Card","Relic","Card","Relic","Relic","Relic","Relic","Card","Relic","Card"],"build_version":"2020-12-22","purchased_purges":3,"victory":true,"max_hp_per_floor":[50,50,50,50,50,50,50,50,50,50,50,50,50,50,50,50,50,50,50,50,50,53,53,63,63,63,66,66,66,72,72,72,75,75,78,84,84,84,84,84,87,90,90,96,99,105,105,111,111,117,117,117,120,129,129],"card_choices":[{"not_picked":["beaked:Brace","beaked:WarriorEssence"],"picked":"beaked:StunningBlow","floor":1.0},{"not_picked":["beaked:DigDeep","beaked:Flinch"],"picked":"beaked:HuntressSpirit","floor":2.0},{"not_picked":["beaked:DesperateSwing","beaked:Mantra"],"picked":"beaked:Foresight","floor":5.0},{"not_picked":["beaked:WarriorEssence","beaked:Brainwash"],"picked":"beaked:DigDeep","floor":6.0},{"not_picked":["beaked:Evade","beaked:DarkPact"],"picked":"beaked:MimicWarrior","floor":10.0},{"not_picked":["beaked:CursingBlood","beaked:StickSmack"],"picked":"beaked:Negation","floor":11.0},{"not_picked":["beaked:Insight","beaked:WarriorSpirit"],"picked":"beaked:Foresight","floor":14.0},{"not_picked":["beaked:Caw","beaked:FullHouse"],"picked":"beaked:ScreechingChant","floor":16.0},{"not_picked":["beaked:Tradeoff","beaked:Redirect+1"],"picked":"beaked:WarriorEssence","floor":18},{"not_picked":["beaked:Redirect+1","beaked:Daydream"],"picked":"beaked:BloodRitual+1","floor":22},{"not_picked":["beaked:Mantra","beaked:Cower","beaked:FeelMyPain"],"picked":"SKIP","floor":23},{"not_picked":["beaked:DigDeep+1","beaked:Poke"],"picked":"beaked:BounceBack","floor":24},{"not_picked":["beaked:Brace+1","beaked:Resilience"],"picked":"beaked:Sacrifice","floor":27},{"not_picked":["beaked:WarriorEssence+1","beaked:Daydream"],"picked":"beaked:Molting","floor":30},{"not_picked":["beaked:MimicWarrior","beaked:Tweet"],"picked":"beaked:Evade+1","floor":31},{"not_picked":["beaked:DarkPact","beaked:FakeOut"],"picked":"beaked:AwakenedForm","floor":33},{"not_picked":["beaked:SurvivalInstinct","beaked:MimicHuntress","beaked:Hexing"],"picked":"beaked:HuntressEssence+1","floor":35},{"not_picked":["beaked:Tradeoff","beaked:Daydream","beaked:Redirect+1"],"picked":"beaked:Tweet+1","floor":36},{"not_picked":["beaked:StunningBlow+1","beaked:BounceBack","beaked:Evade"],"picked":"beaked:Overpower","floor":41},{"not_picked":["beaked:MachineSpirit+1","beaked:WindBringer+1","beaked:Tradeoff+1"],"picked":"beaked:RitualOfBody+1","floor":42},{"not_picked":["beaked:HuntressEssence","beaked:DesperateSwing+1","beaked:RuinSticks+1"],"picked":"beaked:Brace+1","floor":44},{"not_picked":["beaked:BraceForImpact","beaked:Brace+1","beaked:SurvivalInstinct"],"picked":"beaked:MachineSpirit","floor":46},{"not_picked":["beaked:Tweet","beaked:Poke","beaked:VigorBurst"],"picked":"beaked:BarbedWire","floor":48},{"not_picked":["beaked:CursingBlood+1","beaked:Negation+1","beaked:BraceForImpact"],"picked":"ReplayTheSpireMod:Owlgaze","floor":54}],"player_experience":286891,"relics_obtained":[{"floor":6.0,"key":"White Beast Statue"},{"floor":7.0,"key":"Ring of Fury"},{"floor":7.0,"key":"Ring of Hypnosis"},{"floor":9.0,"key":"Ornamental Fan"},{"floor":11.0,"key":"HornCleat"},{"floor":12.0,"key":"Chameleon Ring"},{"floor":19,"key":"Enchiridion"},{"floor":23,"key":"Shovel"},{"floor":25,"key":"Pet Ghost"},{"floor":27,"key":"Regal Pillow"},{"floor":29,"key":"Kunai"},{"floor":31,"key":"Divine Protection"},{"floor":32,"key":"Matryoshka"},{"floor":42,"key":"Calipers"},{"floor":43,"key":"Replay:Ringing Soul"},{"floor":43,"key":"War Paint"},{"floor":44,"key":"Replay:Rubber Ducky"},{"floor":47,"key":"beaked:ShinyBauble"},{"floor":49,"key":"ReplayFunnel"},{"floor":54,"key":"Simple Rune"}],"event_choices":[{"damage_healed":0.0,"max_hp_gain":0.0,"max_hp_loss":0.0,"gold_gain":175.0,"event_name":"Liars Game","player_choice":"AGREE","floor":3.0,"gold_loss":0.0,"damage_taken":0.0,"cards_obtained":["Doubt"]},{"damage_healed":0.0,"max_hp_gain":0.0,"max_hp_loss":0.0,"gold_gain":0.0,"event_name":"Accursed Blacksmith","player_choice":"Rummage","floor":4.0,"gold_loss":0.0,"damage_taken":0.0,"relics_obtained":["WarpedTongs"],"cards_obtained":["Pain"]},{"damage_healed":0.0,"max_hp_gain":0.0,"max_hp_loss":0.0,"gold_gain":0.0,"event_name":"Scrap Ooze","player_choice":"Success","floor":15.0,"gold_loss":0.0,"damage_taken":7.0,"relics_obtained":["Replay:Arrowhead"]},{"damage_healed":0,"gold_gain":0,"player_choice":"Obtained Book","damage_taken":16,"max_hp_gain":0,"max_hp_loss":0,"event_name":"Cursed Tome","floor":19,"gold_loss":0},{"damage_healed":0,"gold_gain":0,"player_choice":"Read","damage_taken":0,"max_hp_gain":0,"max_hp_loss":0,"event_name":"The Library","floor":21,"gold_loss":0,"cards_obtained":["beaked:Sacrifice"]},{"damage_healed":0,"gold_gain":0,"player_choice":"Embrace Madness","damage_taken":11,"max_hp_gain":0,"max_hp_loss":0,"event_name":"Winding Halls","floor":37,"gold_loss":0,"cards_obtained":["Madness","Madness"]},{"damage_healed":0,"gold_gain":0,"player_choice":"Ignored","damage_taken":0,"max_hp_gain":0,"max_hp_loss":0,"event_name":"Tomb of Lord Red Mask","floor":38,"gold_loss":0},{"damage_healed":0,"gold_gain":0,"player_choice":"Fight","damage_taken":0,"max_hp_gain":0,"max_hp_loss":0,"event_name":"MindBloom","floor":42,"gold_loss":0}],"is_beta":false,"boss_relics":[{"not_picked":["Ectoplasm","Sozu"],"picked":"ChewingGum"},{"not_picked":["Calling Bell","beaked:SacrificeDoll"],"picked":"Honey Jar"}],"items_purged_floors":[13,20,39],"is_endless":false,"potions_floor_spawned":[1,2,10,11,14,16,18,22,23,24,27,30,33,35,36,41,42,44,46,48,54],"ascension_level":0}}