{"host":"huzih8coe6eib4hq","time":1610255036,"event":{"mods":["BaseMod","Bestiary","Highlight Path","Minty Spire (QoL Compilation)","Relic Stats"],"gold_per_floor":[111,125,137,150,150,183,183,195,195,224,224,224,235,235,235,332,332,346,271,291,301,317,345,345,67,94,109,119,132,132,158,158,258,258,270,199,249,264,72,72,100,115,162,162,179,194,206,11,11,11],"floor_reached":51,"playtime":12070,"items_purged":["Strike_G"],"score":1099,"play_id":"f748b5af-9f5f-43fe-a1d7-dfd9faa743a7","local_time":"20210110000356","is_ascension_mode":true,"campfire_choices":[{"data":"Wraith Form v2","floor":7.0,"key":"SMITH"},{"data":"Prepared","floor":12.0,"key":"SMITH"},{"data":"Caltrops","floor":15.0,"key":"SMITH"},{"floor":24.0,"key":"REST"},{"data":"Glass Knife","floor":30.0,"key":"SMITH"},{"data":"Well Laid Plans","floor":32.0,"key":"SMITH"},{"data":"Footwork","floor":40.0,"key":"SMITH"},{"data":"A Thousand Cuts","floor":49,"key":"SMITH"}],"circlet_count":0,"master_deck":["Strike_G","Defend_G","Defend_G","Defend_G","Defend_G","Survivor","Neutralize","Bouncing Flask+1","Poisoned Stab+1","Bane+1","Prepared+1","Sucker Punch","Wraith Form v2+1","Backflip+1","Deadly Poison+1","Backflip+1","Caltrops+1","Masterful Stab","Venomology+1","Dagger Spray+1","Well Laid Plans+1","Glass Knife+1","Acrobatics+1","PiercingWail+1","Corpse Explosion+1","Crippling Poison+1","Riddle With Holes+1","PiercingWail+1","Footwork+1","A Thousand Cuts+1","Blade Dance+1","Leg Sweep+1","Malaise+1"],"relics":["Astrolabe","Toxic Egg 2","Eternal Feather","Matryoshka","Busted Crown","Pantograph","PreservedInsect","Art of War","Bag of Preparation","Snake Skull","Snecko Eye","Dead Branch","Membership Card","Oddly Smooth Stone","Singing Bowl","Dream Catcher","Vajra"],"acts_visited":["Exordium","TheCity","TheBeyond"],"potions_floor_usage":[50],"damage_taken":[{"damage":0.0,"enemies":"Small Slimes","floor":1.0,"turns":2.0},{"damage":0.0,"enemies":"2 Louse","floor":2.0,"turns":3.0},{"damage":0.0,"enemies":"Cultist","floor":3.0,"turns":3.0},{"damage":1.0,"enemies":"Looter","floor":4.0,"turns":4.0},{"damage":17.0,"enemies":"Lagavulin","floor":6.0,"turns":5.0},{"damage":4.0,"enemies":"Large Slime","floor":8.0,"turns":5.0},{"damage":2.0,"enemies":"Gremlin Nob","floor":10.0,"turns":5.0},{"damage":3.0,"enemies":"2 Fungi Beasts","floor":13.0,"turns":4.0},{"damage":15.0,"enemies":"The Guardian","floor":16.0,"turns":7.0},{"damage":0.0,"enemies":"Spheric Guardian","floor":18.0,"turns":3.0},{"damage":2.0,"enemies":"Chosen","floor":20.0,"turns":4.0},{"damage":6.0,"enemies":"Snake Plant","floor":21.0,"turns":4.0},{"damage":5.0,"enemies":"Shelled Parasite and Fungi","floor":22.0,"turns":5.0},{"damage":31.0,"enemies":"Slavers","floor":23.0,"turns":8.0},{"damage":0.0,"enemies":"Centurion and Healer","floor":27.0,"turns":6.0},{"damage":2.0,"enemies":"Sentry and Sphere","floor":28.0,"turns":4.0},{"damage":3.0,"enemies":"Shelled Parasite and Fungi","floor":29.0,"turns":4.0},{"damage":0.0,"enemies":"Gremlin Leader","floor":31.0,"turns":3.0},{"damage":9.0,"enemies":"Collector","floor":33.0,"turns":7.0},{"damage":3.0,"enemies":"Orb Walker","floor":35.0,"turns":3.0},{"damage":0.0,"enemies":"Mind Bloom Boss Battle","floor":37.0,"turns":5.0},{"damage":1.0,"enemies":"3 Shapes","floor":38.0,"turns":5.0},{"damage":0.0,"enemies":"Giant Head","floor":41.0,"turns":6.0},{"damage":2.0,"enemies":"Jaw Worm Horde","floor":42.0,"turns":2.0},{"damage":7.0,"enemies":"Sphere and 2 Shapes","floor":45.0,"turns":6.0},{"damage":5.0,"enemies":"Writhing Mass","floor":46.0,"turns":4.0},{"damage":2,"enemies":"4 Shapes","floor":47,"turns":2},{"damage":26,"enemies":"Awakened One","floor":50,"turns":9}],"seed_played":"-3435934206932366481","potions_obtained":[{"floor":2.0,"key":"EntropicBrew"},{"floor":3.0,"key":"DuplicationPotion"},{"floor":6.0,"key":"LiquidMemories"},{"floor":8.0,"key":"Energy Potion"},{"floor":22.0,"key":"Fruit Juice"},{"floor":38.0,"key":"SkillPotion"}],"is_trial":false,"path_per_floor":["M","M","M","M","?","E","R","M","T","E","?","R","M","?","R","B",null,"M","$","M","M","M","E","R","$","T","M","M","M","R","E","R","B",null,"M","$","?","M","$","R","E","M","T","?","M","M","M","$","R","B",null],"character_chosen":"THE_SILENT","items_purchased":["Well Laid Plans","PreservedInsect","Acrobatics+1","Crippling Poison+1","Membership Card","Footwork","Leg Sweep+1","Malaise+1","Vajra","PowerPotion"],"campfire_rested":1,"item_purchase_floors":[19,25,25,36,39,39,48,48,48,48],"current_hp_per_floor":[63,63,63,62,62,45,45,41,41,39,39,48,45,45,54,39,62,62,62,60,54,49,18,51,51,51,56,54,51,63,63,75,66,73,70,70,75,74,74,75,75,73,73,73,68,63,61,61,77,51],"gold":11,"neow_bonus":"BOSS_RELIC","is_daily":false,"chose_seed":false,"campfire_upgraded":7,"win_rate":0.0,"timestamp":1610255036,"path_taken":["M","M","M","M","?","E","R","M","T","E","?","R","M","?","R","BOSS","M","$","M","M","M","E","R","$","T","?","M","M","R","E","R","BOSS","M","$","?","M","$","R","E","M","T","?","M","M","M","$","R","BOSS"],"items_purchased_type":["Card","Relic","Card","Card","Relic","Card","Card","Card","Relic","Potion"],"build_version":"2020-12-22","purchased_purges":1,"victory":true,"max_hp_per_floor":[70,70,70,70,70,70,70,70,70,70,70,70,70,70,70,70,70,70,70,70,70,70,70,70,70,70,75,75,75,75,75,75,75,75,75,75,75,75,75,75,75,75,75,75,77,77,77,77,77,77],"relic_stats":{"Singing Bowl":2,"counters":[28,128],"Astrolabe":["Bouncing Flask","Poisoned Stab","Bane"],"Dead Branch":[45],"Eternal Feather":71,"PreservedInsect":179,"Snake Skull":[89],"Bag of Preparation":[28],"Dream Catcher":0,"Busted Crown":36,"Pantograph":5,"Snecko Eye":[90,102,102,82],"Art of War":[8],"obtain_stats":[{"Singing Bowl":43,"Astrolabe":0,"Dead Branch":37,"Oddly Smooth Stone":41,"Vajra":48,"Eternal Feather":9,"PreservedInsect":25,"Snake Skull":31,"Bag of Preparation":26,"Dream Catcher":43,"Matryoshka":10,"Busted Crown":17,"Pantograph":23,"Snecko Eye":34,"Art of War":26,"Membership Card":39,"Toxic Egg 2":6,"Ring of the Snake":0},{"Singing Bowl":24,"Astrolabe":0,"Dead Branch":21,"Oddly Smooth Stone":23,"Vajra":27,"Eternal Feather":6,"PreservedInsect":14,"Snake Skull":18,"Bag of Preparation":14,"Dream Catcher":24,"Matryoshka":7,"Busted Crown":9,"Pantograph":14,"Snecko Eye":19,"Art of War":14,"Membership Card":22,"Toxic Egg 2":5,"Ring of the Snake":0},{"Singing Bowl":107,"Astrolabe":0,"Dead Branch":94,"Oddly Smooth Stone":105,"Vajra":119,"Eternal Feather":22,"PreservedInsect":62,"Snake Skull":79,"Bag of Preparation":62,"Dream Catcher":107,"Matryoshka":27,"Busted Crown":38,"Pantograph":62,"Snecko Eye":86,"Art of War":62,"Membership Card":99,"Toxic Egg 2":17,"Ring of the Snake":0}]},"card_choices":[{"not_picked":["Sucker Punch","Slice"],"picked":"Prepared","floor":1.0},{"not_picked":["Expertise","Cloak And Dagger"],"picked":"Sucker Punch","floor":2.0},{"not_picked":["Calculated Gamble","Outmaneuver"],"picked":"Wraith Form v2","floor":3.0},{"not_picked":["Blade Dance","Dagger Spray","Quick Slash"],"picked":"SKIP","floor":4.0},{"not_picked":["Outmaneuver+1","Dagger Spray"],"picked":"Backflip+1","floor":6.0},{"not_picked":["Backstab","Distraction+1"],"picked":"Deadly Poison+1","floor":8.0},{"not_picked":["Envenom","Heel Hook"],"picked":"Backflip+1","floor":10.0},{"not_picked":["All Out Attack","Dash"],"picked":"Caltrops","floor":13.0},{"not_picked":["Unload","A Thousand Cuts"],"picked":"Venomology+1","floor":16.0},{"not_picked":[],"picked":"Dagger Spray+1","floor":18.0},{"not_picked":["Poisoned Stab"],"picked":"SKIP","floor":20.0},{"not_picked":["Cloak And Dagger+1"],"picked":"SKIP","floor":21.0},{"not_picked":[],"picked":"Glass Knife","floor":22.0},{"not_picked":["Dagger Spray"],"picked":"SKIP","floor":23.0},{"not_picked":[],"picked":"PiercingWail+1","floor":27.0},{"not_picked":["Quick Slash"],"picked":"SKIP","floor":28.0},{"not_picked":["Sucker Punch"],"picked":"SKIP","floor":29.0},{"not_picked":["Glass Knife"],"picked":"SKIP","floor":31.0},{"not_picked":[],"picked":"Corpse Explosion+1","floor":33.0},{"not_picked":[],"picked":"Bane+1","floor":35.0},{"not_picked":[],"picked":"Riddle With Holes+1","floor":37.0},{"not_picked":[],"picked":"PiercingWail+1","floor":38.0},{"not_picked":["Prepared+1"],"picked":"SKIP","floor":41.0},{"not_picked":["Dagger Spray"],"picked":"SKIP","floor":42.0},{"not_picked":["Deflect+1"],"picked":"Singing Bowl","floor":45.0},{"not_picked":[],"picked":"A Thousand Cuts","floor":46.0},{"not_picked":[],"picked":"Blade Dance+1","floor":47}],"player_experience":809006,"relics_obtained":[{"floor":6.0,"key":"Toxic Egg 2"},{"floor":9.0,"key":"Eternal Feather"},{"floor":10.0,"key":"Matryoshka"},{"floor":23.0,"key":"Pantograph"},{"floor":26.0,"key":"Art of War"},{"floor":26.0,"key":"Bag of Preparation"},{"floor":31.0,"key":"Snake Skull"},{"floor":37.0,"key":"Dead Branch"},{"floor":41.0,"key":"Oddly Smooth Stone"},{"floor":43.0,"key":"Singing Bowl"},{"floor":43.0,"key":"Dream Catcher"}],"event_choices":[{"damage_healed":0.0,"max_hp_gain":0.0,"max_hp_loss":0.0,"gold_gain":0.0,"event_name":"Scrap Ooze","player_choice":"Fled","floor":5.0,"gold_loss":0.0,"damage_taken":0.0},{"damage_healed":0.0,"max_hp_gain":0.0,"max_hp_loss":0.0,"gold_gain":0.0,"event_name":"Liars Game","player_choice":"Ignored","floor":11.0,"gold_loss":0.0,"damage_taken":0.0},{"damage_healed":0.0,"max_hp_gain":0.0,"max_hp_loss":0.0,"gold_gain":0.0,"cards_transformed":["Strike_G"],"event_name":"Transmorgrifier","player_choice":"Transformed","floor":14.0,"gold_loss":0.0,"damage_taken":0.0,"cards_obtained":["Masterful Stab"]},{"damage_healed":0.0,"max_hp_gain":0.0,"max_hp_loss":0.0,"gold_gain":0.0,"event_name":"MindBloom","player_choice":"Fight","floor":37.0,"gold_loss":0.0,"damage_taken":0.0},{"cards_removed":["Bane"],"damage_healed":0.0,"max_hp_gain":0.0,"max_hp_loss":0.0,"gold_gain":0.0,"event_name":"Falling","player_choice":"Removed Attack","floor":44.0,"gold_loss":0.0,"damage_taken":0.0}],"is_beta":false,"boss_relics":[{"not_picked":["Cursed Key","HoveringKite"],"picked":"Busted Crown"},{"not_picked":["Philosopher\u0027s Stone","Runic Dome"],"picked":"Snecko Eye"}],"items_purged_floors":[25],"is_endless":false,"potions_floor_spawned":[2,3,6,8,22,27,28,29,31,33,37,38,47],"ascension_level":9}}