{"host":"jggt5i9rbuoqvque","time":1610322113,"event":{"mods":["BaseMod","Minty Spire (QoL Compilation)","StSLib"],"gold_per_floor":[10,10,10,30,42,71,71,89,89,14,46,46,63,98,98,200,200,218,218,118,132,7,7,38,55,55,65,65,65,81,94,94,196,196,208,58,77,37,57,57,91,91,91,91,140,140,152,152,152,152],"floor_reached":51,"playtime":1833,"items_purged":["Strike_R","Strike_R","Strike_R","Strike_R"],"score":1040,"play_id":"cd05572f-a224-425a-998b-47936daabb23","local_time":"20210111084153","is_ascension_mode":true,"campfire_choices":[{"data":"Heavy Blade","floor":7.0,"key":"SMITH"},{"data":"Bash","floor":12.0,"key":"SMITH"},{"data":"Shrug It Off","floor":15.0,"key":"SMITH"},{"data":"Cleave","floor":23.0,"key":"SMITH"},{"data":"Ghostly Armor","floor":28.0,"key":"SMITH"},{"floor":32.0,"key":"REST"},{"data":"RitualDagger","floor":40.0,"key":"SMITH"},{"data":"Headbutt","floor":42.0,"key":"SMITH"},{"floor":46.0,"key":"DIG"},{"floor":49,"key":"REST"}],"circlet_count":0,"master_deck":["Defend_R","Defend_R","Defend_R","Bash+1","Spot Weakness+1","Heavy Blade+1","Shrug It Off+1","Cleave+1","Ghostly Armor+1","Burning Pact+1","Flame Barrier+1","Double Tap+1","Armaments+1","RitualDagger+1","Feed+1","Headbutt+1","Pummel+1"],"relics":["Burning Blood","CaptainsWheel","Gremlin Horn","Toxic Egg 2","Ancient Tea Set","SlaversCollar","Omamori","HornCleat","Velvet Choker","Bottled Flame","Frozen Egg 2","Shovel","Vajra"],"acts_visited":["Exordium","TheCity","TheBeyond"],"potions_floor_usage":[],"damage_taken":[{"damage":14.0,"enemies":"Jaw Worm","floor":1.0,"turns":3.0},{"damage":3.0,"enemies":"2 Louse","floor":4.0,"turns":2.0},{"damage":6.0,"enemies":"Cultist","floor":5.0,"turns":3.0},{"damage":40.0,"enemies":"Lagavulin","floor":6.0,"turns":6.0},{"damage":17.0,"enemies":"Lots of Slimes","floor":8.0,"turns":2.0},{"damage":16.0,"enemies":"Gremlin Nob","floor":11.0,"turns":4.0},{"damage":0.0,"enemies":"Large Slime","floor":13.0,"turns":4.0},{"damage":12.0,"enemies":"3 Sentries","floor":14.0,"turns":5.0},{"damage":21.0,"enemies":"The Guardian","floor":16.0,"turns":13.0},{"damage":2.0,"enemies":"Chosen","floor":18.0,"turns":4.0},{"damage":0.0,"enemies":"Spheric Guardian","floor":21.0,"turns":4.0},{"damage":15.0,"enemies":"Slavers","floor":24.0,"turns":3.0},{"damage":2.0,"enemies":"Snake Plant","floor":25.0,"turns":2.0},{"damage":18.0,"enemies":"Centurion and Healer","floor":27.0,"turns":10.0},{"damage":32.0,"enemies":"Snecko","floor":30.0,"turns":6.0},{"damage":0.0,"enemies":"Snake Plant","floor":31.0,"turns":4.0},{"damage":22.0,"enemies":"Collector","floor":33.0,"turns":5.0},{"damage":7.0,"enemies":"3 Shapes","floor":35.0,"turns":4.0},{"damage":2.0,"enemies":"3 Darklings","floor":37.0,"turns":3.0},{"damage":40.0,"enemies":"Spire Growth","floor":39.0,"turns":7.0},{"damage":20.0,"enemies":"Reptomancer","floor":41.0,"turns":5.0},{"damage":7.0,"enemies":"2 Orb Walkers","floor":45.0,"turns":5.0},{"damage":22,"enemies":"4 Shapes","floor":47,"turns":7},{"damage":57,"enemies":"Donu and Deca","floor":50,"turns":8}],"seed_played":"6944784396677218234","potions_obtained":[{"floor":1.0,"key":"LiquidMemories"},{"floor":8.0,"key":"Strength Potion"},{"floor":11.0,"key":"DistilledChaos"},{"floor":13.0,"key":"LiquidBronze"},{"floor":16.0,"key":"HeartOfIron"},{"floor":18.0,"key":"Block Potion"},{"floor":30.0,"key":"DistilledChaos"},{"floor":31.0,"key":"LiquidMemories"},{"floor":33.0,"key":"SneckoOil"},{"floor":35.0,"key":"SteroidPotion"},{"floor":39.0,"key":"LiquidMemories"}],"is_trial":false,"path_per_floor":["M","?","?","M","M","E","R","M","T","$","E","R","M","E","R","B",null,"M","?","$","M","$","R","E","M","T","M","R","?","M","M","R","B",null,"M","$","M","?","M","R","E","R","T","$","?","R","M","?","R","B",null],"character_chosen":"IRONCLAD","items_purchased":[],"campfire_rested":2,"item_purchase_floors":[],"current_hp_per_floor":[80,80,80,83,83,49,49,38,38,38,28,28,34,28,28,13,75,79,79,79,85,85,85,76,80,80,68,68,62,36,42,70,54,86,88,88,92,92,58,58,44,44,44,44,47,47,31,31,61,10],"gold":152,"neow_bonus":"TWENTY_PERCENT_HP_BONUS","is_daily":false,"chose_seed":false,"campfire_upgraded":7,"win_rate":0.0,"timestamp":1610322113,"path_taken":["M","?","?","?","M","E","R","M","T","?","E","R","M","E","R","BOSS","M","?","$","?","?","R","E","M","T","?","R","?","M","M","R","BOSS","M","$","M","?","?","R","E","R","T","$","?","R","M","?","R","BOSS"],"items_purchased_type":[],"build_version":"2020-12-22","purchased_purges":4,"victory":true,"max_hp_per_floor":[96,96,96,96,96,96,96,96,96,96,96,96,96,96,96,96,96,96,96,96,96,96,96,96,96,96,96,96,96,96,96,96,96,96,99,99,99,99,99,99,99,99,99,99,103,103,103,103,103,103],"card_choices":[{"not_picked":["Headbutt","Thunderclap"],"picked":"Spot Weakness","floor":1.0},{"not_picked":["Anger","Spot Weakness"],"picked":"Heavy Blade","floor":4.0},{"not_picked":["Clothesline","Rage"],"picked":"Shrug It Off","floor":5.0},{"not_picked":["True Grit","Bludgeon"],"picked":"Cleave","floor":6.0},{"not_picked":["Anger","True Grit"],"picked":"Ghostly Armor","floor":8.0},{"not_picked":["Anger","Feel No Pain"],"picked":"Burning Pact+1","floor":11.0},{"not_picked":["Heavy Blade","Warcry+1","Bloodletting+1"],"picked":"SKIP","floor":13.0},{"not_picked":["Reaper","Havoc+1"],"picked":"Flame Barrier+1","floor":14.0},{"not_picked":["Fiend Fire","Limit Break+1"],"picked":"Double Tap+1","floor":16.0},{"not_picked":["Cleave","Headbutt+1","Dropkick"],"picked":"SKIP","floor":18.0},{"not_picked":["Warcry+1","Body Slam","Iron Wave"],"picked":"SKIP","floor":21.0},{"not_picked":["Havoc+1","Impervious+1","Wild Strike+1"],"picked":"SKIP","floor":24.0},{"not_picked":["Headbutt+1","Havoc+1"],"picked":"Armaments+1","floor":25.0},{"not_picked":["Wild Strike","Perfected Strike","Clothesline"],"picked":"SKIP","floor":27.0},{"not_picked":["Anger","Heavy Blade+1","Sword Boomerang+1"],"picked":"SKIP","floor":30.0},{"not_picked":["Rupture","Shrug It Off+1","True Grit+1"],"picked":"SKIP","floor":31.0},{"not_picked":["Juggernaut","Brutality"],"picked":"Feed","floor":33.0},{"not_picked":["Shrug It Off+1","Flex+1","Cleave"],"picked":"SKIP","floor":35.0},{"not_picked":["Armaments+1","Shrug It Off+1","Feel No Pain+1"],"picked":"SKIP","floor":37.0},{"not_picked":["True Grit+1","Reckless Charge+1","Headbutt+1"],"picked":"SKIP","floor":39.0},{"not_picked":["Armaments+1","Rupture"],"picked":"Headbutt","floor":41.0},{"not_picked":["Uppercut","Offering+1"],"picked":"Pummel+1","floor":47}],"player_experience":313371,"relics_obtained":[{"floor":6.0,"key":"CaptainsWheel"},{"floor":9.0,"key":"Gremlin Horn"},{"floor":11.0,"key":"Toxic Egg 2"},{"floor":14.0,"key":"Ancient Tea Set"},{"floor":24.0,"key":"Omamori"},{"floor":26.0,"key":"HornCleat"},{"floor":41.0,"key":"Bottled Flame"},{"floor":43.0,"key":"Frozen Egg 2"},{"floor":45.0,"key":"Shovel"},{"floor":46.0,"key":"Vajra"}],"event_choices":[{"cards_removed":["Strike_R"],"damage_healed":0.0,"max_hp_gain":0.0,"max_hp_loss":0.0,"gold_gain":0.0,"event_name":"Living Wall","player_choice":"Forget","floor":2.0,"gold_loss":0.0,"damage_taken":0.0},{"damage_healed":0.0,"max_hp_gain":0.0,"max_hp_loss":0.0,"gold_gain":0.0,"event_name":"Upgrade Shrine","player_choice":"Upgraded","floor":3.0,"gold_loss":0.0,"damage_taken":0.0,"cards_upgraded":["Spot Weakness"]},{"damage_healed":0.0,"max_hp_gain":0.0,"max_hp_loss":0.0,"gold_gain":0.0,"event_name":"The Woman in Blue","player_choice":"Bought 0 Potions","floor":19.0,"gold_loss":0.0,"damage_taken":0.0},{"damage_healed":0.0,"max_hp_gain":0.0,"max_hp_loss":0.0,"gold_gain":0.0,"event_name":"Nest","player_choice":"Joined the Cult","floor":29.0,"gold_loss":0.0,"damage_taken":6.0,"cards_obtained":["RitualDagger"]},{"damage_healed":0.0,"max_hp_gain":0.0,"max_hp_loss":0.0,"gold_gain":0.0,"event_name":"Designer","player_choice":"Upgrade","floor":38.0,"gold_loss":40.0,"damage_taken":0.0,"cards_upgraded":["Feed"]},{"damage_healed":0.0,"max_hp_gain":0.0,"max_hp_loss":0.0,"gold_gain":0.0,"event_name":"Mysterious Sphere","player_choice":"Fight","floor":45.0,"gold_loss":0.0,"damage_taken":0.0},{"cards_removed":["Defend_R"],"damage_healed":0,"gold_gain":0,"player_choice":"Removed Skill","damage_taken":0,"max_hp_gain":0,"max_hp_loss":0,"event_name":"Falling","floor":48,"gold_loss":0}],"is_beta":false,"boss_relics":[{"not_picked":["Ectoplasm","Philosopher\u0027s Stone"],"picked":"SlaversCollar"},{"not_picked":["Fusion Hammer","Coffee Dripper"],"picked":"Velvet Choker"}],"items_purged_floors":[10,20,22,36],"is_endless":false,"potions_floor_spawned":[1,8,11,13,16,18,30,31,33,35,39],"ascension_level":6}}