{"host":"wk46m6kgjezp23jj","time":1610242549,"event":{"mods":["AchievementEnabler","BaseMod","Beaked The Cultist","Bestiary","Colored Map","Colored Powertips","Downfall","Hermit","Minty Spire (QoL Compilation)","Replay The Spire","StSLib","The Bladedancer","The Construct","The Cursed","The Marked","The Servant 0.9.4"],"gold_per_floor":[112,112,126,201,201,201,231,250,275,285,285,297,297,313,313,411,411,426,426,437,637,651,651,671,671,750,767,786,786,786,85,85,85,85],"floor_reached":33,"playtime":1307,"items_purged":["Decay"],"score":274,"play_id":"bce27bbe-b824-4be1-95af-6afb623ead55","local_time":"20210109203549","is_ascension_mode":false,"campfire_choices":[{"data":"BasicCrystalCard","floor":6.0,"key":"SMITH"},{"floor":11,"key":"REST"},{"floor":13,"key":"REST"},{"data":"Genetic Algorithm","floor":15,"key":"SMITH"},{"floor":23,"key":"REST"},{"floor":25,"key":"REST"},{"floor":29,"key":"REST"},{"floor":32,"key":"REST"}],"circlet_count":0,"master_deck":["Strike_B","Strike_B","Strike_B","Defend_B","Defend_B","Defend_B","Defend_B","Zap+1","Dualcast","BasicCrystalCard+1","Genetic Algorithm+1","ReplayGash","Conserve Battery","Tempest","Beam Cell","Creative AI+1","Lockon","Go for the Eyes+1","Defragment","Creative AI+1","White Noise+1","Panic Button","Storm","Replay:SS_forest_6","Ball Lightning","Conserve Battery","ReplayGash","Leap"],"relics":["Cracked Core","NeowsBlessing","Happy Flower","Strawberry","Geode","Sozu","Replay:Bottled Flurry","Guide Book","Potion Belt"],"acts_visited":["Exordium","TheCity"],"potions_floor_usage":[16],"damage_taken":[{"damage":0.0,"enemies":"Jaw Worm","floor":1.0,"turns":1.0},{"damage":0.0,"enemies":"Small Slimes","floor":3.0,"turns":1.0},{"damage":0.0,"enemies":"Gremlin Nob","floor":7.0,"turns":1.0},{"damage":2.0,"enemies":"Cultist","floor":8.0,"turns":3.0},{"damage":26,"enemies":"Exordium Thugs","floor":10,"turns":5},{"damage":21,"enemies":"Lots of Slimes","floor":12,"turns":5},{"damage":0,"enemies":"Looter","floor":14,"turns":3},{"damage":35,"enemies":"Slime Boss","floor":16,"turns":9},{"damage":9,"enemies":"Chosen","floor":18,"turns":4},{"damage":28,"enemies":"2 Thieves","floor":20,"turns":4},{"damage":12,"enemies":"Snecko","floor":22,"turns":5},{"damage":50,"enemies":"Sentry and Sphere","floor":24,"turns":6},{"damage":16,"enemies":"Snake Plant","floor":27,"turns":3},{"damage":11,"enemies":"Snecko","floor":28,"turns":5},{"damage":60,"enemies":"Champ","floor":33,"turns":7}],"seed_played":"-2187476674588997795","potions_obtained":[{"floor":3.0,"key":"CultistPotion"},{"floor":16,"key":"BlessingOfTheForge"}],"is_trial":false,"path_per_floor":["M","?","M","?","?","R","E","M","T","M","R","M","R","M","R","B",null,"M","?","M","?","M","R","M","R","T","M","M","R","?","$","R","B"],"character_chosen":"DEFECT","items_purchased":["Guide Book","Storm","Replay:SS_forest_6","Potion Belt","Ball Lightning","Conserve Battery","ReplayGash","Leap"],"campfire_rested":6,"item_purchase_floors":[31,31,31,31,31,31,31,31],"current_hp_per_floor":[75,75,75,64,64,64,71,69,69,43,67,46,70,70,70,35,82,73,73,45,45,33,57,7,31,31,15,4,28,28,28,52,0,0],"gold":85,"neow_bonus":"THREE_ENEMY_KILL","is_daily":false,"chose_seed":false,"campfire_upgraded":2,"win_rate":0.0,"timestamp":1610242549,"path_taken":["M","?","M","?","?","R","E","M","T","M","R","?","R","M","R","BOSS","M","?","?","?","?","R","M","R","T","M","M","R","?","?","R","BOSS"],"items_purchased_type":["Relic","Card","Card","Relic","Card","Card","Card","Card"],"build_version":"2020-12-22","purchased_purges":1,"victory":false,"max_hp_per_floor":[75,75,75,75,75,75,82,82,82,82,82,82,82,82,82,82,82,82,82,82,82,82,82,82,82,82,82,82,82,82,82,82,82,82],"card_choices":[{"not_picked":["Ball Lightning","Time Bomb"],"picked":"BasicCrystalCard","floor":1.0},{"not_picked":["Stack","Redo"],"picked":"Gash","floor":3.0},{"not_picked":["Hologram","Machine Learning"],"picked":"Genetic Algorithm","floor":7.0},{"not_picked":["Gash","Hologram"],"picked":"ReplayGash","floor":8.0},{"not_picked":["Go for the Eyes","Coolheaded"],"picked":"Conserve Battery","floor":10},{"not_picked":["BasicCrystalCard","Reprogram"],"picked":"Tempest","floor":12},{"not_picked":["Force Field","Steam Power"],"picked":"Beam Cell","floor":14},{"not_picked":["Multi-Cast","ReplayTheSpireMod:Omega Cannon"],"picked":"Creative AI","floor":16},{"not_picked":["Force Field","Gash"],"picked":"Lockon","floor":18},{"not_picked":["Streamline","Reinforced Body"],"picked":"Go for the Eyes+1","floor":20},{"not_picked":["Reinforced Body+1","Panic Button"],"picked":"Defragment","floor":22},{"not_picked":["FTL+1","Beam Cell"],"picked":"Creative AI","floor":24},{"not_picked":["Compile Driver","Coolheaded+1"],"picked":"White Noise+1","floor":27},{"not_picked":["Stack+1","Storm"],"picked":"Panic Button","floor":28}],"player_experience":26093,"relics_obtained":[{"floor":7.0,"key":"Strawberry"},{"floor":9,"key":"Geode"},{"floor":26,"key":"Replay:Bottled Flurry"}],"event_choices":[{"damage_healed":0.0,"max_hp_gain":0.0,"max_hp_loss":0.0,"gold_gain":75.0,"event_name":"World of Goop","player_choice":"Gather Gold","floor":4.0,"gold_loss":0.0,"damage_taken":11.0},{"cards_removed":["Gash"],"damage_healed":0.0,"max_hp_gain":0.0,"max_hp_loss":0.0,"gold_gain":0.0,"event_name":"WeMeetAgain","player_choice":"Gave Card","floor":5.0,"gold_loss":0.0,"damage_taken":0.0,"relics_obtained":["Happy Flower"]},{"cards_removed":["Strike_B"],"damage_healed":0,"gold_gain":0,"player_choice":"Offered Basic","damage_taken":0,"max_hp_gain":0,"max_hp_loss":0,"event_name":"Bonfire Elementals","floor":19,"gold_loss":0},{"damage_healed":0,"gold_gain":200,"player_choice":"Gold","damage_taken":0,"max_hp_gain":0,"max_hp_loss":0,"event_name":"Wheel of Change","floor":21,"gold_loss":0},{"damage_healed":0,"gold_gain":0,"player_choice":"Smashed Altar","damage_taken":0,"max_hp_gain":0,"max_hp_loss":0,"event_name":"Forgotten Altar","floor":30,"gold_loss":0,"cards_obtained":["Decay"]}],"is_beta":false,"boss_relics":[{"not_picked":["ChewingGum","Black Star"],"picked":"Sozu"}],"items_purged_floors":[31],"is_endless":false,"potions_floor_spawned":[3,16,24,28],"killed_by":"Champ","ascension_level":0}}