{"host":"lvhfn8l5bvc4nolx","time":1610248082,"event":{"mods":["AchievementEnabler","BaseMod","Colored Map","Keyboard Shortcuts","Minty Spire (QoL Compilation)","Permanent Neow","Quick Restart","SuperFastMode"],"gold_per_floor":[109,58,58,78,3,3,3,37,60,60,60,60],"floor_reached":11,"playtime":188,"items_purged":["Defend_R"],"score":117,"play_id":"65b7636f-ac7a-4a0f-8b20-8f90fb3acb91","local_time":"20210110120802","is_ascension_mode":true,"campfire_choices":[{"data":"Shrug It Off","floor":6,"key":"SMITH"},{"data":"Fire Breathing","floor":10,"key":"SMITH"}],"circlet_count":0,"master_deck":["AscendersBane","Strike_R","Strike_R+1","Defend_R","Defend_R","Bash+1","Fire Breathing+1","Thunderclap","Flex","Shrug It Off+1"],"relics":["Burning Blood","Centennial Puzzle","Whetstone"],"acts_visited":["Exordium"],"potions_floor_usage":[11],"damage_taken":[{"damage":7,"enemies":"Jaw Worm","floor":1,"turns":3},{"damage":3,"enemies":"2 Louse","floor":4,"turns":4},{"damage":29,"enemies":"3 Sentries","floor":8,"turns":5},{"damage":40,"enemies":"Gremlin Nob","floor":11,"turns":3}],"seed_played":"3841092010158216230","potions_obtained":[{"floor":1,"key":"Swift Potion"}],"is_trial":false,"path_per_floor":["M","$","?","M","$","R","?","E","T","R","E"],"character_chosen":"IRONCLAD","items_purchased":["Thunderclap"],"campfire_rested":0,"item_purchase_floors":[2],"current_hp_per_floor":[49,49,49,52,52,52,52,29,29,29,0,0],"gold":60,"neow_bonus":"REMOVE_TWO","is_daily":false,"chose_seed":false,"campfire_upgraded":2,"win_rate":0.0,"timestamp":1610248082,"path_taken":["M","$","?","M","$","R","?","E","T","R","E"],"items_purchased_type":["Card"],"build_version":"2020-12-22","purchased_purges":1,"victory":false,"max_hp_per_floor":[75,75,75,75,75,75,75,75,75,75,75,75],"card_choices":[{"not_picked":["Wild Strike","Flex"],"picked":"Fire Breathing","floor":1},{"not_picked":["Clothesline","Battle Trance"],"picked":"Shrug It Off","floor":4},{"not_picked":["Corruption","Berserk","Sword Boomerang"],"picked":"SKIP","floor":8}],"player_experience":374301,"relics_obtained":[{"floor":8,"key":"Centennial Puzzle"},{"floor":9,"key":"Whetstone"}],"event_choices":[{"damage_healed":0,"gold_gain":0,"cards_transformed":["Strike_R"],"player_choice":"Change","damage_taken":0,"max_hp_gain":0,"max_hp_loss":0,"event_name":"Living Wall","floor":3,"gold_loss":0,"cards_obtained":["Flex"]},{"cards_removed":["Strike_R"],"damage_healed":0,"gold_gain":0,"player_choice":"Purged","damage_taken":0,"max_hp_gain":0,"max_hp_loss":0,"event_name":"Purifier","floor":7,"gold_loss":0}],"is_beta":false,"boss_relics":[],"items_purged_floors":[5],"is_endless":false,"potions_floor_spawned":[1],"killed_by":"Gremlin Nob","ascension_level":14}}