{"host":"1c17lcvl7acx821p","time":1610311792,"event":{"mods":["AchievementEnabler","BaseMod","Colored Map","Minty Spire (QoL Compilation)","StSLib"],"gold_per_floor":[116,133,144,154,165,165,165,196,246,246,10,10,44,56,56,158,158,172,199,298,314,115,150,150,177,177,208,225,225,238,258,258,357,357,372,155,172,272,282,314,331,331,405,436,449,226,576,576,576,576],"floor_reached":51,"playtime":2687,"items_purged":["Regret","Strike_R","Strike_R","Spot Weakness"],"score":1268,"play_id":"7536ce9f-2407-4a2d-8f10-e34775cdc851","local_time":"20210110224952","is_ascension_mode":true,"campfire_choices":[{"data":"True Grit","floor":6,"key":"SMITH"},{"data":"Disarm","floor":10,"key":"SMITH"},{"floor":15,"key":"REST"},{"floor":24,"key":"REST"},{"data":"Strike_R","floor":29,"key":"PURGE"},{"data":"Strike_R","floor":32,"key":"PURGE"},{"data":"Thunderclap","floor":42,"key":"PURGE"},{"data":"Fire Breathing","floor":49,"key":"SMITH"}],"circlet_count":0,"master_deck":["Defend_R+1","Defend_R","Defend_R","Defend_R","Bash","Disarm+1","Power Through","True Grit+1","Metallicize","Juggernaut","Sentinel+1","Fire Breathing+1","Reaper","Metallicize","Pommel Strike+1","Armaments+1","Juggernaut","Barricade","Entrench","Impervious","True Grit+1","Body Slam+1","Feel No Pain+1"],"relics":["Burning Blood","Gambling Chip","Prayer Wheel","HornCleat","Boot","Juzu Bracelet","Snecko Eye","Red Mask","Membership Card","Bag of Preparation","Bottled Lightning","MealTicket","Peace Pipe","Black Star","CaptainsWheel","War Paint","Blood Vial","Self Forming Clay","Ancient Tea Set","Potion Belt","Medical Kit","Lantern","Old Coin","Sundial"],"acts_visited":["Exordium","TheCity","TheBeyond"],"potions_floor_usage":[8,19,19,25,40,50,50,50],"damage_taken":[{"damage":1,"enemies":"Cultist","floor":1,"turns":4},{"damage":5,"enemies":"2 Louse","floor":2,"turns":4},{"damage":0,"enemies":"Jaw Worm","floor":3,"turns":3},{"damage":12,"enemies":"2 Fungi Beasts","floor":4,"turns":4},{"damage":7,"enemies":"Large Slime","floor":5,"turns":8},{"damage":20,"enemies":"Lagavulin","floor":8,"turns":9},{"damage":19,"enemies":"3 Sentries","floor":13,"turns":7},{"damage":3,"enemies":"Exordium Thugs","floor":14,"turns":4},{"damage":3,"enemies":"Hexaghost","floor":16,"turns":11},{"damage":0,"enemies":"Shell Parasite","floor":18,"turns":5},{"damage":31,"enemies":"Masked Bandits","floor":19,"turns":6},{"damage":21,"enemies":"Spheric Guardian","floor":21,"turns":9},{"damage":46,"enemies":"Gremlin Leader","floor":23,"turns":8},{"damage":0,"enemies":"Slavers","floor":25,"turns":4},{"damage":4,"enemies":"Gremlin Leader","floor":27,"turns":8},{"damage":0,"enemies":"Snake Plant","floor":28,"turns":6},{"damage":1,"enemies":"Sentry and Sphere","floor":30,"turns":5},{"damage":0,"enemies":"Centurion and Healer","floor":31,"turns":9},{"damage":29,"enemies":"Automaton","floor":33,"turns":7},{"damage":3,"enemies":"Orb Walker","floor":35,"turns":5},{"damage":10,"enemies":"3 Darklings","floor":37,"turns":5},{"damage":8,"enemies":"Transient","floor":39,"turns":5},{"damage":68,"enemies":"Giant Head","floor":40,"turns":14},{"damage":0,"enemies":"Jaw Worm Horde","floor":41,"turns":4},{"damage":0,"enemies":"Reptomancer","floor":44,"turns":6},{"damage":0,"enemies":"Maw","floor":45,"turns":6},{"damage":0,"enemies":"Mind Bloom Boss Battle","floor":47,"turns":9},{"damage":0,"enemies":"Donu and Deca","floor":50,"turns":7}],"seed_played":"3131315278880994407","potions_obtained":[{"floor":1,"key":"EssenceOfSteel"},{"floor":4,"key":"SpeedPotion"},{"floor":8,"key":"Fire Potion"},{"floor":16,"key":"LiquidMemories"},{"floor":18,"key":"DuplicationPotion"},{"floor":21,"key":"DistilledChaos"},{"floor":25,"key":"FairyPotion"},{"floor":27,"key":"ColorlessPotion"},{"floor":28,"key":"SkillPotion"},{"floor":41,"key":"Ancient Potion"},{"floor":44,"key":"DuplicationPotion"},{"floor":45,"key":"AttackPotion"}],"is_trial":false,"path_per_floor":["M","M","M","M","M","R","?","E","T","R","$","?","E","M","R","B",null,"M","?","?","M","$","E","R","E","T","E","M","R","M","M","R","B",null,"M","$","M","?","M","E","M","R","T","E","M","$","?","T","R","B",null],"character_chosen":"IRONCLAD","items_purchased":["Juggernaut","Membership Card","CaptainsWheel","Medical Kit","Lantern"],"campfire_rested":2,"item_purchase_floors":[11,22,36,46,46],"current_hp_per_floor":[56,57,63,57,56,56,56,42,42,42,42,42,29,32,56,59,75,80,59,59,44,44,19,43,64,64,80,80,80,80,80,80,57,74,80,80,76,76,74,20,38,38,38,51,59,74,80,80,80,80],"gold":576,"neow_bonus":"ONE_RARE_RELIC","is_daily":false,"chose_seed":false,"campfire_upgraded":3,"win_rate":0.0,"timestamp":1610311792,"path_taken":["M","M","M","?","M","R","?","E","T","R","$","?","E","M","R","BOSS","M","?","?","M","$","E","R","E","T","E","M","R","M","M","R","BOSS","M","$","M","?","M","E","M","R","T","E","M","?","?","?","R","BOSS"],"items_purchased_type":["Card","Relic","Relic","Relic","Relic"],"build_version":"2020-12-22","purchased_purges":4,"victory":true,"max_hp_per_floor":[80,80,80,80,80,80,80,80,80,80,80,80,80,80,80,80,80,80,80,80,80,80,80,80,80,80,80,80,80,80,80,80,80,80,80,80,80,80,80,80,80,80,80,80,80,80,80,80,80,80],"card_choices":[{"not_picked":["Anger","Intimidate"],"picked":"Disarm","floor":1},{"not_picked":["Wild Strike","Clothesline"],"picked":"Power Through","floor":2},{"not_picked":["Flame Barrier","Entrench"],"picked":"Spot Weakness","floor":3},{"not_picked":["Iron Wave","Sword Boomerang"],"picked":"Thunderclap","floor":4},{"not_picked":["Sever Soul","Power Through"],"picked":"True Grit","floor":5},{"not_picked":["Entrench","Perfected Strike"],"picked":"Metallicize","floor":8},{"not_picked":["Intimidate","Pummel"],"picked":"Sentinel","floor":13},{"not_picked":["Pummel","Wild Strike"],"picked":"Fire Breathing","floor":14},{"not_picked":["Uppercut","Pommel Strike","Body Slam"],"picked":"SKIP","floor":14},{"not_picked":["Immolate","Brutality"],"picked":"Reaper","floor":16},{"not_picked":["Flex","Shrug It Off"],"picked":"Metallicize","floor":18},{"not_picked":["Pommel Strike","Heavy Blade","Clothesline"],"picked":"SKIP","floor":18},{"not_picked":["Clash","Heavy Blade+1"],"picked":"Pommel Strike+1","floor":21},{"not_picked":["Clash","Anger","Sword Boomerang"],"picked":"SKIP","floor":21},{"not_picked":["Rampage","Clash+1"],"picked":"Armaments+1","floor":23},{"not_picked":["Armaments","Sword Boomerang","Entrench+1"],"picked":"SKIP","floor":25},{"not_picked":["Wild Strike","Iron Wave","Burning Pact"],"picked":"SKIP","floor":27},{"not_picked":["Perfected Strike+1","Heavy Blade+1","Combust"],"picked":"SKIP","floor":28},{"not_picked":["Sword Boomerang","Perfected Strike","Feed"],"picked":"SKIP","floor":28},{"not_picked":["Thunderclap","Clothesline+1","Sword Boomerang+1"],"picked":"SKIP","floor":30},{"not_picked":["Twin Strike+1","Perfected Strike+1","Ghostly Armor"],"picked":"SKIP","floor":30},{"not_picked":["Pommel Strike","Body Slam"],"picked":"Juggernaut","floor":31},{"not_picked":["Thunderclap","Evolve","Cleave"],"picked":"SKIP","floor":31},{"not_picked":["Reaper","Impervious"],"picked":"Barricade","floor":33},{"not_picked":["Clothesline+1","Rage+1"],"picked":"Entrench","floor":35},{"not_picked":["Clothesline","Pommel Strike+1","Twin Strike"],"picked":"SKIP","floor":35},{"not_picked":["Shockwave","True Grit+1"],"picked":"Impervious","floor":37},{"not_picked":["Sword Boomerang+1","Cleave+1","Perfected Strike"],"picked":"SKIP","floor":37},{"not_picked":["Blood for Blood+1","Iron Wave+1","Warcry+1"],"picked":"SKIP","floor":39},{"not_picked":["Battle Trance","Havoc","Warcry+1"],"picked":"SKIP","floor":39},{"not_picked":["Battle Trance","Dropkick"],"picked":"True Grit+1","floor":40},{"not_picked":["Iron Wave+1","Intimidate"],"picked":"Body Slam+1","floor":41},{"not_picked":["Inflame","Anger"],"picked":"Feel No Pain+1","floor":41},{"not_picked":["Reaper","Havoc","Rupture"],"picked":"SKIP","floor":44},{"not_picked":["Clothesline+1","Cleave","Twin Strike"],"picked":"SKIP","floor":45},{"not_picked":["Heavy Blade+1","Twin Strike","Clash+1"],"picked":"SKIP","floor":45}],"player_experience":29775,"relics_obtained":[{"floor":8,"key":"HornCleat"},{"floor":9,"key":"Boot"},{"floor":13,"key":"Juzu Bracelet"},{"floor":19,"key":"Red Mask"},{"floor":23,"key":"Bag of Preparation"},{"floor":25,"key":"Bottled Lightning"},{"floor":26,"key":"MealTicket"},{"floor":27,"key":"Peace Pipe"},{"floor":40,"key":"War Paint"},{"floor":40,"key":"Blood Vial"},{"floor":43,"key":"Self Forming Clay"},{"floor":44,"key":"Ancient Tea Set"},{"floor":44,"key":"Potion Belt"},{"floor":47,"key":"Old Coin"},{"floor":48,"key":"Sundial"}],"event_choices":[{"damage_healed":0,"gold_gain":0,"player_choice":"Box","damage_taken":0,"relics_obtained":["Prayer Wheel"],"max_hp_gain":0,"max_hp_loss":0,"event_name":"Big Fish","floor":7,"gold_loss":0,"cards_obtained":["Regret"]},{"cards_removed":["Strike_R"],"damage_healed":0,"gold_gain":0,"player_choice":"Forget","damage_taken":0,"max_hp_gain":0,"max_hp_loss":0,"event_name":"Living Wall","floor":12,"gold_loss":0},{"damage_healed":0,"gold_gain":0,"player_choice":"Fought Bandits","damage_taken":0,"max_hp_gain":0,"max_hp_loss":0,"event_name":"Masked Bandits","floor":19,"gold_loss":0},{"damage_healed":0,"gold_gain":99,"player_choice":"Stole From Cult","damage_taken":0,"max_hp_gain":0,"max_hp_loss":0,"event_name":"Nest","floor":20,"gold_loss":0},{"damage_healed":0,"gold_gain":100,"player_choice":"Pray","damage_taken":0,"max_hp_gain":0,"max_hp_loss":0,"event_name":"Golden Shrine","floor":38,"gold_loss":0},{"damage_healed":0,"gold_gain":0,"player_choice":"Fight","damage_taken":0,"max_hp_gain":0,"max_hp_loss":0,"event_name":"MindBloom","floor":47,"gold_loss":0}],"is_beta":false,"boss_relics":[{"not_picked":["Empty Cage","Runic Dome"],"picked":"Snecko Eye"},{"not_picked":["Black Blood","Coffee Dripper"],"picked":"Black Star"}],"items_purged_floors":[11,22,36,46],"is_endless":false,"potions_floor_spawned":[1,4,8,16,18,21,25,27,28,31,33,41,44,45,47],"ascension_level":8}}