{"host":"ha6p5pdchuduffeg","time":1610246486,"event":{"mods":["Act Like it!","BaseMod","Gensokyo","KinomotoSakuraMod(ƒæ÷Æ±æ”£)","Koishi","Marisa£®ÏF”Í°°ƒß¿Ì…≥£©","Minty Spire (QoL Compilation)","Reimu£®≤©¿ˆ¡È√Œ£©","Remilia£®¿Ÿ√◊¿Ú—«£©","Replay The Spire","StSLib","The Servant 0.9.4","Youmu£®ªÍ∆«—˝√Œ£©"],"gold_per_floor":[113,126,126,136,154,154,184,184,184,184,214,296,296,296,316,329,329,428,428,440,440,790,524,560,560,588,602,602],"floor_reached":27,"playtime":790,"items_purged":["Lust_TH"],"score":334,"play_id":"7ff76d34-2242-4858-9bbe-16e5379b6f18","local_time":"20210110104126","is_ascension_mode":true,"campfire_choices":[{"data":"ManaRampage","floor":6.0,"key":"SMITH"},{"floor":8.0,"key":"REST"},{"floor":17.0,"key":"REST"},{"data":"ManaRampage","floor":25.0,"key":"SMITH"}],"circlet_count":0,"master_deck":["Strike_MRS+1","Strike_MRS","Strike_MRS","Strike_MRS","Defend_MRS","Defend_MRS","Defend_MRS","Defend_MRS","MasterSpark","UpSweep","GrandCross","LuminesStrike","CasketOfStar","ManaRampage+1","PropBag","DoubleSpark","ManaRampage+1","StarBarrage","Voices","Decay","PowerUp+1","Replay:Hysterical Blindness","Normality","Gluttony_TH","Normality","Greed_TH","Envy_TH","Gluttony_TH","ReplayTheSpireMod:Splinters"],"relics":["MiniHakkero","ReplayTheSpireMod:TigerMarble","Pen Nib","BreadOfAWashokuLover","Question Card","Iron Hammer","Ring of Greed","Replay:Bandana","Old Coin","Mastiff:ReiMu"],"acts_visited":["Exordium","TheCity"],"potions_floor_usage":[],"damage_taken":[{"damage":1.0,"enemies":"Cultist","floor":1.0,"turns":3.0},{"damage":5.0,"enemies":"Small Slimes","floor":2.0,"turns":3.0},{"damage":11.0,"enemies":"Jaw Worm","floor":4.0,"turns":2.0},{"damage":0.0,"enemies":"Exordium Wildlife","floor":5.0,"turns":2.0},{"damage":25.0,"enemies":"Lagavulin","floor":7.0,"turns":5.0},{"damage":18.0,"enemies":"3 Sentries","floor":11.0,"turns":4.0},{"damage":0.0,"enemies":"Red Slaver","floor":15.0,"turns":2.0},{"damage":0.0,"enemies":"Blue Slaver","floor":16.0,"turns":2.0},{"damage":50.0,"enemies":"Hexaghost","floor":18.0,"turns":7.0},{"damage":0.0,"enemies":"Spheric Guardian","floor":20.0,"turns":2.0},{"damage":14.0,"enemies":"2 Thieves","floor":24.0,"turns":3.0},{"damage":20.0,"enemies":"Snecko","floor":26.0,"turns":4.0},{"damage":44,"enemies":"Snake Plant","floor":27,"turns":2}],"seed_played":"5458721647543261427","potions_obtained":[{"floor":2.0,"key":"SteroidPotion"},{"floor":7.0,"key":"Ancient Potion"},{"floor":11.0,"key":"SkillPotion"},{"floor":20.0,"key":"Milkshake"},{"floor":26.0,"key":"SpeedPotion"}],"is_trial":false,"path_per_floor":["M","M","?","M","M","R","E","R","T","T","E","T","PTL","PTL","M","M","R","B",null,"M","?","?","$","M","R","M","M"],"character_chosen":"MARISA","items_purchased":["PowerUp+1","Mastiff:ReiMu"],"campfire_rested":2,"item_purchase_floors":[23,23],"current_hp_per_floor":[74,69,69,58,58,58,33,55,55,55,37,37,37,37,37,49,71,25,75,75,75,75,75,61,61,42,0,0],"gold":602,"neow_bonus":"RANDOM_EVENT","is_daily":false,"chose_seed":false,"campfire_upgraded":2,"win_rate":0.0,"timestamp":1610246486,"path_taken":["M","?","?","?","M","R","E","R","T","?","E","?","PTL","PTL","?","M","R","BOSS","M","?","?","?","M","R","M","?"],"items_purchased_type":["Card","Relic"],"build_version":"2020-12-22","purchased_purges":1,"victory":false,"max_hp_per_floor":[75,75,75,75,75,75,75,75,75,75,75,75,75,75,75,75,75,75,75,75,75,75,75,75,75,75,75,75],"card_choices":[{"not_picked":["NonDirectionalLaser","Orbital"],"picked":"GrandCross","floor":1.0},{"not_picked":["Robbery","Acceleration"],"picked":"LuminesStrike","floor":2.0},{"not_picked":["OneTimeOff","DeepEcoloBomb","SporeBomb"],"picked":"SKIP","floor":4.0},{"not_picked":["UnstableBomb","PowerUp"],"picked":"ManaRampage","floor":5.0},{"not_picked":["EnergyFlow","FairyDestructionRay","Robbery"],"picked":"SKIP","floor":7.0},{"not_picked":["DC","EnergyFlow"],"picked":"PropBag","floor":11.0},{"not_picked":["OpenUniverse","AsteroidBelt","SprinkleStarSeal","WitchOfGreed"],"picked":"SKIP","floor":15.0},{"not_picked":["Acceleration","PulseMagic","MilkyWay"],"picked":"DoubleSpark","floor":16.0},{"not_picked":["BlazingStar","EscapeVelocity","CollectingQuirk"],"picked":"ManaRampage","floor":18.0},{"not_picked":["PropBag","OpenUniverse","MilkyWay"],"picked":"StarBarrage","floor":20.0},{"not_picked":["IllusionStar+1","Acceleration","DC","StarlightTyphoon"],"picked":"SKIP","floor":24.0},{"not_picked":["WitchOfGreed+1","ShootingEcho","EventHorizon","MachineGunSpark"],"picked":"SKIP","floor":26.0}],"player_experience":40078,"relics_obtained":[{"floor":7.0,"key":"ReplayTheSpireMod:TigerMarble"},{"floor":9.0,"key":"Pen Nib"},{"floor":10.0,"key":"BreadOfAWashokuLover"},{"floor":11.0,"key":"Question Card"},{"floor":12.0,"key":"Iron Hammer"},{"floor":22.0,"key":"Ring of Greed"},{"floor":22.0,"key":"Replay:Bandana"},{"floor":22.0,"key":"Old Coin"}],"event_choices":[{"damage_healed":0.0,"max_hp_gain":0.0,"max_hp_loss":0.0,"gold_gain":0.0,"event_name":"Match and Keep!","player_choice":"1 cards matched","floor":3.0,"gold_loss":0.0,"damage_taken":0.0,"cards_obtained":["CasketOfStar"]},{"damage_healed":0.0,"max_hp_gain":0.0,"max_hp_loss":0.0,"gold_gain":0.0,"event_name":"Ghosts","player_choice":"Ignored","floor":21.0,"gold_loss":0.0,"damage_taken":0.0}],"is_beta":false,"boss_relics":[{"not_picked":["Painkiller Herb","Busted Crown","ReplayTheSpireMod:DimensionalGlitch"]}],"items_purged_floors":[23],"is_endless":false,"potions_floor_spawned":[2,7,11,16,20,26],"killed_by":"Snake Plant","ascension_level":1}}