{"host":"j9mb68f21gkby8w3","time":1610272191,"event":{"mods":["AchievementEnabler","BaseMod","Beaked The Cultist","BetterRewards","CatGirl Mod","Colored Map","Colored Powertips","Displayed Cursed Tome","Downfall","Filter the Spire","Halation","HololiveMod","HornydragonMod","Hubris","Infinite Spire","Minty Spire (QoL Compilation)","Prisma Mod","Replay The Spire","Spicy Shops","StSLib","The Alterego","The Blackbeard","The Construct","The Disciple","The Forsaken"],"gold_per_floor":[79,93,147,163,174,203,203,269,321,321,321,408,453,453,453,589,589,638,638],"floor_reached":18,"playtime":1321,"items_purged":[],"score":692,"play_id":"58599abd-3a1f-445b-993e-267c0fd99dbd","local_time":"20210110014951","is_ascension_mode":true,"campfire_choices":[{"data":"Hololive_CallUsadaPekora","floor":7.0,"key":"SMITH"},{"data":"Hololive_CallShiroganeNoel","floor":11.0,"key":"SMITH"},{"data":"Hololive_DurableLive","floor":15.0,"key":"SMITH"}],"circlet_count":0,"master_deck":["AscendersBane","Hololive_CallHoushouMarine","Hololive_CallShiroganeNoel+1","Hololive_CallUruhaRushia","Hololive_CallShiranuiFlare","Hololive_CallUsadaPekora+1","Hololive_StrengthChampion","Hololive_Strike","Hololive_Strike","Hololive_Defend","Hololive_Defend","Hololive_OpenUp","Hololive_CallAiraniIofifteen+1","hubris:EnhanceAbility+1","Hololive_LuckPotion","Hololive_HuntDinosaur","Hololive_CallRoboco+1","Hololive_CallTokoyamiTowa+1","Hololive_CallYogiri+1","Hololive_CallKiryuuCoco+1","Hololive_CallSpadeEcho+1","Hololive_CallTsunomakiWatame+1","Hololive_DurableLive+1","Hololive_FlyingPonyTail","Hololive_DDD","Hololive_CallShiranuiFlare+1"],"relics":["Hololive_TheStar","Du-Vu Doll","Blue Candle","halation:SwordOfLegend","Strawberry","Blue Doll","Frozen Egg 2","Anchor","Dead Branch","Replay:Rubber Ducky","Replay:Bandana","Durian","CeramicFish","halation:EternalFortune","halation:IllGainedPizza","hubris:MedicalManual","hubris:GrandSneckoEye"],"acts_visited":[],"potions_floor_usage":[],"damage_taken":[{"damage":0.0,"enemies":"Jaw Worm","floor":1.0,"turns":2.0},{"damage":0.0,"enemies":"Small Slimes","floor":2.0,"turns":2.0},{"damage":0.0,"enemies":"2 Louse","floor":4.0,"turns":3.0},{"damage":0.0,"enemies":"Large Slime","floor":5.0,"turns":2.0},{"damage":0.0,"enemies":"Gremlin Nob","floor":6.0,"turns":2.0},{"damage":0.0,"enemies":"Lagavulin","floor":8.0,"turns":3.0},{"damage":0.0,"enemies":"3 Sentries","floor":12.0,"turns":3.0},{"damage":0.0,"enemies":"3 Louse","floor":13.0,"turns":3.0},{"damage":0.0,"enemies":"Slime Boss","floor":16.0,"turns":3.0},{"damage":0.0,"enemies":"Spheric Guardian","floor":18.0,"turns":3.0}],"seed_played":"7159839779353110034","potions_obtained":[{"floor":2.0,"key":"Energy Potion"},{"floor":3.0,"key":"Toxic Potion"},{"floor":12.0,"key":"Fire Potion"},{"floor":16.0,"key":"Adrenaline Potion"},{"floor":18,"key":"Toxic Potion"}],"is_trial":false,"path_per_floor":["M","M","?","M","M","E","R","E","T","?","R","E","M","?","R","B",null,"M"],"character_chosen":"Hololive_HololiveCharacter","items_purchased":["Du-Vu Doll","Blue Candle","Hololive_OpenUp","Strawberry","Blue Doll","Frozen Egg 2","Hololive_CallAiraniIofifteen+1","Anchor","hubris:EnhanceAbility+1","Hololive_LuckPotion"],"campfire_rested":0,"item_purchase_floors":[0,0,0,0,0,0,0,0,0,0],"current_hp_per_floor":[34,34,25,25,25,25,37,42,42,45,45,45,45,45,45,45,45,45,45],"gold":638,"neow_bonus":"","is_daily":false,"chose_seed":false,"campfire_upgraded":3,"win_rate":0.0,"timestamp":1610272191,"path_taken":["M","M","?","M","M","E","R","E","T","?","R","E","M","?","R","BOSS","M"],"items_purchased_type":["Relic","Relic","Card","Relic","Relic","Relic","Card","Relic","Card","Card"],"build_version":"2020-12-22","purchased_purges":0,"victory":false,"max_hp_per_floor":[37,37,37,37,37,37,37,42,42,45,45,45,45,45,45,45,45,45,45],"card_choices":[{"not_picked":["Hololive_OvertimeWork","Hololive_Sequa","Hololive_CocoNews"],"picked":"Hololive_HuntDinosaur","floor":1.0},{"not_picked":["Hololive_Watashimo","Hololive_Psychosis","Hololive_Breathe"],"picked":"Hololive_CallRoboco+1","floor":2.0},{"not_picked":["Hololive_HuntDinosaur","Hololive_HighAtkLowDef","Hololive_CocoNews"],"picked":"Hololive_CallTokoyamiTowa+1","floor":3.0},{"not_picked":["Hololive_StrengthChampion","Hololive_LuckPotion","Hololive_Rebound"],"picked":"Hololive_CallYogiri+1","floor":4.0},{"not_picked":["Hololive_CallMomosuzuNene+1","Hololive_Breathe","Hololive_CallAZKi+1"],"picked":"Hololive_CallKiryuuCoco+1","floor":5.0},{"not_picked":["Hololive_SoulCatcher","Hololive_CallUruhaRushia+1","Hololive_CallFriendA+1"],"picked":"Hololive_CallSpadeEcho+1","floor":6.0},{"not_picked":["Hololive_Recruit","Hololive_Breathe","Hololive_CocoNews"],"picked":"Hololive_CallTsunomakiWatame+1","floor":8.0},{"not_picked":["Hololive_Yoholoon","Hololive_Sequa","Hololive_StrengthChampion"],"picked":"Hololive_DurableLive","floor":12.0},{"not_picked":["Hololive_Teleport","Hololive_CocoNews","Hololive_OvertimeWork"],"picked":"Hololive_FlyingPonyTail","floor":13.0},{"not_picked":["Hololive_ScarfAndHalo","Hololive_DurableLive","Hololive_HighAtkLowDef"],"picked":"Hololive_DDD","floor":16.0},{"not_picked":["Hololive_FlyingPonyTail","Hololive_CallUruhaRushia+1","Hololive_LuckPotion"],"picked":"Hololive_CallShiranuiFlare+1","floor":18}],"player_experience":3267170,"relics_obtained":[{"floor":3.0,"key":"Replay:Rubber Ducky"},{"floor":6.0,"key":"Replay:Bandana"},{"floor":8.0,"key":"Durian"},{"floor":9.0,"key":"CeramicFish"},{"floor":12.0,"key":"halation:IllGainedPizza"},{"floor":14.0,"key":"hubris:MedicalManual"}],"event_choices":[],"is_beta":false,"boss_relics":[{"not_picked":["Ectoplasm","infinitespire:Cupcake"],"picked":"hubris:GrandSneckoEye"}],"items_purged_floors":[],"is_endless":false,"potions_floor_spawned":[2,12,16,18],"killed_by":"Spheric Guardian","ascension_level":14}}