{"host":"pgqkv8mh62pnrbci","time":1610294943,"event":{"mods":["2.2 Compatiblity","AchievementEnabler","BaseMod","Custom Start","DeckTracker","Minty Spire (QoL Compilation)","Replay The Spire","StSLib","SuperFastMode","¡¼?Úª?ø«¡½REMEMod"],"gold_per_floor":[110,158,158,128,148,148,62,96,96,121,135,135,151,169,169,246,246,261,143,156,169,83,83,108,23,48,68,78,107,107,107,107,182,182,196,211,234,32,50,50,67,67,115,162,213,230,230,261,261,261],"floor_reached":51,"playtime":2301,"items_purged":["Strike_G"],"score":1713,"play_id":"6eb44975-0016-4945-a68d-5016d7618353","local_time":"20210111010903","is_ascension_mode":true,"campfire_choices":[{"floor":6.0,"key":"REST"},{"floor":15.0,"key":"RECALL"},{"floor":23.0,"key":"REST"},{"floor":30.0,"key":"REST"},{"floor":32.0,"key":"REST"},{"floor":40.0,"key":"REST"},{"floor":42,"key":"REST"},{"floor":47,"key":"REST"},{"floor":49,"key":"REST"}],"circlet_count":0,"master_deck":["AscendersBane","Strike_G","Strike_G+1","Strike_G","Defend_G","Defend_G","Defend_G","Defend_G","Defend_G","Survivor","Neutralize+1","REME_GreenPollution","Terror","Footwork","Hidden Blade","ReplayTheSpireMod:Scrap Shanks","PiercingWail","Blade Dance+1","After Image+1","Acrobatics+1","A Thousand Cuts+1","Blade Dance","Noxious Fumes+1","Acrobatics+1","PiercingWail","Accuracy+1","Footwork","Sneak Up","REME_ShadowStrike+1","Acrobatics+1","Corpse Explosion+1","ReplayTheSpireMod:Tripwire","Footwork+1","ReplayTheSpireMod:Scrap Shanks+1","Blur","Calculated Gamble","Acrobatics+1","ReplayTheSpireMod:Scrap Shanks","Concentrate","Terror+1"],"relics":["REME_ComplimentaryCards","Fusion Hammer","REME_HourglassOfDeath","Tiny Chest","Golden Egg","Honey Jar","Snack Pack","Turnip","Replay:Rubber Ducky","Gremlin Food","Enchiridion","HoveringKite","Replay:Baseball","Membership Card","REME_PuzzleBoxRelic","Unceasing Top","ReplayTheSpireMod:TigerMarble","Dream Catcher"],"acts_visited":["Exordium","TheCity","TheBeyond"],"potions_floor_usage":[48,50,50],"damage_taken":[{"damage":2.0,"enemies":"Cultist","floor":1.0,"turns":6.0},{"damage":4.0,"enemies":"Small Slimes","floor":2.0,"turns":4.0},{"damage":0.0,"enemies":"2 Louse","floor":5.0,"turns":4.0},{"damage":12.0,"enemies":"Lagavulin","floor":8.0,"turns":8.0},{"damage":13.0,"enemies":"3 Sentries","floor":10.0,"turns":6.0},{"damage":0.0,"enemies":"Large Slime","floor":11.0,"turns":5.0},{"damage":3.0,"enemies":"Exordium Thugs","floor":13.0,"turns":4.0},{"damage":0.0,"enemies":"Lots of Slimes","floor":14.0,"turns":3.0},{"damage":25.0,"enemies":"Hexaghost","floor":16.0,"turns":11.0},{"damage":0.0,"enemies":"Spheric Guardian","floor":18.0,"turns":4.0},{"damage":0.0,"enemies":"Shell Parasite","floor":20.0,"turns":5.0},{"damage":15.0,"enemies":"Snake Plant","floor":21.0,"turns":4.0},{"damage":0.0,"enemies":"Gremlin Leader","floor":24.0,"turns":4.0},{"damage":0.0,"enemies":"Shelled Parasite and Fungi","floor":27.0,"turns":4.0},{"damage":0.0,"enemies":"Centurion and Healer","floor":28.0,"turns":5.0},{"damage":0.0,"enemies":"Book of Stabbing","floor":29.0,"turns":4.0},{"damage":0.0,"enemies":"Automaton","floor":33.0,"turns":5.0},{"damage":0.0,"enemies":"3 Shapes","floor":35.0,"turns":2.0},{"damage":2.0,"enemies":"3 Darklings","floor":36.0,"turns":3.0},{"damage":7.0,"enemies":"Spire Growth","floor":39.0,"turns":4.0},{"damage":0,"enemies":"Maw","floor":41,"turns":6},{"damage":31,"enemies":"2 Orb Walkers","floor":44,"turns":4},{"damage":0,"enemies":"4 Shapes","floor":46,"turns":3},{"damage":11,"enemies":"Nemesis","floor":48,"turns":5},{"damage":18,"enemies":"Awakened One","floor":50,"turns":11}],"seed_played":"1192185758246177855","potions_obtained":[{"floor":1.0,"key":"REME_GoldPotion"},{"floor":4.0,"key":"SpeedPotion"},{"floor":4.0,"key":"Venom Potion"},{"floor":13.0,"key":"Adrenaline Potion"},{"floor":14.0,"key":"Weak Potion"},{"floor":16.0,"key":"Energy Potion"},{"floor":24.0,"key":"AttackPotion"},{"floor":27.0,"key":"Block Potion"},{"floor":28.0,"key":"Explosive Potion"},{"floor":35.0,"key":"EssenceOfSteel"},{"floor":44,"key":"Toxic Potion"},{"floor":46,"key":"Adrenaline Potion"}],"is_trial":false,"path_per_floor":["M","M","?","?","M","R","$","E","T","E","M","?","M","M","R","B",null,"M","$","M","M","$","R","E","?","T","M","M","E","R","?","R","B",null,"M","M","T","$","M","R","M","R","T","?","T","M","R","E","R","B",null],"character_chosen":"THE_SILENT","items_purchased":["ReplayTheSpireMod:Scrap Shanks","Noxious Fumes","Accuracy","Membership Card","ReplayTheSpireMod:Scrap Shanks"],"campfire_rested":8,"item_purchase_floors":[7,19,22,38,38],"current_hp_per_floor":[57,53,46,46,46,65,65,53,53,40,40,40,37,37,37,12,53,53,53,53,38,38,57,57,57,57,59,65,66,66,45,64,66,66,66,66,66,66,59,66,66,66,66,35,35,37,56,53,66,66],"gold":261,"neow_bonus":"BOSS_RELIC","is_daily":false,"chose_seed":false,"campfire_upgraded":0,"win_rate":0.0,"timestamp":1610294943,"path_taken":["M","M","?","?","?","R","?","E","T","E","M","?","M","M","R","BOSS","M","$","M","M","$","R","E","?","T","M","M","E","R","?","R","BOSS","M","M","?","?","M","R","?","R","T","?","?","M","R","E","R","BOSS"],"items_purchased_type":["Card","Card","Card","Relic","Card"],"build_version":"2020-12-22","purchased_purges":1,"victory":true,"max_hp_per_floor":[66,66,66,66,66,66,66,66,66,66,66,66,66,66,66,66,66,66,66,66,66,66,66,66,66,66,66,66,66,66,66,66,66,66,66,66,66,66,66,66,66,66,66,66,66,66,66,66,66,66],"card_choices":[{"not_picked":["Sucker Punch","REME_GreenPollution"],"picked":"Terror","floor":1.0},{"not_picked":["Quick Slash","Replay:Poison Smokescreen"],"picked":"Footwork","floor":2.0},{"not_picked":["Finisher","Cloak And Dagger"],"picked":"Hidden Blade","floor":5.0},{"not_picked":["Outmaneuver","Masterful Stab"],"picked":"PiercingWail","floor":8.0},{"not_picked":["Deflect","Setup"],"picked":"Blade Dance","floor":10.0},{"not_picked":["Tactician","Sucker Punch"],"picked":"After Image","floor":11.0},{"not_picked":["Poisoned Stab","Leg Sweep","Outmaneuver"],"picked":"SKIP","floor":13.0},{"not_picked":["Sucker Punch","Distraction"],"picked":"Acrobatics","floor":14.0},{"not_picked":["Poison Darts","Doppelganger"],"picked":"A Thousand Cuts","floor":16.0},{"not_picked":["ReplayTheSpireMod:Speed Training","Underhanded Strike","Quick Slash+1"],"picked":"Blade Dance","floor":18.0},{"not_picked":["Dagger Throw+1","Cloak And Dagger","Outmaneuver"],"picked":"Acrobatics","floor":20.0},{"not_picked":["Dodge and Roll","REME_GreenPollution+1","Cloak And Dagger"],"picked":"PiercingWail","floor":21.0},{"not_picked":["Outmaneuver","Deadly Poison","Bane"],"picked":"Footwork","floor":24.0},{"not_picked":["ReplayTheSpireMod:Exploit Weakness","Quick Slash","Sucker Punch"],"picked":"Sneak Up","floor":27.0},{"not_picked":["Deadly Poison","Dagger Throw","Catalyst"],"picked":"REME_ShadowStrike","floor":28.0},{"not_picked":["Terror","Outmaneuver","Expertise"],"picked":"Acrobatics+1","floor":29.0},{"not_picked":["REME_SpectralBlade","Replay:Bag of Tricks","ReplayTheSpireMod:Necrosis"],"picked":"Corpse Explosion","floor":33.0},{"not_picked":["Masterful Stab","Dagger Spray","Bane"],"picked":"ReplayTheSpireMod:Tripwire","floor":35.0},{"not_picked":["Underhanded Strike+1","Bane","Deadly Poison"],"picked":"Footwork+1","floor":36.0},{"not_picked":["Blade Dance+1","Deflect","Cloak And Dagger"],"picked":"Blur","floor":39.0},{"not_picked":["Dagger Throw","Cloak And Dagger","Grand Finale"],"picked":"Calculated Gamble","floor":41},{"not_picked":["Dagger Throw+1","Sucker Punch+1","Blade Dance"],"picked":"Acrobatics+1","floor":44},{"not_picked":["Blade Dance+1","Finisher","Quick Slash"],"picked":"ReplayTheSpireMod:Scrap Shanks","floor":46},{"not_picked":["Dash","Distraction","Poisoned Stab"],"picked":"Concentrate","floor":48},{"not_picked":["Dodge and Roll+1","Deadly Poison","Bouncing Flask"],"picked":"Terror+1","floor":49}],"player_experience":618435,"relics_obtained":[{"floor":8.0,"key":"REME_HourglassOfDeath"},{"floor":9.0,"key":"Tiny Chest"},{"floor":10.0,"key":"Golden Egg"},{"floor":24.0,"key":"Snack Pack"},{"floor":26.0,"key":"Replay:Rubber Ducky"},{"floor":29.0,"key":"Gremlin Food"},{"floor":31.0,"key":"Enchiridion"},{"floor":37.0,"key":"Replay:Baseball"},{"floor":43,"key":"REME_PuzzleBoxRelic"},{"floor":44,"key":"Unceasing Top"},{"floor":45,"key":"ReplayTheSpireMod:TigerMarble"},{"floor":48,"key":"Dream Catcher"}],"event_choices":[{"cards_removed":["Strike_G"],"damage_healed":0.0,"max_hp_gain":0.0,"max_hp_loss":0.0,"gold_gain":0.0,"event_name":"Golden Wing","player_choice":"Card Removal","floor":3.0,"gold_loss":0.0,"damage_taken":7.0},{"damage_healed":0.0,"max_hp_gain":0.0,"max_hp_loss":0.0,"gold_gain":0.0,"event_name":"The Woman in Blue","player_choice":"Bought 2 Potions","floor":4.0,"gold_loss":0.0,"damage_taken":0.0},{"damage_healed":0.0,"max_hp_gain":0.0,"max_hp_loss":0.0,"gold_gain":0.0,"event_name":"Liars Game","player_choice":"Ignored","floor":12.0,"gold_loss":0.0,"damage_taken":0.0},{"damage_healed":0.0,"max_hp_gain":0.0,"max_hp_loss":0.0,"gold_gain":0.0,"event_name":"Addict","player_choice":"Obtained Relic","floor":25.0,"gold_loss":85.0,"damage_taken":0.0,"relics_obtained":["Turnip"]},{"damage_healed":0.0,"max_hp_gain":0.0,"max_hp_loss":0.0,"gold_gain":0.0,"event_name":"Cursed Tome","player_choice":"Obtained Book","floor":31.0,"gold_loss":0.0,"damage_taken":21.0},{"damage_healed":0,"gold_gain":0,"player_choice":"Fight","damage_taken":0,"max_hp_gain":0,"max_hp_loss":0,"event_name":"Mysterious Sphere","floor":44,"gold_loss":0}],"is_beta":false,"boss_relics":[{"not_picked":["Painkiller Herb","ChewingGum"],"picked":"Honey Jar"},{"not_picked":["Velvet Choker","SlaversCollar"],"picked":"HoveringKite"}],"items_purged_floors":[19],"is_endless":false,"potions_floor_spawned":[1,13,14,16,24,27,28,35,44,46],"ascension_level":19}}