{"host":"m6h67kf6cz80m3yv","time":1610276182,"event":{"mods":["Bartender","BaseMod","Better Third Choice","BetterRewards","CatGirl Mod","Colored Powertips","Downfall","Duelist Mod","Hermit","Marisa????????","Minty Spire (QoL Compilation)","Prisma Mod","Quick Restart","Shade Mod","Shop Mod","StSLib","SuperFastMode","The Dragon Tamer","The Marked","The Servant 0.9.4"],"gold_per_floor":[359,434,252,427,392,418,418,446,446,721,721,733,745,762,762,762,762],"floor_reached":16,"playtime":776,"items_purged":[],"score":140,"play_id":"4611138b-aa9c-47b1-a59f-127562091b9f","local_time":"20210110085622","is_ascension_mode":true,"campfire_choices":[{"floor":7,"key":"REST"},{"floor":11,"key":"REST"},{"floor":15,"key":"REST"}],"circlet_count":0,"master_deck":["Strike_S","Strike_S","Strike_S","Strike_S","Defend_S","Defend_S","Defend_S","Defend_S","KidneyShot","Exchange","TimeWarp","Luminosity","Doubt","Defy","DoubleEdge","Regret","Contraction","Misdirection"],"relics":["Uniform","HandDrill","Bottled Tornado","Sundial","Strawberry"],"acts_visited":["Exordium"],"potions_floor_usage":[6,14],"damage_taken":[{"damage":1,"enemies":"Small Slimes","floor":1,"turns":4},{"damage":51,"enemies":"3 Sentries","floor":6,"turns":15},{"damage":18,"enemies":"Gremlin Nob","floor":8,"turns":5},{"damage":3,"enemies":"Jaw Worm","floor":12,"turns":4},{"damage":5,"enemies":"2 Louse","floor":13,"turns":3},{"damage":14,"enemies":"Large Slime","floor":14,"turns":8},{"damage":34,"enemies":"Slime Boss","floor":16,"turns":10}],"seed_played":"-4671112208266393296","potions_obtained":[{"floor":1,"key":"EssenceOfSteel"},{"floor":12,"key":"Swift Potion"}],"is_trial":false,"path_per_floor":["M","?","$","?","?","E","R","E","T","?","R","M","M","M","R","B"],"character_chosen":"THE_SERVANT","items_purchased":["HandDrill","Luminosity"],"campfire_rested":3,"item_purchase_floors":[3,3],"current_hp_per_floor":[58,47,47,47,59,8,25,7,14,14,33,30,25,11,30,0,0],"gold":762,"neow_bonus":"TWO_FIFTY_GOLD","is_daily":false,"chose_seed":false,"campfire_upgraded":0,"win_rate":0.0,"timestamp":1610276182,"path_taken":["M","?","$","?","?","E","R","E","T","?","R","M","?","M","R","BOSS"],"items_purchased_type":["Relic","Card"],"build_version":"2020-12-22","purchased_purges":0,"victory":false,"max_hp_per_floor":[59,59,59,59,59,59,59,59,66,66,66,66,66,66,66,66,66],"card_choices":[{"not_picked":["MoonPhase","Starlight"],"picked":"TimeWarp","floor":1},{"not_picked":["Orbit","BottledTime"],"picked":"Defy","floor":6},{"not_picked":["Unruled","Rewind"],"picked":"DoubleEdge","floor":8},{"not_picked":["Rewind","SpecialFormula"],"picked":"Contraction","floor":12},{"not_picked":["Alleviate","Rearm","Starlight"],"picked":"SKIP","floor":13},{"not_picked":["Rearm","MoonPhase"],"picked":"Misdirection","floor":14}],"player_experience":345374,"relics_obtained":[{"floor":6,"key":"Bottled Tornado"},{"floor":8,"key":"Sundial"},{"floor":9,"key":"Strawberry"}],"event_choices":[{"damage_healed":0,"gold_gain":75,"player_choice":"Gold","damage_taken":11,"max_hp_gain":0,"max_hp_loss":0,"event_name":"betterThird:BetterGoop","floor":2,"gold_loss":0},{"damage_healed":0,"gold_gain":175,"player_choice":"AGREE","damage_taken":252,"max_hp_gain":0,"max_hp_loss":0,"event_name":"betterThird:BetterSerpent","floor":4,"gold_loss":0},{"damage_healed":14,"gold_gain":0,"player_choice":"Healed","damage_taken":0,"max_hp_gain":0,"max_hp_loss":0,"event_name":"The Cleric","floor":5,"gold_loss":35},{"damage_healed":0,"gold_gain":275,"player_choice":"Desecrate","damage_taken":0,"max_hp_gain":0,"max_hp_loss":0,"event_name":"Golden Shrine","floor":10,"gold_loss":0,"cards_obtained":["Regret"]}],"is_beta":false,"boss_relics":[],"items_purged_floors":[],"is_endless":false,"potions_floor_spawned":[1,12],"killed_by":"Slime Boss","ascension_level":6}}