{"host":"7l2t4psy44vpcd9q","time":1610287325,"event":{"mods":["AchievementEnabler","BaseMod","DeckTracker","Minty Spire (QoL Compilation)","SuperFastMode"],"gold_per_floor":[109,34,51,61,79,79,114,114,141,141,241,241,258,270,270,341,341,355,367,386,386,398,398,424,424,424,441,441,461,494,508,508,508,508],"floor_reached":33,"playtime":1551,"items_purged":["Strike_B"],"score":582,"play_id":"dd6cf0f2-7b0d-4e15-8f24-74f21146aa65","local_time":"20210110230205","is_ascension_mode":true,"campfire_choices":[{"data":"Streamline","floor":6.0,"key":"SMITH"},{"data":"White Noise","floor":10.0,"key":"SMITH"},{"data":"Zap","floor":12.0,"key":"SMITH"},{"data":"Coolheaded","floor":15.0,"key":"SMITH"},{"floor":23.0,"key":"REST"},{"floor":25,"key":"REST"},{"floor":32,"key":"REST"}],"circlet_count":0,"master_deck":["AscendersBane","Strike_B","Strike_B","Strike_B","Defend_B","Defend_B+1","Defend_B","Defend_B","Zap+1","Dualcast","Streamline+1","White Noise+1","Rip and Tear","Core Surge","Coolheaded+1","Echo Form","Leap+1","Coolheaded+1","Reinforced Body+1","Reprogram","Double Energy","Conserve Battery"],"relics":["Cracked Core","PreservedInsect","Akabeko","Bag of Preparation","Sozu","War Paint","InkBottle","StoneCalendar"],"acts_visited":["Exordium","TheCity"],"potions_floor_usage":[],"damage_taken":[{"damage":4.0,"enemies":"Jaw Worm","floor":1.0,"turns":4.0},{"damage":7.0,"enemies":"Small Slimes","floor":3.0,"turns":3.0},{"damage":1.0,"enemies":"Cultist","floor":4.0,"turns":3.0},{"damage":2.0,"enemies":"3 Louse","floor":5.0,"turns":4.0},{"damage":20.0,"enemies":"Lagavulin","floor":7.0,"turns":4.0},{"damage":4.0,"enemies":"Red Slaver","floor":13.0,"turns":3.0},{"damage":1.0,"enemies":"Looter","floor":14.0,"turns":2.0},{"damage":20.0,"enemies":"Slime Boss","floor":16.0,"turns":7.0},{"damage":0.0,"enemies":"Spheric Guardian","floor":18.0,"turns":2.0},{"damage":16.0,"enemies":"3 Byrds","floor":19.0,"turns":4.0},{"damage":12.0,"enemies":"Centurion and Healer","floor":20.0,"turns":6.0},{"damage":3.0,"enemies":"Snecko","floor":22.0,"turns":5.0},{"damage":40,"enemies":"Book of Stabbing","floor":24,"turns":6},{"damage":0,"enemies":"Snake Plant","floor":27,"turns":3},{"damage":38,"enemies":"Cultist and Chosen","floor":29,"turns":5},{"damage":6,"enemies":"Slavers","floor":30,"turns":6},{"damage":23,"enemies":"Shelled Parasite and Fungi","floor":31,"turns":5},{"damage":28,"enemies":"Champ","floor":33,"turns":10}],"seed_played":"-4588144876761805790","potions_obtained":[{"floor":4.0,"key":"LiquidBronze"},{"floor":13.0,"key":"Fire Potion"},{"floor":16.0,"key":"Explosive Potion"}],"is_trial":false,"path_per_floor":["M","$","M","M","M","R","E","?","T","R","?","R","M","M","R","B",null,"M","M","M","?","M","R","E","R","T","M","?","M","E","M","R","B"],"character_chosen":"DEFECT","items_purchased":[],"campfire_rested":3,"item_purchase_floors":[],"current_hp_per_floor":[60,60,53,52,50,50,30,53,53,53,53,53,49,48,48,28,60,60,44,32,32,29,50,10,31,31,31,71,33,27,4,25,0,0],"gold":508,"neow_bonus":"RANDOM_COMMON_RELIC","is_daily":false,"chose_seed":false,"campfire_upgraded":4,"win_rate":0.0,"timestamp":1610287325,"path_taken":["M","$","M","M","M","R","E","?","T","R","?","R","M","?","R","BOSS","M","M","M","?","M","R","E","R","T","M","?","?","E","M","R","BOSS"],"items_purchased_type":[],"build_version":"2020-12-22","purchased_purges":1,"victory":false,"max_hp_per_floor":[71,71,71,71,71,71,71,71,71,71,71,71,71,71,71,71,71,71,71,71,71,71,71,71,71,71,71,71,71,71,71,71,71,71],"card_choices":[{"not_picked":["Heatsinks","Tempest"],"picked":"Streamline","floor":1.0},{"not_picked":["Go for the Eyes","Redo"],"picked":"White Noise","floor":3.0},{"not_picked":["Compile Driver","Sweeping Beam","Redo"],"picked":"SKIP","floor":4.0},{"not_picked":["Force Field","Sweeping Beam"],"picked":"Rip and Tear","floor":5.0},{"not_picked":["Hello World","Fusion","Capacitor"],"picked":"SKIP","floor":7.0},{"not_picked":["Coolheaded","Ball Lightning"],"picked":"Core Surge","floor":13.0},{"not_picked":["Sweeping Beam","Go for the Eyes"],"picked":"Coolheaded","floor":14.0},{"not_picked":["Amplify","Seek"],"picked":"Echo Form","floor":16.0},{"not_picked":["Redo","Lockon"],"picked":"Leap+1","floor":18.0},{"not_picked":["White Noise+1","Force Field"],"picked":"Coolheaded+1","floor":19.0},{"not_picked":["Coolheaded","Auto Shields","White Noise"],"picked":"SKIP","floor":20.0},{"not_picked":["Reprogram","Ball Lightning"],"picked":"Reinforced Body","floor":22.0},{"not_picked":["Streamline","Rebound+1","Coolheaded+1"],"picked":"SKIP","floor":24},{"not_picked":["Barrage","Steam"],"picked":"Reprogram","floor":27},{"not_picked":["Force Field","Streamline"],"picked":"Double Energy","floor":29},{"not_picked":["Consume","Genetic Algorithm"],"picked":"Conserve Battery","floor":30},{"not_picked":["Steam","Amplify","Leap"],"picked":"SKIP","floor":31}],"player_experience":1174693,"relics_obtained":[{"floor":7.0,"key":"Akabeko"},{"floor":9.0,"key":"Bag of Preparation"},{"floor":24,"key":"War Paint"},{"floor":26,"key":"InkBottle"},{"floor":30,"key":"StoneCalendar"}],"event_choices":[{"damage_healed":23.0,"max_hp_gain":0.0,"max_hp_loss":0.0,"gold_gain":0.0,"event_name":"Big Fish","player_choice":"Banana","floor":8.0,"gold_loss":0.0,"damage_taken":0.0},{"damage_healed":0.0,"max_hp_gain":0.0,"max_hp_loss":0.0,"gold_gain":100.0,"event_name":"Wheel of Change","player_choice":"Gold","floor":11.0,"gold_loss":0.0,"damage_taken":0.0},{"damage_healed":0.0,"max_hp_gain":0.0,"max_hp_loss":0.0,"gold_gain":0.0,"event_name":"Ghosts","player_choice":"Ignored","floor":21.0,"gold_loss":0.0,"damage_taken":0.0},{"damage_healed":40,"gold_gain":0,"player_choice":"Full Heal","damage_taken":0,"max_hp_gain":0,"max_hp_loss":0,"event_name":"Wheel of Change","floor":28,"gold_loss":0}],"is_beta":false,"boss_relics":[{"not_picked":["Pandora\u0027s Box","Black Star"],"picked":"Sozu"}],"items_purged_floors":[2],"is_endless":false,"potions_floor_spawned":[4,13,16,20,24,29,30,31],"killed_by":"Champ","ascension_level":20}}