{"host":"rqa16aq70mwh8hxq","time":1610258781,"event":{"mods":["BaseMod","Minty Spire (QoL Compilation)","Permanent Neow","Quick Restart","StSLib","SuperFastMode"],"gold_per_floor":[115,133,133,152,165,165,198,45,45,73,73,108,108,138,138,234,234,252,287,212,222,222,222],"floor_reached":22,"playtime":965,"items_purged":["Strike_P"],"score":306,"play_id":"313f35c7-5407-4fed-8f05-f2e5c831e8da","local_time":"20210110140621","is_ascension_mode":true,"campfire_choices":[{"data":"Collect","floor":6.0,"key":"SMITH"},{"data":"WaveOfTheHand","floor":11.0,"key":"SMITH"},{"data":"Vigilance","floor":13.0,"key":"SMITH"},{"data":"Fasting2","floor":15.0,"key":"SMITH"}],"circlet_count":0,"master_deck":["Strike_P","Strike_P","Strike_P","Defend_P","Defend_P","Defend_P","Defend_P+1","Eruption","Vigilance+1","Alpha+1","Collect+1","Meditate+1","Prostrate","Fasting2+1","WaveOfTheHand+1","ThirdEye","Establishment","Nirvana","Prostrate","JustLucky"],"relics":["PureWater","War Paint","Odd Mushroom","InkBottle","Bottled Tornado","Runic Pyramid","Red Mask"],"acts_visited":["Exordium","TheCity"],"potions_floor_usage":[],"damage_taken":[{"damage":0.0,"enemies":"Small Slimes","floor":1.0,"turns":2.0},{"damage":2.0,"enemies":"Cultist","floor":2.0,"turns":3.0},{"damage":2.0,"enemies":"2 Louse","floor":4.0,"turns":3.0},{"damage":9.0,"enemies":"2 Fungi Beasts","floor":5.0,"turns":3.0},{"damage":16.0,"enemies":"Lagavulin","floor":7.0,"turns":6.0},{"damage":19.0,"enemies":"The Mushroom Lair","floor":10.0,"turns":4.0},{"damage":10.0,"enemies":"3 Sentries","floor":12.0,"turns":4.0},{"damage":0.0,"enemies":"Lagavulin","floor":14.0,"turns":6.0},{"damage":6.0,"enemies":"The Guardian","floor":16.0,"turns":8.0},{"damage":7.0,"enemies":"Spheric Guardian","floor":18.0,"turns":4.0},{"damage":49.0,"enemies":"Masked Bandits","floor":19.0,"turns":4.0},{"damage":9.0,"enemies":"3 Byrds","floor":21.0,"turns":5.0},{"damage":0,"enemies":"Snake Plant","floor":22,"turns":1}],"seed_played":"-1078864906976806640","potions_obtained":[{"floor":1.0,"key":"SkillPotion"},{"floor":10.0,"key":"Dexterity Potion"},{"floor":12.0,"key":"Ambrosia"},{"floor":18.0,"key":"Regen Potion"},{"floor":19.0,"key":"EssenceOfSteel"}],"is_trial":false,"path_per_floor":["M","M","?","M","M","R","E","$","T","?","R","E","R","E","R","B",null,"M","?","$","M","M"],"character_chosen":"WATCHER","items_purchased":["Fasting2","WaveOfTheHand"],"campfire_rested":0,"item_purchase_floors":[8,8],"current_hp_per_floor":[65,63,63,61,52,52,36,36,36,17,17,7,7,7,7,1,54,47,12,12,3,3,3],"gold":222,"neow_bonus":"ONE_RANDOM_RARE_CARD","is_daily":false,"chose_seed":false,"campfire_upgraded":4,"win_rate":0.0,"timestamp":1610258781,"path_taken":["M","M","?","?","M","R","E","$","T","?","R","E","R","E","R","BOSS","M","?","$","M","M"],"items_purchased_type":["Card","Card"],"build_version":"2020-12-22","purchased_purges":1,"victory":false,"max_hp_per_floor":[72,72,72,72,72,72,72,72,72,72,72,72,72,72,72,72,72,72,72,72,72,72,72],"card_choices":[{"not_picked":["WheelKick","PathToVictory","CarveReality"],"picked":"SKIP","floor":1.0},{"not_picked":["FlurryOfBlows","SashWhip"],"picked":"Collect","floor":2.0},{"not_picked":["EmptyBody","ThirdEye"],"picked":"Meditate","floor":4.0},{"not_picked":["Crescendo","CutThroughFate"],"picked":"Prostrate","floor":5.0},{"not_picked":["SignatureMove","SashWhip","FearNoEvil"],"picked":"SKIP","floor":7.0},{"not_picked":["EmptyFist","SignatureMove"],"picked":"ThirdEye","floor":12.0},{"not_picked":["Halt","SashWhip","Evaluate"],"picked":"SKIP","floor":14.0},{"not_picked":["SpiritShield","DeusExMachina"],"picked":"Establishment","floor":16.0},{"not_picked":["Meditate","Adaptation"],"picked":"Nirvana","floor":18.0},{"not_picked":["WaveOfTheHand","ThirdEye"],"picked":"Prostrate","floor":19.0},{"not_picked":["CarveReality","ReachHeaven"],"picked":"JustLucky","floor":21.0}],"player_experience":690133,"relics_obtained":[{"floor":7.0,"key":"War Paint"},{"floor":10.0,"key":"Odd Mushroom"},{"floor":12.0,"key":"InkBottle"},{"floor":14.0,"key":"Bottled Tornado"},{"floor":19.0,"key":"Red Mask"}],"event_choices":[{"damage_healed":0.0,"max_hp_gain":0.0,"max_hp_loss":0.0,"gold_gain":0.0,"event_name":"Upgrade Shrine","player_choice":"Upgraded","floor":3.0,"gold_loss":0.0,"damage_taken":0.0,"cards_upgraded":["Alpha"]},{"damage_healed":0.0,"max_hp_gain":0.0,"max_hp_loss":0.0,"gold_gain":0.0,"event_name":"Mushrooms","player_choice":"Fought Mushrooms","floor":10.0,"gold_loss":0.0,"damage_taken":0.0},{"damage_healed":0.0,"max_hp_gain":0.0,"max_hp_loss":0.0,"gold_gain":0.0,"event_name":"Masked Bandits","player_choice":"Fought Bandits","floor":19.0,"gold_loss":0.0,"damage_taken":0.0}],"is_beta":false,"boss_relics":[{"not_picked":["Pandora\u0027s Box","Ectoplasm"],"picked":"Runic Pyramid"}],"items_purged_floors":[20],"is_endless":false,"potions_floor_spawned":[1,10,12,18,19],"killed_by":"Snake Plant","ascension_level":7}}