{"host":"Krakhan","time":1610312185,"event":{"mods":["AchievementEnabler","BaseMod","Colored Map","Colored Powertips","Faster Ascension Climbing","Highlight Path","Minty Spire (QoL Compilation)","Rare Cards Sparkle","Relic Stats","StSLib"],"gold_per_floor":[109,128,128,138,63,75,75,87,139,159,159,171,194,194,194,293,293,310,210,230,250,265,265,140,160,160,160,160,160,160,177,177,177,177],"floor_reached":33,"playtime":1232,"items_purged":["Defend_B","Strike_B","Strike_B"],"score":241,"play_id":"70d43b72-b096-4306-92cb-2b4565d687a8","local_time":"20210110155625","is_ascension_mode":false,"campfire_choices":[{"data":"Go for the Eyes","floor":7.0,"key":"SMITH"},{"floor":15.0,"key":"REST"},{"data":"Coolheaded","floor":23.0,"key":"SMITH"},{"floor":28.0,"key":"REST"},{"floor":32.0,"key":"REST"}],"circlet_count":0,"master_deck":["Strike_B","Zap","Dualcast","Go for the Eyes+1","Coolheaded+1","RitualDagger"],"relics":["FrozenCore","Strawberry","Odd Mushroom","MealTicket"],"acts_visited":["Exordium","TheCity"],"potions_floor_usage":[],"damage_taken":[{"damage":1.0,"enemies":"Jaw Worm","floor":1.0,"turns":3.0},{"damage":1.0,"enemies":"Cultist","floor":2.0,"turns":3.0},{"damage":0.0,"enemies":"Small Slimes","floor":4.0,"turns":3.0},{"damage":11.0,"enemies":"Gremlin Gang","floor":6.0,"turns":5.0},{"damage":9.0,"enemies":"Large Slime","floor":8.0,"turns":5.0},{"damage":8.0,"enemies":"2 Fungi Beasts","floor":10.0,"turns":3.0},{"damage":0.0,"enemies":"Looter","floor":12.0,"turns":3.0},{"damage":13.0,"enemies":"The Mushroom Lair","floor":13.0,"turns":4.0},{"damage":48.0,"enemies":"Slime Boss","floor":16.0,"turns":11.0},{"damage":8.0,"enemies":"Chosen","floor":18.0,"turns":7.0},{"damage":11.0,"enemies":"Spheric Guardian","floor":20.0,"turns":6.0},{"damage":3.0,"enemies":"Snecko","floor":21.0,"turns":9.0},{"damage":20.0,"enemies":"Snake Plant","floor":22.0,"turns":6.0},{"damage":6.0,"enemies":"Centurion and Healer","floor":25.0,"turns":14.0},{"damage":46.0,"enemies":"3 Cultists","floor":31.0,"turns":8.0},{"damage":0,"enemies":"Champ","floor":33,"turns":1}],"seed_played":"-1850381664976604685","potions_obtained":[{"floor":2.0,"key":"SkillPotion"},{"floor":6.0,"key":"Fire Potion"},{"floor":10.0,"key":"DuplicationPotion"},{"floor":13.0,"key":"PowerPotion"},{"floor":20.0,"key":"DistilledChaos"},{"floor":22.0,"key":"Dexterity Potion"},{"floor":25.0,"key":"Energy Potion"}],"is_trial":false,"path_per_floor":["M","M","?","M","$","M","R","M","T","M","?","M","?","?","R","B",null,"M","$","M","M","M","R","$","M","T","?","R","?","?","M","R","B"],"character_chosen":"DEFECT","items_purchased":[],"campfire_rested":3,"item_purchase_floors":[],"current_hp_per_floor":[74,73,73,73,73,62,62,53,60,52,52,52,39,39,63,15,82,74,74,63,60,40,40,40,34,34,34,58,58,52,6,30,30,30],"gold":177,"neow_bonus":"REMOVE_CARD","is_daily":false,"chose_seed":false,"campfire_upgraded":2,"win_rate":0.0,"timestamp":1610312185,"path_taken":["M","M","?","M","$","?","R","M","T","M","?","?","?","?","R","BOSS","M","$","M","M","M","R","$","M","T","?","R","?","?","M","R","BOSS"],"items_purchased_type":[],"build_version":"2020-12-18","purchased_purges":3,"victory":false,"max_hp_per_floor":[75,75,75,75,75,75,75,75,82,82,82,82,82,82,82,82,82,82,82,82,82,82,82,82,82,82,82,82,82,82,82,82,82,82],"relic_stats":{"counters":[16,90],"MealTicket":0,"obtain_stats":[{"Strawberry":9,"MealTicket":26,"Odd Mushroom":13,"Cracked Core":0,"FrozenCore":17},{"Strawberry":5,"MealTicket":14,"Odd Mushroom":8,"Cracked Core":0,"FrozenCore":9},{"Strawberry":19,"MealTicket":82,"Odd Mushroom":29,"Cracked Core":0,"FrozenCore":40}],"FrozenCore":[22]},"card_choices":[{"not_picked":["Sweeping Beam","Chaos"],"picked":"Go for the Eyes","floor":1.0},{"not_picked":["Barrage","Ball Lightning"],"picked":"Coolheaded","floor":2.0},{"not_picked":["Steam Power","Recycle","Stack"],"picked":"SKIP","floor":4.0},{"not_picked":["Streamline","Double Energy","Chill"],"picked":"SKIP","floor":6.0},{"not_picked":["Lockon","Go for the Eyes","Seek"],"picked":"SKIP","floor":8.0},{"not_picked":["Hologram","Melter","Heatsinks"],"picked":"SKIP","floor":10.0},{"not_picked":["Stack","Fusion","Reprogram"],"picked":"SKIP","floor":12.0},{"not_picked":["Reinforced Body","Recycle","Ball Lightning"],"picked":"SKIP","floor":18.0},{"not_picked":["Rip and Tear","Aggregate+1","Coolheaded"],"picked":"SKIP","floor":20.0},{"not_picked":["Redo","Conserve Battery","Go for the Eyes"],"picked":"SKIP","floor":21.0},{"not_picked":["Hologram","Double Energy+1","Turbo"],"picked":"SKIP","floor":22.0},{"not_picked":["Stack+1","Redo","Hyperbeam"],"picked":"SKIP","floor":25.0},{"not_picked":["Doom and Gloom","Hologram","Fusion"],"picked":"SKIP","floor":31.0}],"player_experience":1301842,"relics_obtained":[{"floor":9.0,"key":"Strawberry"},{"floor":13.0,"key":"Odd Mushroom"},{"floor":26.0,"key":"MealTicket"}],"event_choices":[{"cards_removed":["Strike_B"],"damage_healed":0.0,"max_hp_gain":0.0,"max_hp_loss":0.0,"gold_gain":0.0,"event_name":"Purifier","player_choice":"Purged","floor":3.0,"gold_loss":0.0,"damage_taken":0.0},{"cards_removed":["Defend_B"],"damage_healed":0.0,"max_hp_gain":0.0,"max_hp_loss":0.0,"gold_gain":0.0,"event_name":"Bonfire Elementals","player_choice":"Offered Basic","floor":11.0,"gold_loss":0.0,"damage_taken":0.0},{"damage_healed":0.0,"max_hp_gain":0.0,"max_hp_loss":0.0,"gold_gain":0.0,"event_name":"Mushrooms","player_choice":"Fought Mushrooms","floor":13.0,"gold_loss":0.0,"damage_taken":0.0},{"damage_healed":0.0,"max_hp_gain":0.0,"max_hp_loss":0.0,"gold_gain":0.0,"event_name":"Shining Light","player_choice":"Ignored","floor":14.0,"gold_loss":0.0,"damage_taken":0.0},{"damage_healed":0.0,"max_hp_gain":0.0,"max_hp_loss":0.0,"gold_gain":0.0,"event_name":"Cursed Tome","player_choice":"Ignored","floor":27.0,"gold_loss":0.0,"damage_taken":0.0},{"cards_removed":["Defend_B"],"damage_healed":0.0,"max_hp_gain":0.0,"max_hp_loss":0.0,"gold_gain":0.0,"event_name":"Back to Basics","player_choice":"Elegance","floor":29.0,"gold_loss":0.0,"damage_taken":0.0},{"damage_healed":0.0,"max_hp_gain":0.0,"max_hp_loss":0.0,"gold_gain":0.0,"event_name":"Nest","player_choice":"Joined the Cult","floor":30.0,"gold_loss":0.0,"damage_taken":6.0,"cards_obtained":["RitualDagger"]}],"is_beta":true,"boss_relics":[{"not_picked":["Tiny House","Fusion Hammer"],"picked":"FrozenCore"}],"items_purged_floors":[5,19,24],"is_endless":false,"potions_floor_spawned":[2,6,10,13,20,22,25],"killed_by":"Champ","ascension_level":0}}