{"host":"u1dfzl6o6mfmauc3","time":1610260866,"event":{"mods":["2.2 Compatiblity","AchievementEnabler","BaseMod","Block Reminder","Dark Map","Hermit","Minty Spire (QoL Compilation)","Relic Stats","StSLib"],"gold_per_floor":[114,131,147,227,2,2,37,37,37,37,98,133,133,152,152,249,249,259,259,102,115,125,125,155,155,155,186,202,202,232,232,232,332,332,346,356,370,330,330,330],"floor_reached":39,"playtime":1786,"items_purged":[],"score":542,"play_id":"5569483e-ef5e-466a-a8e3-909aa7cc4658","local_time":"20210110014106","is_ascension_mode":true,"campfire_choices":[{"data":"hermit:Maintenance","floor":6,"key":"SMITH"},{"data":"hermit:Manifest","floor":8,"key":"SMITH"},{"data":"hermit:WideOpen","floor":13,"key":"SMITH"},{"data":"hermit:Quickdraw","floor":15,"key":"SMITH"},{"floor":23,"key":"REST"},{"floor":25,"key":"REST"},{"floor":29,"key":"REST"},{"data":"hermit:FatalDesire","floor":32,"key":"SMITH"}],"circlet_count":0,"master_deck":["hermit:Strike_Hermit","hermit:Strike_Hermit","hermit:Strike_Hermit","hermit:Strike_Hermit","hermit:Defend_Hermit+1","hermit:Defend_Hermit","hermit:Defend_Hermit","hermit:Defend_Hermit","hermit:Snapshot","hermit:Covet+1","hermit:WideOpen+1","hermit:Manifest+1","hermit:Quickdraw+1","hermit:Maintenance+1","Parasite","Shame","hermit:FullyLoaded+1","hermit:Magnum","hermit:FatalDesire+1","hermit:TakeAim+1","hermit:Feint+1","hermit:Maintenance+1","hermit:Glare+1"],"relics":["hermit:DentedPlate","Mummified Hand","Pantograph","Vajra","Peace Pipe","hermit:BartenderGlass","Unceasing Top","War Paint","Orichalcum","Toxic Egg 2","Omamori","Boot","Astrolabe"],"acts_visited":["Exordium","TheCity","TheBeyond"],"potions_floor_usage":[5,12,18,18,18,21,21,24,24,27,27,27,28,28,30,30,30,30,33,33,33,36,36,36,37,37,37,37,39,39,39,39,39],"damage_taken":[{"damage":12,"enemies":"2 Louse","floor":1,"turns":3},{"damage":2,"enemies":"Jaw Worm","floor":2,"turns":3},{"damage":1,"enemies":"Cultist","floor":3,"turns":4},{"damage":10,"enemies":"3 Sentries","floor":7,"turns":7},{"damage":0,"enemies":"3 Sentries","floor":11,"turns":8},{"damage":22,"enemies":"Gremlin Nob","floor":12,"turns":4},{"damage":1,"enemies":"Blue Slaver","floor":14,"turns":2},{"damage":17,"enemies":"The Guardian","floor":16,"turns":10},{"damage":30,"enemies":"3 Byrds","floor":18,"turns":7},{"damage":17,"enemies":"Shell Parasite","floor":21,"turns":5},{"damage":29,"enemies":"Snake Plant","floor":22,"turns":5},{"damage":6,"enemies":"Slavers","floor":24,"turns":8},{"damage":20,"enemies":"Book of Stabbing","floor":27,"turns":6},{"damage":11,"enemies":"Centurion and Healer","floor":28,"turns":8},{"damage":2,"enemies":"Slavers","floor":30,"turns":7},{"damage":52,"enemies":"Champ","floor":33,"turns":8},{"damage":9,"enemies":"Orb Walker","floor":35,"turns":4},{"damage":7,"enemies":"3 Shapes","floor":36,"turns":4},{"damage":9,"enemies":"Writhing Mass","floor":37,"turns":4},{"damage":8,"enemies":"Maw","floor":39,"turns":5}],"seed_played":"1674827718907182092","potions_obtained":[{"floor":2,"key":"SkillPotion"},{"floor":11,"key":"Fire Potion"},{"floor":14,"key":"BlessingOfTheForge"},{"floor":21,"key":"DuplicationPotion"},{"floor":27,"key":"SteroidPotion"},{"floor":35,"key":"LiquidMemories"},{"floor":37,"key":"FearPotion"},{"floor":38,"key":"SneckoOil"},{"floor":38,"key":"ColorlessPotion"}],"is_trial":false,"path_per_floor":["M","M","M","?","$","R","E","R","T","?","?","E","R","M","R","B",null,"M","?","$","M","M","R","E","R","T","E","M","R","E","?","R","B",null,"M","M","M","?","M"],"character_chosen":"HERMIT","items_purchased":["hermit:Maintenance","Fruit Juice","Weak Potion","War Paint"],"campfire_rested":3,"item_purchase_floors":[5,5,5,20],"current_hp_per_floor":[95,93,92,92,97,97,87,87,87,112,112,90,90,89,89,95,95,65,65,65,48,19,52,46,79,79,59,48,81,79,60,60,33,33,24,17,8,8,0,0],"gold":330,"neow_bonus":"BOSS_RELIC","is_daily":false,"chose_seed":false,"campfire_upgraded":5,"win_rate":0.0,"timestamp":1610260866,"path_taken":["M","M","M","?","$","R","E","R","T","?","?","E","R","M","R","BOSS","M","?","$","M","M","R","E","R","T","E","M","R","E","?","R","BOSS","M","M","?","?","M"],"items_purchased_type":["Card","Potion","Potion","Relic"],"build_version":"2020-12-22","purchased_purges":0,"victory":false,"max_hp_per_floor":[107,107,107,107,112,112,112,112,112,112,112,112,112,112,112,112,112,112,112,112,112,112,112,112,112,112,112,112,112,112,112,112,112,112,112,112,112,112,112,112],"relic_stats":{"Peace Pipe":0,"counters":[20,112],"Mummified Hand":[10],"Pantograph":48,"Astrolabe":["hermit:TakeAim","hermit:Feint","hermit:Maintenance"],"War Paint":["hermit:Defend_Hermit","hermit:Covet"],"Orichalcum":[78],"Boot":[0],"obtain_stats":[{"hermit:DentedPlate":0,"Astrolabe":34,"Vajra":11,"Omamori":27,"War Paint":20,"Orichalcum":24,"Boot":30,"Peace Pipe":12,"Mummified Hand":7,"Pantograph":9,"hermit:BartenderGlass":17,"Toxic Egg 2":26,"hermit:Momento":0,"Unceasing Top":19},{"hermit:DentedPlate":0,"Astrolabe":16,"Vajra":4,"Omamori":13,"War Paint":9,"Orichalcum":12,"Boot":15,"Peace Pipe":6,"Mummified Hand":4,"Pantograph":4,"hermit:BartenderGlass":8,"Toxic Egg 2":12,"hermit:Momento":0,"Unceasing Top":9},{"hermit:DentedPlate":0,"Astrolabe":95,"Vajra":17,"Omamori":72,"War Paint":48,"Orichalcum":66,"Boot":87,"Peace Pipe":29,"Mummified Hand":17,"Pantograph":17,"hermit:BartenderGlass":41,"Toxic Egg 2":66,"hermit:Momento":0,"Unceasing Top":48}],"Unceasing Top":[16]},"card_choices":[{"not_picked":["hermit:Ricochet","hermit:HighCaliber"],"picked":"hermit:WideOpen","floor":1},{"not_picked":["hermit:Ricochet","hermit:Dive"],"picked":"hermit:Manifest","floor":2},{"not_picked":["hermit:FromBeyond","hermit:BodyArmor"],"picked":"hermit:Quickdraw","floor":3},{"not_picked":["hermit:TakeAim","hermit:LowProfile","hermit:Misfire"],"picked":"SKIP","floor":7},{"not_picked":["hermit:WideOpen","hermit:HoleUp","hermit:Brawl"],"picked":"SKIP","floor":12},{"not_picked":["hermit:LowProfile","hermit:Misfire","hermit:BlackWind"],"picked":"SKIP","floor":14},{"not_picked":["hermit:Dissolve","hermit:Reprieve"],"picked":"hermit:OverwhelmingPower","floor":16},{"not_picked":["hermit:Combo+1","hermit:CalledShot"],"picked":"hermit:Malice","floor":18},{"not_picked":["hermit:Scavenge","hermit:Headshot","hermit:LuckOfTheDraw"],"picked":"SKIP","floor":21},{"not_picked":["hermit:Malice","hermit:Snipe+1","hermit:HighCaliber"],"picked":"SKIP","floor":22},{"not_picked":["hermit:Misfire","hermit:Brawl"],"picked":"hermit:Dive+1","floor":24},{"not_picked":["hermit:HoleUp+1","hermit:Dive+1"],"picked":"hermit:FullyLoaded+1","floor":27},{"not_picked":["hermit:WideOpen","hermit:Malice"],"picked":"hermit:Magnum","floor":28},{"not_picked":["hermit:HoleUp+1","hermit:CalledShot+1"],"picked":"hermit:FatalDesire","floor":30},{"not_picked":["hermit:Desperado+1","hermit:Malice+1"],"picked":"hermit:Glare+1","floor":35},{"not_picked":["hermit:TrackingShot+1","hermit:Headshot+1","hermit:Ricochet"],"picked":"SKIP","floor":36},{"not_picked":["hermit:Coalescence+1","hermit:Snipe+1","hermit:Dive+1"],"picked":"SKIP","floor":37}],"player_experience":52637,"relics_obtained":[{"floor":7,"key":"Mummified Hand"},{"floor":9,"key":"Pantograph"},{"floor":12,"key":"Peace Pipe"},{"floor":24,"key":"Orichalcum"},{"floor":26,"key":"Toxic Egg 2"},{"floor":27,"key":"Omamori"},{"floor":30,"key":"Boot"}],"event_choices":[{"damage_healed":0,"gold_gain":80,"player_choice":"Gained Gold","damage_taken":0,"max_hp_gain":0,"max_hp_loss":0,"event_name":"Golden Wing","floor":4,"gold_loss":0},{"damage_healed":28,"gold_gain":0,"player_choice":"Healed and dodged fight","damage_taken":0,"max_hp_gain":0,"max_hp_loss":0,"event_name":"Mushrooms","floor":10,"gold_loss":0,"cards_obtained":["Parasite"]},{"damage_healed":0,"gold_gain":30,"player_choice":"Searched \u00273\u0027 times","damage_taken":0,"relics_obtained":["Vajra"],"max_hp_gain":0,"max_hp_loss":0,"event_name":"Dead Adventurer","floor":11,"gold_loss":0},{"damage_healed":0,"gold_gain":0,"player_choice":"Stole Relic","damage_taken":0,"relics_obtained":["Unceasing Top"],"max_hp_gain":0,"max_hp_loss":0,"event_name":"Addict","floor":19,"gold_loss":0,"cards_obtained":["Shame"]},{"damage_healed":0,"gold_gain":0,"player_choice":"POTION POTION ","damage_taken":19,"max_hp_gain":0,"max_hp_loss":0,"event_name":"Knowing Skull","floor":31,"potions_obtained":["Explosive Potion","SteroidPotion"],"gold_loss":0,"cards_obtained":[]},{"damage_healed":0,"gold_gain":0,"player_choice":"Bought 3 Potions","damage_taken":0,"max_hp_gain":0,"max_hp_loss":0,"event_name":"The Woman in Blue","floor":38,"gold_loss":0}],"is_beta":false,"boss_relics":[{"not_picked":["Sozu","SacredBark"],"picked":"hermit:BartenderGlass"},{"not_picked":["Runic Pyramid","Tiny House"],"picked":"Astrolabe"}],"items_purged_floors":[],"is_endless":false,"potions_floor_spawned":[2,11,14,21,27,35,37],"killed_by":"Maw","ascension_level":2}}