{"host":"rolltorest","time":1610316825,"event":{"mods":["BaseMod","Minty Spire (QoL Compilation)","Relic Stats","Robot Space Explorer","Slay the Relics Exporter","StSLib"],"gold_per_floor":[112,37,37,52,62,96,96,16,42,76,76,103,121,153,153,229,229,240,240,258,258,9,9,9,20,75,104,124,152,152,6,6,84,84,95,95,108,126,15,41,41,70,121,121,154,174,194,225,225,225,225,225],"floor_reached":51,"playtime":2185,"items_purged":["RobotSpaceExplorer:Strike"],"score":1787,"play_id":"8ec1aa52-4973-4105-b87b-146e6fabb270","local_time":"20210110141345","is_ascension_mode":true,"campfire_choices":[{"floor":7,"key":"REST"},{"data":"RobotSpaceExplorer:DoubleFind","floor":11,"key":"SMITH"},{"floor":15,"key":"DIG"},{"data":"RobotSpaceExplorer:Asteroid","floor":23,"key":"SMITH"},{"data":"RobotSpaceExplorer:PowerCollector","floor":30,"key":"SMITH"},{"floor":32,"key":"DIG"},{"floor":41,"key":"DIG"},{"floor":44,"key":"DIG"},{"floor":49,"key":"RECALL"}],"circlet_count":0,"master_deck":["AscendersBane","RobotSpaceExplorer:Strike","RobotSpaceExplorer:Strike","RobotSpaceExplorer:Defend","RobotSpaceExplorer:Defend","RobotSpaceExplorer:Defend","RobotSpaceExplorer:Defend","RobotSpaceExplorer:Scan","RobotSpaceExplorer:MiniLasers","RobotSpaceExplorer:SurgingStrike","RobotSpaceExplorer:Fix","RobotSpaceExplorer:DoubleFind+1","RobotSpaceExplorer:IronShell","RobotSpaceExplorer:DualCore","RobotSpaceExplorer:PlasmaMissile","RobotSpaceExplorer:ScrapMissile","RobotSpaceExplorer:GlueShot","RobotSpaceExplorer:HighVoltage","RobotSpaceExplorer:Asteroid+1","RobotSpaceExplorer:DualCore+1","RobotSpaceExplorer:SelfCleaning","Shame","RobotSpaceExplorer:GlueShot+1","RobotSpaceExplorer:SlimeMissile+1","RobotSpaceExplorer:ScrapShield","RobotSpaceExplorer:PowerCollector+1","Panacea","RobotSpaceExplorer:TrailblazerForm","RobotSpaceExplorer:DoubleBlock+1","RobotSpaceExplorer:DoubleFind","RobotSpaceExplorer:Electropulse","RobotSpaceExplorer:DualCore","RobotSpaceExplorer:ShockMissile","RobotSpaceExplorer:Ammunition+1","Regret","RobotSpaceExplorer:BlastShield+1","RobotSpaceExplorer:Fix+1"],"relics":["Philosopher\u0027s Stone","Orichalcum","PreservedInsect","Bag of Preparation","Shovel","Happy Flower","Regal Pillow","Runic Pyramid","MutagenicStrength","MawBank","Bag of Marbles","Boot","Anchor","Akabeko","Smiling Mask","Centennial Puzzle","Cursed Key","Toxic Egg 2","Bottled Tornado","Pear","RobotSpaceExplorer:ClockworkSextant","Ginger","RobotSpaceExplorer:PlasmaHourglass"],"acts_visited":["Exordium","TheCity","TheBeyond"],"potions_floor_usage":[6,10,16,16,48],"damage_taken":[{"damage":5,"enemies":"Cultist","floor":1,"turns":4},{"damage":10,"enemies":"Small Slimes","floor":4,"turns":3},{"damage":3,"enemies":"Jaw Worm","floor":5,"turns":4},{"damage":34,"enemies":"Gremlin Nob","floor":6,"turns":4},{"damage":6,"enemies":"Lagavulin","floor":10,"turns":6},{"damage":0,"enemies":"Gremlin Nob","floor":12,"turns":3},{"damage":8,"enemies":"Exordium Wildlife","floor":13,"turns":3},{"damage":5,"enemies":"Lagavulin","floor":14,"turns":5},{"damage":18,"enemies":"The Guardian","floor":16,"turns":15},{"damage":14,"enemies":"2 Thieves","floor":18,"turns":4},{"damage":0,"enemies":"Shell Parasite","floor":20,"turns":2},{"damage":5,"enemies":"Snake Plant","floor":25,"turns":3},{"damage":0,"enemies":"Slavers","floor":27,"turns":3},{"damage":1,"enemies":"Centurion and Healer","floor":28,"turns":6},{"damage":0,"enemies":"Gremlin Leader","floor":29,"turns":4},{"damage":52,"enemies":"Automaton","floor":33,"turns":8},{"damage":0,"enemies":"Orb Walker","floor":35,"turns":2},{"damage":0,"enemies":"3 Shapes","floor":37,"turns":3},{"damage":0,"enemies":"Maw","floor":38,"turns":7},{"damage":9,"enemies":"Nemesis","floor":40,"turns":4},{"damage":4,"enemies":"Giant Head","floor":42,"turns":6},{"damage":0,"enemies":"Nemesis","floor":45,"turns":5},{"damage":0,"enemies":"3 Darklings","floor":46,"turns":3},{"damage":0,"enemies":"Jaw Worm Horde","floor":47,"turns":3},{"damage":22,"enemies":"Giant Head","floor":48,"turns":7},{"damage":60,"enemies":"Time Eater","floor":50,"turns":12},{"damage":53,"enemies":"Donu and Deca","floor":51,"turns":9}],"seed_played":"2066333250632802928","potions_obtained":[{"floor":1,"key":"Fire Potion"},{"floor":4,"key":"Explosive Potion"},{"floor":10,"key":"Explosive Potion"},{"floor":13,"key":"Swift Potion"},{"floor":16,"key":"LiquidMemories"},{"floor":29,"key":"FairyPotion"}],"is_trial":false,"path_per_floor":["M","?","$","M","M","E","R","$","T","E","R","E","M","E","R","B",null,"M","?","M","T","$","R","?","M","T","E","M","E","R","$","R","B",null,"M","?","M","M","$","E","R","E","T","R","E","M","M","E","R","B","B"],"character_chosen":"RobotSpaceExplorer","items_purchased":["RobotSpaceExplorer:DualCore","RobotSpaceExplorer:SelfCleaning","Bag of Marbles","Panacea","RobotSpaceExplorer:Electropulse","RobotSpaceExplorer:DualCore"],"campfire_rested":1,"item_purchase_floors":[8,22,22,31,39,39],"current_hp_per_floor":[59,59,59,49,50,20,41,41,41,39,39,43,39,38,38,24,59,49,49,49,49,49,49,49,48,48,52,55,59,59,59,59,11,56,56,56,56,60,60,55,55,65,65,65,65,65,69,57,57,7,0,0],"gold":225,"neow_bonus":"BOSS_RELIC","is_daily":false,"chose_seed":false,"campfire_upgraded":3,"win_rate":0.0,"timestamp":1610316825,"path_taken":["M","?","$","M","M","E","R","$","T","E","R","E","M","E","R","BOSS","M","?","M","?","?","R","?","?","T","E","M","E","R","$","R","BOSS","M","?","M","M","$","E","R","E","T","R","E","M","M","E","R","BOSS","BOSS"],"items_purchased_type":["Card","Card","Relic","Card","Card","Card"],"build_version":"2020-12-18","purchased_purges":1,"victory":false,"max_hp_per_floor":[71,71,71,71,71,71,71,71,71,71,71,71,71,71,71,71,71,71,71,71,71,71,71,71,71,71,71,71,71,71,71,71,71,71,71,71,71,71,71,71,71,81,81,81,81,81,81,81,81,81,81,81],"relic_stats":{"Regal Pillow":0,"Happy Flower":[35],"counters":[27,138],"PreservedInsect":527,"Bag of Preparation":[44],"Ginger":[23],"Orichalcum":[48],"MawBank":12,"Boot":[75],"Smiling Mask":25,"Cursed Key":1,"Centennial Puzzle":[17],"Shovel":4,"obtain_stats":[{"RobotSpaceExplorer:ClockworkSextant":44,"Regal Pillow":15,"Pear":42,"Happy Flower":14,"RobotSpaceExplorer:PlasmaHourglass":48,"RobotSpaceExplorer:RoboCore":0,"PreservedInsect":9,"Bag of Preparation":10,"Ginger":45,"Orichalcum":6,"Bottled Tornado":41,"MawBank":21,"Boot":24,"Smiling Mask":29,"Cursed Key":34,"Akabeko":27,"Anchor":26,"Centennial Puzzle":32,"Shovel":12,"MutagenicStrength":19,"Philosopher\u0027s Stone":0,"Bag of Marbles":22,"Toxic Egg 2":40,"Runic Pyramid":17},{"RobotSpaceExplorer:ClockworkSextant":21,"Regal Pillow":8,"Pear":21,"Happy Flower":8,"RobotSpaceExplorer:PlasmaHourglass":25,"RobotSpaceExplorer:RoboCore":0,"PreservedInsect":4,"Bag of Preparation":5,"Ginger":22,"Orichalcum":4,"Bottled Tornado":20,"MawBank":11,"Boot":11,"Smiling Mask":15,"Cursed Key":16,"Akabeko":13,"Anchor":12,"Centennial Puzzle":15,"Shovel":6,"MutagenicStrength":10,"Philosopher\u0027s Stone":0,"Bag of Marbles":11,"Toxic Egg 2":20,"Runic Pyramid":9},{"RobotSpaceExplorer:ClockworkSextant":99,"Regal Pillow":32,"Pear":99,"Happy Flower":32,"RobotSpaceExplorer:PlasmaHourglass":117,"RobotSpaceExplorer:RoboCore":0,"PreservedInsect":15,"Bag of Preparation":21,"Ginger":104,"Orichalcum":15,"Bottled Tornado":93,"MawBank":53,"Boot":53,"Smiling Mask":69,"Cursed Key":77,"Akabeko":59,"Anchor":56,"Centennial Puzzle":69,"Shovel":24,"MutagenicStrength":51,"Philosopher\u0027s Stone":0,"Bag of Marbles":53,"Toxic Egg 2":93,"Runic Pyramid":47}]},"card_choices":[{"not_picked":["RobotSpaceExplorer:SelfCleaning","RobotSpaceExplorer:FreezingShield"],"picked":"RobotSpaceExplorer:SurgingStrike","floor":1},{"not_picked":["RobotSpaceExplorer:ImprovisedAttack","RobotSpaceExplorer:Reload"],"picked":"RobotSpaceExplorer:Fix","floor":4},{"not_picked":["RobotSpaceExplorer:ScrapToss","RobotSpaceExplorer:FrostMissile"],"picked":"RobotSpaceExplorer:DoubleFind","floor":5},{"not_picked":["RobotSpaceExplorer:Calculate","RobotSpaceExplorer:Pulsar"],"picked":"RobotSpaceExplorer:IronShell","floor":6},{"not_picked":["RobotSpaceExplorer:DoubleFind","RobotSpaceExplorer:SurgingShield"],"picked":"RobotSpaceExplorer:PlasmaMissile","floor":10},{"not_picked":["RobotSpaceExplorer:GlueShot","RobotSpaceExplorer:ShockKick"],"picked":"RobotSpaceExplorer:ScrapMissile","floor":12},{"not_picked":["RobotSpaceExplorer:SlimeMissile","RobotSpaceExplorer:ShockKick"],"picked":"RobotSpaceExplorer:GlueShot","floor":13},{"not_picked":["RobotSpaceExplorer:GlueSpray","RobotSpaceExplorer:SelfCleaning"],"picked":"RobotSpaceExplorer:HighVoltage","floor":14},{"not_picked":["RobotSpaceExplorer:Blaster","RobotSpaceExplorer:ChargingLaser"],"picked":"RobotSpaceExplorer:Asteroid","floor":16},{"not_picked":["RobotSpaceExplorer:SlimeMissile","RobotSpaceExplorer:Reload"],"picked":"RobotSpaceExplorer:DualCore","floor":18},{"not_picked":["RobotSpaceExplorer:ShockKick","RobotSpaceExplorer:Pulsar","RobotSpaceExplorer:SlimeMissile"],"picked":"SKIP","floor":20},{"not_picked":["RobotSpaceExplorer:SurgingStrike+1","RobotSpaceExplorer:FranticSearch"],"picked":"RobotSpaceExplorer:GlueShot+1","floor":25},{"not_picked":["RobotSpaceExplorer:SurgingStrike","RobotSpaceExplorer:SelfCleaning"],"picked":"RobotSpaceExplorer:SlimeMissile+1","floor":27},{"not_picked":["RobotSpaceExplorer:FreezeRay","RobotSpaceExplorer:GlueShot"],"picked":"RobotSpaceExplorer:ScrapShield","floor":28},{"not_picked":["RobotSpaceExplorer:Probe","RobotSpaceExplorer:ShockKick"],"picked":"RobotSpaceExplorer:PowerCollector","floor":29},{"not_picked":["RobotSpaceExplorer:Accelerator","RobotSpaceExplorer:ShockMissile"],"picked":"RobotSpaceExplorer:TrailblazerForm","floor":33},{"not_picked":["RobotSpaceExplorer:Counterblock","RobotSpaceExplorer:FranticSearch+1"],"picked":"RobotSpaceExplorer:DoubleBlock+1","floor":35},{"not_picked":["RobotSpaceExplorer:MiniDrones","RobotSpaceExplorer:SwiftStep","RobotSpaceExplorer:LuckyStrike"],"picked":"SKIP","floor":37},{"not_picked":["RobotSpaceExplorer:GlueShot","RobotSpaceExplorer:PlasmaMissile"],"picked":"RobotSpaceExplorer:DoubleFind","floor":38},{"not_picked":["RobotSpaceExplorer:ScrapMissile","RobotSpaceExplorer:StarLightning"],"picked":"RobotSpaceExplorer:ShockMissile","floor":40},{"not_picked":["RobotSpaceExplorer:ImprovisedAttack","RobotSpaceExplorer:MiniDrones"],"picked":"RobotSpaceExplorer:Ammunition+1","floor":42},{"not_picked":["RobotSpaceExplorer:JunkDive+1","RobotSpaceExplorer:Ammunition+1"],"picked":"RobotSpaceExplorer:BlastShield+1","floor":45},{"not_picked":["RobotSpaceExplorer:Pulsar+1","RobotSpaceExplorer:DoubleBlock+1","RobotSpaceExplorer:ShockKick"],"picked":"SKIP","floor":46},{"not_picked":["RobotSpaceExplorer:ScrapShield+1","RobotSpaceExplorer:MetalStrike+1"],"picked":"RobotSpaceExplorer:Fix+1","floor":47},{"not_picked":["RobotSpaceExplorer:LuckyStrike","RobotSpaceExplorer:SlimeMissile","RobotSpaceExplorer:Pulsar+1"],"picked":"SKIP","floor":48}],"player_experience":1829931,"relics_obtained":[{"floor":6,"key":"Orichalcum"},{"floor":9,"key":"PreservedInsect"},{"floor":10,"key":"Bag of Preparation"},{"floor":12,"key":"Shovel"},{"floor":14,"key":"Happy Flower"},{"floor":15,"key":"Regal Pillow"},{"floor":21,"key":"MawBank"},{"floor":26,"key":"Anchor"},{"floor":27,"key":"Akabeko"},{"floor":29,"key":"Smiling Mask"},{"floor":32,"key":"Centennial Puzzle"},{"floor":40,"key":"Toxic Egg 2"},{"floor":41,"key":"Bottled Tornado"},{"floor":42,"key":"Pear"},{"floor":44,"key":"RobotSpaceExplorer:ClockworkSextant"},{"floor":45,"key":"Ginger"},{"floor":48,"key":"RobotSpaceExplorer:PlasmaHourglass"}],"event_choices":[{"cards_removed":["RobotSpaceExplorer:Strike"],"damage_healed":0,"gold_gain":0,"player_choice":"Card Removal","damage_taken":0,"max_hp_gain":0,"max_hp_loss":0,"event_name":"The Cleric","floor":2,"gold_loss":75},{"damage_healed":0,"gold_gain":0,"player_choice":"Inject Mutagens","damage_taken":0,"relics_obtained":["MutagenicStrength"],"max_hp_gain":0,"max_hp_loss":0,"event_name":"Drug Dealer","floor":19,"gold_loss":0},{"damage_healed":0,"gold_gain":0,"player_choice":"Stole Relic","damage_taken":0,"relics_obtained":["Boot"],"max_hp_gain":0,"max_hp_loss":0,"event_name":"Addict","floor":24,"gold_loss":0,"cards_obtained":["Shame"]},{"damage_healed":0,"gold_gain":0,"player_choice":"Upgraded","damage_taken":0,"max_hp_gain":0,"max_hp_loss":0,"event_name":"Upgrade Shrine","floor":36,"gold_loss":0,"cards_upgraded":["RobotSpaceExplorer:DualCore"]}],"is_beta":true,"boss_relics":[{"not_picked":["RobotSpaceExplorer:Reprocessor","Empty Cage"],"picked":"Runic Pyramid"},{"not_picked":["SacredBark","Black Star"],"picked":"Cursed Key"}],"items_purged_floors":[31],"is_endless":false,"potions_floor_spawned":[1,4,10,13,16,18,28,29,37,42,45,47],"killed_by":"Donu and Deca","ascension_level":20}}