{"host":"sum4dy402bbv9y4o","time":1610240170,"event":{"mods":["Aspiration","BaseMod","Conspire","Highlight Path","Minty Spire (QoL Compilation)","StSLib"],"gold_per_floor":[114,389,33,51,66,93,93,125,125,137,137,137,154,183,183,254,254,271,6,26,26,45,45,45],"floor_reached":23,"playtime":738,"items_purged":["Regret","Strike_P"],"score":472,"play_id":"4b762d61-2816-49dc-a322-e4974c629089","local_time":"20210110035610","is_ascension_mode":true,"campfire_choices":[{"data":"Eruption","floor":7,"key":"SMITH"},{"data":"Adaptation","floor":12,"key":"SMITH"},{"floor":15,"key":"REST"}],"circlet_count":0,"master_deck":["AscendersBane","Strike_P","Strike_P","Strike_P","Defend_P","Defend_P","Defend_P","Eruption+1","Vigilance","Dramatic Entrance","ReachHeaven","JustLucky","Halt","WheelKick","Panacea","Adaptation+1","Weave","Prostrate","MentalFortress","Nirvana","EmptyBody","Protect","Judgement","ReachHeaven","FlurryOfBlows","Crescendo+1","JustLucky"],"relics":["PureWater","Bronze Scales","Eternal Feather","White Beast Statue","Smiling Mask","aspiration:RitualDagger","Blood Vial"],"acts_visited":["Exordium","TheCity"],"potions_floor_usage":[13,14,14,16,20,22,22,23],"damage_taken":[{"damage":1,"enemies":"Small Slimes","floor":1,"turns":3},{"damage":0,"enemies":"Cultist","floor":4,"turns":1},{"damage":9,"enemies":"Jaw Worm","floor":5,"turns":4},{"damage":6,"enemies":"Gremlin Nob","floor":6,"turns":3},{"damage":0,"enemies":"Lagavulin","floor":8,"turns":4},{"damage":6,"enemies":"Looter","floor":10,"turns":2},{"damage":5,"enemies":"Gremlin Gang","floor":13,"turns":2},{"damage":30,"enemies":"Gremlin Nob","floor":14,"turns":3},{"damage":35,"enemies":"The Guardian","floor":16,"turns":14},{"damage":15,"enemies":"3 Byrds","floor":18,"turns":3},{"damage":23,"enemies":"Shell Parasite","floor":20,"turns":3},{"damage":33,"enemies":"Cultist and Chosen","floor":22,"turns":5},{"damage":118,"enemies":"Book of Stabbing","floor":23,"turns":4}],"seed_played":"2155847596710455371","potions_obtained":[{"floor":5,"key":"SkillPotion"},{"floor":6,"key":"EssenceOfSteel"},{"floor":10,"key":"StancePotion"},{"floor":13,"key":"Energy Potion"},{"floor":14,"key":"BottledMiracle"},{"floor":16,"key":"BlessingOfTheForge"},{"floor":18,"key":"Energy Potion"},{"floor":20,"key":"Fire Potion"},{"floor":22,"key":"SteroidPotion"}],"is_trial":false,"path_per_floor":["M","?","$","M","M","E","R","E","T","M","?","R","M","E","R","B",null,"M","$","M","?","M","E"],"character_chosen":"WATCHER","items_purchased":["JustLucky","Halt","WheelKick","Panacea","FlurryOfBlows","Blood Vial"],"campfire_rested":1,"item_purchase_floors":[3,3,3,3,19,19],"current_hp_per_floor":[60,60,60,60,51,45,45,45,45,39,32,44,39,9,41,6,53,38,38,17,31,68,0,0],"gold":45,"neow_bonus":"RANDOM_COLORLESS","is_daily":false,"chose_seed":false,"campfire_upgraded":2,"win_rate":0.0,"timestamp":1610240170,"path_taken":["M","?","$","?","M","E","R","E","T","M","?","R","M","E","R","BOSS","M","$","M","?","M","E"],"items_purchased_type":["Card","Card","Card","Card","Card","Relic"],"build_version":"2020-12-22","purchased_purges":2,"victory":false,"max_hp_per_floor":[68,68,68,68,68,68,68,68,68,68,68,68,68,68,68,68,68,68,68,68,68,68,68,68],"card_choices":[{"not_picked":["PanicButton","Deep Breath"],"picked":"Dramatic Entrance","floor":0},{"not_picked":["CarveReality","PathToVictory"],"picked":"ReachHeaven","floor":1},{"not_picked":["Crescendo","InnerPeace"],"picked":"Adaptation","floor":4},{"not_picked":["Crescendo","Sanctity"],"picked":"Weave","floor":5},{"not_picked":["DevaForm","SignatureMove"],"picked":"Prostrate","floor":6},{"not_picked":["SashWhip","Adaptation"],"picked":"MentalFortress","floor":8},{"not_picked":["PathToVictory","BattleHymn"],"picked":"Nirvana","floor":10},{"not_picked":["Consecrate","DeusExMachina"],"picked":"EmptyBody","floor":13},{"not_picked":["MasterReality","Prostrate"],"picked":"Protect","floor":14},{"not_picked":["Vault","Alpha"],"picked":"Judgement","floor":16},{"not_picked":["CutThroughFate","FollowUp"],"picked":"ReachHeaven","floor":18},{"not_picked":["Evaluate","EmptyBody"],"picked":"Crescendo+1","floor":20},{"not_picked":["BattleHymn","LikeWater"],"picked":"JustLucky","floor":22}],"player_experience":2922273,"relics_obtained":[{"floor":6,"key":"Bronze Scales"},{"floor":8,"key":"Eternal Feather"},{"floor":9,"key":"White Beast Statue"},{"floor":14,"key":"Smiling Mask"}],"event_choices":[{"damage_healed":0,"gold_gain":275,"player_choice":"Desecrate","damage_taken":0,"max_hp_gain":0,"max_hp_loss":0,"event_name":"Golden Shrine","floor":2,"gold_loss":0,"cards_obtained":["Regret"]},{"cards_removed":["Defend_P"],"damage_healed":0,"gold_gain":0,"player_choice":"Card Removal","damage_taken":7,"max_hp_gain":0,"max_hp_loss":0,"event_name":"Golden Wing","floor":11,"gold_loss":0},{"damage_healed":14,"gold_gain":0,"player_choice":"Heal","damage_taken":0,"max_hp_gain":0,"max_hp_loss":0,"event_name":"The Library","floor":21,"gold_loss":0}],"is_beta":false,"boss_relics":[{"not_picked":["aspiration:RandomNobGenerator","Snecko Eye"],"picked":"aspiration:RitualDagger"}],"items_purged_floors":[3,19],"is_endless":false,"potions_floor_spawned":[5,6,10,13,14,16,18,20,22],"killed_by":"Book of Stabbing","ascension_level":20}}