{"host":"n3pcl7mteoua0i12","time":1610311436,"event":{"mods":["BaseMod","Bestiary","Curses Come First","Googly Eyes","Minty Spire (QoL Compilation)","Relic Stats","StSLib","The Saiyan","The Senshi"],"gold_per_floor":[110,127,127,127,0,33,33,33,33,50,50,62,62,73,73,177,177,190,190,275,291,291,291,302,134,157,107,17,36,36,46,46,46,46],"floor_reached":33,"playtime":1895,"items_purged":["theSenshi:SailorKick","Writhe","theSenshi:SailorKick"],"score":270,"play_id":"dfe4a3c0-047e-454f-a597-608b65b26b85","local_time":"20210110124356","is_ascension_mode":false,"campfire_choices":[{"data":"theSenshi:MoonPrismPowerMakeUp","floor":7,"key":"SMITH"},{"data":"theSenshi:RoseThrow","floor":11,"key":"SMITH"},{"data":"theSenshi:MoonsReflection","floor":13,"key":"SMITH"},{"data":"theSenshi:SailorMercuryAssists","floor":15,"key":"SMITH"},{"floor":23,"key":"REST"},{"data":"theSenshi:SailorStarHealerAssists","floor":30,"key":"SMITH"},{"floor":32,"key":"REST"}],"circlet_count":0,"master_deck":["theSenshi:SailorKick","theSenshi:SailorBlock","theSenshi:SailorBlock","theSenshi:SailorBlock","theSenshi:SailorBlock","theSenshi:RoseThrow+1","theSenshi:MoonPrismPowerMakeUp+1","theSenshi:SailorVenusAssists","theSenshi:MoonTiaraMagic","theSenshi:MoonsReflection+1","theSenshi:SailorMercuryAssists+1","theSenshi:SailorStarFighterAssists","theSenshi:SailorStarHealerAssists+1","theSenshi:TallSilhouette","theSenshi:MoonCrisisMakeUp","theSenshi:MercurysCunning","theSenshi:TuxedoMaskAssists+1","theSenshi:LunasBite","theSenshi:MoonTwilightFlash+1"],"relics":["theSenshi:TransformationBroochRelic","NeowsBlessing","Nunchaku","Gambling Chip","Happy Flower","SacredBark","Red Mask","Shuriken","Smiling Mask"],"acts_visited":["Exordium","TheCity"],"potions_floor_usage":[20,31,31,33],"damage_taken":[{"damage":0,"enemies":"2 Louse","floor":1,"turns":1},{"damage":0,"enemies":"Jaw Worm","floor":2,"turns":1},{"damage":0,"enemies":"3 Sentries","floor":6,"turns":1},{"damage":2,"enemies":"Small Slimes","floor":10,"turns":4},{"damage":0,"enemies":"Blue Slaver","floor":12,"turns":4},{"damage":0,"enemies":"Large Slime","floor":14,"turns":4},{"damage":39,"enemies":"Slime Boss","floor":16,"turns":14},{"damage":22,"enemies":"Shell Parasite","floor":18,"turns":9},{"damage":39,"enemies":"Masked Bandits","floor":20,"turns":7},{"damage":24,"enemies":"Spheric Guardian","floor":21,"turns":9},{"damage":14,"enemies":"Snake Plant","floor":24,"turns":7},{"damage":13,"enemies":"Centurion and Healer","floor":29,"turns":15},{"damage":17,"enemies":"Chosen and Byrds","floor":31,"turns":10},{"damage":53,"enemies":"Automaton","floor":33,"turns":6}],"seed_played":"556517963009235062","potions_obtained":[{"floor":1,"key":"SpeedPotion"},{"floor":12,"key":"Dexterity Potion"},{"floor":16,"key":"FearPotion"},{"floor":18,"key":"ColorlessPotion"},{"floor":21,"key":"Swift Potion"},{"floor":29,"key":"Regen Potion"}],"is_trial":false,"path_per_floor":["M","M","?","?","$","E","R","$","T","M","R","M","R","M","R","B",null,"M","?","?","M","?","R","M","$","T","$","?","M","R","M","R","B"],"character_chosen":"THE_SENSHI","items_purchased":["theSenshi:MoonsReflection","theSenshi:TuxedoMaskAssists"],"campfire_rested":2,"item_purchase_floors":[5,25],"current_hp_per_floor":[75,75,75,57,57,57,57,57,57,55,55,55,55,55,55,16,75,58,58,24,5,5,27,18,18,18,18,18,10,10,17,39,0,0],"gold":46,"neow_bonus":"THREE_ENEMY_KILL","is_daily":false,"chose_seed":false,"campfire_upgraded":5,"win_rate":0.0,"timestamp":1610311436,"path_taken":["M","M","?","?","$","E","R","$","T","M","R","M","R","M","R","BOSS","M","?","?","M","?","R","M","?","T","$","?","M","R","M","R","BOSS"],"items_purchased_type":["Card","Card"],"build_version":"2020-12-22","purchased_purges":3,"victory":false,"max_hp_per_floor":[75,75,75,75,75,75,75,75,75,75,75,75,75,75,75,75,75,75,75,75,75,75,75,75,75,75,75,75,75,75,75,75,75,75],"relic_stats":{"Nunchaku":[15],"Happy Flower":[29],"counters":[14,92],"Shuriken":[7],"Gambling Chip":[20],"Smiling Mask":75,"obtain_stats":[{"Nunchaku":4,"theSenshi:TransformationBroochRelic":0,"NeowsBlessing":0,"Happy Flower":9,"Shuriken":22,"Gambling Chip":6,"SacredBark":17,"Red Mask":20,"Smiling Mask":26},{"Nunchaku":2,"theSenshi:TransformationBroochRelic":0,"NeowsBlessing":0,"Happy Flower":3,"Shuriken":10,"Gambling Chip":3,"SacredBark":7,"Red Mask":9,"Smiling Mask":11},{"Nunchaku":2,"theSenshi:TransformationBroochRelic":0,"NeowsBlessing":0,"Happy Flower":3,"Shuriken":54,"Gambling Chip":3,"SacredBark":29,"Red Mask":45,"Smiling Mask":61}]},"card_choices":[{"not_picked":["theSenshi:MoonSpiralHeartAttack","theSenshi:Sidestep"],"picked":"theSenshi:SailorVenusAssists","floor":1},{"not_picked":["theSenshi:EncouragingSpeech","theSenshi:TuxedoMaskAssists"],"picked":"theSenshi:MoonTiaraMagic","floor":2},{"not_picked":["theSenshi:HesSoDreamy","theSenshi:Sidestep","theSenshi:OdangoHead"],"picked":"SKIP","floor":6},{"not_picked":["theSenshi:SchoolBag","theSenshi:SteeledNerves","theSenshi:SailorChibiMoonAssists"],"picked":"SKIP","floor":10},{"not_picked":["theSenshi:SchoolBag","theSenshi:SailorChibiMoonAssists"],"picked":"theSenshi:SailorMercuryAssists","floor":12},{"not_picked":["theSenshi:LateForSchool","theSenshi:LunaWiseMentor"],"picked":"theSenshi:SailorStarFighterAssists","floor":14},{"not_picked":["theSenshi:GlimpseOfThePast","theSenshi:IWillPunishYou"],"picked":"theSenshi:SailorStarHealerAssists","floor":16},{"not_picked":["theSenshi:SchoolBag+1","theSenshi:EncouragingSpeech+1"],"picked":"theSenshi:TallSilhouette","floor":18},{"not_picked":["theSenshi:YouCanTalk","theSenshi:EncouragingSpeech","theSenshi:MoonPunch+1"],"picked":"SKIP","floor":21},{"not_picked":["theSenshi:Sidestep","theSenshi:SailorChibiMoonAssists"],"picked":"theSenshi:MercurysCunning","floor":24},{"not_picked":["theSenshi:SailorChibiMoonAssists","theSenshi:EncouragingSpeech"],"picked":"theSenshi:LunasBite","floor":29},{"not_picked":["theSenshi:UranusStrength","theSenshi:SupersonicWaves+1"],"picked":"theSenshi:MoonTwilightFlash+1","floor":31}],"player_experience":444702,"relics_obtained":[{"floor":6,"key":"Gambling Chip"},{"floor":9,"key":"Happy Flower"},{"floor":20,"key":"Red Mask"},{"floor":26,"key":"Smiling Mask"}],"event_choices":[{"damage_healed":0,"gold_gain":0,"player_choice":"Ignored","damage_taken":0,"max_hp_gain":0,"max_hp_loss":0,"event_name":"Liars Game","floor":3,"gold_loss":0},{"damage_healed":0,"gold_gain":0,"player_choice":"Success","damage_taken":18,"relics_obtained":["Nunchaku"],"max_hp_gain":0,"max_hp_loss":0,"event_name":"Scrap Ooze","floor":4,"gold_loss":0},{"damage_healed":0,"gold_gain":0,"player_choice":"Read","damage_taken":0,"max_hp_gain":0,"max_hp_loss":0,"event_name":"The Library","floor":19,"gold_loss":0,"cards_obtained":["theSenshi:MoonCrisisMakeUp"]},{"damage_healed":0,"gold_gain":0,"player_choice":"Fought Bandits","damage_taken":0,"max_hp_gain":0,"max_hp_loss":0,"event_name":"Masked Bandits","floor":20,"gold_loss":0},{"damage_healed":0,"gold_gain":0,"player_choice":"Opened","damage_taken":0,"relics_obtained":["Shuriken"],"max_hp_gain":0,"max_hp_loss":0,"event_name":"The Mausoleum","floor":22,"gold_loss":0,"cards_obtained":["Writhe"]},{"cards_removed":["theSenshi:SailorKick"],"damage_healed":0,"gold_gain":0,"player_choice":"Upgrade and Remove","damage_taken":0,"max_hp_gain":0,"max_hp_loss":0,"event_name":"Designer","floor":28,"gold_loss":90,"cards_upgraded":["theSenshi:TuxedoMaskAssists"]}],"is_beta":false,"boss_relics":[{"not_picked":["Empty Cage","Snecko Eye"],"picked":"SacredBark"}],"items_purged_floors":[5,25,27],"is_endless":false,"potions_floor_spawned":[1,12,16,18,21,29],"killed_by":"Automaton","ascension_level":0}}