{"host":"iajupulv8i19r34s","time":1610246269,"event":{"mods":["BaseMod","Bestiary","Better Altar","Better Match","Better Note","Better Sensory Stone","Better Skull","Better Third Choice","Block Reminder","Curses Come First","Evolution","Hermit","Highlight Path","Minty Spire (QoL Compilation)","Permanent Neow","Random Character Button","Rare Cards Sparkle","Relic Sorter","Relic Stats","StSLib","Synergy Search","The Hierophant","everything is the same but u backflip on backflip","thorton"],"gold_per_floor":[139,314,314,14,45,80,128,159,159,159,206,206,206,217,217,335,335,346,346,346,335,131,180,219,219,270,270,302,302,319,331,331,433,433,473,81,81,94,104,139,207,207,207,207,207,220,220,236,236,236,236],"floor_reached":50,"playtime":2330,"items_purged":["Doubt","Dualcast"],"score":577,"play_id":"32b402b9-17af-429d-8d1c-1298b117f0c1","local_time":"20210109213749","is_ascension_mode":false,"campfire_choices":[{"floor":10,"key":"REST"},{"floor":12,"key":"REST"},{"data":"Zap","floor":15,"key":"SMITH"},{"floor":25,"key":"REST"},{"floor":27,"key":"REST"},{"floor":32,"key":"REST"},{"floor":42,"key":"REST"},{"floor":47,"key":"REST"},{"floor":49,"key":"REST"}],"circlet_count":0,"master_deck":["Defend_B+1","Defend_B","Defend_B+1","Zap+1","HandOfGreed","Skim","Defragment+1","Panacea+1","Streamline","Conserve Battery","Self Repair","Go for the Eyes","Conserve Battery","Gash","Creative AI+1","Machine Learning+1","Loop+1","Defragment+1","Melter","Conserve Battery","Chill","Sweeping Beam+1","Lockon+1","Bite","Bite","Bite","Bite","Bite","White Noise","Capacitor+1","Loop+1","Buffer+1","CurseOfTheBell","Coolheaded+1","Echo Form+1","Gash+1","Loop+1","Redo+1","Hologram+1","Stack","Self Repair+1"],"relics":["Cracked Core","EVO:Axolotl","Frozen Egg 2","HornCleat","Sundial","Fusion Hammer","Juzu Bracelet","Dream Catcher","Calling Bell","MealTicket","Darkstone Periapt","Mango","Gremlin Horn","War Paint","Vajra","CaptainsWheel","Lantern"],"acts_visited":["Exordium","TheCity","TheBeyond"],"potions_floor_usage":[11,23,41,41,50],"damage_taken":[{"damage":3,"enemies":"Jaw Worm","floor":1,"turns":5},{"damage":0,"enemies":"Small Slimes","floor":5,"turns":3},{"damage":2,"enemies":"Cultist","floor":6,"turns":4},{"damage":32,"enemies":"Gremlin Nob","floor":7,"turns":6},{"damage":10,"enemies":"Looter","floor":8,"turns":5},{"damage":24,"enemies":"3 Sentries","floor":11,"turns":8},{"damage":10,"enemies":"Exordium Thugs","floor":14,"turns":5},{"damage":25,"enemies":"Slime Boss","floor":16,"turns":11},{"damage":10,"enemies":"Chosen","floor":18,"turns":4},{"damage":21,"enemies":"2 Thieves","floor":21,"turns":4},{"damage":52,"enemies":"Slavers","floor":23,"turns":5},{"damage":12,"enemies":"Centurion and Healer","floor":24,"turns":6},{"damage":0,"enemies":"Sentry and Sphere","floor":28,"turns":5},{"damage":18,"enemies":"3 Cultists","floor":30,"turns":5},{"damage":4,"enemies":"Snecko","floor":31,"turns":5},{"damage":49,"enemies":"Collector","floor":33,"turns":7},{"damage":0,"enemies":"3 Darklings","floor":35,"turns":11},{"damage":10,"enemies":"Orb Walker","floor":38,"turns":4},{"damage":13,"enemies":"Maw","floor":39,"turns":7},{"damage":19,"enemies":"Giant Head","floor":40,"turns":10},{"damage":46,"enemies":"2 Orb Walkers","floor":41,"turns":5},{"damage":2,"enemies":"Jaw Worm Horde","floor":46,"turns":6},{"damage":13,"enemies":"Spire Growth","floor":48,"turns":5},{"damage":76,"enemies":"Awakened One","floor":50,"turns":4}],"seed_played":"5783664314327465942","potions_obtained":[{"floor":1,"key":"Regen Potion"},{"floor":11,"key":"SneckoOil"},{"floor":14,"key":"Weak Potion"},{"floor":23,"key":"SteroidPotion"},{"floor":28,"key":"SpeedPotion"},{"floor":30,"key":"AttackPotion"},{"floor":35,"key":"Energy Potion"},{"floor":48,"key":"CultistPotion"}],"is_trial":false,"path_per_floor":["M","?","?","$","M","M","E","M","T","R","E","R","?","M","R","B",null,"M","?","?","M","$","E","M","R","T","R","M","?","M","M","R","B",null,"M","$","?","M","M","E","?","R","T","?","?","M","R","M","R","B"],"character_chosen":"DEFECT","items_purchased":["Defragment","Panacea","Streamline","Conserve Battery","Defragment+1","Melter","Gremlin Horn","War Paint"],"campfire_rested":8,"item_purchase_floors":[4,4,4,4,22,22,36,36],"current_hp_per_floor":[51,51,36,36,36,41,16,13,13,35,27,49,49,46,46,28,75,72,72,72,58,58,13,1,23,23,45,52,52,45,52,52,9,66,66,66,53,50,59,66,24,43,43,43,43,61,66,62,66,0,0],"gold":236,"neow_bonus":"RANDOM_COLORLESS_2","is_daily":false,"chose_seed":false,"campfire_upgraded":1,"win_rate":0.0,"timestamp":1610246269,"path_taken":["M","?","?","$","M","M","E","M","T","R","E","R","?","M","R","BOSS","M","?","?","?","$","E","M","R","T","R","M","?","M","M","R","BOSS","M","$","?","M","M","E","?","R","T","?","?","M","R","M","R","BOSS"],"items_purchased_type":["Card","Card","Card","Card","Card","Card","Relic","Relic"],"build_version":"2020-12-22","purchased_purges":2,"victory":false,"max_hp_per_floor":[75,75,75,75,75,75,75,75,75,75,75,75,75,75,75,75,75,75,75,75,75,75,75,75,75,75,75,75,52,52,52,52,52,66,66,66,66,66,66,66,66,66,66,66,66,66,66,66,66,66,66],"relic_stats":{"Darkstone Periapt":0,"Dream Catcher":5,"Gremlin Horn":[3,3],"counters":[24,137],"Sundial":[8],"MealTicket":0,"Juzu Bracelet":1,"War Paint":["Defend_B","Panacea"],"obtain_stats":[{"Darkstone Periapt":34,"Lantern":43,"Gremlin Horn":36,"Vajra":40,"Mango":34,"Juzu Bracelet":23,"EVO:Axolotl":0,"Frozen Egg 2":7,"War Paint":36,"Calling Bell":34,"Dream Catcher":26,"CaptainsWheel":41,"HornCleat":9,"Sundial":11,"MealTicket":34,"Fusion Hammer":17,"Cracked Core":0},{"Darkstone Periapt":16,"Lantern":21,"Gremlin Horn":17,"Vajra":20,"Mango":16,"Juzu Bracelet":11,"EVO:Axolotl":0,"Frozen Egg 2":4,"War Paint":17,"Calling Bell":16,"Dream Catcher":12,"CaptainsWheel":21,"HornCleat":5,"Sundial":6,"MealTicket":16,"Fusion Hammer":8,"Cracked Core":0},{"Darkstone Periapt":85,"Lantern":122,"Gremlin Horn":96,"Vajra":117,"Mango":85,"Juzu Bracelet":60,"EVO:Axolotl":0,"Frozen Egg 2":18,"War Paint":96,"Calling Bell":85,"Dream Catcher":65,"CaptainsWheel":122,"HornCleat":23,"Sundial":31,"MealTicket":85,"Fusion Hammer":47,"Cracked Core":0}]},"card_choices":[{"not_picked":["Secret Weapon","Mayhem"],"picked":"HandOfGreed","floor":0},{"not_picked":["Heatsinks","Barrage"],"picked":"Skim","floor":1},{"not_picked":["Reprogram","Chaos"],"picked":"Self Repair","floor":5},{"not_picked":["Sweeping Beam","Steam"],"picked":"Go for the Eyes","floor":6},{"not_picked":["Fission","Sweeping Beam"],"picked":"Conserve Battery","floor":7},{"not_picked":["Hologram","Ball Lightning"],"picked":"Gash","floor":8},{"not_picked":["Hologram","Genetic Algorithm"],"picked":"Creative AI+1","floor":11},{"not_picked":["Leap","Steam","Tempest"],"picked":"SKIP","floor":14},{"not_picked":["Electrodynamics+1","Creative AI+1"],"picked":"Machine Learning+1","floor":16},{"not_picked":["Skim","Sweeping Beam+1"],"picked":"Loop+1","floor":18},{"not_picked":["Reinforced Body","Sweeping Beam","Redo"],"picked":"SKIP","floor":21},{"not_picked":["Chaos+1","Steam"],"picked":"Conserve Battery","floor":23},{"not_picked":["Hologram","Conserve Battery"],"picked":"Chill","floor":24},{"not_picked":["Stack+1","Leap"],"picked":"Sweeping Beam+1","floor":27},{"not_picked":["Reinforced Body","Compile Driver"],"picked":"Lockon+1","floor":28},{"not_picked":["Scrape","Hologram+1"],"picked":"White Noise","floor":30},{"not_picked":["Buffer+1","Chill"],"picked":"Capacitor+1","floor":31},{"not_picked":["Hologram+1","Steam"],"picked":"Loop+1","floor":32},{"not_picked":["Multi-Cast","Machine Learning+1"],"picked":"Buffer+1","floor":33},{"not_picked":["Consume","Blizzard"],"picked":"Coolheaded+1","floor":35},{"not_picked":["Redo","Compile Driver+1","Stack"],"picked":"SKIP","floor":38},{"not_picked":["Conserve Battery","Redo"],"picked":"Gash+1","floor":39},{"not_picked":["Sweeping Beam","Chill+1"],"picked":"Loop+1","floor":40},{"not_picked":["Blizzard+1","Barrage"],"picked":"Redo+1","floor":41},{"not_picked":["Leap","Go for the Eyes"],"picked":"Hologram+1","floor":42},{"not_picked":["Leap","Beam Cell+1","Ball Lightning+1"],"picked":"SKIP","floor":46},{"not_picked":["Coolheaded","Beam Cell+1","Streamline"],"picked":"SKIP","floor":48}],"player_experience":85963,"relics_obtained":[{"floor":7,"key":"Frozen Egg 2"},{"floor":9,"key":"HornCleat"},{"floor":11,"key":"Sundial"},{"floor":23,"key":"Juzu Bracelet"},{"floor":26,"key":"Dream Catcher"},{"floor":34,"key":"MealTicket"},{"floor":34,"key":"Darkstone Periapt"},{"floor":34,"key":"Mango"},{"floor":40,"key":"Vajra"},{"floor":41,"key":"CaptainsWheel"},{"floor":43,"key":"Lantern"}],"event_choices":[{"damage_healed":0,"gold_gain":175,"player_choice":"AGREE","damage_taken":139,"max_hp_gain":0,"max_hp_loss":0,"event_name":"betterThird:BetterSerpent","floor":2,"gold_loss":0},{"damage_healed":51,"gold_gain":0,"player_choice":"Upgrade","damage_taken":15,"max_hp_gain":0,"max_hp_loss":75,"event_name":"betterThird:BetterShining","floor":3,"gold_loss":0,"cards_upgraded":["Strike_B","Defend_B"]},{"damage_healed":0,"gold_gain":0,"player_choice":"Grow","damage_taken":0,"max_hp_gain":0,"max_hp_loss":0,"event_name":"Living Wall","floor":13,"gold_loss":0,"cards_upgraded":["Defragment"]},{"damage_healed":0,"gold_gain":0,"player_choice":"Ignored","damage_taken":0,"max_hp_gain":0,"max_hp_loss":0,"event_name":"betterNote:BetterNote","floor":19,"gold_loss":0,"cards_obtained":["hierophant:RepressedViolence"]},{"cards_removed":["Strike_B"],"damage_healed":0,"gold_gain":0,"player_choice":"Purged","damage_taken":0,"max_hp_gain":0,"max_hp_loss":0,"event_name":"Purifier","floor":20,"gold_loss":0},{"damage_healed":0,"gold_gain":0,"player_choice":"Became a vampire","damage_taken":0,"max_hp_gain":0,"max_hp_loss":23,"event_name":"Vampires","floor":29,"gold_loss":0,"cards_obtained":["Bite","Bite","Bite","Bite","Bite"]},{"damage_healed":0,"gold_gain":3,"player_choice":"2","damage_taken":0,"max_hp_gain":0,"max_hp_loss":13,"event_name":"betterStone:BetterStone","floor":37,"gold_loss":0},{"damage_healed":0,"gold_gain":0,"player_choice":"Fight","damage_taken":0,"max_hp_gain":0,"max_hp_loss":0,"event_name":"Mysterious Sphere","floor":41,"gold_loss":0},{"damage_healed":0,"gold_gain":0,"cards_transformed":["Defend_B"],"player_choice":"Transformed","damage_taken":0,"max_hp_gain":0,"max_hp_loss":0,"event_name":"Transmorgrifier","floor":44,"gold_loss":0,"cards_obtained":["Stack"]},{"damage_healed":0,"gold_gain":0,"player_choice":"Copied","damage_taken":0,"max_hp_gain":0,"max_hp_loss":0,"event_name":"Duplicator","floor":45,"gold_loss":0,"cards_obtained":["Self Repair"]}],"is_beta":false,"boss_relics":[{"not_picked":["Velvet Choker","Coffee Dripper"],"picked":"Fusion Hammer"},{"not_picked":["Nuclear Battery","Astrolabe"],"picked":"Calling Bell"}],"items_purged_floors":[4,22],"is_endless":false,"potions_floor_spawned":[1,11,14,23,28,30,31,35,48],"killed_by":"Awakened One","ascension_level":0}}