{"host":"sxnl403xm2xmiyj1","time":1610263754,"event":{"mods":["AchievementEnabler","BaseMod","Colored Map","Keyboard Shortcuts","Minty Spire (QoL Compilation)","Quick Restart","StSLib","SuperFastMode"],"gold_per_floor":[115,135,135,150,67,103,103,127,127,63,63,89,89,89,89,89,89],"floor_reached":16,"playtime":166,"items_purged":[],"score":195,"play_id":"393f1109-bb9f-4cd1-8e71-717a0064e9e1","local_time":"20210110162914","is_ascension_mode":true,"campfire_choices":[{"data":"Zap","floor":7,"key":"SMITH"},{"data":"Aggregate","floor":13,"key":"SMITH"},{"data":"Thunder Strike","floor":15,"key":"SMITH"}],"circlet_count":0,"master_deck":["AscendersBane","Strike_B","Strike_B","Strike_B","Defend_B","Defend_B","Defend_B","Defend_B","Zap+1","Dualcast","Streamline","Sweeping Beam","Thunder Strike+1","Storm","Double Energy","FTL","Cold Snap","Aggregate+1"],"relics":["Cracked Core","NeowsBlessing","CeramicFish","Akabeko"],"acts_visited":["Exordium"],"potions_floor_usage":[6,6],"damage_taken":[{"damage":0.0,"enemies":"Small Slimes","floor":1.0,"turns":1.0},{"damage":0.0,"enemies":"Cultist","floor":2.0,"turns":1.0},{"damage":0.0,"enemies":"2 Louse","floor":4.0,"turns":1.0},{"damage":46,"enemies":"Lagavulin","floor":6,"turns":9},{"damage":16,"enemies":"2 Fungi Beasts","floor":8,"turns":3},{"damage":9,"enemies":"Red Slaver","floor":12,"turns":2},{"damage":0,"enemies":"Slime Boss","floor":16,"turns":3}],"seed_played":"8088849358143611235","potions_obtained":[{"floor":1.0,"key":"SkillPotion"},{"floor":4.0,"key":"ColorlessPotion"},{"floor":8,"key":"Explosive Potion"}],"is_trial":false,"path_per_floor":["M","M","?","M","$","E","R","M","T","?","?","M","R","?","R","B"],"character_chosen":"DEFECT","items_purchased":["Double Energy"],"campfire_rested":0,"item_purchase_floors":[5],"current_hp_per_floor":[64,64,64,64,64,18,18,2,2,2,25,16,16,16,16,16,16],"gold":89,"neow_bonus":"THREE_ENEMY_KILL","is_daily":false,"chose_seed":false,"campfire_upgraded":3,"win_rate":0.0,"timestamp":1610263754,"path_taken":["M","M","?","M","?","E","R","M","T","?","?","M","R","?","R","BOSS"],"items_purchased_type":["Card"],"build_version":"2020-12-22","purchased_purges":0,"victory":false,"max_hp_per_floor":[71,71,71,71,71,71,71,71,71,71,71,71,71,71,71,71,71],"card_choices":[{"not_picked":["Scrape","Hologram"],"picked":"Streamline","floor":1.0},{"not_picked":["Fusion","Barrage"],"picked":"Sweeping Beam","floor":2.0},{"not_picked":["Hologram","Turbo"],"picked":"Storm","floor":4.0},{"not_picked":["Beam Cell","Undo"],"picked":"FTL","floor":6},{"not_picked":["Aggregate","Melter"],"picked":"Cold Snap","floor":8},{"not_picked":["Steam","Conserve Battery"],"picked":"Aggregate","floor":12}],"player_experience":154727,"relics_obtained":[{"floor":6,"key":"CeramicFish"},{"floor":9,"key":"Akabeko"}],"event_choices":[{"damage_healed":0.0,"max_hp_gain":0.0,"max_hp_loss":0.0,"gold_gain":0.0,"event_name":"Match and Keep!","player_choice":"1 cards matched","floor":3.0,"gold_loss":0.0,"damage_taken":0.0,"cards_obtained":["Thunder Strike"]},{"damage_healed":0,"gold_gain":0,"player_choice":"Left Gold","damage_taken":0,"max_hp_gain":0,"max_hp_loss":0,"event_name":"World of Goop","floor":10,"gold_loss":64},{"damage_healed":23,"gold_gain":0,"player_choice":"Banana","damage_taken":0,"max_hp_gain":0,"max_hp_loss":0,"event_name":"Big Fish","floor":11,"gold_loss":0},{"cards_removed":["Strike_B"],"damage_healed":0,"gold_gain":0,"player_choice":"Purged","damage_taken":0,"max_hp_gain":0,"max_hp_loss":0,"event_name":"Purifier","floor":14,"gold_loss":0}],"is_beta":false,"boss_relics":[],"items_purged_floors":[],"is_endless":false,"potions_floor_spawned":[1,4,8],"killed_by":"Slime Boss","ascension_level":19}}