{"host":"2zw05eexjythz74b","time":1610321892,"event":{"mods":["AchievementEnabler","BaseMod","Better Altar","Colored Map","Minty Spire (QoL Compilation)","StSLib","everything is the same but u backflip on backflip"],"gold_per_floor":[117,117,4,23,34,34,65,65,65,78,105,105,280,293,293,389,389,399,419,344,344,358,358,387,387,387,402,402,422,433,451,451,553,553,572,622,641,641,641,666,666,700,748,767,767,767],"floor_reached":45,"playtime":3403,"items_purged":["Pain"],"score":581,"play_id":"2d7145f1-c77e-4c90-a1ce-4ba310442d18","local_time":"20210110173812","is_ascension_mode":true,"campfire_choices":[{"data":"Carnage","floor":6,"key":"SMITH"},{"data":"Armaments","floor":8,"key":"SMITH"},{"data":"Seeing Red","floor":15,"key":"SMITH"},{"data":"J.A.X.","floor":23,"key":"SMITH"},{"data":"Berserk","floor":25,"key":"SMITH"},{"data":"Pummel","floor":32,"key":"SMITH"},{"data":"Double Tap","floor":41,"key":"SMITH"}],"circlet_count":0,"master_deck":["Strike_R","Strike_R","Strike_R","Strike_R","Strike_R","Defend_R","Defend_R","Defend_R","Defend_R","Bash","Carnage+1","Dual Wield","Armaments+1","Infernal Blade","Immolate","Infernal Blade","J.A.X.+1","Berserk+1","Pummel+1","Pummel+1","Exhume","Twin Strike","Double Tap+1","Battle Trance+1"],"relics":["Burning Blood","Eternal Feather","MealTicket","Gremlin Horn","HornCleat","Busted Crown","Pen Nib","Shuriken","SlaversCollar","Shovel","The Courier","Art of War","Blue Candle","Happy Flower"],"acts_visited":["Exordium","TheCity","TheBeyond"],"potions_floor_usage":[11,22,24,27,29,30,33,37,40,40,44],"damage_taken":[{"damage":34,"enemies":"Jaw Worm","floor":1,"turns":5},{"damage":6,"enemies":"Cultist","floor":4,"turns":3},{"damage":6,"enemies":"Small Slimes","floor":5,"turns":3},{"damage":26,"enemies":"Lagavulin","floor":7,"turns":7},{"damage":11,"enemies":"Looter","floor":10,"turns":2},{"damage":14,"enemies":"3 Sentries","floor":11,"turns":6},{"damage":0,"enemies":"Exordium Thugs","floor":14,"turns":1},{"damage":35,"enemies":"Slime Boss","floor":16,"turns":6},{"damage":16,"enemies":"3 Byrds","floor":18,"turns":4},{"damage":34,"enemies":"Shell Parasite","floor":19,"turns":5},{"damage":8,"enemies":"Shelled Parasite and Fungi","floor":22,"turns":3},{"damage":33,"enemies":"Gremlin Leader","floor":24,"turns":5},{"damage":0,"enemies":"Sentry and Sphere","floor":27,"turns":2},{"damage":15,"enemies":"Centurion and Healer","floor":29,"turns":4},{"damage":15,"enemies":"Snake Plant","floor":30,"turns":3},{"damage":3,"enemies":"3 Cultists","floor":31,"turns":3},{"damage":62,"enemies":"Automaton","floor":33,"turns":7},{"damage":31,"enemies":"3 Darklings","floor":35,"turns":2},{"damage":10,"enemies":"Mind Bloom Boss Battle","floor":36,"turns":5},{"damage":40,"enemies":"3 Shapes","floor":37,"turns":2},{"damage":15,"enemies":"Nemesis","floor":40,"turns":5},{"damage":41,"enemies":"Giant Head","floor":42,"turns":6},{"damage":11,"enemies":"Transient","floor":44,"turns":5},{"damage":30,"enemies":"Jaw Worm Horde","floor":45,"turns":1}],"seed_played":"-4865690350149227174","potions_obtained":[{"floor":1,"key":"SpeedPotion"},{"floor":10,"key":"DistilledChaos"},{"floor":16,"key":"PowerPotion"},{"floor":19,"key":"Fire Potion"},{"floor":24,"key":"DistilledChaos"},{"floor":27,"key":"SpeedPotion"},{"floor":31,"key":"BlessingOfTheForge"},{"floor":33,"key":"BloodPotion"},{"floor":36,"key":"Explosive Potion"},{"floor":37,"key":"Weak Potion"},{"floor":42,"key":"Strength Potion"}],"is_trial":false,"path_per_floor":["M","?","$","M","M","R","E","R","T","M","E","$","?","M","R","B",null,"M","M","?","?","M","R","E","R","T","M","?","M","M","M","R","B",null,"M","?","M","?","T","E","R","E","T","M","M"],"character_chosen":"IRONCLAD","items_purchased":["Dual Wield"],"campfire_rested":0,"item_purchase_floors":[3],"current_hp_per_floor":[68,68,68,68,68,74,54,60,60,55,47,62,62,68,77,48,96,86,58,58,58,56,65,38,50,50,56,96,87,78,81,93,37,96,71,67,33,33,33,43,55,20,20,15,0,0],"gold":767,"neow_bonus":"TWENTY_PERCENT_HP_BONUS","is_daily":false,"chose_seed":false,"campfire_upgraded":7,"win_rate":0.0,"timestamp":1610321892,"path_taken":["M","?","$","?","M","R","E","R","T","M","E","$","?","M","R","BOSS","M","M","?","?","?","R","E","R","T","M","?","M","M","?","R","BOSS","M","?","M","?","?","E","R","E","T","M","M"],"items_purchased_type":["Card"],"build_version":"2020-12-22","purchased_purges":1,"victory":false,"max_hp_per_floor":[96,96,96,96,96,96,96,96,96,96,96,96,96,96,96,96,96,96,96,96,96,96,96,96,96,96,96,96,96,96,96,96,96,96,96,96,96,96,96,96,96,96,96,96,96,96],"card_choices":[{"not_picked":["Thunderclap","Iron Wave"],"picked":"Carnage","floor":1},{"not_picked":["Havoc","Perfected Strike"],"picked":"Armaments","floor":4},{"not_picked":["Shrug It Off","Disarm"],"picked":"Inflame","floor":5},{"not_picked":["Impervious","Armaments","Power Through"],"picked":"SKIP","floor":7},{"not_picked":["Havoc","Thunderclap"],"picked":"Infernal Blade","floor":10},{"not_picked":["Body Slam","Cleave"],"picked":"Seeing Red","floor":11},{"not_picked":["Twin Strike","Rage","Reaper"],"picked":"SKIP","floor":14},{"not_picked":["Bludgeon","Corruption"],"picked":"Immolate","floor":16},{"not_picked":[],"picked":"Infernal Blade","floor":18},{"not_picked":["Wild Strike"],"picked":"SKIP","floor":19},{"not_picked":["Pommel Strike"],"picked":"SKIP","floor":22},{"not_picked":[],"picked":"Berserk","floor":24},{"not_picked":[],"picked":"Pummel+1","floor":27},{"not_picked":["Body Slam"],"picked":"SKIP","floor":29},{"not_picked":[],"picked":"Pummel","floor":30},{"not_picked":["True Grit"],"picked":"SKIP","floor":31},{"not_picked":[],"picked":"Exhume","floor":33},{"not_picked":["Anger"],"picked":"SKIP","floor":35},{"not_picked":[],"picked":"Twin Strike","floor":36},{"not_picked":["Metallicize"],"picked":"SKIP","floor":37},{"not_picked":[],"picked":"Double Tap","floor":40},{"not_picked":["Evolve+1"],"picked":"SKIP","floor":42},{"not_picked":[],"picked":"Battle Trance+1","floor":44}],"player_experience":205963,"relics_obtained":[{"floor":2,"key":"Eternal Feather"},{"floor":7,"key":"MealTicket"},{"floor":9,"key":"Gremlin Horn"},{"floor":11,"key":"HornCleat"},{"floor":24,"key":"Pen Nib"},{"floor":26,"key":"Shuriken"},{"floor":36,"key":"Shovel"},{"floor":39,"key":"The Courier"},{"floor":40,"key":"Art of War"},{"floor":42,"key":"Blue Candle"},{"floor":43,"key":"Happy Flower"}],"event_choices":[{"damage_healed":0,"gold_gain":0,"player_choice":"Relic","damage_taken":0,"max_hp_gain":0,"max_hp_loss":0,"event_name":"Wheel of Change","floor":2,"gold_loss":0},{"damage_healed":0,"gold_gain":175,"player_choice":"AGREE","damage_taken":0,"max_hp_gain":0,"max_hp_loss":0,"event_name":"Liars Game","floor":13,"gold_loss":0,"cards_obtained":["Doubt"]},{"cards_removed":["Doubt"],"damage_healed":0,"gold_gain":0,"player_choice":"Gave Gold","damage_taken":0,"max_hp_gain":0,"max_hp_loss":0,"event_name":"Beggar","floor":20,"gold_loss":75},{"damage_healed":0,"gold_gain":0,"player_choice":"Obtain J.A.X.","damage_taken":0,"max_hp_gain":0,"max_hp_loss":0,"event_name":"Drug Dealer","floor":21,"gold_loss":0,"cards_obtained":["J.A.X."]},{"cards_removed":["Seeing Red"],"damage_healed":40,"gold_gain":0,"player_choice":"Offered Uncommon","damage_taken":0,"max_hp_gain":0,"max_hp_loss":0,"event_name":"Bonfire Elementals","floor":28,"gold_loss":0},{"damage_healed":0,"gold_gain":0,"player_choice":"Fight","damage_taken":0,"max_hp_gain":0,"max_hp_loss":0,"event_name":"MindBloom","floor":36,"gold_loss":0},{"cards_removed":["Inflame"],"damage_healed":0,"gold_gain":0,"player_choice":"Removed Power","damage_taken":0,"max_hp_gain":0,"max_hp_loss":0,"event_name":"Falling","floor":38,"gold_loss":0}],"is_beta":false,"boss_relics":[{"not_picked":["Black Blood","Mark of Pain"],"picked":"Busted Crown"},{"not_picked":["Runic Dome","Runic Cube"],"picked":"SlaversCollar"}],"items_purged_floors":[3],"is_endless":false,"potions_floor_spawned":[1,10,16,19,24,27,31,33,36,37,42],"killed_by":"Jaw Worm Horde","ascension_level":2}}