{"host":"bplbr8uekuotory4","time":1610284892,"event":{"mods":["Act Like it!","BaseMod","Custom Start","Gensokyo","GungeonMod","Hermit","KinomotoSakuraMod(木之本樱)","Koishi","Marisa（F雨　魔理沙）","Minty Spire (QoL Compilation)","Prisma Mod","Quick Restart","Reimu（博丽灵梦）","SOS（斯巴达之子）","Spicy Shops","StSLib","TestMod","The Alterego","The Blackbeard","The Cursed","The Marked","The Mystic","The Runesmith","The Saiyan","The Servant 0.9.4","Yuri Mod","[IsaacMod]以撒尖塔","vexMod"],"gold_per_floor":[110,123,23,23,42,42,42,42],"floor_reached":6,"playtime":82,"items_purged":[],"score":36,"play_id":"e8c034b5-14b2-4532-840b-9d2ffd522240","local_time":"20210110212132","is_ascension_mode":false,"campfire_choices":[],"circlet_count":0,"master_deck":["blackbeard:BlackbeardStrike","blackbeard:BlackbeardStrike","blackbeard:BlackbeardStrike","blackbeard:BlackbeardStrike","blackbeard:IntimidatingStrike","blackbeard:BlackbeardDefend","blackbeard:BlackbeardDefend","blackbeard:BlackbeardDefend","blackbeard:BlackbeardDefend","blackbeard:Cutlass","blackbeard:CaptainsCabin","blackbeard:GoldenDefense","blackbeard:PirateHook"],"relics":["blackbeard:LoadTheCannons","testmod-TestBox","HushsDoor","testmod-Fanaticism","NeowsBlessing","BloodBag","vexMod:ScavengeHelm","Golden Idol","DemoMod:GlassGuonStoneRelic"],"acts_visited":["Exordium"],"potions_floor_usage":[],"damage_taken":[{"damage":0,"enemies":"Small Slimes","floor":1,"turns":1},{"damage":0,"enemies":"Cultist","floor":2,"turns":1},{"damage":0,"enemies":"2 Louse","floor":5,"turns":1},{"damage":0,"enemies":"3 Sentries","floor":6,"turns":1}],"seed_played":"3146543973895275245","potions_obtained":[{"floor":2,"key":"SneckoOil"},{"floor":5,"key":"GrandPatriotsElixir:ReiMu"}],"is_trial":false,"path_per_floor":["M","M","$","?","M","E"],"character_chosen":"BLACKBEARD_CLASS","items_purchased":["vexMod:ScavengeHelm"],"campfire_rested":0,"item_purchase_floors":[3],"current_hp_per_floor":[75,75,63,43,43,43,43,43],"gold":42,"neow_bonus":"THREE_ENEMY_KILL","is_daily":false,"chose_seed":false,"campfire_upgraded":0,"win_rate":0.0,"timestamp":1610284892,"path_taken":["M","M","$","?","M","E"],"items_purchased_type":["Relic"],"build_version":"2020-12-22","purchased_purges":0,"victory":false,"max_hp_per_floor":[75,75,82,82,82,82,82,82],"card_choices":[{"not_picked":["blackbeard:AgileStrike","blackbeard:Sharpening"],"picked":"blackbeard:CaptainsCabin","floor":1},{"not_picked":["blackbeard:TacticalRetreat","blackbeard:RearmingStrike"],"picked":"blackbeard:GoldenDefense","floor":2},{"not_picked":["blackbeard:Fencing","blackbeard:Sword"],"picked":"blackbeard:PirateHook","floor":5}],"player_experience":1180463,"relics_obtained":[],"event_choices":[{"damage_healed":0,"gold_gain":0,"player_choice":"Take Damage","damage_taken":20,"relics_obtained":["Golden Idol"],"max_hp_gain":0,"max_hp_loss":0,"event_name":"Golden Idol","floor":4,"gold_loss":0}],"is_beta":false,"boss_relics":[],"items_purged_floors":[],"is_endless":false,"potions_floor_spawned":[2,5],"killed_by":"3 Sentries","ascension_level":0}}