{"host":"bg8va46pgqgvtzim","time":1610254885,"event":{"mods":["BaseMod","Minty Spire (QoL Compilation)","Quick Restart","StSLib","SuperFastMode","¡¾ÒÅÎï¿¨ÅÆ¡¿REMEMod"],"gold_per_floor":[118,133,133,133,151,185,185,214,261,276,294,294,294,329,329,457,457,473,491,232,232,257,292,292,330,330,348,368,388,388,419,419,544,544,560,573,355,355,170,201,224,259,259,290,290,324,339,383,383,383,383,383,39,74,74],"floor_reached":56,"playtime":1963,"items_purged":["Strike_G","Strike_G","Phantasmal Killer","Defend_G"],"score":1953,"play_id":"4014e584-1478-400d-9545-f934fa2eae43","local_time":"20210110130125","is_ascension_mode":true,"campfire_choices":[{"data":"Acrobatics","floor":7.0,"key":"SMITH"},{"data":"Tactician","floor":12.0,"key":"SMITH"},{"data":"Reflex","floor":15.0,"key":"SMITH"},{"data":"Choke","floor":32.0,"key":"SMITH"},{"data":"Envenom","floor":45.0,"key":"SMITH"},{"floor":49.0,"key":"RECALL"},{"data":"Well Laid Plans","floor":52.0,"key":"SMITH"}],"circlet_count":0,"master_deck":["Defend_G","Defend_G","Defend_G","Defend_G","Survivor","Neutralize","Tactician+1","Envenom+1","Reflex+1","REME_GreenPollution","Slice","Acrobatics+1","Prepared+1","Prepared+1","Concentrate+1","Adrenaline+1","Well Laid Plans+1","Calculated Gamble+1","Impatience+1","Reflex+1","Choke+1","Escape Plan+1","Prepared+1","Adrenaline+1","Prepared+1","Expertise+1","Panacea+1","Deep Breath+1","Sadistic Nature"],"relics":["Ring of the Snake","REME_ComplimentaryCards","Toxic Egg 2","Art of War","Bag of Preparation","Golden Idol","Oddly Smooth Stone","REME_ChargedStone","Membership Card","Orichalcum","Kunai","REME_HourglassOfDeath","Molten Egg 2","Coffee Dripper","Incense Burner","TheAbacus","Omamori","Lantern","Pantograph","Dream Catcher","Pear","InkBottle","Sundial","Anchor"],"acts_visited":["Exordium","TheCity","TheBeyond","TheEnding"],"potions_floor_usage":[55],"damage_taken":[{"damage":1.0,"enemies":"2 Louse","floor":1.0,"turns":5.0},{"damage":0.0,"enemies":"Cultist","floor":2.0,"turns":5.0},{"damage":0.0,"enemies":"Small Slimes","floor":5.0,"turns":3.0},{"damage":13.0,"enemies":"Lagavulin","floor":6.0,"turns":9.0},{"damage":9.0,"enemies":"3 Sentries","floor":8.0,"turns":6.0},{"damage":0.0,"enemies":"Exordium Wildlife","floor":10.0,"turns":4.0},{"damage":0.0,"enemies":"2 Fungi Beasts","floor":11.0,"turns":2.0},{"damage":0.0,"enemies":"Gremlin Nob","floor":14.0,"turns":3.0},{"damage":0.0,"enemies":"The Guardian","floor":16.0,"turns":4.0},{"damage":0.0,"enemies":"Chosen","floor":18.0,"turns":4.0},{"damage":0.0,"enemies":"Spheric Guardian","floor":19.0,"turns":3.0},{"damage":0.0,"enemies":"Snecko","floor":22.0,"turns":1.0},{"damage":0.0,"enemies":"Book of Stabbing","floor":23.0,"turns":1.0},{"damage":0.0,"enemies":"Gremlin Leader","floor":25.0,"turns":1.0},{"damage":0.0,"enemies":"Chosen and Byrds","floor":27.0,"turns":1.0},{"damage":0.0,"enemies":"Centurion and Healer","floor":28.0,"turns":1.0},{"damage":0.0,"enemies":"Snecko","floor":29.0,"turns":1.0},{"damage":0.0,"enemies":"Slavers","floor":31.0,"turns":1.0},{"damage":0.0,"enemies":"Champ","floor":33.0,"turns":1.0},{"damage":0.0,"enemies":"3 Shapes","floor":35.0,"turns":1.0},{"damage":0.0,"enemies":"3 Darklings","floor":36.0,"turns":1.0},{"damage":0.0,"enemies":"Giant Head","floor":40.0,"turns":1.0},{"damage":0.0,"enemies":"Transient","floor":41.0,"turns":1.0},{"damage":0.0,"enemies":"Reptomancer","floor":42.0,"turns":1.0},{"damage":0.0,"enemies":"Nemesis","floor":44.0,"turns":1.0},{"damage":0.0,"enemies":"Giant Head","floor":46.0,"turns":1.0},{"damage":0.0,"enemies":"Spire Growth","floor":47.0,"turns":1.0},{"damage":0.0,"enemies":"Nemesis","floor":48.0,"turns":1.0},{"damage":0.0,"enemies":"Time Eater","floor":50.0,"turns":5.0},{"damage":0,"enemies":"Shield and Spear","floor":54,"turns":1},{"damage":0,"enemies":"The Heart","floor":55,"turns":3}],"seed_played":"-538968763720543765","potions_obtained":[{"floor":5.0,"key":"Swift Potion"},{"floor":8.0,"key":"Fire Potion"},{"floor":11.0,"key":"GamblersBrew"},{"floor":22.0,"key":"ColorlessPotion"},{"floor":23.0,"key":"Swift Potion"},{"floor":24.0,"key":"DistilledChaos"},{"floor":24.0,"key":"Block Potion"},{"floor":28.0,"key":"REME_GoldPotion"},{"floor":36.0,"key":"AttackPotion"},{"floor":42.0,"key":"Strength Potion"}],"is_trial":false,"path_per_floor":["M","M","?","?","M","E","R","E","T","M","M","R","?","E","R","B",null,"M","M","$","?","M","E","?","E","T","M","M","M","T","E","R","B",null,"M","M","$","?","$","E","M","E","T","E","R","E","M","E","R","B",null,"R","$","E","B",null],"character_chosen":"THE_SILENT","items_purchased":["Membership Card","Calculated Gamble+1","Impatience+1","Expertise+1","Incense Burner","TheAbacus","Panacea+1","Sundial","Deep Breath+1","Sadistic Nature"],"campfire_rested":0,"item_purchase_floors":[20,20,20,37,37,39,39,53,53,53],"current_hp_per_floor":[48,48,53,53,53,40,40,31,31,31,31,31,31,31,31,31,69,69,69,69,69,69,69,69,69,69,69,69,69,69,69,69,69,69,69,69,69,69,69,69,69,69,69,69,69,79,79,79,79,79,79,79,79,79,79],"gold":74,"neow_bonus":"TRANSFORM_TWO_CARDS","is_daily":false,"chose_seed":false,"campfire_upgraded":6,"win_rate":0.0,"timestamp":1610254885,"path_taken":["M","M","?","?","M","E","R","E","T","M","?","R","?","E","R","BOSS","M","M","$","?","M","E","?","E","T","M","?","M","?","E","R","BOSS","M","M","$","?","$","E","M","E","T","E","R","E","M","E","R","BOSS","R","$","E","BOSS"],"items_purchased_type":["Relic","Card","Card","Card","Relic","Relic","Card","Relic","Card","Card"],"build_version":"2020-12-22","purchased_purges":4,"victory":true,"max_hp_per_floor":[70,70,75,75,75,75,75,75,75,75,75,75,69,69,69,69,69,69,69,69,69,69,69,69,69,69,69,69,69,69,69,69,69,69,69,69,69,69,69,69,69,69,69,69,69,79,79,79,79,79,79,79,79,79,79],"card_choices":[{"not_picked":["REME_ShadowStrike","Endless Agony"],"picked":"Reflex","floor":1.0},{"not_picked":["Dagger Throw","Bane"],"picked":"REME_GreenPollution","floor":2.0},{"not_picked":["Outmaneuver","Underhanded Strike"],"picked":"Acrobatics","floor":5.0},{"not_picked":["Leg Sweep+1","Deflect+1"],"picked":"Prepared+1","floor":6.0},{"not_picked":["Cloak And Dagger+1","Deflect+1"],"picked":"Prepared+1","floor":8.0},{"not_picked":["Dodge and Roll+1","Masterful Stab","Concentrate+1"],"picked":"SKIP","floor":10.0},{"not_picked":["Dodge and Roll+1","Masterful Stab"],"picked":"Concentrate+1","floor":10.0},{"not_picked":["Caltrops","PiercingWail+1","Blade Dance+1"],"picked":"SKIP","floor":11.0},{"not_picked":["Finisher","Flying Knee","Quick Slash"],"picked":"SKIP","floor":14.0},{"not_picked":["REME_CopyPotion+1","REME_SpectralBlade"],"picked":"Adrenaline+1","floor":16.0},{"not_picked":["Blade Dance+1","Accuracy","Bouncing Flask+1"],"picked":"SKIP","floor":18.0},{"not_picked":["Endless Agony","Distraction+1"],"picked":"Well Laid Plans","floor":19.0},{"not_picked":["Cloak And Dagger+1","Underhanded Strike+1"],"picked":"Reflex+1","floor":22.0},{"not_picked":["Noxious Fumes","Outmaneuver+1"],"picked":"Choke","floor":23.0},{"not_picked":["Expertise+1","Caltrops","Blade Dance+1"],"picked":"SKIP","floor":25.0},{"not_picked":["Dodge and Roll+1","Dagger Spray"],"picked":"Escape Plan+1","floor":27.0},{"not_picked":["Bouncing Flask+1","Catalyst+1","Endless Agony"],"picked":"SKIP","floor":28.0},{"not_picked":["Flechettes","Predator"],"picked":"Prepared+1","floor":29.0},{"not_picked":["Skewer+1","REME_GreenPollution+1","Blade Dance+1"],"picked":"SKIP","floor":31.0},{"not_picked":["A Thousand Cuts","Doppelganger+1"],"picked":"Adrenaline+1","floor":33.0},{"not_picked":["Leg Sweep+1","Deflect+1","Accuracy"],"picked":"SKIP","floor":35.0},{"not_picked":["Slice+1","Deadly Poison+1"],"picked":"Prepared+1","floor":36.0},{"not_picked":["Cloak And Dagger+1","Prepared+1","Backstab+1"],"picked":"SKIP","floor":40.0},{"not_picked":["Dagger Spray+1","Backflip+1","Bane+1"],"picked":"SKIP","floor":41.0},{"not_picked":["REME_GreenPollution+1","Backflip+1","Finisher+1"],"picked":"SKIP","floor":42.0},{"not_picked":["Underhanded Strike+1","Backflip+1","Storm of Steel+1"],"picked":"SKIP","floor":44.0},{"not_picked":["Caltrops+1","REME_GreenPollution+1","Slice+1"],"picked":"SKIP","floor":46.0},{"not_picked":["Sucker Punch+1","Dodge and Roll+1","PiercingWail+1"],"picked":"SKIP","floor":47.0},{"not_picked":["Well Laid Plans","Cloak And Dagger+1","Flying Knee+1"],"picked":"SKIP","floor":48.0},{"not_picked":["Underhanded Strike+1","Deflect+1","Glass Knife+1"],"picked":"SKIP","floor":54}],"player_experience":2255683,"relics_obtained":[{"floor":6.0,"key":"Toxic Egg 2"},{"floor":8.0,"key":"Art of War"},{"floor":9.0,"key":"Bag of Preparation"},{"floor":14.0,"key":"Oddly Smooth Stone"},{"floor":23.0,"key":"Kunai"},{"floor":30.0,"key":"REME_HourglassOfDeath"},{"floor":31.0,"key":"Molten Egg 2"},{"floor":40.0,"key":"Omamori"},{"floor":42.0,"key":"Lantern"},{"floor":43.0,"key":"Pantograph"},{"floor":44.0,"key":"Dream Catcher"},{"floor":46.0,"key":"Pear"},{"floor":48.0,"key":"InkBottle"},{"floor":54,"key":"Anchor"}],"event_choices":[{"damage_healed":0.0,"max_hp_gain":5.0,"max_hp_loss":0.0,"gold_gain":0.0,"event_name":"Big Fish","player_choice":"Donut","floor":3.0,"gold_loss":0.0,"damage_taken":0.0},{"damage_healed":0.0,"max_hp_gain":0.0,"max_hp_loss":0.0,"gold_gain":0.0,"cards_transformed":["Strike_G"],"event_name":"Transmorgrifier","player_choice":"Transformed","floor":4.0,"gold_loss":0.0,"damage_taken":0.0,"cards_obtained":["Slice"]},{"damage_healed":0.0,"max_hp_gain":0.0,"max_hp_loss":6.0,"gold_gain":0.0,"event_name":"Golden Idol","player_choice":"Lose Max HP","floor":13.0,"gold_loss":0.0,"damage_taken":0.0,"relics_obtained":["Golden Idol"]},{"damage_healed":0.0,"max_hp_gain":0.0,"max_hp_loss":0.0,"gold_gain":0.0,"event_name":"The Mausoleum","player_choice":"Opened","floor":21.0,"gold_loss":0.0,"damage_taken":0.0,"relics_obtained":["Orichalcum"]},{"damage_healed":0.0,"max_hp_gain":0.0,"max_hp_loss":0.0,"gold_gain":0.0,"event_name":"Lab","player_choice":"Got Potions","floor":24.0,"gold_loss":0.0,"damage_taken":0.0},{"damage_healed":0.0,"max_hp_gain":0.0,"max_hp_loss":0.0,"gold_gain":0.0,"event_name":"Tomb of Lord Red Mask","player_choice":"Ignored","floor":38.0,"gold_loss":0.0,"damage_taken":0.0}],"is_beta":false,"boss_relics":[{"not_picked":["Ectoplasm","Snecko Eye"],"picked":"REME_ChargedStone"},{"not_picked":["Calling Bell","Runic Dome"],"picked":"Coffee Dripper"}],"items_purged_floors":[20,37,39,53],"is_endless":false,"potions_floor_spawned":[5,8,11,22,23,28,36,42,48,54],"ascension_level":1}}