{"host":"p7j7o00jacnw7qzt","time":1610246908,"event":{"mods":["BaseMod","Colored Map","Colored Powertips","DeckTracker","Highlight Path","Minty Spire (QoL Compilation)","Relic Stats"],"gold_per_floor":[112,112,37,37,57,57,97,121,121,121,136,177,177,193,193,289,289,308,228,228,242,257,257,257],"floor_reached":23,"playtime":824,"items_purged":["Strike_G","Strike_G"],"score":452,"play_id":"fef32538-b620-4287-aaa4-8617bfbce747","local_time":"20210109214828","is_ascension_mode":true,"campfire_choices":[{"data":"Wraith Form v2","floor":6.0,"key":"SMITH"},{"data":"Deadly Poison","floor":10.0,"key":"SMITH"},{"data":"Neutralize","floor":13.0,"key":"SMITH"},{"data":"Bouncing Flask","floor":15.0,"key":"SMITH"}],"circlet_count":0,"master_deck":["AscendersBane","Strike_G","Strike_G","Strike_G","Defend_G","Defend_G","Defend_G","Defend_G","Defend_G","Survivor","Neutralize+1","Backflip","Wraith Form v2+1","Deadly Poison+1","Escape Plan","Bouncing Flask+1","Wraith Form v2+1","Calculated Gamble","Reflex"],"relics":["Ring of the Snake","NeowsBlessing","FaceOfCleric","Golden Idol","The Courier","Frozen Egg 2","Bottled Tornado","Black Star","Enchiridion"],"acts_visited":["Exordium","TheCity"],"potions_floor_usage":[],"damage_taken":[{"damage":0.0,"enemies":"Small Slimes","floor":1.0,"turns":1.0},{"damage":0.0,"enemies":"Cultist","floor":5.0,"turns":1.0},{"damage":0.0,"enemies":"3 Sentries","floor":7.0,"turns":1.0},{"damage":0.0,"enemies":"2 Louse","floor":8.0,"turns":3.0},{"damage":8.0,"enemies":"Exordium Wildlife","floor":11.0,"turns":5.0},{"damage":22.0,"enemies":"Lagavulin","floor":12.0,"turns":12.0},{"damage":0.0,"enemies":"Looter","floor":14.0,"turns":4.0},{"damage":3.0,"enemies":"Hexaghost","floor":16.0,"turns":9.0},{"damage":0.0,"enemies":"Shell Parasite","floor":18.0,"turns":5.0},{"damage":12.0,"enemies":"2 Thieves","floor":21.0,"turns":5.0},{"damage":8.0,"enemies":"Shelled Parasite and Fungi","floor":22.0,"turns":6.0},{"damage":0,"enemies":"Slavers","floor":23,"turns":1}],"seed_played":"6286263444203089536","potions_obtained":[{"floor":5.0,"key":"Dexterity Potion"},{"floor":11.0,"key":"Energy Potion"},{"floor":12.0,"key":"Poison Potion"},{"floor":18.0,"key":"Explosive Potion"},{"floor":21.0,"key":"Block Potion"},{"floor":22,"key":"Ancient Potion"}],"is_trial":false,"path_per_floor":["M","?","$","?","M","R","E","M","T","R","M","E","R","M","R","B",null,"M","$","?","M","M","E"],"character_chosen":"THE_SILENT","items_purchased":[],"campfire_rested":0,"item_purchase_floors":[],"current_hp_per_floor":[59,59,59,36,37,37,38,39,39,39,32,11,11,12,12,10,57,58,58,37,26,19,19,19],"gold":257,"neow_bonus":"THREE_ENEMY_KILL","is_daily":false,"chose_seed":false,"campfire_upgraded":4,"win_rate":0.0,"timestamp":1610246908,"path_taken":["M","?","?","?","M","R","E","M","T","R","M","E","R","M","R","BOSS","M","$","?","M","M","E"],"items_purchased_type":[],"build_version":"2020-12-22","purchased_purges":2,"victory":false,"max_hp_per_floor":[66,66,66,66,67,67,68,69,69,69,70,71,71,72,72,73,73,74,74,74,75,76,76,76],"relic_stats":{"FaceOfCleric":10,"counters":[12,53],"Golden Idol":63,"Black Star":0,"obtain_stats":[{"NeowsBlessing":0,"FaceOfCleric":2,"Golden Idol":4,"Enchiridion":20,"The Courier":7,"Black Star":17,"Frozen Egg 2":9,"Bottled Tornado":12,"Ring of the Snake":0},{"NeowsBlessing":0,"FaceOfCleric":1,"Golden Idol":1,"Enchiridion":9,"The Courier":3,"Black Star":8,"Frozen Egg 2":4,"Bottled Tornado":6,"Ring of the Snake":0},{"NeowsBlessing":0,"FaceOfCleric":1,"Golden Idol":1,"Enchiridion":41,"The Courier":3,"Black Star":36,"Frozen Egg 2":6,"Bottled Tornado":23,"Ring of the Snake":0}],"Ring of the Snake":[24]},"card_choices":[{"not_picked":["Outmaneuver","Deflect"],"picked":"Backflip","floor":1.0},{"not_picked":["Crippling Poison","Dodge and Roll"],"picked":"Wraith Form v2","floor":5.0},{"not_picked":["Poisoned Stab","Endless Agony"],"picked":"Deadly Poison","floor":7.0},{"not_picked":["Masterful Stab","Deadly Poison"],"picked":"Escape Plan","floor":8.0},{"not_picked":["Masterful Stab","Dagger Throw","Infinite Blades+1"],"picked":"SKIP","floor":11.0},{"not_picked":["Deadly Poison","Distraction","Backflip"],"picked":"SKIP","floor":12.0},{"not_picked":["Caltrops+1","Deadly Poison"],"picked":"Bouncing Flask","floor":14.0},{"not_picked":["A Thousand Cuts+1","Malaise"],"picked":"Wraith Form v2+1","floor":16.0},{"not_picked":["Slice","Quick Slash"],"picked":"Calculated Gamble","floor":18.0},{"not_picked":["Bane","Predator","Poisoned Stab+1"],"picked":"SKIP","floor":21.0},{"not_picked":["Masterful Stab","Accuracy+1"],"picked":"Reflex","floor":22}],"player_experience":1025789,"relics_obtained":[{"floor":7.0,"key":"The Courier"},{"floor":9.0,"key":"Frozen Egg 2"},{"floor":12.0,"key":"Bottled Tornado"},{"floor":20.0,"key":"Enchiridion"}],"event_choices":[{"damage_healed":0.0,"max_hp_gain":0.0,"max_hp_loss":0.0,"gold_gain":0.0,"event_name":"FaceTrader","player_choice":"Trade","floor":2.0,"gold_loss":0.0,"damage_taken":0.0,"relics_obtained":["FaceOfCleric"]},{"damage_healed":0.0,"max_hp_gain":0.0,"max_hp_loss":0.0,"gold_gain":0.0,"event_name":"Golden Idol","player_choice":"Take Damage","floor":4.0,"gold_loss":0.0,"damage_taken":23.0,"relics_obtained":["Golden Idol"]},{"damage_healed":0.0,"max_hp_gain":0.0,"max_hp_loss":0.0,"gold_gain":0.0,"event_name":"Cursed Tome","player_choice":"Obtained Book","floor":20.0,"gold_loss":0.0,"damage_taken":21.0}],"is_beta":false,"boss_relics":[{"not_picked":["Ectoplasm","HoveringKite"],"picked":"Black Star"}],"items_purged_floors":[3,19],"is_endless":false,"potions_floor_spawned":[5,11,12,16,18,21,22],"killed_by":"Slavers","ascension_level":20}}