{"host":"g7trc0x2teqyd8ye","time":1610294248,"event":{"mods":["BaseMod","Key Reminder","Minty Spire (QoL Compilation)","Relic Stats"],"gold_per_floor":[167,167,167,191,10,10,10],"floor_reached":6,"playtime":186,"items_purged":[],"score":54,"play_id":"b3721810-002d-435e-81e2-ab8c87bde4da","local_time":"20210110165728","is_ascension_mode":true,"campfire_choices":[],"circlet_count":0,"master_deck":["AscendersBane","Strike_B","Strike_B+1","Strike_B","Strike_B","Defend_B","Defend_B","Defend_B","Defend_B","Zap","Dualcast","Steam","Cold Snap","Injury","Coolheaded","Self Repair"],"relics":["Tiny House","InkBottle","Golden Idol","Membership Card"],"acts_visited":["Exordium"],"potions_floor_usage":[],"damage_taken":[{"damage":4,"enemies":"Small Slimes","floor":1,"turns":4},{"damage":5,"enemies":"2 Louse","floor":4,"turns":3},{"damage":65,"enemies":"Gremlin Nob","floor":6,"turns":5}],"seed_played":"634930839250949078","potions_obtained":[{"floor":0,"key":"SmokeBomb"}],"is_trial":false,"path_per_floor":["M","?","?","M","$","E"],"character_chosen":"DEFECT","items_purchased":["Membership Card","Self Repair"],"campfire_rested":0,"item_purchase_floors":[5,5],"current_hp_per_floor":[69,57,57,52,52,0,0],"gold":10,"neow_bonus":"BOSS_RELIC","is_daily":false,"chose_seed":false,"campfire_upgraded":0,"win_rate":0.0,"timestamp":1610294248,"path_taken":["M","?","?","M","$","E"],"items_purchased_type":["Relic","Card"],"build_version":"2020-12-22","purchased_purges":0,"victory":false,"max_hp_per_floor":[80,80,80,80,80,80,80],"relic_stats":{"counters":[3,12],"Golden Idol":5,"obtain_stats":[{"Tiny House":0,"Golden Idol":3,"Membership Card":5,"Cracked Core":0,"InkBottle":2},{"Tiny House":0,"Golden Idol":1,"Membership Card":2,"Cracked Core":0,"InkBottle":1},{"Tiny House":0,"Golden Idol":4,"Membership Card":7,"Cracked Core":0,"InkBottle":4}],"InkBottle":[2]},"card_choices":[{"not_picked":["Recycle","Hello World"],"picked":"Steam","floor":0},{"not_picked":["Lockon","Skim"],"picked":"Cold Snap","floor":1},{"not_picked":["Skim","Aggregate"],"picked":"Coolheaded","floor":4}],"player_experience":897217,"relics_obtained":[],"event_choices":[{"damage_healed":0,"gold_gain":0,"player_choice":"Success","damage_taken":12,"relics_obtained":["InkBottle"],"max_hp_gain":0,"max_hp_loss":0,"event_name":"Scrap Ooze","floor":2,"gold_loss":0},{"damage_healed":0,"gold_gain":0,"player_choice":"Take Wound","damage_taken":0,"relics_obtained":["Golden Idol"],"max_hp_gain":0,"max_hp_loss":0,"event_name":"Golden Idol","floor":3,"gold_loss":0,"cards_obtained":["Injury"]}],"is_beta":false,"boss_relics":[],"items_purged_floors":[],"is_endless":false,"potions_floor_spawned":[],"killed_by":"Gremlin Nob","ascension_level":12}}