{"host":"s47bk7833nejvdu5","time":1610264398,"event":{"mods":["BaseMod","Colored Map","Colored Powertips","Hermit","Marisa????????","Minty Spire (QoL Compilation)","StSLib"],"gold_per_floor":[117,292,392,404,424,459,480,480,480,480,460,485,524,538,538,643,643,657,501,75,99,9,40,40,40,40,40,66,86,86,103,103,208,208,225,250,250,41,63,63,0,21,21,21,47,70,70,111,111,116],"floor_reached":51,"playtime":5691,"items_purged":["hermit:Strike_Hermit","hermit:Strike_Hermit","hermit:Defend_Hermit"],"score":734,"play_id":"9df79f98-5923-4e4f-a8fd-f1cfef48b6bc","local_time":"20210110013958","is_ascension_mode":false,"campfire_choices":[{"data":"hermit:Combo","floor":8,"key":"SMITH"},{"floor":15,"key":"REST"},{"floor":25,"key":"REST"},{"floor":32,"key":"REST"},{"data":"hermit:CalledShot","floor":40,"key":"SMITH"},{"floor":47,"key":"REST"},{"floor":49,"key":"REST"}],"circlet_count":0,"master_deck":["hermit:Strike_Hermit","hermit:Strike_Hermit","hermit:Defend_Hermit","hermit:Defend_Hermit","hermit:Snapshot","hermit:Covet","hermit:PistolWhip","Doubt","hermit:Combo+1","hermit:Scavenge","hermit:Dive","hermit:CalledShot+1","hermit:GhostlyPresence","hermit:Dissolve","hermit:TakeAim","Finesse","Flash of Steel","Writhe","hermit:Scavenge","Finesse","hermit:TakeAim+1","Panache"],"relics":["hermit:ClaspedLocket","NeowsBlessing","Blood Vial","Bottled Flame","StoneCalendar","Busted Crown","Shuriken","HornCleat","Calipers","Strawberry","Bag of Marbles","hermit:Horseshoe","Bird Faced Urn"],"acts_visited":["Exordium","TheCity","TheBeyond"],"potions_floor_usage":[16,16,23,23,33,50,50],"damage_taken":[{"damage":0,"enemies":"Small Slimes","floor":1,"turns":1},{"damage":0,"enemies":"Jaw Worm","floor":4,"turns":1},{"damage":0,"enemies":"Cultist","floor":5,"turns":1},{"damage":30,"enemies":"Gremlin Nob","floor":6,"turns":5},{"damage":12,"enemies":"Blue Slaver","floor":7,"turns":5},{"damage":0,"enemies":"2 Fungi Beasts","floor":12,"turns":5},{"damage":3,"enemies":"3 Sentries","floor":13,"turns":11},{"damage":10,"enemies":"Lots of Slimes","floor":14,"turns":4},{"damage":43,"enemies":"Hexaghost","floor":16,"turns":13},{"damage":20,"enemies":"Chosen","floor":18,"turns":7},{"damage":5,"enemies":"Shell Parasite","floor":21,"turns":7},{"damage":39,"enemies":"Slavers","floor":23,"turns":7},{"damage":3,"enemies":"Snecko","floor":28,"turns":7},{"damage":0,"enemies":"3 Cultists","floor":29,"turns":4},{"damage":17,"enemies":"Snake Plant","floor":31,"turns":7},{"damage":0,"enemies":"Collector","floor":33,"turns":12},{"damage":15,"enemies":"3 Darklings","floor":35,"turns":7},{"damage":0,"enemies":"Orb Walker","floor":36,"turns":6},{"damage":44,"enemies":"Transient","floor":39,"turns":5},{"damage":16,"enemies":"3 Darklings","floor":42,"turns":7},{"damage":0,"enemies":"Maw","floor":45,"turns":9},{"damage":13,"enemies":"Jaw Worm Horde","floor":46,"turns":5},{"damage":11,"enemies":"Giant Head","floor":48,"turns":7},{"damage":29,"enemies":"Awakened One","floor":50,"turns":10}],"seed_played":"4534085262069647102","potions_obtained":[{"floor":1,"key":"Regen Potion"},{"floor":4,"key":"Dexterity Potion"},{"floor":11,"key":"SteroidPotion"},{"floor":12,"key":"ColorlessPotion"},{"floor":21,"key":"Dexterity Potion"},{"floor":23,"key":"Fire Potion"},{"floor":28,"key":"DuplicationPotion"},{"floor":31,"key":"DistilledChaos"},{"floor":36,"key":"hermit:Eclipse"},{"floor":39,"key":"Fire Potion"}],"is_trial":false,"path_per_floor":["M","?","?","M","M","E","M","R","T","?","?","M","E","M","R","B",null,"M","$","$","M","$","E","?","R","T","?","M","M","$","M","R","B",null,"M","M","?","$","M","R","?","M","T","?","M","M","R","E","R","B",null],"character_chosen":"HERMIT","items_purchased":["hermit:TakeAim","Finesse","Shuriken","Flash of Steel","Finesse"],"campfire_rested":5,"item_purchase_floors":[19,20,20,22,38],"current_hp_per_floor":[75,75,75,75,75,45,35,35,35,28,28,30,29,21,43,17,75,55,55,55,52,52,15,15,37,44,44,43,45,45,30,54,56,82,69,72,72,72,30,30,30,16,16,16,21,11,35,27,51,35],"gold":116,"neow_bonus":"THREE_ENEMY_KILL","is_daily":false,"chose_seed":false,"campfire_upgraded":2,"win_rate":0.0,"timestamp":1610264398,"path_taken":["M","?","?","?","M","E","M","R","T","?","?","M","E","M","R","BOSS","M","?","$","M","$","E","?","R","T","?","M","?","?","M","R","BOSS","M","M","?","$","M","R","?","?","T","?","M","M","R","E","R","BOSS"],"items_purchased_type":["Card","Card","Relic","Card","Card"],"build_version":"2020-12-22","purchased_purges":3,"victory":true,"max_hp_per_floor":[75,75,75,75,75,75,75,75,75,75,75,75,75,75,75,75,75,75,75,75,75,75,75,75,75,82,82,82,82,82,82,82,82,82,82,82,82,82,82,82,82,82,82,82,82,82,82,82,82,82],"card_choices":[{"not_picked":["hermit:BodyArmor","hermit:LoneWolf"],"picked":"hermit:PistolWhip","floor":1},{"not_picked":["hermit:Misfire","hermit:Maintenance"],"picked":"hermit:Combo","floor":4},{"not_picked":["hermit:DeadMansHand","hermit:Roulette"],"picked":"hermit:Scavenge","floor":5},{"not_picked":["hermit:Gestalt","hermit:Manifest"],"picked":"hermit:Dive","floor":6},{"not_picked":["hermit:PistolWhip","hermit:Quickdraw"],"picked":"hermit:CalledShot","floor":7},{"not_picked":["hermit:Feint","hermit:CalledShot"],"picked":"hermit:GhostlyPresence","floor":12},{"not_picked":["hermit:Maintenance","hermit:Deadeye","hermit:HighNoon"],"picked":"SKIP","floor":13},{"not_picked":["hermit:LoneWolf","hermit:PistolWhip","hermit:Cheat"],"picked":"SKIP","floor":14},{"not_picked":["hermit:HighNoon","hermit:DeadOrAlive"],"picked":"hermit:Dissolve","floor":16},{"not_picked":["hermit:Dive"],"picked":"SKIP","floor":18},{"not_picked":["hermit:Malice"],"picked":"SKIP","floor":21},{"not_picked":["hermit:Ricochet"],"picked":"SKIP","floor":23},{"not_picked":["hermit:Cheat"],"picked":"SKIP","floor":28},{"not_picked":["hermit:Manifest"],"picked":"SKIP","floor":29},{"not_picked":["hermit:SprayPray"],"picked":"SKIP","floor":31},{"not_picked":["hermit:Misfire"],"picked":"SKIP","floor":35},{"not_picked":["hermit:ItchyTrigger+1"],"picked":"SKIP","floor":36},{"not_picked":["hermit:Feint"],"picked":"SKIP","floor":39},{"not_picked":[],"picked":"hermit:TakeAim+1","floor":42},{"not_picked":[],"picked":"Panache","floor":44},{"not_picked":["hermit:LoneWolf"],"picked":"SKIP","floor":45},{"not_picked":["hermit:Headshot+1"],"picked":"SKIP","floor":46},{"not_picked":["hermit:Misfire"],"picked":"SKIP","floor":48}],"player_experience":16277,"relics_obtained":[{"floor":6,"key":"Blood Vial"},{"floor":9,"key":"Bottled Flame"},{"floor":13,"key":"StoneCalendar"},{"floor":23,"key":"HornCleat"},{"floor":26,"key":"Strawberry"},{"floor":43,"key":"hermit:Horseshoe"},{"floor":48,"key":"Bird Faced Urn"}],"event_choices":[{"damage_healed":0,"gold_gain":175,"player_choice":"AGREE","damage_taken":0,"max_hp_gain":0,"max_hp_loss":0,"event_name":"Liars Game","floor":2,"gold_loss":0,"cards_obtained":["Doubt"]},{"damage_healed":0,"gold_gain":100,"player_choice":"Pray","damage_taken":0,"max_hp_gain":0,"max_hp_loss":0,"event_name":"Golden Shrine","floor":3,"gold_loss":0},{"cards_removed":["hermit:Defend_Hermit"],"damage_healed":0,"gold_gain":0,"player_choice":"Card Removal","damage_taken":7,"max_hp_gain":0,"max_hp_loss":0,"event_name":"Golden Wing","floor":10,"gold_loss":0},{"damage_healed":0,"gold_gain":0,"player_choice":"Bought 1 Potion","damage_taken":0,"max_hp_gain":0,"max_hp_loss":0,"event_name":"The Woman in Blue","floor":11,"gold_loss":0},{"damage_healed":0,"gold_gain":0,"player_choice":"Opened","damage_taken":0,"relics_obtained":["Calipers"],"max_hp_gain":0,"max_hp_loss":0,"event_name":"The Mausoleum","floor":24,"gold_loss":0,"cards_obtained":["Writhe"]},{"damage_healed":0,"gold_gain":0,"player_choice":"Copied","damage_taken":0,"max_hp_gain":0,"max_hp_loss":0,"event_name":"Duplicator","floor":27,"gold_loss":0,"cards_obtained":["hermit:Scavenge"]},{"damage_healed":0,"gold_gain":0,"player_choice":"Ignored","damage_taken":0,"max_hp_gain":0,"max_hp_loss":0,"event_name":"Tomb of Lord Red Mask","floor":37,"gold_loss":0},{"damage_healed":0,"gold_gain":0,"player_choice":"Paid Gold","damage_taken":0,"relics_obtained":["Bag of Marbles"],"max_hp_gain":0,"max_hp_loss":0,"event_name":"WeMeetAgain","floor":41,"gold_loss":63},{"damage_healed":0,"gold_gain":0,"player_choice":"Memory 1","damage_taken":0,"max_hp_gain":0,"max_hp_loss":0,"event_name":"SensoryStone","floor":44,"gold_loss":0}],"is_beta":false,"boss_relics":[{"not_picked":["SacredBark","Empty Cage"],"picked":"Busted Crown"},{"not_picked":["Runic Pyramid","Coffee Dripper"],"picked":"hermit:ClaspedLocket"}],"items_purged_floors":[19,20,38],"is_endless":false,"potions_floor_spawned":[1,4,12,13,21,23,28,31,36,39,48],"ascension_level":0}}