{"host":"3mt4w4o4jnuk8q1t","time":1610292886,"event":{"mods":["Act Like it!","BaseMod","Colored Map","Colored Powertips","Decade(王小明)","GungeonMod","Hermit","Jedi Mod","Lobotomy","LobotomyExtend","Marisa（F雨　魔理沙）","Minty Spire (QoL Compilation)","Red Circlet Mod","Reimu（博丽灵梦）","Remilia（蕾米莉亚）","Replay The Spire","RumiaBox-露米娅的神秘盒子","Shop Mod","Spicy Shops","StSLib","TestMod","The Bug Knight","The Marked","Waifu the Spire","Yakumo Yukari mod","Youmu（魂魄妖梦）","[IsaacMod]以撒尖塔","【功能Mod】混沌之环修复补丁","【功能Mod】聪明的最终Boss"],"gold_per_floor":[108,108,122,133,145,177,177,186,186,220,180,31,46,94,94,195,195,195,205,190,190,30,30,30,30,30,57,57,57,72,145,145,247,247,261,272,272,272,11,11,29,29,29,33,46,46,47,51,51,57],"floor_reached":51,"playtime":7144,"items_purged":[],"score":849,"play_id":"dbe88c04-9980-4a54-a8f2-3c7b637a4086","local_time":"20210110233446","is_ascension_mode":false,"campfire_choices":[{"floor":7.0,"key":"RECALL"},{"data":"FormRideDragon","floor":15.0,"key":"SMITH"},{"data":"KamenRideDecade","floor":25.0,"key":"SMITH"},{"data":"KamenRideKuuga","floor":29.0,"key":"SMITH"},{"floor":32,"key":"REST"},{"floor":40,"key":"DIG"},{"data":"Kuuga_Rising","floor":42,"key":"SMITH"},{"floor":46,"key":"DIG"},{"floor":49,"key":"DIG"}],"circlet_count":0,"master_deck":["Decade_Attack+1","Decade_Attack","Decade_Attack","Decade_Attack","KamenRide","Decade_SpecialSkill","Decade_Defend","Decade_Defend","Decade_Defend+1","Decade_Defend","BettingIsNotGood","Hibiki_FEVER","UnarmedAttack3","UnarmedAttack5","Blade_Metal","Blade_Beat+1","Kuuga_GouramAttack","Blade_Beat","FormRideDragon+1","NMDAZYYGL","UnarmedAttack3+1","DecadeViolentEmotion","NMDAZYYGL","UnarmedAttack7","KamenRideDecade+1","Pot Of Greed","Pot Of Greed","Pot Of Greed","jedi:thedog","KamenRideKuuga+1","RideBooker_Skill_1","UnarmedAttack3+1","Kuuga_Rising+1","UnarmedAttack7+1","Kuuga_Rising","Dragreder+1","UnarmedAttack5+1","Madness","Madness","Blade_Kick","UnarmedAttack4+1"],"relics":["Decadriver","HushsDoor","testmod-TestBox","TheBean","testmod-Charity","LetterFromLob","ZombieArmy","Kunai","PaintedHorse:ReiMu","Membership Card","Velvet Choker","Baka2","RedMistMask","MerchantsRug","ReplayTheSpireMod:CursedCoin","Molten Egg 2","Shovel","testmod-Hope","jedi:shrinkray","Replay:Rubber Ducky","testmod-DeterminationOfClimber","BloodDonationBag","DemoMod:Metronome","TungstenRod","Bag of Marbles","Strange Spoon","Lee\u0027s Waffle","BookOfRevelations","Mirror","testmod-TheFather","DemoMod:PoisonVial","Chameleon Ring","testmod-MagicalMallet","ClockworkSouvenir","Unceasing Top","SecretRecord","Bottled Flame"],"acts_visited":["Exordium","TheCity","TheBeyond"],"potions_floor_usage":[44,50,51],"damage_taken":[{"damage":0.0,"enemies":"Small Slimes","floor":1.0,"turns":1.0},{"damage":7.0,"enemies":"Jaw Worm","floor":3.0,"turns":6.0},{"damage":8.0,"enemies":"2 Louse","floor":4.0,"turns":5.0},{"damage":15.0,"enemies":"Looter","floor":5.0,"turns":4.0},{"damage":13.0,"enemies":"Lagavulin","floor":6.0,"turns":7.0},{"damage":21.0,"enemies":"3 Louse","floor":8.0,"turns":4.0},{"damage":48.0,"enemies":"3 Sentries","floor":10.0,"turns":8.0},{"damage":12.0,"enemies":"Lots of Slimes","floor":13.0,"turns":7.0},{"damage":6.0,"enemies":"Fading Forest","floor":16.0,"turns":11.0},{"damage":3.0,"enemies":"3 Byrds","floor":19.0,"turns":5.0},{"damage":10.0,"enemies":"2 Thieves","floor":20.0,"turns":2.0},{"damage":10.0,"enemies":"Cultist and Chosen","floor":23.0,"turns":5.0},{"damage":20.0,"enemies":"Book of Stabbing","floor":27.0,"turns":3.0},{"damage":14.0,"enemies":"Centurion and Healer","floor":30.0,"turns":3.0},{"damage":32,"enemies":"Champ","floor":33,"turns":6},{"damage":0,"enemies":"Orb Walker","floor":35,"turns":1},{"damage":0,"enemies":"3 Darklings","floor":36,"turns":3},{"damage":0,"enemies":"Maw","floor":38,"turns":1},{"damage":27,"enemies":"Jaw Worm Horde","floor":41,"turns":2},{"damage":0,"enemies":"3 Darklings","floor":45,"turns":3},{"damage":26,"enemies":"Writhing Mass","floor":47,"turns":6},{"damage":2,"enemies":"R_Hoarder","floor":48,"turns":2},{"damage":69,"enemies":"Time Eater","floor":50,"turns":11},{"damage":0,"enemies":"Malkuth","floor":51,"turns":1},{"damage":50,"enemies":"Hod","floor":51,"turns":11},{"damage":0,"enemies":"Chesed","floor":51,"turns":1},{"damage":62,"enemies":"Binah","floor":51,"turns":6},{"damage":0,"enemies":"Angela","floor":51,"turns":1}],"seed_played":"-1829548573943806170","potions_obtained":[{"floor":3.0,"key":"Toxic Potion"},{"floor":6.0,"key":"Explosive Potion"},{"floor":8.0,"key":"jedi:wingpotion"},{"floor":16.0,"key":"DemoMod:LeadSkinPotion"},{"floor":30,"key":"EssenceOfSteel"},{"floor":45,"key":"FearPotion"},{"floor":48,"key":"jedi:StrikingPotion"}],"is_trial":false,"path_per_floor":["M","?","M","M","M","E","R","M","T","E","?","$","M","T","R","B",null,"M","M","M","?","$","M","?","R","T","E","?","R","M","?","R","B",null,"M","M","?","M","$","R","M","R","T","$","M","R","M","E","R","B",null],"character_chosen":"Decade","items_purchased":["Membership Card","MerchantsRug","ReplayTheSpireMod:CursedCoin","Whetstone","Molten Egg 2","Shovel","BloodDonationMachine","DemoMod:Metronome","TungstenRod","Bag of Marbles","Strange Spoon","Lee\u0027s Waffle","testmod-TheFather","DemoMod:PoisonVial","Chameleon Ring","testmod-MagicalMallet","testmod-SpacePotion","ClockworkSouvenir"],"campfire_rested":1,"item_purchase_floors":[12,22,22,22,22,22,39,39,39,39,39,39,44,44,44,44,44,44],"current_hp_per_floor":[71,71,72,73,74,76,76,66,66,48,48,48,51,52,52,72,81,81,82,72,57,61,51,34,34,34,20,20,20,29,7,35,11,95,97,102,89,89,170,170,172,172,172,174,210,210,193,208,208,264],"gold":84,"neow_bonus":"ONE_RANDOM_RARE_CARD","is_daily":false,"chose_seed":false,"campfire_upgraded":4,"win_rate":0.0,"timestamp":1610292886,"path_taken":["M","?","M","M","M","E","R","M","T","E","?","$","M","?","R","BOSS","M","M","M","?","$","M","?","R","T","E","?","R","?","?","R","BOSS","M","M","?","M","$","R","M","R","T","$","M","R","M","E","R","BOSS"],"items_purchased_type":["Relic","Relic","Relic","Relic","Relic","Relic","Relic","Relic","Relic","Relic","Relic","Relic","Relic","Relic","Relic","Relic","Potion","Relic"],"build_version":"2020-12-22","purchased_purges":0,"victory":true,"max_hp_per_floor":[71,71,72,73,75,76,76,77,77,78,78,78,79,80,80,81,81,81,82,82,82,86,86,91,91,91,92,92,92,93,94,94,95,95,97,102,102,102,170,170,172,172,172,285,304,304,306,314,314,335],"card_choices":[{"not_picked":[],"picked":"BettingIsNotGood","floor":0.0},{"not_picked":["FormRideStorm","FormRidePegasus"],"picked":"UnarmedAttack3","floor":1.0},{"not_picked":["AutoVajin","Bomb"],"picked":"UnarmedAttack5","floor":1.0},{"not_picked":["FormRideGaruru","DenO_Gun"],"picked":"Blade_Metal","floor":3.0},{"not_picked":["FormRideGaruru","FormRidePegasus","DenO_Ax"],"picked":"SKIP","floor":3.0},{"not_picked":["Hibiki_FEVER","Decade_Dash1"],"picked":"Blade_Beat","floor":4.0},{"not_picked":["DenO_Gun","Kiva_Frozen","FormRideGaruru"],"picked":"SKIP","floor":5.0},{"not_picked":["UnarmedAttack3","DragClaw"],"picked":"Kuuga_GouramAttack","floor":6.0},{"not_picked":["DenO_Ax","KamenRideDecade"],"picked":"Blade_Beat","floor":8.0},{"not_picked":["Decade_Invisible","DenO_Rod"],"picked":"FormRideDragon","floor":10.0},{"not_picked":["FormRideDragon","Hibiki_Attack2"],"picked":"NMDAZYYGL","floor":10.0},{"not_picked":["FormRideDragon","KamenRideKiva"],"picked":"UnarmedAttack3","floor":13.0},{"not_picked":["Kabuto_ClockUp","UnarmedAttack9"],"picked":"DecadeViolentEmotion","floor":16.0},{"not_picked":["Kabuto_ClockUp","FormRideAxel"],"picked":"NMDAZYYGL","floor":16.0},{"not_picked":["Decade_Defend2+1","FormRideDogga"],"picked":"UnarmedAttack7","floor":19.0},{"not_picked":["Kiva_Frozen","Hibiki_Attack3"],"picked":"KamenRideDecade","floor":20.0},{"not_picked":["KamenRideDenO","KamenRideBlade"],"picked":"KamenRideKuuga","floor":23.0},{"not_picked":["FormRideGaruru","Decade_Dash2"],"picked":"RideBooker_Skill_1","floor":27.0},{"not_picked":["FormRideStorm","PrometheusPower","Hibiki_Attack3+1"],"picked":"SKIP","floor":27.0},{"not_picked":["Decade_Defend2","DragClaw"],"picked":"UnarmedAttack3+1","floor":30},{"not_picked":["AutoVajin","Blade_Kick+1"],"picked":"Kuuga_Rising","floor":31},{"not_picked":["FormRideBasshaa+1","FormRideTitan"],"picked":"UnarmedAttack7+1","floor":31},{"not_picked":["TimeVent","FormRideAxel"],"picked":"Kuuga_Rising","floor":33},{"not_picked":["Decade_Invisible","RideBooker_Skill_1+1"],"picked":"Dragreder+1","floor":35},{"not_picked":["FormRideBasshaa","Decade_Dash2"],"picked":"UnarmedAttack5+1","floor":36},{"not_picked":["Dragreder","FormRideTitan"],"picked":"AttackRide+1","floor":38},{"not_picked":["Blade_Slash","FormRideDogga+1","TimeVent"],"picked":"SKIP","floor":45},{"not_picked":["FormRideTitan","AutoVajin+1"],"picked":"Blade_Kick","floor":47},{"not_picked":["FormRideDogga","DenO_Gun"],"picked":"UnarmedAttack4+1","floor":48}],"player_experience":177752,"relics_obtained":[{"floor":1.0,"key":"Baka"},{"floor":1.0,"key":"LetterFromLob"},{"floor":6.0,"key":"ZombieArmy"},{"floor":9.0,"key":"Kunai"},{"floor":10.0,"key":"War Paint"},{"floor":19.0,"key":"Baka2"},{"floor":19.0,"key":"RedMistMask"},{"floor":26.0,"key":"testmod-Hope"},{"floor":27.0,"key":"jedi:shrinkray"},{"floor":31,"key":"Replay:Rubber Ducky"},{"floor":40,"key":"BookOfRevelations"},{"floor":43,"key":"Mirror"},{"floor":46,"key":"Unceasing Top"},{"floor":48,"key":"SecretRecord"},{"floor":49,"key":"Bottled Flame"}],"event_choices":[{"damage_healed":0.0,"max_hp_gain":0.0,"max_hp_loss":0.0,"gold_gain":0.0,"event_name":"给自己的盒子","player_choice":"Ignored","floor":2.0,"gold_loss":0.0,"damage_taken":0.0},{"damage_healed":0.0,"max_hp_gain":0.0,"max_hp_loss":0.0,"gold_gain":0.0,"event_name":"yidonshenshe","player_choice":"塞钱","floor":11.0,"gold_loss":40.0,"damage_taken":0.0,"relics_obtained":["PaintedHorse:ReiMu"]},{"damage_healed":0.0,"max_hp_gain":5.0,"max_hp_loss":0.0,"gold_gain":0.0,"event_name":"Forgotten Altar","player_choice":"Shed Blood","floor":24.0,"gold_loss":0.0,"damage_taken":22.0},{"damage_healed":0.0,"max_hp_gain":0.0,"max_hp_loss":0.0,"gold_gain":0.0,"event_name":"Vampires","player_choice":"Ignored","floor":28.0,"gold_loss":0.0,"damage_taken":0.0},{"damage_healed":0,"gold_gain":0,"player_choice":"Embrace Madness","damage_taken":13,"max_hp_gain":0,"max_hp_loss":0,"event_name":"Winding Halls","floor":37,"gold_loss":0,"cards_obtained":["Madness","Madness"]}],"is_beta":false,"boss_relics":[{"not_picked":["Replay:Drink Me","testmod-IncinerationGenerator"],"picked":"Velvet Choker"},{"not_picked":[]},{"not_picked":["SacredBark","jedi:battlestandard"],"picked":"testmod-DeterminationOfClimber"},{"not_picked":[]}],"items_purged_floors":[],"is_endless":false,"potions_floor_spawned":[3,6,8,16,30,45,48],"ascension_level":0}}