{"host":"xt3o4iokwksypl90","time":1610274418,"event":{"mods":["AchievementEnabler","BaseMod","Googly Eyes","Highlight Path","Minty Spire (QoL Compilation)","Permanent Neow"],"gold_per_floor":[117,127,127,145,145,145,184,184,208,247,260,210,229,243,243,368,368,384,384,384,384,407,407,407,407],"floor_reached":24,"playtime":1426,"items_purged":[],"score":307,"play_id":"b26707cc-5f82-4278-b299-127572647a1e","local_time":"20210110112658","is_ascension_mode":true,"campfire_choices":[{"floor":6.0,"key":"REST"},{"data":"Vigilance","floor":8.0,"key":"SMITH"},{"data":"Eruption","floor":15.0,"key":"SMITH"},{"data":"SignatureMove","floor":23.0,"key":"SMITH"}],"circlet_count":0,"master_deck":["Strike_P+1","Eruption+1","Vigilance+1","SignatureMove+1","LikeWater","Halt","Swivel+1","Perseverance","Consecrate","ClearTheMind","Perseverance","Prostrate","DeusExMachina","Devotion","CutThroughFate+1","ConjureBlade","ConjureBlade","JustLucky","Perseverance+1"],"relics":["PureWater","Golden Idol","Happy Flower","Potion Belt","Question Card","Empty Cage","Bronze Scales"],"acts_visited":["Exordium","TheCity"],"potions_floor_usage":[24],"damage_taken":[{"damage":0.0,"enemies":"Cultist","floor":1.0,"turns":2.0},{"damage":0.0,"enemies":"Jaw Worm","floor":2.0,"turns":2.0},{"damage":0.0,"enemies":"Small Slimes","floor":4.0,"turns":2.0},{"damage":0.0,"enemies":"Lagavulin","floor":7.0,"turns":3.0},{"damage":0.0,"enemies":"3 Sentries","floor":10.0,"turns":7.0},{"damage":0.0,"enemies":"Blue Slaver","floor":11.0,"turns":2.0},{"damage":1.0,"enemies":"2 Fungi Beasts","floor":13.0,"turns":4.0},{"damage":0.0,"enemies":"Exordium Wildlife","floor":14.0,"turns":2.0},{"damage":1.0,"enemies":"The Guardian","floor":16.0,"turns":8.0},{"damage":13.0,"enemies":"Shell Parasite","floor":18.0,"turns":5.0},{"damage":11.0,"enemies":"3 Byrds","floor":22.0,"turns":4.0},{"damage":53,"enemies":"Book of Stabbing","floor":24,"turns":3}],"seed_played":"6128388588476109942","potions_obtained":[{"floor":1.0,"key":"StancePotion"},{"floor":7.0,"key":"BottledMiracle"},{"floor":10.0,"key":"PowerPotion"},{"floor":11.0,"key":"BlessingOfTheForge"},{"floor":14.0,"key":"Fire Potion"}],"is_trial":false,"path_per_floor":["M","M","?","M","?","R","E","R","T","E","M","?","M","M","R","B",null,"M","?","?","?","M","R","E"],"character_chosen":"WATCHER","items_purchased":[],"campfire_rested":1,"item_purchase_floors":[],"current_hp_per_floor":[51,51,37,37,19,40,40,40,40,40,40,40,39,39,39,38,72,59,59,59,59,48,48,0,0],"gold":407,"neow_bonus":"TRANSFORM_TWO_CARDS","is_daily":false,"chose_seed":false,"campfire_upgraded":3,"win_rate":0.0,"timestamp":1610274418,"path_taken":["M","M","?","M","?","R","E","R","T","E","M","?","M","M","R","BOSS","M","?","?","?","?","R","E"],"items_purchased_type":[],"build_version":"2020-12-22","purchased_purges":0,"victory":false,"max_hp_per_floor":[72,72,72,72,72,72,72,72,72,72,72,72,72,72,72,72,72,72,72,72,72,72,72,72,72],"card_choices":[{"not_picked":["Wireheading","Crescendo"],"picked":"Halt","floor":1.0},{"not_picked":["FlurryOfBlows","Collect"],"picked":"Swivel","floor":2.0},{"not_picked":["WindmillStrike","Indignation"],"picked":"Perseverance","floor":4.0},{"not_picked":["Vengeance","Crescendo"],"picked":"Consecrate","floor":7.0},{"not_picked":["BowlingBash","CutThroughFate"],"picked":"ClearTheMind","floor":10.0},{"not_picked":["Evaluate","MentalFortress","ThirdEye"],"picked":"Perseverance","floor":11.0},{"not_picked":["Evaluate","FollowUp","CrushJoints"],"picked":"Prostrate","floor":13.0},{"not_picked":["CrushJoints","CutThroughFate","Protect"],"picked":"DeusExMachina","floor":14.0},{"not_picked":["SpiritShield","ConjureBlade","Scrawl"],"picked":"Devotion","floor":16.0},{"not_picked":["Worship","EmptyFist","Halt"],"picked":"CutThroughFate+1","floor":18.0},{"not_picked":["PathToVictory","JustLucky","DeceiveReality+1"],"picked":"Perseverance+1","floor":22.0}],"player_experience":251347,"relics_obtained":[{"floor":7.0,"key":"Happy Flower"},{"floor":9.0,"key":"Potion Belt"},{"floor":10.0,"key":"Question Card"}],"event_choices":[{"damage_healed":0.0,"max_hp_gain":0.0,"max_hp_loss":0.0,"gold_gain":0.0,"event_name":"Shining Light","player_choice":"Entered Light","floor":3.0,"gold_loss":0.0,"damage_taken":14.0,"cards_upgraded":["Swivel","Strike_P"]},{"damage_healed":0.0,"max_hp_gain":0.0,"max_hp_loss":0.0,"gold_gain":0.0,"event_name":"Golden Idol","player_choice":"Take Damage","floor":5.0,"gold_loss":0.0,"damage_taken":18.0,"relics_obtained":["Golden Idol"]},{"cards_removed":["Defend_P"],"damage_healed":0.0,"max_hp_gain":0.0,"max_hp_loss":0.0,"gold_gain":0.0,"event_name":"The Cleric","player_choice":"Card Removal","floor":12.0,"gold_loss":50.0,"damage_taken":0.0},{"damage_healed":0.0,"max_hp_gain":0.0,"max_hp_loss":0.0,"gold_gain":0.0,"event_name":"The Mausoleum","player_choice":"Opened","floor":19.0,"gold_loss":0.0,"damage_taken":0.0,"relics_obtained":["Bronze Scales"]},{"damage_healed":0.0,"max_hp_gain":0.0,"max_hp_loss":0.0,"gold_gain":0.0,"cards_transformed":["Strike_P","Defend_P"],"event_name":"Drug Dealer","player_choice":"Became Test Subject","floor":20.0,"gold_loss":0.0,"damage_taken":0.0,"cards_obtained":["ConjureBlade","ConjureBlade"]},{"damage_healed":0.0,"max_hp_gain":0.0,"max_hp_loss":0.0,"gold_gain":0.0,"event_name":"The Library","player_choice":"Read","floor":21.0,"gold_loss":0.0,"damage_taken":0.0,"cards_obtained":["JustLucky"]}],"is_beta":false,"boss_relics":[{"not_picked":["Fusion Hammer","Velvet Choker"],"picked":"Empty Cage"}],"items_purged_floors":[],"is_endless":false,"potions_floor_spawned":[1,7,10,11,14],"killed_by":"Book of Stabbing","ascension_level":4}}