{"host":"ktoxvvst1mwxww91","time":1610276479,"event":{"mods":["BaseMod","Hermit","Minty Spire (QoL Compilation)","StSLib","The Hierophant","The Mystic","The Necromancer"],"gold_per_floor":[111,111,111,125,10,36,36,48,48,48,81,100,100,100,100],"floor_reached":14,"playtime":334,"items_purged":["Strike_G"],"score":167,"play_id":"ef179807-9585-4095-853c-19911b54ab18","local_time":"20210110120119","is_ascension_mode":true,"campfire_choices":[{"data":"Noxious Fumes","floor":13,"key":"SMITH"}],"circlet_count":0,"master_deck":["AscendersBane","Strike_G","Strike_G","Defend_G","Defend_G","Defend_G","Defend_G","Defend_G","Survivor","Neutralize","All Out Attack","Poisoned Stab","Blur","Noxious Fumes+1","Parasite","Blur","Noxious Fumes","Deadly Poison"],"relics":["Ring of the Snake","Du-Vu Doll","Tough Bandages","Golden Idol","Oddly Smooth Stone"],"acts_visited":["Exordium"],"potions_floor_usage":[6,6],"damage_taken":[{"damage":0,"enemies":"2 Louse","floor":1,"turns":4},{"damage":7,"enemies":"Small Slimes","floor":4,"turns":4},{"damage":22,"enemies":"Gremlin Nob","floor":6,"turns":4},{"damage":0,"enemies":"Cultist","floor":8,"turns":3},{"damage":7,"enemies":"Lagavulin","floor":11,"turns":8},{"damage":0,"enemies":"Blue Slaver","floor":12,"turns":4},{"damage":49,"enemies":"Gremlin Nob","floor":14,"turns":4}],"seed_played":"909086777339226360","potions_obtained":[{"floor":1,"key":"AttackPotion"},{"floor":4,"key":"CultistPotion"}],"is_trial":false,"path_per_floor":["M","?","?","M","$","E","?","M","T","?","E","M","R","E"],"character_chosen":"THE_SILENT","items_purchased":["Blur"],"campfire_rested":0,"item_purchase_floors":[5],"current_hp_per_floor":[59,59,64,57,57,35,52,52,52,52,45,45,45,0,0],"gold":100,"neow_bonus":"REMOVE_CARD","is_daily":false,"chose_seed":false,"campfire_upgraded":1,"win_rate":0.0,"timestamp":1610276479,"path_taken":["M","?","?","M","$","E","?","M","T","?","E","M","R","E"],"items_purchased_type":["Card"],"build_version":"2020-12-22","purchased_purges":1,"victory":false,"max_hp_per_floor":[66,66,71,71,71,71,71,71,71,66,66,66,66,66,66],"card_choices":[{"not_picked":["Terror","Sucker Punch"],"picked":"All Out Attack","floor":1},{"not_picked":["Concentrate","PiercingWail"],"picked":"Poisoned Stab","floor":4},{"not_picked":["Storm of Steel","Backflip"],"picked":"Noxious Fumes","floor":6},{"not_picked":["Sucker Punch","Dagger Throw"],"picked":"Blur","floor":8},{"not_picked":["Phantasmal Killer","Underhanded Strike"],"picked":"Noxious Fumes","floor":11},{"not_picked":["Prepared","Crippling Poison"],"picked":"Deadly Poison","floor":12}],"player_experience":988200,"relics_obtained":[{"floor":6,"key":"Du-Vu Doll"},{"floor":9,"key":"Tough Bandages"},{"floor":11,"key":"Oddly Smooth Stone"}],"event_choices":[{"cards_removed":["Strike_G"],"damage_healed":0,"gold_gain":0,"player_choice":"Forget","damage_taken":0,"max_hp_gain":0,"max_hp_loss":0,"event_name":"Living Wall","floor":2,"gold_loss":0},{"damage_healed":0,"gold_gain":0,"player_choice":"Donut","damage_taken":0,"max_hp_gain":5,"max_hp_loss":0,"event_name":"Big Fish","floor":3,"gold_loss":0},{"damage_healed":17,"gold_gain":0,"player_choice":"Healed and dodged fight","damage_taken":0,"max_hp_gain":0,"max_hp_loss":0,"event_name":"Mushrooms","floor":7,"gold_loss":0,"cards_obtained":["Parasite"]},{"damage_healed":0,"gold_gain":0,"player_choice":"Lose Max HP","damage_taken":0,"relics_obtained":["Golden Idol"],"max_hp_gain":0,"max_hp_loss":5,"event_name":"Golden Idol","floor":10,"gold_loss":0}],"is_beta":false,"boss_relics":[],"items_purged_floors":[5],"is_endless":false,"potions_floor_spawned":[1,4],"killed_by":"Gremlin Nob","ascension_level":14}}