{"host":"mg6qqnp83j5r6p2r","time":1610263768,"event":{"mods":["BaseMod","Colored Map","Colored Powertips","Highlight Path","Minty Spire (QoL Compilation)","Rare Cards Sparkle","Relic Sorter","Relic Stats","StSLib"],"gold_per_floor":[210,210,225,225,0,0,27,27,27,41,53,53,88,99,99,197,197,210,228,228,228,32,32,52,80,80,96,128,128,163,5,5,5,5],"floor_reached":33,"playtime":1248,"items_purged":["Strike_P"],"score":355,"play_id":"5d3825ad-b3d8-4e83-825b-fc0eb6c163bc","local_time":"20210110012928","is_ascension_mode":true,"campfire_choices":[{"floor":6,"key":"RECALL"},{"data":"Perseverance","floor":12,"key":"SMITH"},{"data":"Crescendo","floor":15,"key":"SMITH"},{"data":"Wish","floor":23,"key":"SMITH"},{"floor":32,"key":"REST"}],"circlet_count":0,"master_deck":["Strike_P+1","Defend_P+1","Defend_P","Defend_P","Eruption+1","Vigilance+1","FollowUp","EmptyBody","Eruption+1","Perseverance+1","CutThroughFate","FlurryOfBlows","Crescendo+1","FollowUp","Wish+1","LessonLearned+1","LikeWater+1","SignatureMove+1","ClearTheMind+1","Necronomicurse","FlurryOfBlows+1","EmptyBody","EmptyBody","BowlingBash","Halt","FlurryOfBlows+1","DevaForm"],"relics":["PureWater","DollysMirror","Gremlin Horn","Ginger","Dream Catcher","Astrolabe","Necronomicon","War Paint","Darkstone Periapt","Art of War","WingedGreaves"],"acts_visited":["Exordium","TheCity"],"potions_floor_usage":[11,13,25,25,27,33],"damage_taken":[{"damage":0,"enemies":"2 Louse","floor":1,"turns":2},{"damage":0,"enemies":"Jaw Worm","floor":3,"turns":2},{"damage":12,"enemies":"Gremlin Nob","floor":7,"turns":3},{"damage":0,"enemies":"Cultist","floor":10,"turns":3},{"damage":0,"enemies":"3 Louse","floor":11,"turns":1},{"damage":0,"enemies":"Lagavulin","floor":13,"turns":4},{"damage":2,"enemies":"Exordium Wildlife","floor":14,"turns":3},{"damage":46,"enemies":"Hexaghost","floor":16,"turns":8},{"damage":0,"enemies":"Shell Parasite","floor":18,"turns":1},{"damage":0,"enemies":"Spheric Guardian","floor":19,"turns":1},{"damage":6,"enemies":"Centurion and Healer","floor":24,"turns":3},{"damage":12,"enemies":"Book of Stabbing","floor":25,"turns":4},{"damage":3,"enemies":"Chosen and Byrds","floor":27,"turns":6},{"damage":5,"enemies":"Gremlin Leader","floor":28,"turns":5},{"damage":17,"enemies":"Colosseum Slavers","floor":29,"turns":4},{"damage":10,"enemies":"Slavers","floor":30,"turns":5},{"damage":49,"enemies":"Automaton","floor":33,"turns":6}],"seed_played":"335962696542003019","potions_obtained":[{"floor":3,"key":"LiquidMemories"},{"floor":7,"key":"Explosive Potion"},{"floor":10,"key":"Strength Potion"},{"floor":18,"key":"Dexterity Potion"},{"floor":24,"key":"EssenceOfSteel"},{"floor":30,"key":"Swift Potion"}],"is_trial":false,"path_per_floor":["M","?","M","?","$","R","E","$","T","M","M","R","E","M","R","B",null,"M","M","?","?","$","R","M","E","T","M","E","?","E","$","R","B"],"character_chosen":"WATCHER","items_purchased":["DollysMirror","War Paint","FlurryOfBlows","DevaForm"],"campfire_rested":1,"item_purchase_floors":[5,22,22,31],"current_hp_per_floor":[72,77,77,77,77,77,65,65,65,65,65,65,65,63,63,17,77,77,77,61,61,61,61,55,43,43,40,35,18,8,8,31,0,0],"gold":5,"neow_bonus":"HUNDRED_GOLD","is_daily":false,"chose_seed":false,"campfire_upgraded":3,"win_rate":0.0,"timestamp":1610263768,"path_taken":["M","?","M","?","?","R","E","$","T","?","M","R","E","M","R","BOSS","M","M","?","?","?","R","M","E","T","M","E","?","E","$","R","BOSS"],"items_purchased_type":["Relic","Relic","Card","Card"],"build_version":"2020-12-22","purchased_purges":1,"victory":false,"max_hp_per_floor":[72,77,77,77,77,77,77,77,77,77,77,77,77,77,77,77,77,77,77,77,77,77,77,77,77,77,77,77,77,77,77,77,77,77],"relic_stats":{"Darkstone Periapt":0,"Dream Catcher":1,"Gremlin Horn":[13,13],"counters":[17,61],"Astrolabe":["LessonLearned","LikeWater","SignatureMove"],"Necronomicon":[10],"Art of War":[2],"Ginger":[10],"War Paint":["ClearTheMind","Vigilance"],"obtain_stats":[{"Darkstone Periapt":25,"Dream Catcher":13,"Gremlin Horn":7,"DollysMirror":5,"Astrolabe":17,"WingedGreaves":30,"Necronomicon":20,"Art of War":28,"Ginger":9,"PureWater":0,"War Paint":22},{"Darkstone Periapt":12,"Dream Catcher":6,"Gremlin Horn":3,"DollysMirror":2,"Astrolabe":8,"WingedGreaves":16,"Necronomicon":10,"Art of War":14,"Ginger":3,"PureWater":0,"War Paint":10},{"Darkstone Periapt":35,"Dream Catcher":15,"Gremlin Horn":7,"DollysMirror":4,"Astrolabe":26,"WingedGreaves":55,"Necronomicon":28,"Art of War":46,"Ginger":7,"PureWater":0,"War Paint":28}]},"card_choices":[{"not_picked":["EmptyBody","BowlingBash"],"picked":"FollowUp","floor":1},{"not_picked":["Prostrate","Wireheading"],"picked":"EmptyBody","floor":3},{"not_picked":["Conclude","Adaptation"],"picked":"Perseverance","floor":7},{"not_picked":["Tantrum","ForeignInfluence"],"picked":"CutThroughFate","floor":10},{"not_picked":["CutThroughFate","ClearTheMind"],"picked":"FlurryOfBlows","floor":11},{"not_picked":["Sanctity","SpiritShield"],"picked":"Crescendo","floor":13},{"not_picked":["JustLucky","Pray"],"picked":"FollowUp","floor":14},{"not_picked":["MasterReality","Omniscience"],"picked":"Wish","floor":16},{"not_picked":["Prostrate","ForeignInfluence+1","Evaluate"],"picked":"SKIP","floor":18},{"not_picked":["Worship","Consecrate"],"picked":"ClearTheMind","floor":19},{"not_picked":["EmptyFist","Protect"],"picked":"EmptyBody","floor":24},{"not_picked":["JustLucky","Nirvana"],"picked":"EmptyBody","floor":25},{"not_picked":["JustLucky+1","WreathOfFlame"],"picked":"BowlingBash","floor":27},{"not_picked":["Crescendo+1","Swivel+1"],"picked":"Halt","floor":28},{"not_picked":["ForeignInfluence","CrushJoints"],"picked":"FlurryOfBlows+1","floor":30}],"player_experience":187357,"relics_obtained":[{"floor":7,"key":"Gremlin Horn"},{"floor":9,"key":"Ginger"},{"floor":13,"key":"Dream Catcher"},{"floor":20,"key":"Necronomicon"},{"floor":25,"key":"Darkstone Periapt"},{"floor":28,"key":"Art of War"},{"floor":30,"key":"WingedGreaves"}],"event_choices":[{"damage_healed":0,"gold_gain":0,"player_choice":"Donut","damage_taken":0,"max_hp_gain":5,"max_hp_loss":0,"event_name":"Big Fish","floor":2,"gold_loss":0},{"damage_healed":0,"gold_gain":0,"player_choice":"Grow","damage_taken":0,"max_hp_gain":0,"max_hp_loss":0,"event_name":"Living Wall","floor":4,"gold_loss":0,"cards_upgraded":["Eruption"]},{"damage_healed":0,"gold_gain":0,"player_choice":"Obtained Book","damage_taken":16,"max_hp_gain":0,"max_hp_loss":0,"event_name":"Cursed Tome","floor":20,"gold_loss":0},{"damage_healed":0,"gold_gain":0,"player_choice":"Ignored","damage_taken":0,"max_hp_gain":0,"max_hp_loss":0,"event_name":"Vampires","floor":21,"gold_loss":0},{"damage_healed":0,"gold_gain":0,"player_choice":"Fight","damage_taken":0,"max_hp_gain":0,"max_hp_loss":0,"event_name":"Colosseum","floor":29,"gold_loss":0},{"damage_healed":0,"gold_gain":0,"player_choice":"Fled From Nobs","damage_taken":0,"max_hp_gain":0,"max_hp_loss":0,"event_name":"Colosseum","floor":29,"gold_loss":0}],"is_beta":false,"boss_relics":[{"not_picked":["Empty Cage","Coffee Dripper"],"picked":"Astrolabe"}],"items_purged_floors":[5],"is_endless":false,"potions_floor_spawned":[3,7,10,18,24,29,30],"killed_by":"Automaton","ascension_level":1}}