{"host":"udml3bba5m6xpjx7","time":1610270328,"event":{"mods":["BaseMod","Better Match","Better Third Choice","Block Reminder","Downfall","Minty Spire (QoL Compilation)","Rare Cards Sparkle","Relic Stats","StSLib","Swap Starting Deck Mod"],"gold_per_floor":[99,110,27,27,38,69,124,135,235,235,45,64,76,87,104,104,104,104],"floor_reached":16,"playtime":1127,"items_purged":[],"score":129,"play_id":"32b83607-d174-460f-8556-8aea3da085fe","local_time":"20210110011848","is_ascension_mode":false,"campfire_choices":[{"floor":1,"key":"RECALL"}],"circlet_count":0,"master_deck":["champ:Strike","champ:Strike","champ:Strike","champ:Strike","champ:Defend","champ:Defend","champ:Defend","champ:Defend","champ:Execute","champ:Taunt","champ:RecklessLeap","champ:FanOfKnives","champ:ArenaPreparation","champ:StanceDance","champ:GladiatorsShout","champ:GladiatorsShout","champ:BringItOn","champ:GladiatorStyle","champ:MurderStrike"],"relics":["champ:ChampionCrown","Singing Bowl","Juzu Bracelet","CloakClasp","downfall:BrokenWingStatue","Bag of Preparation"],"acts_visited":["Exordium"],"potions_floor_usage":[6,9,11,11,15,16,16],"damage_taken":[{"damage":11,"enemies":"Cultist","floor":2,"turns":5},{"damage":20,"enemies":"downfall:FleeingMerchant","floor":3,"turns":4},{"damage":16,"enemies":"Small Slimes","floor":5,"turns":3},{"damage":58,"enemies":"3 Sentries","floor":6,"turns":5},{"damage":21,"enemies":"2 Louse","floor":8,"turns":3},{"damage":75,"enemies":"2 Louse","floor":9,"turns":5},{"damage":31,"enemies":"downfall:FleeingMerchant","floor":11,"turns":4},{"damage":27,"enemies":"2 Fungi Beasts","floor":12,"turns":3},{"damage":10,"enemies":"3 Louse","floor":13,"turns":3},{"damage":28,"enemies":"Exordium Wildlife","floor":14,"turns":4},{"damage":36,"enemies":"Large Slime","floor":15,"turns":4},{"damage":27,"enemies":"downfall:Ironclad","floor":16,"turns":3}],"seed_played":"-3649067837177666562","potions_obtained":[{"floor":5,"key":"SteroidPotion"},{"floor":9,"key":"EntropicBrew"},{"floor":12,"key":"DuplicationPotion"},{"floor":14,"key":"FearPotion"}],"is_trial":false,"path_per_floor":["R","M","$","?","M","E","T","M","?","?","$","M","M","M","M","B"],"character_chosen":"THE_CHAMP","items_purchased":["champ:ArenaPreparation","Bag of Preparation","champ:BringItOn"],"campfire_rested":0,"item_purchase_floors":[3,11,11],"current_hp_per_floor":[99,98,98,83,78,67,67,57,42,42,42,37,39,37,27,0,0,0],"gold":104,"neow_bonus":"TEN_PERCENT_HP_BONUS","is_daily":false,"chose_seed":false,"campfire_upgraded":0,"win_rate":0.0,"timestamp":1610270328,"path_taken":["R","M","?","?","?","E","T","M","?","?","$","M","M","M","M","BOSS"],"items_purchased_type":["Card","Relic","Card"],"build_version":"2020-12-22","purchased_purges":0,"victory":false,"max_hp_per_floor":[99,99,99,99,99,101,101,101,101,101,101,103,105,105,105,105,105,105],"relic_stats":{"Singing Bowl":6,"counters":[12,46],"Juzu Bracelet":0,"CloakClasp":[76],"Bag of Preparation":[10],"obtain_stats":[{"downfall:BrokenWingStatue":10,"Singing Bowl":6,"champ:ChampionCrown":0,"Juzu Bracelet":7,"CloakClasp":9,"Bag of Preparation":11},{"downfall:BrokenWingStatue":6,"Singing Bowl":4,"champ:ChampionCrown":0,"Juzu Bracelet":4,"CloakClasp":6,"Bag of Preparation":7},{"downfall:BrokenWingStatue":25,"Singing Bowl":17,"champ:ChampionCrown":0,"Juzu Bracelet":17,"CloakClasp":25,"Bag of Preparation":29}]},"card_choices":[{"not_picked":["champ:AdrenalArmor","champ:Circumvent"],"picked":"champ:RecklessLeap","floor":2},{"not_picked":["champ:Duel","champ:PerfectedStrike"],"picked":"champ:FanOfKnives","floor":3},{"not_picked":["champ:FlashCut","champ:PerfectedStrike","champ:FanOfKnives"],"picked":"SKIP","floor":5},{"not_picked":["champ:EnGarde","champ:Riposte","champ:BerserkerStyle"],"picked":"Singing Bowl","floor":6},{"not_picked":["champ:FocusedGladiator","champ:BladeFlurry"],"picked":"champ:StanceDance","floor":8},{"not_picked":["champ:Circumvent","champ:FlashCut"],"picked":"champ:GladiatorsShout","floor":9},{"not_picked":["champ:Circumvent","champ:EndlessRage"],"picked":"champ:GladiatorsShout","floor":11},{"not_picked":["champ:CrookedStrike","champ:FlashCut","champ:TornadoPunch"],"picked":"Singing Bowl","floor":12},{"not_picked":["champ:EnGarde","champ:DefensiveShout","champ:Duel"],"picked":"Singing Bowl","floor":13},{"not_picked":["champ:TornadoPunch","champ:Haymaker"],"picked":"champ:GladiatorStyle","floor":14},{"not_picked":["champ:Circumvent","champ:CrookedStrike"],"picked":"champ:MurderStrike","floor":15}],"player_experience":160073,"relics_obtained":[{"floor":6,"key":"Singing Bowl"},{"floor":7,"key":"Juzu Bracelet"},{"floor":9,"key":"CloakClasp"}],"event_choices":[],"is_beta":false,"boss_relics":[],"items_purged_floors":[],"is_endless":false,"potions_floor_spawned":[5,9,12,14],"killed_by":"downfall:Ironclad","ascension_level":0}}