{"host":"yptvp0rjza9g9li7","time":1610283267,"event":{"mods":["AchievementEnabler","BaseMod","Colored Map","Colored Powertips","DeckTracker","Minty Spire (QoL Compilation)","SuperFastMode"],"gold_per_floor":[115,135,146,213,226,226,251,251,251,265,283,283,297,8,8,110,110,126,126,136,61,73,102,122,122,146,161,5,5,20,31,31,31,31],"floor_reached":33,"playtime":1290,"items_purged":["Strike_R"],"score":273,"play_id":"e95978ba-3be3-4970-99f8-598048eacaa2","local_time":"20210110215427","is_ascension_mode":false,"campfire_choices":[{"data":"Pommel Strike","floor":6,"key":"SMITH"},{"data":"Dropkick","floor":8,"key":"SMITH"},{"data":"True Grit","floor":12,"key":"SMITH"},{"data":"Havoc","floor":15,"key":"SMITH"},{"floor":25,"key":"REST"},{"data":"Dark Embrace","floor":32,"key":"SMITH"}],"circlet_count":0,"master_deck":["Strike_R","Strike_R","Strike_R","Defend_R","Defend_R","Defend_R","Defend_R","Bash","Hemokinesis","Pommel Strike+1","Dropkick+1","Power Through","Thunderclap","Flex","True Grit+1","Shockwave","Havoc+1","Double Tap","Seeing Red+1","Battle Trance","Dark Embrace+1","Rage","Fire Breathing","Headbutt","Feel No Pain","Shrug It Off","Inflame+1"],"relics":["Burning Blood","NeowsBlessing","Bag of Marbles","Bronze Scales","Shuriken","Mark of Pain","Sundial","Pen Nib"],"acts_visited":["TheCity"],"potions_floor_usage":[7,11,16,20,22,27,31],"damage_taken":[{"damage":0,"enemies":"Jaw Worm","floor":1,"turns":1},{"damage":0,"enemies":"Cultist","floor":2,"turns":1},{"damage":0,"enemies":"2 Louse","floor":3,"turns":1},{"damage":15,"enemies":"Red Slaver","floor":5,"turns":2},{"damage":33,"enemies":"Lagavulin","floor":7,"turns":4},{"damage":2,"enemies":"Large Slime","floor":10,"turns":4},{"damage":12,"enemies":"Exordium Thugs","floor":11,"turns":2},{"damage":8,"enemies":"Lots of Slimes","floor":13,"turns":1},{"damage":28,"enemies":"Slime Boss","floor":16,"turns":10},{"damage":11,"enemies":"3 Byrds","floor":18,"turns":3},{"damage":0,"enemies":"2 Thieves","floor":20,"turns":3},{"damage":25,"enemies":"Shelled Parasite and Fungi","floor":22,"turns":4},{"damage":33,"enemies":"Book of Stabbing","floor":23,"turns":6},{"damage":22,"enemies":"Centurion and Healer","floor":24,"turns":7},{"damage":1,"enemies":"Cultist and Chosen","floor":27,"turns":4},{"damage":2,"enemies":"3 Cultists","floor":30,"turns":4},{"damage":15,"enemies":"Centurion and Healer","floor":31,"turns":4},{"damage":84,"enemies":"Automaton","floor":33,"turns":6}],"seed_played":"-3988991191241795465","potions_obtained":[{"floor":1,"key":"AttackPotion"},{"floor":3,"key":"Fire Potion"},{"floor":5,"key":"Dexterity Potion"},{"floor":16,"key":"Swift Potion"},{"floor":20,"key":"Energy Potion"},{"floor":24,"key":"SteroidPotion"},{"floor":30,"key":"LiquidMemories"}],"is_trial":false,"path_per_floor":["M","M","M","?","M","R","E","R","T","M","M","R","M","$","R","B",null,"M","?","M","$","M","E","M","R","T","M","$","?","M","M","R","B"],"character_chosen":"IRONCLAD","items_purchased":["Shuriken","Havoc","Dark Embrace","Feel No Pain"],"campfire_rested":1,"item_purchase_floors":[14,14,21,28],"current_hp_per_floor":[80,80,80,80,71,71,44,44,44,48,42,42,40,40,40,18,80,75,75,80,80,61,34,18,42,42,47,47,47,51,42,42,0,0],"gold":31,"neow_bonus":"THREE_ENEMY_KILL","is_daily":false,"chose_seed":false,"campfire_upgraded":5,"win_rate":0.0,"timestamp":1610283267,"path_taken":["M","M","M","?","M","R","E","R","T","M","M","R","M","$","R","BOSS","M","?","M","?","M","E","?","R","T","M","$","?","M","M","R","BOSS"],"items_purchased_type":["Relic","Card","Card","Card"],"build_version":"2020-12-22","purchased_purges":1,"victory":false,"max_hp_per_floor":[80,80,80,80,80,80,80,80,80,80,80,80,80,80,80,80,80,80,80,80,80,80,80,80,80,80,80,80,80,80,80,80,80,80],"card_choices":[{"not_picked":["Disarm","Armaments"],"picked":"Hemokinesis","floor":1},{"not_picked":["Clash","Clothesline"],"picked":"Pommel Strike","floor":2},{"not_picked":["Clothesline","Flame Barrier"],"picked":"Dropkick","floor":3},{"not_picked":["Ghostly Armor","Sword Boomerang"],"picked":"Power Through","floor":5},{"not_picked":["Flex","Fiend Fire"],"picked":"Thunderclap","floor":7},{"not_picked":["Iron Wave","Clash"],"picked":"Flex","floor":10},{"not_picked":["Rampage","Clothesline"],"picked":"True Grit","floor":11},{"not_picked":["Perfected Strike","Flame Barrier"],"picked":"Shockwave","floor":13},{"not_picked":["Limit Break","Juggernaut"],"picked":"Double Tap","floor":16},{"not_picked":["Metallicize","Headbutt+1"],"picked":"Seeing Red","floor":18},{"not_picked":["Carnage","Headbutt+1"],"picked":"Battle Trance","floor":20},{"not_picked":["Infernal Blade","Body Slam+1"],"picked":"Rage","floor":22},{"not_picked":["Blood for Blood","Rage+1"],"picked":"Fire Breathing","floor":23},{"not_picked":["Hemokinesis+1","Clash","Metallicize+1"],"picked":"SKIP","floor":24},{"not_picked":["Clothesline","Dark Embrace"],"picked":"Headbutt","floor":27},{"not_picked":["Havoc+1","Pommel Strike"],"picked":"Shrug It Off","floor":30},{"not_picked":["Double Tap","Body Slam"],"picked":"Inflame+1","floor":31}],"player_experience":192631,"relics_obtained":[{"floor":7,"key":"Bag of Marbles"},{"floor":9,"key":"Bronze Scales"},{"floor":23,"key":"Sundial"},{"floor":26,"key":"Pen Nib"}],"event_choices":[{"damage_healed":0,"gold_gain":67,"player_choice":"Gained Gold","damage_taken":0,"max_hp_gain":0,"max_hp_loss":0,"event_name":"Golden Wing","floor":4,"gold_loss":0},{"damage_healed":0,"gold_gain":0,"player_choice":"Upgraded","damage_taken":0,"max_hp_gain":0,"max_hp_loss":0,"event_name":"Upgrade Shrine","floor":19,"gold_loss":0,"cards_upgraded":["Seeing Red"]},{"cards_removed":["Strike_R"],"damage_healed":0,"gold_gain":0,"player_choice":"Elegance","damage_taken":0,"max_hp_gain":0,"max_hp_loss":0,"event_name":"Back to Basics","floor":29,"gold_loss":0}],"is_beta":false,"boss_relics":[{"not_picked":["Ectoplasm","Tiny House"],"picked":"Mark of Pain"}],"items_purged_floors":[28],"is_endless":false,"potions_floor_spawned":[1,3,5,16,20,24,30],"killed_by":"Automaton","ascension_level":0}}