{"host":"cv77zuuuekizn3ic","time":1610255001,"event":{"mods":["AchievementEnabler","BaseMod","Marisa£®ÏF”Í°°ƒß¿Ì…≥£©","Minty Spire (QoL Compilation)","StSLib","Waifu the Spire","everything is the same but u backflip on backflip","slay the spire mod where everything is the same but ironclad has a cowboy hat"],"gold_per_floor":[119,119,134,59,59,88,88,119,119,19,30,46,71,71,71],"floor_reached":14,"playtime":610,"items_purged":["Defend_R","Defend_R"],"score":196,"play_id":"e79ca7ec-bfaf-4414-94ba-82ff4ff8ac21","local_time":"20210110130321","is_ascension_mode":true,"campfire_choices":[{"floor":7,"key":"REST"}],"circlet_count":0,"master_deck":["AscendersBane","Strike_R","Strike_R","Strike_R","Strike_R","Strike_R","Defend_R","Defend_R","Bash","Power Through","Dropkick","Impervious","Armaments","Battle Trance"],"relics":["Runic Pyramid","Pocketwatch","Blue Candle","MealTicket","CeramicFish"],"acts_visited":["Exordium"],"potions_floor_usage":[8,14],"damage_taken":[{"damage":7.0,"enemies":"Jaw Worm","floor":1.0,"turns":3.0},{"damage":1.0,"enemies":"Cultist","floor":3.0,"turns":3.0},{"damage":49,"enemies":"Gremlin Nob","floor":6,"turns":5},{"damage":20,"enemies":"3 Sentries","floor":8,"turns":10},{"damage":4,"enemies":"Small Slimes","floor":11,"turns":4},{"damage":9,"enemies":"3 Louse","floor":12,"turns":4},{"damage":20,"enemies":"Lagavulin","floor":14,"turns":8}],"seed_played":"3472027876514915556","potions_obtained":[{"floor":3.0,"key":"Explosive Potion"},{"floor":12,"key":"LiquidMemories"}],"is_trial":false,"path_per_floor":["M","?","M","$","?","E","R","E","T","$","M","M","T","E"],"character_chosen":"IRONCLAD","items_purchased":[],"campfire_rested":1,"item_purchase_floors":[],"current_hp_per_floor":[61,61,60,60,60,11,33,13,13,28,24,15,15,0,0],"gold":71,"neow_bonus":"BOSS_RELIC","is_daily":false,"chose_seed":false,"campfire_upgraded":0,"win_rate":0.0,"timestamp":1610255001,"path_taken":["M","?","?","$","?","E","R","E","T","$","M","M","?","E"],"items_purchased_type":[],"build_version":"2020-12-22","purchased_purges":2,"victory":false,"max_hp_per_floor":[75,75,75,75,75,75,75,75,75,75,75,75,75,75,75],"card_choices":[{"not_picked":["Twin Strike","Entrench"],"picked":"Armaments","floor":1.0},{"not_picked":["Havoc","True Grit"],"picked":"Power Through","floor":3.0},{"not_picked":["Flame Barrier","Shrug It Off"],"picked":"Dropkick","floor":6},{"not_picked":["Body Slam","Seeing Red"],"picked":"Impervious","floor":8},{"not_picked":["Thunderclap","Anger"],"picked":"Armaments","floor":11},{"not_picked":["Flex","Sword Boomerang"],"picked":"Battle Trance","floor":12}],"player_experience":816316,"relics_obtained":[{"floor":6,"key":"Blue Candle"},{"floor":8,"key":"MealTicket"},{"floor":13,"key":"CeramicFish"}],"event_choices":[{"cards_removed":["Armaments"],"damage_healed":0.0,"max_hp_gain":0.0,"max_hp_loss":0.0,"gold_gain":0.0,"event_name":"WeMeetAgain","player_choice":"Gave Card","floor":2.0,"gold_loss":0.0,"damage_taken":0.0,"relics_obtained":["Pocketwatch"]},{"damage_healed":0.0,"max_hp_gain":0.0,"max_hp_loss":0.0,"gold_gain":0.0,"event_name":"Liars Game","player_choice":"Ignored","floor":5.0,"gold_loss":0.0,"damage_taken":0.0}],"is_beta":false,"boss_relics":[],"items_purged_floors":[4,10],"is_endless":false,"potions_floor_spawned":[3,12],"killed_by":"Lagavulin","ascension_level":20}}