{"host":"qljev0q3rb9h3k1a","time":1610313888,"event":{"mods":["AchievementEnabler","Ascension Unlocker","BaseMod","Colored Map","Minty Spire (QoL Compilation)","Permanent Neow","Quick Restart","Relic Filter","StSLib","SuperFastMode"],"gold_per_floor":[15,290,305,319,337,337,337,337,337,88,88,109,123,148,148,268,268,288,288,288],"floor_reached":19,"playtime":559,"items_purged":["Regret"],"score":161,"play_id":"465ec3ba-5f26-44e1-9d34-1c1c9b1fd9ab","local_time":"20210110162448","is_ascension_mode":false,"campfire_choices":[{"data":"Neutralize","floor":7,"key":"SMITH"},{"floor":15,"key":"REST"}],"circlet_count":0,"master_deck":["Strike_G","Strike_G","Strike_G+1","Strike_G","Defend_G","Defend_G","Defend_G","Defend_G+1","Defend_G","Survivor","Neutralize+1","Corpse Explosion","Catalyst","Madness","Caltrops","Night Terror","Noxious Fumes"],"relics":["Ring of the Snake","Golden Idol","White Beast Statue","Fusion Hammer"],"acts_visited":["Exordium","TheCity"],"potions_floor_usage":[16],"damage_taken":[{"damage":3,"enemies":"2 Louse","floor":1,"turns":2},{"damage":4,"enemies":"Cultist","floor":3,"turns":4},{"damage":8,"enemies":"Jaw Worm","floor":4,"turns":5},{"damage":8,"enemies":"3 Louse","floor":5,"turns":2},{"damage":2,"enemies":"Blue Slaver","floor":12,"turns":4},{"damage":7,"enemies":"Large Slime","floor":13,"turns":7},{"damage":13,"enemies":"Lots of Slimes","floor":14,"turns":3},{"damage":19,"enemies":"Hexaghost","floor":16,"turns":8},{"damage":22,"enemies":"Chosen","floor":18,"turns":7},{"damage":0,"enemies":"3 Byrds","floor":19,"turns":1}],"seed_played":"7201334558567305082","potions_obtained":[{"floor":4,"key":"Explosive Potion"},{"floor":5,"key":"LiquidMemories"},{"floor":12,"key":"Poison Potion"},{"floor":14,"key":"EntropicBrew"},{"floor":16,"key":"EssenceOfSteel"},{"floor":18,"key":"Poison Potion"}],"is_trial":false,"path_per_floor":["M","?","M","M","M","?","R","?","T","$","?","M","M","M","R","B",null,"M","M"],"character_chosen":"THE_SILENT","items_purchased":["Catalyst","Madness"],"campfire_rested":1,"item_purchase_floors":[10,10],"current_hp_per_floor":[67,67,63,55,47,47,47,34,34,34,34,32,25,12,31,12,65,43,43,43],"gold":288,"neow_bonus":"THREE_RARE_CARDS","is_daily":false,"chose_seed":false,"campfire_upgraded":1,"win_rate":0.0,"timestamp":1610313888,"path_taken":["M","?","?","M","M","?","R","?","T","?","?","M","?","M","R","BOSS","M","?"],"items_purchased_type":["Card","Card"],"build_version":"2020-12-22","purchased_purges":1,"victory":false,"max_hp_per_floor":[70,70,70,70,70,65,65,65,65,65,65,65,65,65,65,65,65,65,65,65],"card_choices":[{"not_picked":["Envenom","Glass Knife"],"picked":"Corpse Explosion","floor":0},{"not_picked":["Underhanded Strike","Riddle With Holes","Sucker Punch"],"picked":"SKIP","floor":1},{"not_picked":["Dagger Spray","Slice","Prepared"],"picked":"SKIP","floor":3},{"not_picked":["Dodge and Roll","Deflect","Prepared"],"picked":"SKIP","floor":4},{"not_picked":["Underhanded Strike","Backstab","Quick Slash"],"picked":"SKIP","floor":5},{"not_picked":["Endless Agony","Dagger Throw","Distraction"],"picked":"SKIP","floor":12},{"not_picked":["Slice","Expertise"],"picked":"Caltrops","floor":13},{"not_picked":["Phantasmal Killer","Backflip","Dodge and Roll"],"picked":"SKIP","floor":14},{"not_picked":["Malaise","Unload"],"picked":"Night Terror","floor":16},{"not_picked":["Riddle With Holes","Deadly Poison"],"picked":"Noxious Fumes","floor":18}],"player_experience":2222,"relics_obtained":[{"floor":9,"key":"White Beast Statue"}],"event_choices":[{"damage_healed":0,"gold_gain":275,"player_choice":"Desecrate","damage_taken":0,"max_hp_gain":0,"max_hp_loss":0,"event_name":"Golden Shrine","floor":2,"gold_loss":0,"cards_obtained":["Regret"]},{"damage_healed":0,"gold_gain":0,"player_choice":"Lose Max HP","damage_taken":0,"relics_obtained":["Golden Idol"],"max_hp_gain":0,"max_hp_loss":5,"event_name":"Golden Idol","floor":6,"gold_loss":0},{"damage_healed":0,"gold_gain":0,"player_choice":"Entered Light","damage_taken":13,"max_hp_gain":0,"max_hp_loss":0,"event_name":"Shining Light","floor":8,"gold_loss":0,"cards_upgraded":["Strike_G","Defend_G"]},{"cards_removed":["Strike_G"],"damage_healed":0,"gold_gain":0,"player_choice":"Offered Basic","damage_taken":0,"max_hp_gain":0,"max_hp_loss":0,"event_name":"Bonfire Elementals","floor":11,"gold_loss":0}],"is_beta":false,"boss_relics":[{"not_picked":["Runic Dome","SacredBark"],"picked":"Fusion Hammer"}],"items_purged_floors":[10],"is_endless":false,"potions_floor_spawned":[4,5,12,13,14,16,18],"killed_by":"3 Byrds","ascension_level":0}}