{"host":"e5u7qs1emxzejr12","time":1610292674,"event":{"mods":["2.2 Compatiblity","Act Like it!","Arknights The Spire","BaseMod","CapriCore","Card Forge","Custom Start","Highlight Path","Luminous","Marisa£¨ìFÓê¡¡Ä§ÀíÉ³£©","Minty Spire (QoL Compilation)","Quick Restart","Replay The Spire","StSLib","SuperFastMode","Td1madao Mod","The Alterego","The Immortal","The Servant 0.9.4","UnlockEverythingMod","¡¾ÒÅÎï¿¨ÅÆ¡¿REMEMod","óô»ðÖ¸ÄÏ"],"gold_per_floor":[157,157,223,373,373,466,571,670,695,814,907,907,254,359,359,620,620,659,701,701,621,621,732,822,912,912,999,611,692,800,845,681,915,915,990,560,1124,1232,637,736,252,390,422,509,638,647,722,830,830,836,839,839,571,402,507,558],"floor_reached":57,"playtime":2688,"items_purged":[],"score":3543,"play_id":"2f9040fd-de58-4fa4-9a7d-ee24bf6e5640","local_time":"20210110233114","daily_mods":["Heirloom","Flight","DeadlyEvents","Elite Swarm","Midas"],"is_ascension_mode":true,"campfire_choices":[{"floor":12.0,"key":"REST"},{"floor":15.0,"key":"REST"},{"floor":49,"key":"RECALL"}],"circlet_count":0,"master_deck":["AscendersBane","Calculated Gamble+1","alterego_mod:Venus+1","alterego_mod:GIGAMILK+1","alterego_mod:Palingenesis+10","Pot Of Greed+1","Pot Of Greed+1","Master of Strategy+1","alterego_mod:BiFurious+1","alterego_mod:Birthday+1","Bite+1","Bite+1","Bite+1","Bite+1","Bite+1","Pot Of Greed+1","alterego_mod:AlterEgo+1","alterego_mod:Birthday+1","alterego_mod:Cushion+1","alterego_mod:Tantrum+1","alterego_mod:HighServant+1","Secret Weapon+1","Pot Of Greed+1","alterego_mod:AlterEgo+1","alterego_mod:Birthday+1","alterego_mod:IdEs+1"],"relics":["alterego_mod:MasochisticConstitution","Hammer of Thor","Seething Fire","Anvil of the Gods","REME_ComplimentaryCards","Torii","Nunchaku","Counterbalance","Lantern","Pen Nib","Grinning Jar","ReplayFunnel","REME_ArchaeologicalTools","Letter Opener","Bag of Marbles","Golden Egg","Cursed Key","Replay:Bottled Eggs","Iron Hammer","Prayer Wheel","Gambling Chip","CeramicFish","Vajra","Boot","Blue Doll","ReplayTheSpireMod:Lightbulb","Bag of Preparation","Replay:Bronze Core","Strange Spoon","Replay:Bottled Flurry","Mirror","Unceasing Top","ReplayTheSpireMod:ShopPack","Replay:Mystery Machine","Replay:Multitool","DollysMirror","Ancient Tea Set","Bronze Scales","Dream Catcher","ReplayTheSpireMod:Ninjato","Pet Ghost","Centennial Puzzle","Replay:Baseball","Mummified Hand","TheAbacus","Snack Pack"],"acts_visited":["Exordium","TheCity","TheBeyond","TheEnding"],"potions_floor_usage":[],"damage_taken":[{"damage":0.0,"enemies":"2 Louse","floor":1.0,"turns":3.0},{"damage":0.0,"enemies":"Cultist","floor":3.0,"turns":3.0},{"damage":33.0,"enemies":"3 Sentries","floor":6.0,"turns":8.0},{"damage":12.0,"enemies":"Lagavulin","floor":7.0,"turns":4.0},{"damage":1.0,"enemies":"Gremlin Nob","floor":8.0,"turns":3.0},{"damage":8.0,"enemies":"Lagavulin","floor":10.0,"turns":2.0},{"damage":8.0,"enemies":"Gremlin Nob","floor":11.0,"turns":2.0},{"damage":0.0,"enemies":"Lagavulin","floor":14.0,"turns":1.0},{"damage":14.0,"enemies":"Hexaghost","floor":16.0,"turns":4.0},{"damage":0.0,"enemies":"3 Byrds","floor":18.0,"turns":2.0},{"damage":8.0,"enemies":"Spheric Guardian","floor":19.0,"turns":1.0},{"damage":10.0,"enemies":"Slavers","floor":23.0,"turns":3.0},{"damage":26.0,"enemies":"Gremlin Leader","floor":24.0,"turns":2.0},{"damage":15.0,"enemies":"Slavers","floor":25.0,"turns":2.0},{"damage":12.0,"enemies":"Replay:Snechameleon","floor":27.0,"turns":1.0},{"damage":12.0,"enemies":"Gremlin Leader","floor":29.0,"turns":1.0},{"damage":13.0,"enemies":"Book of Stabbing","floor":30.0,"turns":2.0},{"damage":12.0,"enemies":"Centurion and Healer","floor":31.0,"turns":1.0},{"damage":12.0,"enemies":"Automaton","floor":33.0,"turns":3.0},{"damage":12.0,"enemies":"3 Darklings","floor":35.0,"turns":1.0},{"damage":1.0,"enemies":"Reptomancer","floor":38.0,"turns":2.0},{"damage":12.0,"enemies":"Giant Head","floor":40.0,"turns":3.0},{"damage":1.0,"enemies":"R_Hoarder","floor":42.0,"turns":3.0},{"damage":1,"enemies":"Giant Head","floor":44,"turns":1},{"damage":1,"enemies":"R_Hoarder","floor":45,"turns":2},{"damage":16,"enemies":"Orb Walker","floor":47,"turns":2},{"damage":16,"enemies":"Nemesis","floor":48,"turns":1},{"damage":16,"enemies":"Donu and Deca","floor":50,"turns":2},{"damage":2,"enemies":"Awakened One","floor":51,"turns":3},{"damage":16,"enemies":"Shield and Spear","floor":55,"turns":2},{"damage":108,"enemies":"The Heart","floor":56,"turns":4}],"seed_played":"-499270157449373535","potions_obtained":[{"floor":1.0,"key":"REME_GoldPotion"},{"floor":2.0,"key":"Elixir"},{"floor":6.0,"key":"ColorlessPotion"},{"floor":10.0,"key":"SkillPotion"}],"is_trial":true,"path_per_floor":["M","?","M","?","T","E","E","E","T","E","E","R","$","E","R","B",null,"M","M","$","?","?","E","E","E","T","E","$","E","E","M","R","B",null,"M","$","?","E","$","E","$","E","T","E","E","T","M","E","R","B","B",null,"R","$","E","B",null],"character_chosen":"The_Alterego","items_purchased":["Letter Opener","Bag of Marbles","Master of Strategy","Vajra","Boot","alterego_mod:Birthday","Bag of Preparation","Strange Spoon","Replay:Bottled Flurry","Unceasing Top","ReplayTheSpireMod:ShopPack","Replay:Mystery Machine","DollysMirror","alterego_mod:Birthday","Ancient Tea Set","Bronze Scales","Mummified Hand","TheAbacus"],"campfire_rested":2,"item_purchase_floors":[13,13,13,28,28,28,32,36,36,39,39,39,41,41,41,41,53,54],"current_hp_per_floor":[59,59,59,59,59,27,23,30,30,23,16,37,37,37,58,45,65,71,64,64,64,50,51,37,47,47,42,42,43,49,44,44,58,58,59,59,59,60,60,61,61,62,62,63,64,64,65,62,62,67,68,68,68,68,69,65],"gold":558,"neow_bonus":"","is_daily":false,"chose_seed":false,"campfire_upgraded":0,"win_rate":0.0,"timestamp":1610292674,"path_taken":["M","?","?","?","?","E","E","E","T","E","?","R","$","E","R","BOSS","M","M","$","?","?","E","E","E","T","E","$","E","E","?","R","BOSS","M","$","?","?","$","E","$","E","T","E","?","?","?","E","R","BOSS","BOSS","R","$","E","BOSS"],"items_purchased_type":["Relic","Relic","Card","Relic","Relic","Card","Relic","Relic","Relic","Relic","Relic","Relic","Relic","Card","Relic","Relic","Relic","Relic"],"build_version":"2020-12-22","purchased_purges":0,"victory":true,"max_hp_per_floor":[65,65,65,65,65,66,67,68,68,69,70,70,70,70,70,71,71,71,72,72,72,50,51,52,53,53,54,54,55,56,57,57,58,58,59,59,59,60,60,61,61,62,62,63,64,64,65,66,66,67,68,68,68,68,69,70],"card_choices":[{"not_picked":["alterego_mod:DiscoLights","alterego_mod:Jiggle"],"picked":"alterego_mod:BiFurious","floor":1.0},{"not_picked":["alterego_mod:DeftHands","alterego_mod:Valentines"],"picked":"alterego_mod:Mirror","floor":3.0},{"not_picked":["alterego_mod:Alter","alterego_mod:RingBreak"],"picked":"alterego_mod:Venus","floor":6.0},{"not_picked":["alterego_mod:STier","alterego_mod:PainIsPleasure"],"picked":"alterego_mod:GIGAMILK","floor":7.0},{"not_picked":["alterego_mod:Tantrum","alterego_mod:PainIsPleasure"],"picked":"alterego_mod:Palingenesis","floor":8.0},{"not_picked":["alterego_mod:SideboobHour","alterego_mod:STier","alterego_mod:RingBreak"],"picked":"SKIP","floor":10.0},{"not_picked":["alterego_mod:Vow","alterego_mod:Lift","alterego_mod:Valkyrie"],"picked":"SKIP","floor":11.0},{"not_picked":["alterego_mod:VirginLaserPalladion","alterego_mod:Palingenesis","alterego_mod:Valkyrie"],"picked":"SKIP","floor":14.0},{"not_picked":["alterego_mod:PerceptionDisorder","alterego_mod:DeftHands"],"picked":"alterego_mod:BiFurious","floor":18.0},{"not_picked":["alterego_mod:1TonWallop","alterego_mod:Rip"],"picked":"alterego_mod:Birthday","floor":19.0},{"not_picked":["alterego_mod:BrynhildrRomantia","alterego_mod:InsideBaseball"],"picked":"alterego_mod:Lift","floor":23.0},{"not_picked":["alterego_mod:RingBreak","alterego_mod:Alter"],"picked":"alterego_mod:ClassAdvantage","floor":24.0},{"not_picked":["alterego_mod:ClassAdvantage","alterego_mod:Palingenesis"],"picked":"alterego_mod:AlterEgo","floor":25.0},{"not_picked":["alterego_mod:Vow","alterego_mod:RingBreak","alterego_mod:STier"],"picked":"SKIP","floor":27.0},{"not_picked":["alterego_mod:Venus","alterego_mod:BrynhildrRomantia","alterego_mod:Lift"],"picked":"SKIP","floor":29.0},{"not_picked":["alterego_mod:Vow","alterego_mod:BrynhildrRomantia","alterego_mod:Lift"],"picked":"SKIP","floor":30.0},{"not_picked":["alterego_mod:BiFurious","alterego_mod:GachaTicket"],"picked":"alterego_mod:Cushion","floor":31.0},{"not_picked":["alterego_mod:Pet","alterego_mod:BiFurious","alterego_mod:Nekomimi"],"picked":"SKIP","floor":31.0},{"not_picked":["alterego_mod:SideboobHour","alterego_mod:RingBreak"],"picked":"alterego_mod:Tantrum","floor":33.0},{"not_picked":["alterego_mod:Bunnysuit","alterego_mod:Complex"],"picked":"alterego_mod:HighServant","floor":35.0},{"not_picked":["alterego_mod:DeftHands","alterego_mod:Smother+1","alterego_mod:DiscoLights"],"picked":"SKIP","floor":35.0},{"not_picked":["alterego_mod:Tantrum","alterego_mod:SideboobHour","alterego_mod:GIGAMILK"],"picked":"SKIP","floor":38.0},{"not_picked":["REME_BuildACard","REME_AllRoundStrike"],"picked":"Secret Weapon","floor":39.0},{"not_picked":["alterego_mod:GIGAMILK","alterego_mod:STier","alterego_mod:Venus"],"picked":"SKIP","floor":40.0},{"not_picked":["alterego_mod:Vow","alterego_mod:STier","alterego_mod:Rake"],"picked":"SKIP","floor":42.0},{"not_picked":["alterego_mod:InsideBaseball","alterego_mod:Vow","alterego_mod:Antipathy"],"picked":"SKIP","floor":44},{"not_picked":["alterego_mod:Rake","alterego_mod:TrickOrTreatment"],"picked":"alterego_mod:IdEs","floor":45},{"not_picked":["alterego_mod:DiscoLights","alterego_mod:Maid","alterego_mod:Mirror"],"picked":"SKIP","floor":47},{"not_picked":["alterego_mod:Cooking+1","alterego_mod:BiFurious","alterego_mod:Complex+1"],"picked":"SKIP","floor":47},{"not_picked":["alterego_mod:GIGAMILK","alterego_mod:Palingenesis"],"picked":"alterego_mod:Valkyrie","floor":48},{"not_picked":["alterego_mod:Vow","alterego_mod:Weigh","alterego_mod:InsideBaseball"],"picked":"SKIP","floor":55}],"player_experience":65850,"relics_obtained":[{"floor":5.0,"key":"Nunchaku"},{"floor":6.0,"key":"Counterbalance"},{"floor":7.0,"key":"Lantern"},{"floor":8.0,"key":"Pen Nib"},{"floor":9.0,"key":"Grinning Jar"},{"floor":10.0,"key":"ReplayFunnel"},{"floor":11.0,"key":"REME_ArchaeologicalTools"},{"floor":14.0,"key":"Golden Egg"},{"floor":23.0,"key":"Replay:Bottled Eggs"},{"floor":24.0,"key":"Iron Hammer"},{"floor":25.0,"key":"Prayer Wheel"},{"floor":26.0,"key":"Gambling Chip"},{"floor":27.0,"key":"CeramicFish"},{"floor":29.0,"key":"Blue Doll"},{"floor":30.0,"key":"ReplayTheSpireMod:Lightbulb"},{"floor":38.0,"key":"Mirror"},{"floor":40.0,"key":"Replay:Multitool"},{"floor":42.0,"key":"Dream Catcher"},{"floor":44,"key":"ReplayTheSpireMod:Ninjato"},{"floor":45,"key":"Pet Ghost"},{"floor":46,"key":"Centennial Puzzle"},{"floor":48,"key":"Replay:Baseball"},{"floor":55,"key":"Snack Pack"}],"event_choices":[{"damage_healed":0.0,"max_hp_gain":0.0,"max_hp_loss":0.0,"gold_gain":0.0,"event_name":"Lab","player_choice":"Got Potions","floor":2.0,"gold_loss":0.0,"damage_taken":0.0},{"damage_healed":0.0,"max_hp_gain":0.0,"max_hp_loss":0.0,"gold_gain":150.0,"event_name":"Liars Game","player_choice":"AGREE","floor":4.0,"gold_loss":0.0,"damage_taken":0.0,"cards_obtained":["Doubt"]},{"damage_healed":0.0,"max_hp_gain":0.0,"max_hp_loss":22.0,"gold_gain":0.0,"event_name":"Vampires","player_choice":"Became a vampire","floor":22.0,"gold_loss":0.0,"damage_taken":0.0,"cards_obtained":["Bite","Bite","Bite","Bite","Bite"]}],"is_beta":false,"boss_relics":[{"not_picked":["Replay:Wanted Poster","Black Star"],"picked":"Cursed Key"},{"not_picked":["Runic Dome","Pandora\u0027s Box"],"picked":"Replay:Bronze Core"}],"items_purged_floors":[],"is_endless":false,"potions_floor_spawned":[1,6,10,14,19,23,25,29,35,40,45],"ascension_level":20}}