{"host":"wvaiab5ya9pyia0u","time":1610298359,"event":{"mods":["2.2 Compatiblity","Act Like it!","Aspiration","Bard","BaseMod","Bestiary","BetterRewards","Challenge The Spire","Colored Powertips","Conspire","Custom Start","DeckTracker","Hermit","Highlight Path","Hubris","Humility","Infinite Spire","Lobotomy","Mimic Mod","Minty Spire (QoL Compilation)","Pale of the Ancients","Practice Mode","Quarter Circle Forward PUNCH!","Quick Restart","Rare Cards Sparkle","Replay The Spire","Reworked Bosses","SacredBarkPlus","Shop Mod","Spicy Shops","StSLib","The Blue Laboratory","The Construct","The Cursed","The Disciple","The Factory","The Hierophant","The Jungle","The Marked","The Mystic","The Runesmith","The Servant 0.9.4","TheBandit","Thieving Mod","Wandering Minibosses","everything is the same but u backflip on backflip","slay the spire mod where everything is the same but ironclad has a cowboy hat"],"gold_per_floor":[111,122,133,145,162,162,162,162,162,162,162,173,173,160,160,265,265,285,200,217,217,217,217,230,230,230,230,267,277,220,236,236,278,278,288,288],"floor_reached":35,"playtime":1603,"items_purged":[],"score":251,"play_id":"4923ff4c-63f9-44ba-8494-09a233cad567","local_time":"20210110180559","is_ascension_mode":false,"campfire_choices":[{"data":"ReplayGash","floor":6.0,"key":"SMITH"},{"data":"Bludgeon","floor":8.0,"key":"SMITH"},{"data":"Chaos","floor":10.0,"key":"SMITH"},{"data":"Gash","floor":13.0,"key":"SMITH"},{"floor":15.0,"key":"REST"},{"floor":25.0,"key":"REST"},{"floor":27.0,"key":"REST"}],"circlet_count":0,"master_deck":["Defend_B","Defend_B","Defend_B","Zap","Dualcast","Force Field","Gash+1","Bludgeon+1","ReplayGash+1","Chaos+1","Gash+1","Seek","ReplayTheSpireMod:Omega Cannon","LockedAnchor","theMarked:Opportunist","LockedUrn","EmptyFist","Abandon","Capacitor","Reprogram+1","infinitespire:NeuralNetwork","infinitespire:Oblivion","FTL","Reprogram+1","Skim+1","FollowUp+1","Mirror Shield","Swivel"],"relics":["aspiration:Nostalgia","Replay:M_SmolderingBlood","hubris:MysteriousPyramids","qcfpunch:Killian_Engine_Alpha","conspire:BottledYoYo","wanderingMiniBosses:ThiefScarf","Cracked Core","Replay:Accelerometer","MawBank","infinitespire:Midas Blood"],"acts_visited":["Exordium","TheCity"],"potions_floor_usage":[],"damage_taken":[{"damage":0.0,"enemies":"2 Louse","floor":1.0,"turns":2.0},{"damage":0.0,"enemies":"Small Slimes","floor":2.0,"turns":3.0},{"damage":7.0,"enemies":"Jaw Worm","floor":3.0,"turns":4.0},{"damage":3.0,"enemies":"Exordium Wildlife","floor":4.0,"turns":4.0},{"damage":15.0,"enemies":"Exordium Thugs","floor":5.0,"turns":3.0},{"damage":18.0,"enemies":"3 Louse","floor":12.0,"turns":3.0},{"damage":8.0,"enemies":"Large Slime","floor":14.0,"turns":6.0},{"damage":16.0,"enemies":"Fading Forest","floor":16.0,"turns":11.0},{"damage":20.0,"enemies":"conspire:FuzzyDice","floor":18.0,"turns":6.0},{"damage":0.0,"enemies":"3 Byrds","floor":20.0,"turns":4.0},{"damage":49.0,"enemies":"Sentry and Sphere","floor":24.0,"turns":8.0},{"damage":9.0,"enemies":"Centurion and Healer","floor":28.0,"turns":5.0},{"damage":4.0,"enemies":"Centurion and Healer","floor":29.0,"turns":5.0},{"damage":7,"enemies":"conspire:HollyBat","floor":31,"turns":5},{"damage":53,"enemies":"Sentry and Sphere","floor":33,"turns":7},{"damage":22,"enemies":"Pondfish","floor":35,"turns":4}],"seed_played":"-445957336975347599","potions_obtained":[{"floor":2.0,"key":"blueLaboratory:BottledHope"},{"floor":12.0,"key":"BlessingOfTheForge"},{"floor":16.0,"key":"Venom Potion"}],"is_trial":false,"path_per_floor":["M","M","M","M","M","R","?","R","T","R","?","M","R","M","R","B",null,"M","?","M","PTL","PTL","AVR","M","R","?","R","MIM","M","?","M","?","M","R","B"],"character_chosen":"DEFECT","items_purchased":[],"campfire_rested":3,"item_purchase_floors":[],"current_hp_per_floor":[75,75,68,65,50,50,50,50,50,50,58,40,40,32,54,48,75,57,57,57,57,57,57,14,36,36,58,49,51,71,68,68,17,17,0,0],"gold":288,"neow_bonus":"NOSTALGIA","is_daily":false,"chose_seed":false,"campfire_upgraded":4,"win_rate":0.0,"timestamp":1610298359,"path_taken":["M","M","M","M","M","R","?","R","T","R","?","M","R","M","R","BOSS","M","?","M","PTL","PTL","AVR","M","R","?","R","MIM","M","?","M","?","?","R","BOSS"],"items_purchased_type":[],"build_version":"2020-12-22","purchased_purges":0,"victory":false,"max_hp_per_floor":[75,75,75,75,75,75,75,75,75,75,75,75,75,75,75,75,75,75,75,75,75,75,75,75,75,75,75,75,75,75,75,75,75,75,75,75],"card_choices":[{"not_picked":["Whirlwind","Halt"],"picked":"Force Field","floor":1.0},{"not_picked":["aspiration:Polymerization","Cold Snap"],"picked":"Gash","floor":2.0},{"not_picked":["Conserve Battery","Beam Cell"],"picked":"Bludgeon","floor":3.0},{"not_picked":["Turbo","Leap"],"picked":"ReplayGash","floor":4.0},{"not_picked":["Barrage","Compile Driver"],"picked":"Chaos","floor":5.0},{"not_picked":["Genetic Algorithm","Halt"],"picked":"Gash","floor":12.0},{"not_picked":["Steam","FIFO Queue"],"picked":"Seek","floor":14.0},{"not_picked":["Biased Cognition","Amplify"],"picked":"ReplayTheSpireMod:Omega Cannon","floor":16.0},{"not_picked":["Sweeping Beam","Chill+1"],"picked":"Capacitor","floor":18.0},{"not_picked":["Redo+1","BasicCrystalCard+1"],"picked":"Reprogram+1","floor":20.0},{"not_picked":["Auto Shields","Panic Button"],"picked":"FTL","floor":24.0},{"not_picked":["Time Bomb","Storm+1"],"picked":"Reprogram+1","floor":28.0},{"not_picked":["BasicCrystalCard","Beam Cell"],"picked":"Skim+1","floor":29.0},{"not_picked":["Cold Snap","Streamline"],"picked":"FollowUp+1","floor":31},{"not_picked":["FlyingSleeves","Cold Snap"],"picked":"Swivel","floor":33}],"player_experience":239391,"relics_obtained":[{"floor":9.0,"key":"hubris:MysteriousPyramids"},{"floor":28.0,"key":"conspire:BottledYoYo"},{"floor":33,"key":"wanderingMiniBosses:ThiefScarf"},{"floor":33,"key":"Cracked Core"},{"floor":33,"key":"Replay:Accelerometer"}],"event_choices":[{"damage_healed":0.0,"max_hp_gain":0.0,"max_hp_loss":0.0,"gold_gain":0.0,"event_name":"Addict","player_choice":"Obtained Relic","floor":19.0,"gold_loss":85.0,"damage_taken":0.0,"relics_obtained":["Replay:Accelerometer"]},{"damage_healed":0,"gold_gain":0,"player_choice":"1 cards matched","damage_taken":0,"max_hp_gain":0,"max_hp_loss":0,"event_name":"Match and Keep!","floor":32,"gold_loss":0,"cards_obtained":["Mirror Shield"]},{"damage_healed":0,"gold_gain":0,"player_choice":"Bought 0 Potions","damage_taken":0,"max_hp_gain":0,"max_hp_loss":0,"event_name":"The Woman in Blue","floor":34,"gold_loss":0}],"is_beta":false,"boss_relics":[{"not_picked":["qcfpunch:Crimson_Sash","aspiration:SilentSkillbook"],"picked":"qcfpunch:Killian_Engine_Alpha"}],"items_purged_floors":[],"is_endless":false,"potions_floor_spawned":[2,12,16,18,29,31],"killed_by":"Pondfish","ascension_level":0}}