{"host":"etdvqcaukayomjhd","time":1610308441,"event":{"mods":["AchievementEnabler","Act Like it!","BaseMod","BetterRewards","Colored Powertips","Hermit","Infinite Spire","Minty Spire (QoL Compilation)","Quick Restart","Replay The Spire","Spicy Shops","StSLib","The Animator","Waifu the Spire"],"gold_per_floor":[117,117,82,17,17,57,57,88,88,0,13,31,92,116,116,244,344,380,396,85,101,126,126,126,126,126,151,200,219,219,159,13,78,78,229,254,294,378,378,711,229,597,597,690,715,715,820,364,399,399,399,399,399,399,58,115,115],"floor_reached":58,"playtime":3438,"items_purged":[],"score":2189,"play_id":"7925ebc9-342b-4d91-af53-78bbb9b5e9fb","local_time":"20210110205401","is_ascension_mode":true,"campfire_choices":[{"data":"animator:Lelouch","floor":7.0,"key":"SMITH"},{"floor":15.0,"key":"REST"},{"floor":23.0,"key":"RECALL"},{"data":"animator:HigakiRinne","floor":26.0,"key":"SMITH"},{"floor":34.0,"key":"REST"},{"data":"animator:GazelDwargon","floor":34.0,"key":"SMITH"},{"floor":46,"key":"REST"},{"data":"animator:Kira","floor":46,"key":"SMITH"},{"floor":51,"key":"REST"},{"data":"infinitespire:Punishment","floor":51,"key":"SMITH"},{"data":"animator:Vesta","floor":54,"key":"SMITH"}],"circlet_count":0,"master_deck":["animator:Strike_OnePunchMan","animator:Defend_OnePunchMan","animator:Strike","animator:Strike","animator:Strike","animator:Defend","animator:Defend","animator:Defend","animator:Genos","animator:MumenRider","animator:Lelouch+1","animator:Shuna","animator:RinTohsaka","animator:Elsword","animator:PandorasActor","animator:DolaSchwi","animator:Entoma+3","animator:GazelDwargon+1","animator:Gilgamesh+16","animator:Lancer","animator:Albedo","animator:KyokoSakura","animator:MumenRider","animator:HigakiRinne+1","animator:MetalKnight","animator:Vesta+1","animator:Vesta","animator:Cocytus","animator:Rimuru","animator:Raven+1","animator:NarberalGamma+1","animator:Kira+1","infinitespire:Fortify","animator:Genos","animator:IzunaHatsuse","animator:Emonzaemon","Pot Of Greed","Pot Of Greed","Pot Of Greed","Pot Of Greed","animator:MumenRider+1","infinitespire:Punishment+1","animator:Zero","animator:Kira","animator:IchigoKurosaki","animator:Urushihara","animator:Genos"],"relics":["animator:VividPicture","animator:TheMissingPiece","animator:PurgingStone","infinitespire:Joker Card","Iron Hammer","Orrery","animator:WizardHat","infinitespire:Lucky Rock","Regal Pillow","PreservedInsect","Replay:Grab Bag","infinitespire:Cupcake","Busted Crown","infinitespire:Magic Flask","Akabeko","Replay:Baseball","Replay:Mystery Machine","animator:EngravedStaff","infinitespire:EvilPickle","Honey Jar","WingedGreaves","TwistedFunnel","HandDrill","Old Coin","Singing Bowl","infinitespire:FocusingShard","ReplayFunnel","Red Skull","Grinning Jar","DataDisk","CloakClasp","ReplayTheSpireMod:ShopPack","Durian"],"acts_visited":["Exordium","TheCity","TheBeyond","TheEnding"],"potions_floor_usage":[57,57],"damage_taken":[{"damage":0.0,"enemies":"2 Louse","floor":1.0,"turns":1.0},{"damage":5.0,"enemies":"3 Sentries","floor":6.0,"turns":4.0},{"damage":0.0,"enemies":"Replay:BlueRogue","floor":8.0,"turns":5.0},{"damage":1.0,"enemies":"Jaw Worm","floor":11.0,"turns":5.0},{"damage":0.0,"enemies":"Small Slimes","floor":12.0,"turns":2.0},{"damage":8.0,"enemies":"3 Sentries","floor":13.0,"turns":8.0},{"damage":0.0,"enemies":"Looter","floor":14.0,"turns":3.0},{"damage":20.0,"enemies":"Hexaghost","floor":16.0,"turns":7.0},{"damage":0.0,"enemies":"Shell Parasite","floor":18.0,"turns":3.0},{"damage":1.0,"enemies":"2 Thieves","floor":19.0,"turns":2.0},{"damage":6.0,"enemies":"3 Cultists","floor":21.0,"turns":5.0},{"damage":0.0,"enemies":"Snake Plant","floor":22.0,"turns":2.0},{"damage":9.0,"enemies":"Centurion and Healer","floor":27.0,"turns":4.0},{"damage":6.0,"enemies":"Snecko","floor":29.0,"turns":3.0},{"damage":10.0,"enemies":"Book of Stabbing","floor":33.0,"turns":4.0},{"damage":31.0,"enemies":"Pondfish","floor":35.0,"turns":11.0},{"damage":7.0,"enemies":"3 Darklings","floor":37.0,"turns":5.0},{"damage":14.0,"enemies":"2 Orb Walkers","floor":38.0,"turns":3.0},{"damage":0.0,"enemies":"Nightmare","floor":42.0,"turns":3.0},{"damage":1,"enemies":"R_Hoarder","floor":44,"turns":4},{"damage":0,"enemies":"Giant Head","floor":47,"turns":5},{"damage":0,"enemies":"3 Shapes","floor":49,"turns":3},{"damage":5,"enemies":"Time Eater","floor":52,"turns":6},{"damage":0,"enemies":"Shield and Spear","floor":56,"turns":3},{"damage":42,"enemies":"The Heart","floor":57,"turns":8}],"seed_played":"-2793605559334622294","potions_obtained":[{"floor":1.0,"key":"Elixir"},{"floor":14.0,"key":"LiquidBronze"},{"floor":18.0,"key":"Reflective Coating"},{"floor":21.0,"key":"LiquidMemories"},{"floor":27.0,"key":"FearPotion"},{"floor":42.0,"key":"Regen Potion"},{"floor":44,"key":"GamblersBrew"},{"floor":49,"key":"EssenceOfSteel"},{"floor":56,"key":"Dexterity Potion"}],"is_trial":false,"path_per_floor":["M","?","?","$","?","E","R","E","T","$","M","M","E","M","R","B",null,"M","M","$","M","M","R","PTL","PTL","R","M","T","M","?","?","$","E","R","B",null,"M","?","?","?","$","NM","?","E","T","R","E","$","M","AVR","R","B",null,"R","$","E","B",null],"character_chosen":"THE_ANIMATOR","items_purchased":["infinitespire:Joker Card","animator:Lelouch","animator:Shuna","Iron Hammer","Orrery","animator:WizardHat","animator:Gilgamesh","infinitespire:Magic Flask","Replay:Mystery Machine","animator:Kira","TwistedFunnel","HandDrill","Red Skull","Grinning Jar","DataDisk","CloakClasp","animator:Zero","ReplayTheSpireMod:ShopPack"],"campfire_rested":4,"item_purchase_floors":[0,0,0,0,0,4,10,20,32,41,41,41,48,48,48,55,55,55],"current_hp_per_floor":[35,35,51,51,51,46,46,46,46,46,45,47,39,39,63,43,63,63,64,64,58,58,58,58,58,58,49,49,43,43,43,43,33,65,34,65,61,47,47,47,47,47,47,46,46,68,68,68,68,68,68,63,68,68,68,75,33],"gold":115,"neow_bonus":"","is_daily":false,"chose_seed":false,"campfire_upgraded":6,"win_rate":0.0,"timestamp":1610308441,"path_taken":["M","?","?","$","?","E","R","E","T","?","?","M","E","M","R","BOSS","BOSS","M","M","$","M","M","R","PTL","PTL","R","M","T","M","?","?","?","E","R","BOSS","M","?","?","?","$","NM","?","E","T","R","E","$","M","AVR","R","BOSS","R","$","E","BOSS"],"items_purchased_type":["Relic","Card","Card","Relic","Relic","Relic","Card","Relic","Relic","Card","Relic","Relic","Relic","Relic","Relic","Relic","Card","Relic"],"build_version":"2020-12-22","purchased_purges":0,"victory":true,"max_hp_per_floor":[66,66,66,66,61,61,61,61,61,61,61,63,63,63,63,63,63,63,65,65,65,65,65,65,65,65,65,65,65,65,65,65,65,65,65,65,68,68,68,68,68,68,68,68,68,68,68,68,68,68,68,68,68,68,68,75,75],"card_choices":[{"not_picked":["animator:Alexander","animator:Millim"],"picked":"animator:RinTohsaka","floor":0.0},{"not_picked":["animator:Tatsumaki","animator:ShinjiMatou"],"picked":"animator:UneriGinkaku","floor":0.0},{"not_picked":["animator:DolaCouronne","animator:TukaLunaMarceau"],"picked":"animator:Elsword","floor":0.0},{"not_picked":["animator:Aisha","animator:ZankiKiguchi"],"picked":"animator:PandorasActor","floor":0.0},{"not_picked":["animator:Melzalgald","animator:Ara"],"picked":"animator:DolaSchwi","floor":1.0},{"not_picked":["animator:Genos","animator:IrohaTamaki"],"picked":"animator:Entoma","floor":6.0},{"not_picked":["animator:Elsword","animator:Tyuule"],"picked":"animator:GazelDwargon","floor":8.0},{"not_picked":["animator:Illya","animator:Caster"],"picked":"animator:Lancer","floor":11.0},{"not_picked":["animator:DolaCouronne","animator:Ara"],"picked":"animator:Albedo","floor":12.0},{"not_picked":["animator:Kuribayashi","animator:Genos"],"picked":"animator:KyokoSakura","floor":13.0},{"not_picked":["animator:Rider","animator:Illya"],"picked":"animator:MumenRider","floor":14.0},{"not_picked":["animator:Saber","animator:Shizu"],"picked":"animator:HigakiRinne","floor":16.0},{"not_picked":[],"picked":"animator:MetalKnight","floor":18.0},{"not_picked":["animator:NagisaMomoe"],"picked":"SKIP","floor":19.0},{"not_picked":["animator:Kuribayashi"],"picked":"SKIP","floor":21.0},{"not_picked":[],"picked":"animator:Vesta","floor":22.0},{"not_picked":[],"picked":"animator:Vesta","floor":29.0},{"not_picked":[],"picked":"animator:Cocytus","floor":33.0},{"not_picked":[],"picked":"animator:Rimuru","floor":35.0},{"not_picked":["animator:Azekura"],"picked":"animator:Raven+1","floor":37.0},{"not_picked":["animator:Kaijin"],"picked":"animator:NarberalGamma+1","floor":38.0},{"not_picked":["infinitespire:Execution","Replay:Fractal Strike"],"picked":"infinitespire:Fortify","floor":42.0},{"not_picked":["animator:MumenRider"],"picked":"animator:Genos","floor":42.0},{"not_picked":["animator:Benimaru"],"picked":"animator:IzunaHatsuse","floor":44},{"not_picked":["animator:Shuna"],"picked":"animator:Emonzaemon","floor":47},{"not_picked":["animator:YuiTsuruno"],"picked":"animator:MumenRider+1","floor":49},{"not_picked":["animator:KotoriKanbe"],"picked":"animator:Kira","floor":55},{"not_picked":["animator:MamizouFutatsuiwa"],"picked":"animator:IchigoKurosaki","floor":55},{"not_picked":["animator:NononJakuzure"],"picked":"animator:Urushihara","floor":55},{"not_picked":["animator:Genos","animator:MumenRider"],"picked":"Singing Bowl","floor":56}],"player_experience":345302,"relics_obtained":[{"floor":6.0,"key":"infinitespire:Lucky Rock"},{"floor":8.0,"key":"Regal Pillow"},{"floor":13.0,"key":"PreservedInsect"},{"floor":28.0,"key":"Akabeko"},{"floor":33.0,"key":"animator:EngravedStaff"},{"floor":38.0,"key":"WingedGreaves"},{"floor":42.0,"key":"Old Coin"},{"floor":44,"key":"Singing Bowl"},{"floor":45,"key":"infinitespire:FocusingShard"},{"floor":47,"key":"ReplayFunnel"},{"floor":56,"key":"Durian"}],"event_choices":[{"damage_healed":16.0,"max_hp_gain":0.0,"max_hp_loss":0.0,"gold_gain":0.0,"event_name":"The Cleric","player_choice":"Healed","floor":3.0,"gold_loss":35.0,"damage_taken":0.0},{"damage_healed":0.0,"max_hp_gain":0.0,"max_hp_loss":5.0,"gold_gain":0.0,"event_name":"Golden Idol","player_choice":"Lose Max HP","floor":5.0,"gold_loss":0.0,"damage_taken":0.0,"relics_obtained":["Golden Idol"]},{"damage_healed":0.0,"max_hp_gain":0.0,"max_hp_loss":0.0,"gold_gain":0.0,"event_name":"Vampires","player_choice":"Ignored","floor":30.0,"gold_loss":0.0,"damage_taken":0.0},{"damage_healed":0.0,"max_hp_gain":0.0,"max_hp_loss":0.0,"gold_gain":0.0,"event_name":"Addict","player_choice":"Obtained Relic","floor":31.0,"gold_loss":85.0,"damage_taken":0.0,"relics_obtained":["Replay:Baseball"]},{"damage_healed":0.0,"max_hp_gain":0.0,"max_hp_loss":0.0,"gold_gain":0.0,"event_name":"Mysterious Sphere","player_choice":"Fight","floor":38.0,"gold_loss":0.0,"damage_taken":0.0},{"cards_removed":["animator:UneriGinkaku"],"damage_healed":0.0,"max_hp_gain":0.0,"max_hp_loss":0.0,"gold_gain":0.0,"event_name":"Falling","player_choice":"Removed Attack","floor":39.0,"gold_loss":0.0,"damage_taken":0.0},{"damage_healed":0.0,"max_hp_gain":0.0,"max_hp_loss":0.0,"gold_gain":333.0,"event_name":"The Moai Head","player_choice":"Gave Idol","floor":40.0,"relics_lost":["Golden Idol"],"gold_loss":0.0,"damage_taken":0.0}],"is_beta":false,"boss_relics":[{"not_picked":["Mark of Pain","Fusion Hammer"],"picked":"Replay:Grab Bag"},{"not_picked":["Sozu","Replay:Wanted Poster"],"picked":"infinitespire:Cupcake"},{"not_picked":["Runic Dome","Philosopher\u0027s Stone"],"picked":"Busted Crown"},{"not_picked":["animator:CursedBlade","Astrolabe"],"picked":"animator:VividPicture"},{"not_picked":["Replay:Ancient Bell","animator:RacePiece"],"picked":"Honey Jar"}],"items_purged_floors":[],"is_endless":false,"potions_floor_spawned":[1,14,18,21,27,42,44,49,56],"ascension_level":2}}