{"host":"kda2p2afd6bvz6qo","time":1610296721,"event":{"mods":["BaseMod","Colored Map","Minty Spire (QoL Compilation)","Relic Stats"],"gold_per_floor":[117,267,342,360,360,385,385,414,441,441,441],"floor_reached":10,"playtime":267,"items_purged":[],"score":188,"play_id":"3f47f751-e1bd-4057-ac0a-e8c05669750f","local_time":"20210110163841","is_ascension_mode":true,"campfire_choices":[{"data":"Dagger Spray","floor":7,"key":"SMITH"}],"circlet_count":0,"master_deck":["AscendersBane","Strike_G","Strike_G","Strike_G","Strike_G","Strike_G","Defend_G","Defend_G","Defend_G","Defend_G","Defend_G","Survivor","Neutralize","Accuracy","Dagger Spray+1","Distraction","Corpse Explosion"],"relics":["Ring of the Snake","NeowsBlessing","Vajra","Bag of Marbles","Strawberry"],"acts_visited":["Exordium"],"potions_floor_usage":[8,10],"damage_taken":[{"damage":0,"enemies":"Jaw Worm","floor":1,"turns":1},{"damage":0,"enemies":"2 Louse","floor":4,"turns":1},{"damage":0,"enemies":"Lagavulin","floor":6,"turns":2},{"damage":36,"enemies":"Gremlin Nob","floor":8,"turns":5},{"damage":27,"enemies":"Lagavulin","floor":10,"turns":7}],"seed_played":"-6140384283097789467","potions_obtained":[{"floor":4,"key":"ColorlessPotion"},{"floor":6,"key":"SteroidPotion"}],"is_trial":false,"path_per_floor":["M","?","?","M","?","E","R","E","T","E"],"character_chosen":"THE_SILENT","items_purchased":[],"campfire_rested":0,"item_purchase_floors":[],"current_hp_per_floor":[59,59,48,48,41,41,41,5,12,0,0],"gold":441,"neow_bonus":"THREE_ENEMY_KILL","is_daily":false,"chose_seed":false,"campfire_upgraded":1,"win_rate":0.0,"timestamp":1610296721,"path_taken":["M","?","?","M","?","E","R","E","T","E"],"items_purchased_type":[],"build_version":"2020-12-22","purchased_purges":0,"victory":false,"max_hp_per_floor":[66,66,66,66,66,66,66,66,73,73,73],"relic_stats":{"counters":[5,16],"obtain_stats":[{"NeowsBlessing":0,"Strawberry":9,"Vajra":6,"Bag of Marbles":8,"Ring of the Snake":0},{"NeowsBlessing":0,"Strawberry":4,"Vajra":3,"Bag of Marbles":4,"Ring of the Snake":0},{"NeowsBlessing":0,"Strawberry":9,"Vajra":4,"Bag of Marbles":9,"Ring of the Snake":0}],"Ring of the Snake":[10]},"card_choices":[{"not_picked":["Cloak And Dagger","Well Laid Plans"],"picked":"Accuracy","floor":1},{"not_picked":["Dagger Throw","Distraction"],"picked":"Dagger Spray","floor":4},{"not_picked":["Expertise","Caltrops"],"picked":"Distraction","floor":6},{"not_picked":["Reflex","Dagger Throw"],"picked":"Corpse Explosion","floor":8}],"player_experience":119915,"relics_obtained":[{"floor":6,"key":"Vajra"},{"floor":8,"key":"Bag of Marbles"},{"floor":9,"key":"Strawberry"}],"event_choices":[{"damage_healed":0,"gold_gain":150,"player_choice":"AGREE","damage_taken":0,"max_hp_gain":0,"max_hp_loss":0,"event_name":"Liars Game","floor":2,"gold_loss":0,"cards_obtained":["Doubt"]},{"damage_healed":0,"gold_gain":75,"player_choice":"Gather Gold","damage_taken":11,"max_hp_gain":0,"max_hp_loss":0,"event_name":"World of Goop","floor":3,"gold_loss":0},{"cards_removed":["Doubt"],"damage_healed":0,"gold_gain":0,"player_choice":"Card Removal","damage_taken":7,"max_hp_gain":0,"max_hp_loss":0,"event_name":"Golden Wing","floor":5,"gold_loss":0}],"is_beta":false,"boss_relics":[],"items_purged_floors":[],"is_endless":false,"potions_floor_spawned":[4,6],"killed_by":"Lagavulin","ascension_level":18}}