{"host":"9v3x998ddbx8o276","time":1610257911,"event":{"mods":["AchievementEnabler","BaseMod","Colored Map","Colored Powertips","Highlight Path","Minty Spire (QoL Compilation)","Quick Restart","Rare Cards Sparkle"],"gold_per_floor":[115,30,30,50,110,110,138,158,158,193,193,208,208,239,239,239,239],"floor_reached":16,"playtime":404,"items_purged":[],"score":286,"play_id":"faadd312-2ea4-4541-9b19-d0f2bab389cf","local_time":"20210110162151","is_ascension_mode":true,"campfire_choices":[{"data":"Footwork","floor":6.0,"key":"SMITH"},{"floor":11.0,"key":"REST"},{"floor":15,"key":"REST"}],"circlet_count":0,"master_deck":["AscendersBane","Strike_G","Strike_G","Strike_G","Strike_G","Strike_G","Defend_G","Defend_G","Defend_G","Defend_G","Defend_G","Survivor","Neutralize","Dagger Spray+1","Footwork+1","Underhanded Strike","Blade Dance","PiercingWail","Bouncing Flask","Footwork","Backflip"],"relics":["Ring of the Snake","NeowsBlessing","Shuriken","Pear","Bag of Marbles","Golden Idol","Molten Egg 2"],"acts_visited":["Exordium"],"potions_floor_usage":[14,16],"damage_taken":[{"damage":0.0,"enemies":"Jaw Worm","floor":1.0,"turns":1.0},{"damage":0.0,"enemies":"Small Slimes","floor":4.0,"turns":1.0},{"damage":0.0,"enemies":"3 Sentries","floor":7.0,"turns":1.0},{"damage":0.0,"enemies":"2 Louse","floor":8.0,"turns":3.0},{"damage":59.0,"enemies":"Gremlin Nob","floor":10.0,"turns":5.0},{"damage":18.0,"enemies":"Large Slime","floor":12.0,"turns":4.0},{"damage":7,"enemies":"3 Sentries","floor":14,"turns":7},{"damage":62,"enemies":"Slime Boss","floor":16,"turns":9}],"seed_played":"-6835948203997131137","potions_obtained":[{"floor":1.0,"key":"PowerPotion"},{"floor":10.0,"key":"FairyPotion"},{"floor":14,"key":"SteroidPotion"}],"is_trial":false,"path_per_floor":["M","$","?","M","?","R","E","M","T","E","R","M","?","E","R","B"],"character_chosen":"THE_SILENT","items_purchased":["Footwork"],"campfire_rested":2,"item_purchase_floors":[2],"current_hp_per_floor":[59,59,59,59,59,59,59,59,69,10,32,14,14,7,27,0,0],"gold":239,"neow_bonus":"THREE_ENEMY_KILL","is_daily":false,"chose_seed":false,"campfire_upgraded":1,"win_rate":0.0,"timestamp":1610257911,"path_taken":["M","$","?","M","?","R","E","M","T","E","R","M","?","E","R","BOSS"],"items_purchased_type":["Card"],"build_version":"2020-12-22","purchased_purges":0,"victory":false,"max_hp_per_floor":[66,66,66,66,66,66,66,66,76,76,76,76,69,69,69,69,69],"card_choices":[{"not_picked":["Eviscerate","Deadly Poison"],"picked":"Dagger Spray","floor":1.0},{"not_picked":["Setup","Skewer"],"picked":"Underhanded Strike","floor":4.0},{"not_picked":["All Out Attack","Poisoned Stab"],"picked":"Blade Dance","floor":7.0},{"not_picked":["Acrobatics","Deadly Poison"],"picked":"PiercingWail","floor":8.0},{"not_picked":["Leg Sweep","Dagger Spray"],"picked":"Bouncing Flask","floor":10.0},{"not_picked":["Blade Dance","Expertise"],"picked":"Footwork","floor":12.0},{"not_picked":["Reflex","Expertise"],"picked":"Backflip","floor":14}],"player_experience":1639550,"relics_obtained":[{"floor":7.0,"key":"Shuriken"},{"floor":9.0,"key":"Pear"},{"floor":10.0,"key":"Bag of Marbles"},{"floor":14,"key":"Molten Egg 2"}],"event_choices":[{"damage_healed":0.0,"max_hp_gain":0.0,"max_hp_loss":0.0,"gold_gain":0.0,"event_name":"Living Wall","player_choice":"Grow","floor":3.0,"gold_loss":0.0,"damage_taken":0.0,"cards_upgraded":["Dagger Spray"]},{"damage_healed":0.0,"max_hp_gain":0.0,"max_hp_loss":0.0,"gold_gain":60.0,"event_name":"Golden Wing","player_choice":"Gained Gold","floor":5.0,"gold_loss":0.0,"damage_taken":0.0},{"damage_healed":0.0,"max_hp_gain":0.0,"max_hp_loss":7.0,"gold_gain":0.0,"event_name":"Golden Idol","player_choice":"Lose Max HP","floor":13.0,"gold_loss":0.0,"damage_taken":0.0,"relics_obtained":["Golden Idol"]}],"is_beta":false,"boss_relics":[],"items_purged_floors":[],"is_endless":false,"potions_floor_spawned":[1,10,12,14],"killed_by":"Slime Boss","ascension_level":20}}