{"host":"98zq812qbocdqs0d","time":1610306574,"event":{"mods":["BaseMod","GifTheSpireLib","Minty Spire (QoL Compilation)","Replay The Spire","StSLib","The Cursed","The Hierophant"],"gold_per_floor":[20,20,20,20,40,40,51,51,99,99,116,134,210,19,19,124,124,136,151,151,101,101,101,101],"floor_reached":23,"playtime":1487,"items_purged":[],"score":297,"play_id":"ec3d177f-ea05-4494-a4d2-7059ed30ed58","local_time":"20210110202254","is_ascension_mode":true,"campfire_choices":[{"data":"Flame Barrier","floor":6,"key":"SMITH"},{"data":"Defend_R","floor":8,"key":"SMITH"},{"data":"Rampage","floor":15,"key":"SMITH"}],"circlet_count":0,"master_deck":["AscendersBane","Strike_R","Strike_R","Strike_R","Strike_R","Strike_R","Defend_R","Defend_R","Defend_R","Defend_R+1","Bash+1","ReplayTheSpireMod:LeadingStrike+1","Flame Barrier+1","Rampage+1","Bloodletting","Perfected Strike+1","Bludgeon","Flame Barrier+1"],"relics":["Burning Blood","MealTicket","Red Skull","Mark of Pain"],"acts_visited":["Exordium","TheCity"],"potions_floor_usage":[7,12,22,22,23],"damage_taken":[{"damage":14,"enemies":"Small Slimes","floor":1,"turns":3},{"damage":1,"enemies":"Cultist","floor":5,"turns":3},{"damage":0,"enemies":"Jaw Worm","floor":7,"turns":3},{"damage":4,"enemies":"Looter","floor":11,"turns":4},{"damage":15,"enemies":"Large Slime","floor":12,"turns":6},{"damage":73,"enemies":"Fading Forest","floor":16,"turns":11},{"damage":21,"enemies":"Shell Parasite","floor":18,"turns":3},{"damage":22,"enemies":"3 Byrds","floor":19,"turns":3},{"damage":0,"enemies":"Shelled Parasite and Fungi","floor":22,"turns":1},{"damage":86,"enemies":"Gremlin Leader","floor":23,"turns":4}],"seed_played":"-2483353544803820710","potions_obtained":[{"floor":5,"key":"Fire Potion"},{"floor":7,"key":"Swift Potion"},{"floor":12,"key":"SmokeBomb"},{"floor":18,"key":"BloodPotion"},{"floor":19,"key":"FearPotion"}],"is_trial":false,"path_per_floor":["M","?","$","?","M","R","M","R","T","?","M","M","?","$","R","B",null,"M","M","?","?","M","E"],"character_chosen":"IRONCLAD","items_purchased":["Perfected Strike+1","Red Skull"],"campfire_rested":0,"item_purchase_floors":[14,14],"current_hp_per_floor":[80,80,80,80,85,85,91,91,91,91,93,84,84,96,96,51,85,70,54,54,54,79,0,0],"gold":101,"neow_bonus":"TWENTY_PERCENT_HP_BONUS","is_daily":false,"chose_seed":false,"campfire_upgraded":3,"win_rate":0.0,"timestamp":1610306574,"path_taken":["M","?","$","?","M","R","M","R","T","?","M","?","?","?","R","BOSS","M","M","?","?","?","E"],"items_purchased_type":["Card","Relic"],"build_version":"2020-12-22","purchased_purges":0,"victory":false,"max_hp_per_floor":[96,96,96,96,96,96,96,96,96,96,96,96,96,96,96,96,96,96,96,96,96,96,96,96],"card_choices":[{"not_picked":["Havoc","Power Through"],"picked":"ReplayTheSpireMod:LeadingStrike","floor":1},{"not_picked":["Sever Soul","Run Through"],"picked":"Flame Barrier","floor":5},{"not_picked":["True Grit","Fire Breathing","Hemokinesis"],"picked":"SKIP","floor":7},{"not_picked":["True Grit","Fire Breathing","Hemokinesis"],"picked":"SKIP","floor":7},{"not_picked":["Sword Boomerang","ReplayTheSpireMod:Strike From Hell"],"picked":"Rampage","floor":11},{"not_picked":["Searing Blow","ReplayReversal"],"picked":"Bloodletting","floor":12},{"not_picked":["Berserk","Reaper"],"picked":"Bludgeon","floor":16},{"not_picked":["Metallicize+1","Havoc","Thunderclap"],"picked":"SKIP","floor":18},{"not_picked":["Warcry","Clash+1"],"picked":"Flame Barrier+1","floor":19}],"player_experience":892510,"relics_obtained":[{"floor":9,"key":"MealTicket"}],"event_choices":[{"damage_healed":0,"gold_gain":0,"player_choice":"Grow","damage_taken":0,"max_hp_gain":0,"max_hp_loss":0,"event_name":"Living Wall","floor":4,"gold_loss":0,"cards_upgraded":["Bash"]},{"damage_healed":0,"gold_gain":0,"player_choice":"Ignored","damage_taken":0,"max_hp_gain":0,"max_hp_loss":0,"event_name":"Purifier","floor":10,"gold_loss":0},{"damage_healed":0,"gold_gain":76,"player_choice":"Gained Gold","damage_taken":0,"max_hp_gain":0,"max_hp_loss":0,"event_name":"Golden Wing","floor":13,"gold_loss":0},{"damage_healed":0,"gold_gain":0,"player_choice":"Ignored","damage_taken":0,"max_hp_gain":0,"max_hp_loss":0,"event_name":"Beggar","floor":20,"gold_loss":0},{"damage_healed":0,"gold_gain":0,"player_choice":"Bet on Murderer","damage_taken":0,"max_hp_gain":0,"max_hp_loss":0,"event_name":"The Joust","floor":21,"gold_loss":50}],"is_beta":false,"boss_relics":[{"not_picked":["Snecko Eye","Painkiller Herb"],"picked":"Mark of Pain"}],"items_purged_floors":[],"is_endless":false,"potions_floor_spawned":[5,7,12,18,19,22],"killed_by":"Gremlin Leader","ascension_level":10}}