{"host":"v44q4b4ve3ukxjf4","time":1610250091,"event":{"mods":["BaseMod","Colored Map","DeckTracker","Keyboard Shortcuts","Minty Spire (QoL Compilation)","Quick Restart","StSLib","SuperFastMode"],"gold_per_floor":[119,139,64,339,349,349,359,390,390,390,390],"floor_reached":10,"playtime":291,"items_purged":["Strike_R"],"score":75,"play_id":"c5c04be7-70b1-404a-83cc-4d150b6cad8e","local_time":"20210110124131","is_ascension_mode":true,"campfire_choices":[{"data":"Heavy Blade","floor":6,"key":"SMITH"}],"circlet_count":0,"master_deck":["Strike_R","Strike_R","Strike_R","Strike_R","Defend_R","Defend_R","Defend_R","Defend_R","Bash","Seeing Red","Heavy Blade+1","Regret","Cleave","Rupture"],"relics":["Burning Blood","Turnip"],"acts_visited":["Exordium"],"potions_floor_usage":[8],"damage_taken":[{"damage":11,"enemies":"Jaw Worm","floor":1,"turns":4},{"damage":9,"enemies":"Cultist","floor":2,"turns":5},{"damage":1,"enemies":"2 Louse","floor":5,"turns":2},{"damage":28,"enemies":"Red Slaver","floor":7,"turns":4},{"damage":10,"enemies":"Gremlin Nob","floor":8,"turns":3},{"damage":64,"enemies":"3 Sentries","floor":10,"turns":8}],"seed_played":"6387553737424713074","potions_obtained":[{"floor":2,"key":"AttackPotion"}],"is_trial":false,"path_per_floor":["M","M","$","?","M","R","M","E","T","E"],"character_chosen":"IRONCLAD","items_purchased":[],"campfire_rested":0,"item_purchase_floors":[],"current_hp_per_floor":[83,80,80,80,85,85,63,59,59,0,0],"gold":390,"neow_bonus":"TEN_PERCENT_HP_BONUS","is_daily":false,"chose_seed":false,"campfire_upgraded":1,"win_rate":0.0,"timestamp":1610250091,"path_taken":["M","M","$","?","M","R","?","E","T","E"],"items_purchased_type":[],"build_version":"2020-12-22","purchased_purges":1,"victory":false,"max_hp_per_floor":[88,88,88,88,88,88,88,88,88,88,88],"card_choices":[{"not_picked":["Pommel Strike","Thunderclap"],"picked":"Seeing Red","floor":1},{"not_picked":["Clothesline","Shrug It Off"],"picked":"Heavy Blade","floor":2},{"not_picked":["Feel No Pain","Iron Wave","Headbutt"],"picked":"SKIP","floor":5},{"not_picked":["Iron Wave","Clash"],"picked":"Cleave","floor":7},{"not_picked":["Wild Strike","Entrench"],"picked":"Rupture","floor":8}],"player_experience":263611,"relics_obtained":[{"floor":8,"key":"Turnip"}],"event_choices":[{"damage_healed":0,"gold_gain":275,"player_choice":"Desecrate","damage_taken":0,"max_hp_gain":0,"max_hp_loss":0,"event_name":"Golden Shrine","floor":4,"gold_loss":0,"cards_obtained":["Regret"]}],"is_beta":false,"boss_relics":[],"items_purged_floors":[3],"is_endless":false,"potions_floor_spawned":[2],"killed_by":"3 Sentries","ascension_level":2}}