{"host":"iyinq9z1nwwa1sts","time":1610261530,"event":{"mods":["BaseMod","Colored Map","Downfall","Minty Spire (QoL Compilation)","Replay The Spire","StSLib"],"gold_per_floor":[99,114,389,404,419,449,474,474,804,4,4,34,34,64,79,79,79,79],"floor_reached":16,"playtime":1558,"items_purged":[],"score":153,"play_id":"a22895ad-cc2f-4c3a-a03f-616fea3d4a68","local_time":"20210110145210","daily_mods":["Heirloom","Diverse","Elite Swarm"],"is_ascension_mode":false,"campfire_choices":[{"floor":1.0,"key":"RECALL"},{"floor":13.0,"key":"REST"}],"circlet_count":0,"master_deck":["hexamod:Strike+1","hexamod:Strike","hexamod:Strike","hexamod:Strike","hexamod:Defend","hexamod:Defend","hexamod:Defend","hexamod:Defend","hexamod:Sear","hexamod:Float","champ:EndlessRage","Regret","Guardian:Planning","Buffer","hexamod:EmpoweringStance","Meteor Strike","sneckomod:SoulDraw","sneckomod:UnknownUncommonPower","Enlightenment","hexamod:GhostflameInferno","sneckomod:UnknownRareSkill","Headbutt"],"relics":["hexamod:SpiritBrand","CaptainsWheel","Replay:Bottled Snecko","Old Coin","hexamod:RecyclingMachine","Pear","Kunai","MealTicket","Juzu Bracelet","Replay:Baseball"],"acts_visited":["Exordium"],"potions_floor_usage":[16],"damage_taken":[{"damage":0.0,"enemies":"2 Louse","floor":2.0,"turns":3.0},{"damage":2.0,"enemies":"Cultist","floor":4.0,"turns":3.0},{"damage":10.0,"enemies":"Small Slimes","floor":5.0,"turns":4.0},{"damage":13.0,"enemies":"Gremlin Nob","floor":6.0,"turns":5.0},{"damage":22.0,"enemies":"Replay:BlueRogue","floor":9.0,"turns":7.0},{"damage":1.0,"enemies":"downfall:FleeingMerchant","floor":10.0,"turns":4.0},{"damage":14.0,"enemies":"Lagavulin","floor":12.0,"turns":6.0},{"damage":2.0,"enemies":"3 Sentries","floor":14.0,"turns":6.0},{"damage":1.0,"enemies":"2 Fungi Beasts","floor":15.0,"turns":3.0},{"damage":44,"enemies":"Fading Forest","floor":16,"turns":10}],"seed_played":"-956745095108410897","potions_obtained":[{"floor":2.0,"key":"Fire Potion"},{"floor":9.0,"key":"Adrenaline Potion"},{"floor":12.0,"key":"DuplicationPotion"},{"floor":15.0,"key":"AttackPotion"}],"is_trial":false,"path_per_floor":["R_BF","M","?","M","M","E","T","?","E","$","?","E","R","E","M","B"],"character_chosen":"THE_SPIRIT","items_purchased":["hexamod:RecyclingMachine","Pear","Kunai","sneckomod:UnknownUncommonPower","Enlightenment"],"campfire_rested":1,"item_purchase_floors":[10,10,10,10,10],"current_hp_per_floor":[70,70,70,68,58,45,45,45,23,32,20,6,30,28,27,0,0,0],"gold":79,"neow_bonus":"","is_daily":true,"chose_seed":false,"campfire_upgraded":0,"win_rate":0.0,"timestamp":1610261530,"path_taken":["R_BF","M","?","M","?","E","T","?","E","$","?","E","R","E","M","BOSS"],"items_purchased_type":["Relic","Relic","Relic","Card","Card"],"build_version":"2020-12-22","purchased_purges":0,"victory":false,"max_hp_per_floor":[70,70,70,70,70,70,70,70,70,80,80,80,80,80,80,80,80,80],"card_choices":[{"not_picked":["Whirlwind","champ:FanOfKnives"],"picked":"champ:EndlessRage","floor":2.0},{"not_picked":["sneckomod:UnknownClassRED","Dodge and Roll"],"picked":"Guardian:Planning","floor":4.0},{"not_picked":["Slimebound:GrowthPunch","champ:FanOfKnives"],"picked":"Buffer","floor":5.0},{"not_picked":["Exhume","champ:IgnorePain"],"picked":"hexamod:EmpoweringStance","floor":6.0},{"not_picked":["Die Die Die","Unload"],"picked":"Meteor Strike","floor":9.0},{"not_picked":["WreathOfFlame","sneckomod:UnknownCommonSkill"],"picked":"sneckomod:SoulDraw","floor":10.0},{"not_picked":["Slimebound:DouseInSlime","Offering"],"picked":"hexamod:GhostflameInferno","floor":12.0},{"not_picked":["Unload","sneckomod:Restock"],"picked":"sneckomod:UnknownRareSkill","floor":14.0},{"not_picked":["Guardian:Suspension","Wireheading"],"picked":"Headbutt","floor":15.0}],"player_experience":143364,"relics_obtained":[{"floor":6.0,"key":"Replay:Bottled Snecko"},{"floor":9.0,"key":"Old Coin"},{"floor":12.0,"key":"Juzu Bracelet"},{"floor":14.0,"key":"Replay:Baseball"}],"event_choices":[{"damage_healed":0.0,"max_hp_gain":0.0,"max_hp_loss":0.0,"gold_gain":275.0,"event_name":"Golden Shrine","player_choice":"Desecrate","floor":3.0,"gold_loss":0.0,"damage_taken":0.0,"cards_obtained":["Regret"]},{"damage_healed":0.0,"max_hp_gain":0.0,"max_hp_loss":0.0,"gold_gain":0.0,"event_name":"Scrap Ooze","player_choice":"Success","floor":11.0,"gold_loss":0.0,"damage_taken":12.0,"relics_obtained":["MealTicket"]}],"is_beta":false,"boss_relics":[],"items_purged_floors":[],"is_endless":false,"potions_floor_spawned":[2,9,12,15],"killed_by":"Fading Forest","ascension_level":0}}