{"host":"22tt21bn45sbv98g","time":1610290949,"event":{"mods":["Act Like it!","BaseMod","Downfall","Gensokyo","Minty Spire (QoL Compilation)","SOS（斯巴达之子）","StSLib","The Blackbeard","The Servant 0.9.4","Youmu（魂魄妖梦）","【功能Mod】聪明的最终Boss"],"gold_per_floor":[99,99,99,274,274,308,359,388,538,558,408,428,428,476,493,597,597,522,540,559,571,58,58,58,58,74,74,74,102,102,102,102,102],"floor_reached":31,"playtime":2161,"items_purged":[],"score":321,"play_id":"39015cf4-8cb6-4468-8551-cc4b43e7c7e2","local_time":"20210110230229","is_ascension_mode":true,"campfire_choices":[{"floor":1.0,"key":"RECALL"},{"floor":11.0,"key":"REST"},{"data":"Guardian:GemFinder","floor":18.0,"key":"SMITH"},{"data":"Guardian:AncientConstruct","floor":25.0,"key":"SMITH"},{"data":"Guardian:BaubleBeam","floor":28.0,"key":"SMITH"},{"data":"Guardian:CurlUp","floor":30.0,"key":"SMITH"}],"circlet_count":0,"master_deck":["Guardian:Strike_Guardian","Guardian:Strike_Guardian","Guardian:Strike_Guardian","Guardian:Strike_Guardian","Guardian:Defend_Guardian","Guardian:Defend_Guardian","Guardian:Defend_Guardian","Guardian:Defend_Guardian","Guardian:CurlUp+1","Guardian:TwinSlam","Guardian:SentryBeam","Doubt","Guardian:PrimingBeam","Guardian:GemFinder+1","Guardian:BaubleBeam+1","Slimebound:Icky","Guardian:PolyBeam","Guardian:Gem_Red","Guardian:BronzeArmor","Guardian:Gem_Cyan","Guardian:AncientConstruct+1","Guardian:Gem_Cyan","Guardian:PolyBeam","Guardian:Gem_Red","Guardian:Gem_Green","Gensokyo:BlemishedSteel","Gensokyo:RustyChest","Gensokyo:FourOfAKind","Gensokyo:FourOfAKind","Gensokyo:FourOfAKind","Gensokyo:FourOfAKind","Guardian:Gem_Red","Guardian:Reroute+1","Guardian:Gem_Red"],"relics":["Guardian:ModeShifter","downfall:HeartsMalice","Pen Nib","Orichalcum","Mummified Hand","downfall:HeartBlessingRed","downfall:HeartBlessingGreen","downfall:BrokenWingStatue","Busted Crown","downfall:HeartBlessingBlue","Medical Kit","Guardian:StasisUpgradeRelic","Frozen Egg 2","White Beast Statue","Potion Belt"],"acts_visited":["Exordium","Exordium"],"potions_floor_usage":[31,31],"damage_taken":[{"damage":0.0,"enemies":"2 Louse","floor":2.0,"turns":1.0},{"damage":0.0,"enemies":"Jaw Worm","floor":3.0,"turns":1.0},{"damage":0.0,"enemies":"Cultist","floor":5.0,"turns":1.0},{"damage":17.0,"enemies":"3 Sentries","floor":6.0,"turns":8.0},{"damage":32.0,"enemies":"Lagavulin","floor":8.0,"turns":10.0},{"damage":7.0,"enemies":"2 Fungi Beasts","floor":10.0,"turns":4.0},{"damage":5.0,"enemies":"Exordium Wildlife","floor":12.0,"turns":3.0},{"damage":0.0,"enemies":"Large Slime","floor":15.0,"turns":4.0},{"damage":21.0,"enemies":"downfall:Ironclad","floor":16.0,"turns":9.0},{"damage":6.0,"enemies":"Gensokyo:AngelMirror","floor":19.0,"turns":2.0},{"damage":2.0,"enemies":"Gensokyo:Chomper","floor":20.0,"turns":4.0},{"damage":2.0,"enemies":"Gensokyo:Swordslinger","floor":21.0,"turns":5.0},{"damage":16.0,"enemies":"Gensokyo:Wraith","floor":26.0,"turns":6.0},{"damage":25.0,"enemies":"Gensokyo:Reisen","floor":29.0,"turns":6.0},{"damage":27,"enemies":"Gensokyo:3_Gloops","floor":31,"turns":5}],"seed_played":"8855204173737130322","potions_obtained":[{"floor":6.0,"key":"Energy Potion"},{"floor":8.0,"key":"ColorlessPotion"},{"floor":10.0,"key":"Fire Potion"},{"floor":16.0,"key":"Fire Potion"},{"floor":20.0,"key":"Explosive Potion"},{"floor":26.0,"key":"AttackPotion"},{"floor":29.0,"key":"Dexterity Potion"}],"is_trial":false,"path_per_floor":["R","M","M","?","M","E","T","E","?","M","R","M","?","T","M","B",null,"R","M","M","M","COS","?","T","R","M","?","R","E","R","M"],"character_chosen":"GUARDIAN","items_purchased":[],"campfire_rested":1,"item_purchase_floors":[],"current_hp_per_floor":[80,80,80,80,80,63,63,31,31,24,48,43,43,43,43,22,80,90,84,82,80,80,63,63,63,47,47,47,22,22,0,0,0],"gold":102,"neow_bonus":"THREE_ENEMY_KILL","is_daily":false,"chose_seed":false,"campfire_upgraded":4,"win_rate":0.0,"timestamp":1610290949,"path_taken":["R","M","M","?","M","E","T","E","?","M","R","M","?","?","M","BOSS","R","M","M","M","COS","?","T","R","?","?","R","E","R","M"],"items_purchased_type":[],"build_version":"2020-12-22","purchased_purges":0,"victory":false,"max_hp_per_floor":[80,80,80,80,80,80,80,80,80,80,80,80,80,80,80,80,80,90,90,90,90,90,63,63,63,63,63,63,63,63,63,63,63],"card_choices":[{"not_picked":["Guardian:SpikerProtocol","Guardian:BronzeArmor"],"picked":"Guardian:SentryBeam","floor":2.0},{"not_picked":["Guardian:ShieldSpikes","Guardian:PiercingHide"],"picked":"Guardian:Gem_Green","floor":3.0},{"not_picked":["Guardian:Repulse","Guardian:Reroute"],"picked":"Guardian:PrimingBeam","floor":5.0},{"not_picked":["Guardian:StasisStrike","Guardian:PiercingHide"],"picked":"Guardian:GemFinder","floor":6.0},{"not_picked":["Guardian:Gem_Lightblue","Guardian:Gem_Red"],"picked":"Guardian:Gem_Cyan","floor":8.0},{"not_picked":["Guardian:SphericShield","Guardian:Incinerate"],"picked":"Guardian:BaubleBeam","floor":8.0},{"not_picked":["Guardian:Gem_Cyan","Guardian:Gem_Lightblue"],"picked":"Guardian:Gem_Red","floor":10.0},{"not_picked":["Guardian:Clone","Guardian:Gem_Blue"],"picked":"Guardian:PolyBeam","floor":10.0},{"not_picked":["Guardian:Gem_Green","Guardian:Gem_Cyan"],"picked":"Guardian:Gem_Red","floor":12.0},{"not_picked":["Guardian:PiercingHide","Guardian:WalkerClaw"],"picked":"Guardian:BronzeArmor","floor":12.0},{"not_picked":["Guardian:Gem_Red","Guardian:Gem_Green"],"picked":"Guardian:Gem_Cyan","floor":15.0},{"not_picked":["Guardian:TemporalStrike","Guardian:Recover"],"picked":"Guardian:Gem_Synthetic","floor":15.0},{"not_picked":["Guardian:Gem_Green","Guardian:Gem_Lightblue"],"picked":"Guardian:Gem_Cyan","floor":16.0},{"not_picked":["Guardian:RevengeProtocol","Guardian:ConstructionForm"],"picked":"Guardian:AncientConstruct","floor":16.0},{"not_picked":["Guardian:TemporalShield"],"picked":"SKIP","floor":19.0},{"not_picked":["Guardian:Gem_Lightblue","Guardian:Gem_Green"],"picked":"Guardian:Gem_Cyan","floor":20.0},{"not_picked":[],"picked":"Guardian:PolyBeam","floor":20.0},{"not_picked":["Guardian:Gem_Lightblue","Guardian:Gem_Green"],"picked":"Guardian:Gem_Red","floor":21.0},{"not_picked":[],"picked":"Guardian:Gem_Green","floor":21.0},{"not_picked":["Guardian:Gem_Lightblue","Guardian:Gem_Cyan"],"picked":"Guardian:Gem_Red","floor":26.0},{"not_picked":[],"picked":"Guardian:Reroute+1","floor":26.0},{"not_picked":[],"picked":"Guardian:Gem_Red","floor":29.0},{"not_picked":["Guardian:ConstructionForm"],"picked":"SKIP","floor":29.0}],"player_experience":260676,"relics_obtained":[{"floor":6.0,"key":"Pen Nib"},{"floor":7.0,"key":"Orichalcum"},{"floor":8.0,"key":"Mummified Hand"},{"floor":24.0,"key":"Frozen Egg 2"},{"floor":29.0,"key":"White Beast Statue"}],"event_choices":[],"is_beta":false,"boss_relics":[{"not_picked":["downfall:Hecktoplasm","Fusion Hammer"],"picked":"Busted Crown"}],"items_purged_floors":[],"is_endless":false,"potions_floor_spawned":[6,8,10,16,20,26,29],"killed_by":"Gensokyo:3_Gloops","ascension_level":1}}