{"host":"dfyfjscm69glluav","time":1610245311,"event":{"mods":["BaseMod","Lobotomy","Marisa£¨Ùöéë¡¡Øª×âÞÞ£©","Minty Spire (QoL Compilation)","Replay The Spire","StSLib","The Cursed","The Hierophant","The Runesmith"],"gold_per_floor":[113,113,113,113,37,37,71,71,94,105,26,26,26,43,43,140,140,155,155,155,155,254,254,18,18,69,69,81,81,6,54,54,54,54],"floor_reached":33,"playtime":1504,"items_purged":["Sickly"],"score":235,"play_id":"2ab62166-de0e-48e5-bc15-2bf340c937a4","local_time":"20210110112151","is_ascension_mode":false,"campfire_choices":[{"data":"Runesmith:CraftProtectio","floor":6,"key":"SMITH"},{"data":"Runesmith:PoweredAnvil","floor":12,"key":"SMITH"},{"floor":15,"key":"DIG"},{"data":"Runesmith:Fortify","floor":23,"key":"SMITH"},{"data":"Runesmith:Firewall","floor":23,"key":"SMITH"},{"data":"Runesmith:Repurpose","floor":25,"key":"SMITH"},{"data":"Runesmith:EnergizedChisel","floor":25,"key":"SMITH"},{"data":"Runesmith:CraftProtectio","floor":27,"key":"SMITH"},{"data":"Runesmith:CraftObretio","floor":27,"key":"SMITH"},{"data":"Runesmith:StaticCage","floor":29,"key":"SMITH"},{"data":"Runesmith:CraftPrismatica","floor":29,"key":"SMITH"},{"floor":32,"key":"REST"}],"circlet_count":0,"master_deck":["Runesmith:Strike_RS+1","Runesmith:Strike_RS","Runesmith:Strike_RS","Runesmith:Defend_RS","Runesmith:Defend_RS","Runesmith:Defend_RS","Runesmith:Defend_RS","Runesmith:CraftFirestone+1","Runesmith:Fortify+1","Runesmith:EnergizedChisel+1","Replay:Sluggish","Runesmith:CraftProtectio+1","Runesmith:StaticCage+1","CherryBlossoms","Runesmith:Firewall+1","SpiderBud","Runesmith:CraftObretio+1","Runesmith:PoweredAnvil+1","Runesmith:CraftProtectio+1","WallGazer","Runesmith:CraftPrismatica+1","Sickly","Bloodbath","Runesmith:HeatedChisel+1","Runesmith:EarthShield+1","Runesmith:Repurpose+1","Freischutz","Runesmith:CraftVitae+1"],"relics":["Runesmith:BrokenRuby","CogitoBucket","ReplayTheSpireMod:Ring of Challenge","Ring of Searing","Art of War","ReplayTheSpireMod:Ninjato","PreservedInsect","Juzu Bracelet","Replay:Ancient Bell","Boot","Ornamental Fan","Replay:Arrowhead","Kunai","Replay:Baseball","Bag of Marbles","Strawberry"],"acts_visited":["Exordium","TheCity"],"potions_floor_usage":[33,33],"damage_taken":[{"damage":4,"enemies":"Small Slimes","floor":1,"turns":4},{"damage":19,"enemies":"3 Sentries","floor":7,"turns":11},{"damage":0,"enemies":"2 Louse","floor":10,"turns":4},{"damage":0,"enemies":"Cultist","floor":14,"turns":5},{"damage":11,"enemies":"Hexaghost","floor":16,"turns":11},{"damage":23,"enemies":"Chosen","floor":18,"turns":6},{"damage":15,"enemies":"Spheric Guardian","floor":28,"turns":4},{"damage":67,"enemies":"Pondfish","floor":33,"turns":12}],"seed_played":"-2934764428539472867","potions_obtained":[{"floor":1,"key":"SpeedPotion"},{"floor":14,"key":"PowerPotion"},{"floor":18,"key":"Swift Potion"}],"is_trial":false,"path_per_floor":["M","?","?","?","$","R","E","T","T","M","$","R","?","M","R","B",null,"M","?","T","?","?","R","$","R","T","R","M","R","$","T","R","B"],"character_chosen":"RUNESMITH_CLASS","items_purchased":["Runesmith:CraftProtectio","Runesmith:StaticCage","Runesmith:PoweredAnvil","Replay:Baseball","Runesmith:EarthShield+1","Runesmith:Repurpose"],"campfire_rested":1,"item_purchase_floors":[5,5,11,24,24,24],"current_hp_per_floor":[66,66,52,52,52,52,33,33,33,33,33,33,33,33,33,22,70,47,47,47,47,47,47,47,47,47,47,33,33,33,40,63,0,0],"gold":54,"neow_bonus":"","is_daily":false,"chose_seed":false,"campfire_upgraded":10,"win_rate":0.0,"timestamp":1610245311,"path_taken":["M","?","?","?","$","R","E","?","T","M","$","R","?","M","R","BOSS","M","?","?","?","?","R","?","R","T","R","M","R","$","?","R","BOSS"],"items_purchased_type":["Card","Card","Card","Relic","Card","Card"],"build_version":"2020-12-22","purchased_purges":1,"victory":false,"max_hp_per_floor":[70,70,70,70,70,70,70,70,70,70,70,70,70,70,70,70,70,70,70,70,70,70,70,70,70,70,70,70,70,70,77,77,77,77],"card_choices":[{"not_picked":["Wellcheers","BigBird"],"picked":"MHz","floor":1},{"not_picked":["Runesmith:RuneHurl","Runesmith:RunicBlueprint"],"picked":"Runesmith:EnergizedChisel","floor":1},{"not_picked":["WallGazer","Wellcheers"],"picked":"CherryBlossoms","floor":7},{"not_picked":["Runesmith:BackupBattery","Runesmith:ShiftingStrike"],"picked":"Runesmith:Firewall","floor":7},{"not_picked":["Wellcheers","Scorched"],"picked":"SpiderBud","floor":10},{"not_picked":["Runesmith:HammerThrow","Runesmith:Accelerate"],"picked":"Runesmith:CraftObretio","floor":10},{"not_picked":["Runesmith:Overpower","Runesmith:EarthShield"],"picked":"Runesmith:CraftProtectio","floor":14},{"not_picked":["QueenBee","CrumblingArmor"],"picked":"WallGazer","floor":16},{"not_picked":["Runesmith:FissionHammer","Runesmith:ReplicatingBarrier"],"picked":"Runesmith:CraftPrismatica","floor":16},{"not_picked":["Regret","ReplayTheSpireMod:Restless Dread"],"picked":"Replay:Hysterical Blindness","floor":17},{"not_picked":["Pain","Amnesia"],"picked":"Sickly","floor":17},{"not_picked":["CurseOfTheBell","Pain"],"picked":"Sickly","floor":17},{"not_picked":["HeroicMonk","HappyTeddy"],"picked":"Bloodbath","floor":18},{"not_picked":["Runesmith:Discharge","Runesmith:MakeshiftArmor"],"picked":"Runesmith:HeatedChisel+1","floor":18},{"not_picked":["MHz","Porccubus"],"picked":"Freischutz","floor":28},{"not_picked":["Runesmith:UnstableHammer","Runesmith:Overpower"],"picked":"Runesmith:CraftVitae+1","floor":28}],"player_experience":144981,"relics_obtained":[{"floor":2,"key":"ReplayTheSpireMod:Ring of Challenge"},{"floor":2,"key":"Ring of Searing"},{"floor":7,"key":"Art of War"},{"floor":8,"key":"ReplayTheSpireMod:Ninjato"},{"floor":9,"key":"PreservedInsect"},{"floor":15,"key":"Juzu Bracelet"},{"floor":20,"key":"Kunai"},{"floor":26,"key":"Bag of Marbles"},{"floor":31,"key":"Strawberry"}],"event_choices":[{"damage_healed":0,"gold_gain":0,"player_choice":"Entered Light","damage_taken":14,"max_hp_gain":0,"max_hp_loss":0,"event_name":"Shining Light","floor":3,"gold_loss":0,"cards_upgraded":["Runesmith:CraftFirestone","Runesmith:Strike_RS"]},{"cards_removed":["Runesmith:Strike_RS"],"damage_healed":0,"gold_gain":0,"player_choice":"Forget","damage_taken":0,"max_hp_gain":0,"max_hp_loss":0,"event_name":"Living Wall","floor":4,"gold_loss":0},{"cards_removed":["MHz"],"damage_healed":0,"gold_gain":0,"player_choice":"Purged","damage_taken":0,"max_hp_gain":0,"max_hp_loss":0,"event_name":"Purifier","floor":13,"gold_loss":0},{"cards_removed":["Replay:Hysterical Blindness"],"damage_healed":0,"gold_gain":0,"player_choice":"Purged","damage_taken":0,"max_hp_gain":0,"max_hp_loss":0,"event_name":"Purifier","floor":19,"gold_loss":0},{"damage_healed":0,"gold_gain":0,"player_choice":"Ignored","damage_taken":0,"max_hp_gain":0,"max_hp_loss":0,"event_name":"Ghosts","floor":21,"gold_loss":0},{"damage_healed":0,"gold_gain":99,"player_choice":"Stole From Cult","damage_taken":0,"max_hp_gain":0,"max_hp_loss":0,"event_name":"Nest","floor":22,"gold_loss":0}],"is_beta":false,"boss_relics":[{"not_picked":["Kintsugi","Tiny House"],"picked":"Replay:Ancient Bell"},{"not_picked":["Simple Rune","Replay:Wax Seal"],"picked":"Boot"},{"not_picked":["Pear","HornCleat"],"picked":"Ornamental Fan"},{"not_picked":["Bird Faced Urn","Calipers"],"picked":"Replay:Arrowhead"}],"items_purged_floors":[30],"is_endless":false,"potions_floor_spawned":[1,14,18],"killed_by":"Pondfish","ascension_level":0}}