{"host":"KYO","time":1610261738,"event":{"mods":["ATMod(°¢èªMod)","BaseMod","BetterRewards","Minty Spire (QoL Compilation)","Remove Card Discount Mod","Shop Mod","StSLib","SuperFastMode","The Marked","[IsaacMod]ÒÔÈö¼âËþ","¡¾ÒÅÎï¿¨ÅÆ¡¿REMEMod"],"gold_per_floor":[409,424,443,455,455,486,502,517,517,517,592,592,627,644,644,740,740,751,666,666,730,730,730,746,746,746,771,871,914,940,977,977,1075,1075,1095,1167,1565,1661,1642,1696,1696,1721,1721,1721,1771,1786,1819,1868,1868,1886,1886,1886,1622,1662,1755],"floor_reached":56,"playtime":2624,"items_purged":["theMarked:Strike","theMarked:Strike","theMarked:Defend","theMarked:Strike","theMarked:Defend","theMarked:Defend","theMarked:Defend","theMarked:Strike","theMarked:Strike","BettingIsNotGood+1","theMarked:Abjuration+1","theMarked:SwordAndMagic+1"],"score":2270,"play_id":"2ef74ffe-9d3c-437f-ad9b-7040b2b91b9b","local_time":"20210110145538","is_ascension_mode":true,"campfire_choices":[{"floor":12.0,"key":"REST"},{"data":"theMarked:Abjuration","floor":15.0,"key":"SMITH"},{"floor":23,"key":"RECALL"},{"data":"REME_FirmDetermination","floor":25,"key":"SMITH"},{"data":"theMarked:SoldierOfQuellstein","floor":32,"key":"SMITH"}],"circlet_count":0,"master_deck":["theMarked:SoldierOfQuellstein+1","AT_RealColorLess+1","REME_FirmDetermination+1","Reboot+1","Impatience+1","theMarked:ComboAttacks+1","theMarked:MysticalArsenal+1"],"relics":["theMarked:ArtifactOfAir","HushsDoor","AT_ATBox","REME_ComplimentaryCards","SatanicBible","MerchantsRug","AT_ChloranthyRing","Boot","theMarked:Winder","Membership Card","AT_DeathDance","AT_BellDemon","REME_PuzzleBoxRelic","Darkstone Periapt","Oddly Smooth Stone","Turnip","Letter Opener","Question Card","Coffee Dripper","GuppysHairball","JudasShadow","AT_SilvercatRing","theMarked:SpiritSword","Singing Bowl","Frozen Eye","Du-Vu Doll","AT_BellowingDragoncrestRing","White Beast Statue","theMarked:SecretDocuments","REME_ArchaeologicalTools","Blue Candle","AnarchistCookbook","GuppysTail"],"acts_visited":["Exordium","TheCity","TheBeyond","TheEnding"],"potions_floor_usage":[35,36,47,55,55,55,55,55],"damage_taken":[{"damage":9.9999999E7,"enemies":"Cultist","floor":1.0,"turns":1.0},{"damage":0.0,"enemies":"2 Louse","floor":2.0,"turns":1.0},{"damage":0.0,"enemies":"Small Slimes","floor":3.0,"turns":1.0},{"damage":4.0,"enemies":"Red Slaver","floor":4.0,"turns":2.0},{"damage":0.0,"enemies":"3 Sentries","floor":6.0,"turns":4.0},{"damage":3.0,"enemies":"Exordium Wildlife","floor":7.0,"turns":2.0},{"damage":2.0,"enemies":"Looter","floor":8.0,"turns":2.0},{"damage":0.0,"enemies":"Lagavulin","floor":13.0,"turns":1.0},{"damage":0.0,"enemies":"2 Fungi Beasts","floor":14.0,"turns":2.0},{"damage":0.0,"enemies":"Hexaghost","floor":16.0,"turns":2.0},{"damage":0.0,"enemies":"3 Byrds","floor":18.0,"turns":1.0},{"damage":0,"enemies":"Spheric Guardian","floor":21,"turns":2},{"damage":0,"enemies":"Snake Plant","floor":24,"turns":1},{"damage":0,"enemies":"Book of Stabbing","floor":27,"turns":2},{"damage":0,"enemies":"Sentry and Sphere","floor":29,"turns":1},{"damage":0,"enemies":"REME_1_Revenger","floor":30,"turns":1},{"damage":0,"enemies":"3 Cultists","floor":31,"turns":2},{"damage":0,"enemies":"Automaton","floor":33,"turns":1},{"damage":0,"enemies":"Orb Walker","floor":35,"turns":1},{"damage":0,"enemies":"3 Darklings","floor":36,"turns":2},{"damage":0,"enemies":"2 Orb Walkers","floor":37,"turns":1},{"damage":0,"enemies":"Reptomancer","floor":40,"turns":1},{"damage":0,"enemies":"Giant Head","floor":42,"turns":1},{"damage":0,"enemies":"Mind Bloom Boss Battle","floor":45,"turns":1},{"damage":0,"enemies":"4 Shapes","floor":46,"turns":1},{"damage":0,"enemies":"Nemesis","floor":47,"turns":1},{"damage":0,"enemies":"Writhing Mass","floor":48,"turns":1},{"damage":0,"enemies":"Awakened One","floor":50,"turns":2},{"damage":0,"enemies":"Shield and Spear","floor":54,"turns":1},{"damage":11,"enemies":"The Heart","floor":55,"turns":3}],"seed_played":"3141806069284182040","potions_obtained":[{"floor":1.0,"key":"DuplicationPotion"},{"floor":1.0,"key":"LiquidBronze"},{"floor":1.0,"key":"LiquidMemories"},{"floor":4.0,"key":"Explosive Potion"},{"floor":6.0,"key":"Strength Potion"},{"floor":7.0,"key":"Explosive Potion"},{"floor":13.0,"key":"Energy Potion"},{"floor":16.0,"key":"Explosive Potion"},{"floor":30,"key":"REME_GoldPotion"},{"floor":35,"key":"REME_GoldPotion"},{"floor":37,"key":"LiquidMemories"},{"floor":42,"key":"BlessingOfTheForge"},{"floor":45,"key":"LiquidBronze"},{"floor":46,"key":"PowerPotion"},{"floor":47,"key":"Fruit Juice"},{"floor":48,"key":"DistilledChaos"}],"is_trial":false,"path_per_floor":["M","M","M","M","?","E","M","M","T","?","?","R","E","M","R","B",null,"M","?","?","M","?","R","M","R","T","E","?","M","E","M","R","B",null,"M","M","?","?","$","E","R","E","T","?","?","M","E","M","R","B",null,"R","$","E","B",null],"character_chosen":"THE_DEFAULT","items_purchased":["MerchantsRug","REME_FirmDetermination","Impatience","AT_ChloranthyRing","FairyPotion","SuicideKing","Boot","theMarked:Winder","Membership Card","AT_DeathDance","AT_BellDemon","GuppysHairball","JudasShadow","Singing Bowl","Frozen Eye","Blue Candle","AnarchistCookbook","REME_GoldPotion","Dexterity Potion"],"campfire_rested":1,"item_purchase_floors":[0,0,0,0,0,0,0,0,0,0,0,17,17,39,39,53,53,53,53],"current_hp_per_floor":[21,21,21,22,16,16,13,11,11,11,4,25,25,25,25,25,47,47,47,47,47,47,47,47,47,47,47,47,47,47,47,47,47,47,47,47,47,32,32,34,34,36,36,36,38,40,47,49,49,64,64,64,64,64,53],"gold":1755,"neow_bonus":"","is_daily":false,"chose_seed":false,"campfire_upgraded":3,"win_rate":0.0,"timestamp":1610261738,"path_taken":["M","M","?","M","?","E","M","?","T","?","?","R","E","M","R","BOSS","M","?","?","M","?","R","?","R","T","E","?","M","E","?","R","BOSS","M","M","?","?","$","E","R","E","T","?","?","?","E","M","R","BOSS","R","$","E","BOSS"],"items_purchased_type":["Relic","Card","Card","Relic","Potion","Card","Relic","Relic","Relic","Relic","Relic","Relic","Relic","Relic","Relic","Relic","Relic","Potion","Potion"],"build_version":"2020-12-18","purchased_purges":12,"victory":true,"max_hp_per_floor":[70,70,70,70,70,70,70,70,70,70,70,70,70,70,70,70,47,47,47,47,47,47,47,47,47,47,47,47,47,47,47,47,47,47,47,47,47,47,47,49,49,51,51,51,53,55,62,64,64,64,64,64,64,64,64],"card_choices":[{"not_picked":[],"picked":"BettingIsNotGood","floor":0.0},{"not_picked":["theMarked:WastefulDefense","theMarked:ComboAttacks"],"picked":"Bomb","floor":1.0},{"not_picked":["theMarked:Static","theMarked:Frustration","theMarked:WastefulDefense"],"picked":"SKIP","floor":1.0},{"not_picked":["theMarked:Electrify","theMarked:Parry","theMarked:ElectricStrings"],"picked":"SKIP","floor":2.0},{"not_picked":["theMarked:Frustration","theMarked:Static"],"picked":"theMarked:SwordAndMagic","floor":3.0},{"not_picked":["theMarked:ShockingTouch","theMarked:WastefulDefense","theMarked:ComboAttacks"],"picked":"SKIP","floor":4.0},{"not_picked":["theMarked:SwordAndMagic","theMarked:Opportunist"],"picked":"theMarked:EmpowerWeapon","floor":6.0},{"not_picked":["theMarked:Standoff","theMarked:EmpowerWeapon","theMarked:WastefulDefense"],"picked":"SKIP","floor":7.0},{"not_picked":["theMarked:Parkour","theMarked:Aftermath","theMarked:Frustration"],"picked":"SKIP","floor":8.0},{"not_picked":["theMarked:Frustration","theMarked:MaelstromOfLightning","theMarked:Static"],"picked":"theMarked:Abjuration","floor":13.0},{"not_picked":["theMarked:SwordAndMagic","theMarked:SelfDefenseTraining","theMarked:WastefulAttack","theMarked:Overthink"],"picked":"SKIP","floor":14.0},{"not_picked":["theMarked:SwordAndMagic+1","theMarked:RepellingDischarge","theMarked:Aftermath","theMarked:Opportunist"],"picked":"SKIP","floor":18.0},{"not_picked":["theMarked:Aftermath","theMarked:ElectricStrings","theMarked:SelfDefenseTraining","theMarked:TwofoldDefense"],"picked":"SKIP","floor":21},{"not_picked":["theMarked:ChainLightning+1","theMarked:HeightenedSenses","theMarked:EmpowerWeapon","theMarked:TwofoldDefense"],"picked":"SKIP","floor":24},{"not_picked":["theMarked:LightningStrikesTwice","theMarked:Defy","theMarked:Improvise","theMarked:Electrify"],"picked":"SKIP","floor":27},{"not_picked":["theMarked:ElectricStrings","theMarked:EmpowerWeapon","theMarked:ChainLightning","theMarked:Electrify"],"picked":"SKIP","floor":29},{"not_picked":["theMarked:Generate+1","theMarked:ChainLightning","theMarked:HeightenedSenses","theMarked:WastefulDefense+1"],"picked":"SKIP","floor":30},{"not_picked":["theMarked:Parkour","theMarked:ParalyzingBlade","theMarked:Reabsorb","theMarked:Seal"],"picked":"SKIP","floor":31},{"not_picked":["theMarked:ElectricStrings","theMarked:Overthink","theMarked:HeightenedSenses+1"],"picked":"theMarked:ComboAttacks+1","floor":35},{"not_picked":["theMarked:ChainLightning+1","theMarked:SwordAndMagic","theMarked:HeightenedSenses","theMarked:WastefulDefense+1"],"picked":"SKIP","floor":36},{"not_picked":["theMarked:ElectricStrings+1","theMarked:SoldierForm","theMarked:Aftermath","theMarked:Static+1"],"picked":"Singing Bowl","floor":40},{"not_picked":["theMarked:ReduceFriction+1","theMarked:Polarize+1","theMarked:CreepingChasm","theMarked:Seal"],"picked":"Singing Bowl","floor":42},{"not_picked":["theMarked:KeepCalmAndFightOn+1","theMarked:WastefulDefense","theMarked:LightningStrikesTwice+1","theMarked:Reabsorb+1"],"picked":"Singing Bowl","floor":45},{"not_picked":["theMarked:Aftermath+1","theMarked:Reabsorb","theMarked:Parry","theMarked:EnhanceMovement+1"],"picked":"Singing Bowl","floor":46},{"not_picked":["theMarked:Static","theMarked:Improvise+1","theMarked:ResourceFulStrike+1","theMarked:Overthink+1"],"picked":"Singing Bowl","floor":47},{"not_picked":["theMarked:RepellingDischarge","theMarked:PowerFlow","theMarked:ElectricStrings+1","theMarked:CreepingChasm"],"picked":"Singing Bowl","floor":48},{"not_picked":["theMarked:ChainLightning","theMarked:EmpowerWeapon","theMarked:ResourceFulStrike"],"picked":"theMarked:MysticalArsenal+1","floor":54}],"player_experience":596950,"relics_obtained":[{"floor":1.0,"key":"REME_PuzzleBoxRelic"},{"floor":1.0,"key":"Peace Pipe"},{"floor":1.0,"key":"Darkstone Periapt"},{"floor":1.0,"key":"Oddly Smooth Stone"},{"floor":1.0,"key":"Turnip"},{"floor":6.0,"key":"Letter Opener"},{"floor":9.0,"key":"Question Card"},{"floor":13.0,"key":"Potion Belt"},{"floor":27,"key":"Whetstone"},{"floor":30,"key":"AT_SilvercatRing"},{"floor":37,"key":"Old Coin"},{"floor":40,"key":"Du-Vu Doll"},{"floor":42,"key":"AT_BellowingDragoncrestRing"},{"floor":43,"key":"White Beast Statue"},{"floor":45,"key":"theMarked:SecretDocuments"},{"floor":47,"key":"REME_ArchaeologicalTools"},{"floor":54,"key":"GuppysTail"}],"event_choices":[{"damage_healed":0.0,"max_hp_gain":0.0,"max_hp_loss":0.0,"gold_gain":0.0,"event_name":"Scrap Ooze","player_choice":"Success","floor":5.0,"gold_loss":0.0,"damage_taken":12.0,"relics_obtained":["War Paint"]},{"damage_healed":0.0,"max_hp_gain":0.0,"max_hp_loss":0.0,"gold_gain":0.0,"event_name":"Living Wall","player_choice":"Grow","floor":10.0,"gold_loss":0.0,"damage_taken":0.0,"cards_upgraded":["AT_RealColorLess"]},{"damage_healed":0.0,"max_hp_gain":0.0,"max_hp_loss":0.0,"gold_gain":75.0,"event_name":"World of Goop","player_choice":"Gather Gold","floor":11.0,"gold_loss":0.0,"damage_taken":11.0},{"damage_healed":0.0,"max_hp_gain":0.0,"max_hp_loss":0.0,"gold_gain":0.0,"event_name":"Addict","player_choice":"Obtained Relic","floor":19.0,"gold_loss":85.0,"damage_taken":0.0,"relics_obtained":["Art of War"]},{"damage_healed":0,"gold_gain":0,"player_choice":"Ignored","damage_taken":0,"max_hp_gain":0,"max_hp_loss":0,"event_name":"Cursed Tome","floor":20,"gold_loss":0},{"damage_healed":0,"gold_gain":0,"player_choice":"Ignored","damage_taken":0,"max_hp_gain":0,"max_hp_loss":0,"event_name":"Vampires","floor":22,"gold_loss":0},{"damage_healed":0,"gold_gain":100,"player_choice":"Pray","damage_taken":0,"max_hp_gain":0,"max_hp_loss":0,"event_name":"Golden Shrine","floor":28,"gold_loss":0},{"damage_healed":0,"gold_gain":0,"player_choice":"Fight","damage_taken":0,"max_hp_gain":0,"max_hp_loss":0,"event_name":"Mysterious Sphere","floor":37,"gold_loss":0},{"cards_removed":["theMarked:EmpowerWeapon"],"damage_healed":0,"gold_gain":0,"player_choice":"Removed Skill","damage_taken":0,"max_hp_gain":0,"max_hp_loss":0,"event_name":"Falling","floor":44,"gold_loss":0},{"damage_healed":0,"gold_gain":0,"player_choice":"Fight","damage_taken":0,"max_hp_gain":0,"max_hp_loss":0,"event_name":"MindBloom","floor":45,"gold_loss":0}],"is_beta":true,"boss_relics":[{"not_picked":["Cursed Key","REME_DuelDisc"],"picked":"Coffee Dripper"},{"not_picked":[]},{"not_picked":["REME_LowDesire","REME_ChargedStone"],"picked":"theMarked:SpiritSword"},{"not_picked":[]}],"items_purged_floors":[0,0,0,0,0,0,0,0,0,39,39,53],"is_endless":false,"potions_floor_spawned":[4,6,7,8,13,16,21,24,30,31,35,37,42,45,46,47,48,54],"ascension_level":1}}