{"host":"2tgyrzvaa7l04o2e","time":1610294717,"event":{"mods":["BaseMod","Highlight Path","Minty Spire (QoL Compilation)","Permanent Neow","Relic Stats"],"gold_per_floor":[115,133,152,152,164,197,197,226,226,226,14,32,65,94,94,199,199,219,294,307,307,327,327,356,372,449,449,449],"floor_reached":27,"playtime":1440,"items_purged":[],"score":405,"play_id":"bbb24bdc-4956-4b79-9f9a-da41519c97a1","local_time":"20210110170517","is_ascension_mode":true,"campfire_choices":[{"data":"Disarm","floor":7,"key":"SMITH"},{"floor":10,"key":"REST"},{"data":"Inflame","floor":15,"key":"SMITH"},{"data":"Limit Break","floor":23,"key":"SMITH"}],"circlet_count":0,"master_deck":["AscendersBane","Strike_R","Strike_R","Strike_R","Strike_R","Defend_R","Defend_R","Defend_R","Bash","Shockwave","Seeing Red","Clothesline","Disarm+1","Cleave","Inflame+1","Inflame","Feel No Pain","Perfected Strike","Limit Break+1","Shrug It Off","Warcry+1","Warcry","Reaper"],"relics":["Burning Blood","Gambling Chip","FossilizedHelix","Pantograph","OrangePellets","StrikeDummy","Odd Mushroom","Sozu","Pear","Boot","Frozen Egg 2"],"acts_visited":["Exordium","TheCity"],"potions_floor_usage":[8,8,14,18],"damage_taken":[{"damage":16,"enemies":"Jaw Worm","floor":1,"turns":4},{"damage":1,"enemies":"Cultist","floor":2,"turns":3},{"damage":3,"enemies":"2 Louse","floor":3,"turns":3},{"damage":14,"enemies":"Blue Slaver","floor":5,"turns":4},{"damage":30,"enemies":"Lagavulin","floor":6,"turns":6},{"damage":41,"enemies":"3 Sentries","floor":8,"turns":11},{"damage":7,"enemies":"Lots of Slimes","floor":12,"turns":3},{"damage":12,"enemies":"Lagavulin","floor":13,"turns":6},{"damage":1,"enemies":"The Mushroom Lair","floor":14,"turns":3},{"damage":6,"enemies":"Slime Boss","floor":16,"turns":7},{"damage":15,"enemies":"2 Thieves","floor":18,"turns":4},{"damage":0,"enemies":"3 Byrds","floor":20,"turns":5},{"damage":0,"enemies":"Centurion and Healer","floor":22,"turns":5},{"damage":33,"enemies":"Gremlin Leader","floor":24,"turns":8},{"damage":22,"enemies":"Chosen and Byrds","floor":25,"turns":7},{"damage":72,"enemies":"Slavers","floor":27,"turns":3}],"seed_played":"6288307908995990887","potions_obtained":[{"floor":1,"key":"DuplicationPotion"},{"floor":2,"key":"SmokeBomb"},{"floor":6,"key":"Weak Potion"},{"floor":12,"key":"EssenceOfSteel"},{"floor":16,"key":"BlessingOfTheForge"}],"is_trial":false,"path_per_floor":["M","M","M","?","M","E","R","E","T","R","$","M","E","?","R","B",null,"M","?","M","T","M","R","E","M","T","E"],"character_chosen":"IRONCLAD","items_purchased":["OrangePellets","Inflame"],"campfire_rested":1,"item_purchase_floors":[11,11],"current_hp_per_floor":[41,46,49,90,82,58,58,23,23,50,50,49,43,48,48,73,86,77,68,74,84,90,90,63,47,47,0,0],"gold":449,"neow_bonus":"REMOVE_TWO","is_daily":false,"chose_seed":false,"campfire_upgraded":3,"win_rate":0.0,"timestamp":1610294717,"path_taken":["M","M","M","?","?","E","R","E","T","R","$","M","E","?","R","BOSS","M","?","?","?","M","R","E","M","T","E"],"items_purchased_type":["Relic","Card"],"build_version":"2020-12-22","purchased_purges":0,"victory":false,"max_hp_per_floor":[80,80,80,90,90,90,90,90,90,90,90,90,90,90,90,90,90,90,90,90,100,100,100,100,100,100,100,100],"relic_stats":{"Sozu":2,"OrangePellets":[2],"counters":[16,82],"Gambling Chip":[29],"Pantograph":25,"Boot":[0],"obtain_stats":[{"Sozu":17,"OrangePellets":11,"Pear":21,"Gambling Chip":6,"Pantograph":9,"Odd Mushroom":14,"Frozen Egg 2":26,"StrikeDummy":13,"Boot":24,"Burning Blood":0,"FossilizedHelix":8},{"Sozu":10,"OrangePellets":6,"Pear":12,"Gambling Chip":5,"Pantograph":6,"Odd Mushroom":9,"Frozen Egg 2":15,"StrikeDummy":8,"Boot":14,"Burning Blood":0,"FossilizedHelix":6},{"Sozu":50,"OrangePellets":31,"Pear":59,"Gambling Chip":20,"Pantograph":31,"Odd Mushroom":43,"Frozen Egg 2":79,"StrikeDummy":40,"Boot":72,"Burning Blood":0,"FossilizedHelix":31}],"Burning Blood":90},"card_choices":[{"not_picked":["Power Through","Perfected Strike"],"picked":"Shockwave","floor":1},{"not_picked":["Body Slam","Pommel Strike"],"picked":"Seeing Red","floor":2},{"not_picked":["Feel No Pain","Twin Strike"],"picked":"Fiend Fire","floor":3},{"not_picked":["Whirlwind","Havoc"],"picked":"Clothesline","floor":5},{"not_picked":["Thunderclap","Sword Boomerang"],"picked":"Disarm","floor":6},{"not_picked":["Double Tap","Headbutt"],"picked":"Cleave","floor":8},{"not_picked":["Headbutt","Clothesline"],"picked":"Inflame","floor":12},{"not_picked":["Havoc","Burning Pact"],"picked":"Feel No Pain","floor":13},{"not_picked":["Flex","Thunderclap"],"picked":"Perfected Strike","floor":14},{"not_picked":["Brutality","Immolate"],"picked":"Limit Break","floor":16},{"not_picked":["Seeing Red","Heavy Blade"],"picked":"Shrug It Off","floor":18},{"not_picked":["Dropkick","Pommel Strike"],"picked":"Warcry+1","floor":20},{"not_picked":["Pommel Strike","Clash"],"picked":"Warcry","floor":22},{"not_picked":["Fire Breathing+1","Pommel Strike","Sever Soul"],"picked":"SKIP","floor":24},{"not_picked":["Cleave","Dual Wield"],"picked":"Reaper","floor":25}],"player_experience":571866,"relics_obtained":[{"floor":6,"key":"Gambling Chip"},{"floor":8,"key":"FossilizedHelix"},{"floor":9,"key":"Pantograph"},{"floor":13,"key":"StrikeDummy"},{"floor":14,"key":"Odd Mushroom"},{"floor":21,"key":"Pear"},{"floor":24,"key":"Boot"},{"floor":26,"key":"Frozen Egg 2"}],"event_choices":[{"cards_removed":["Fiend Fire"],"damage_healed":31,"gold_gain":0,"player_choice":"Offered Rare","damage_taken":0,"max_hp_gain":10,"max_hp_loss":0,"event_name":"Bonfire Elementals","floor":4,"gold_loss":0},{"damage_healed":0,"gold_gain":0,"player_choice":"Fought Mushrooms","damage_taken":0,"max_hp_gain":0,"max_hp_loss":0,"event_name":"Mushrooms","floor":14,"gold_loss":0},{"damage_healed":0,"gold_gain":75,"player_choice":"Touch","damage_taken":9,"max_hp_gain":0,"max_hp_loss":0,"event_name":"FaceTrader","floor":19,"gold_loss":0}],"is_beta":false,"boss_relics":[{"not_picked":["Black Star","Fusion Hammer"],"picked":"Sozu"}],"items_purged_floors":[],"is_endless":false,"potions_floor_spawned":[1,2,6,12,16,22,25],"killed_by":"Slavers","ascension_level":10}}