{"host":"2xe1naorbvdtp4t7","time":1610321087,"event":{"mods":["BaseMod","Colored Map","Colored Powertips","Dark Map","Minty Spire (QoL Compilation)","Random Character Button","Rare Cards Sparkle","Spire Birthday Party"],"gold_per_floor":[111,125,200,200,213,213,225,256,279,13,76,94,94,113,113,215,215,232,244,254,254,254,254,281,291,341,440,440,454,44,44,44],"floor_reached":31,"playtime":1434,"items_purged":[],"score":357,"play_id":"48829221-6406-4144-81ca-edc9cb7e25e3","local_time":"20210111002447","is_ascension_mode":false,"campfire_choices":[{"data":"Body Slam","floor":6,"key":"SMITH"},{"floor":13,"key":"REST"},{"floor":15,"key":"REST"},{"data":"Shockwave","floor":23,"key":"SMITH"},{"floor":28,"key":"REST"}],"circlet_count":0,"master_deck":["Strike_R","Strike_R","Strike_R","Strike_R","Defend_R","Defend_R","Defend_R","Bash","Spot Weakness","Body Slam+1","Shrug It Off","Rampage","True Grit","Impervious","Bludgeon","Juggernaut","Flex","Clothesline","Double Tap","Regret","Carnage+1","Reaper+1","Carnage+1","Second Wind","Rage","Shockwave+1","Iron Wave","Cleave","Infernal Blade+1","Armaments","Armaments","Clash","Clothesline","True Grit"],"relics":["Burning Blood","Magic Flower","Nunchaku","Regal Pillow","Pen Nib","Lantern","Astrolabe","Kunai","Champion Belt","Dream Catcher","Gremlin Horn"],"acts_visited":["TheCity"],"potions_floor_usage":[8,16,19,25,25,31],"damage_taken":[{"damage":16,"enemies":"Jaw Worm","floor":1,"turns":4},{"damage":6,"enemies":"Cultist","floor":2,"turns":4},{"damage":7,"enemies":"2 Louse","floor":5,"turns":3},{"damage":4,"enemies":"2 Fungi Beasts","floor":7,"turns":4},{"damage":53,"enemies":"3 Sentries","floor":8,"turns":11},{"damage":32,"enemies":"Lagavulin Event","floor":11,"turns":6},{"damage":10,"enemies":"Exordium Thugs","floor":12,"turns":4},{"damage":11,"enemies":"Red Slaver","floor":14,"turns":6},{"damage":68,"enemies":"Hexaghost","floor":16,"turns":13},{"damage":17,"enemies":"Chosen","floor":18,"turns":6},{"damage":17,"enemies":"Shell Parasite","floor":19,"turns":4},{"damage":3,"enemies":"Snecko","floor":20,"turns":3},{"damage":72,"enemies":"Slavers","floor":24,"turns":7},{"damage":28,"enemies":"Snake Plant","floor":25,"turns":3},{"damage":41,"enemies":"Shelled Parasite and Fungi","floor":29,"turns":6},{"damage":74,"enemies":"Book of Stabbing","floor":31,"turns":8}],"seed_played":"5334688063980270503","potions_obtained":[{"floor":7,"key":"Regen Potion"},{"floor":8,"key":"AttackPotion"},{"floor":16,"key":"BlessingOfTheForge"},{"floor":18,"key":"AttackPotion"},{"floor":25,"key":"Regen Potion"}],"is_trial":false,"path_per_floor":["M","M","?","?","M","R","M","E","T","$","?","M","R","M","R","B",null,"M","M","M","?","T","R","E","M","T","?","R","M","$","E"],"character_chosen":"IRONCLAD","items_purchased":["Impervious","Bludgeon","SteroidPotion","Gremlin Horn","Armaments","Clash","Clothesline","True Grit"],"campfire_rested":3,"item_purchase_floors":[10,10,10,30,30,30,30,30],"current_hp_per_floor":[73,76,65,65,67,67,72,52,52,52,29,28,67,65,80,21,80,72,66,80,80,80,80,44,33,33,33,72,40,40,0,0],"gold":44,"neow_bonus":"ONE_RARE_RELIC","is_daily":false,"chose_seed":false,"campfire_upgraded":2,"win_rate":0.0,"timestamp":1610321087,"path_taken":["M","M","?","?","M","R","?","E","T","?","?","M","R","M","R","BOSS","M","M","M","?","?","R","E","?","T","?","R","M","$","E"],"items_purchased_type":["Card","Card","Potion","Relic","Card","Card","Card","Card"],"build_version":"2020-12-22","purchased_purges":0,"victory":false,"max_hp_per_floor":[80,80,80,80,80,80,80,80,80,80,80,80,80,80,80,80,80,80,80,80,80,80,80,80,80,80,80,80,80,80,80,80],"card_choices":[{"not_picked":["Warcry","Hemokinesis"],"picked":"Spot Weakness","floor":1},{"not_picked":["Anger","Feel No Pain"],"picked":"Body Slam","floor":2},{"not_picked":["Burning Pact","Headbutt"],"picked":"Shrug It Off","floor":5},{"not_picked":["Dropkick","Evolve"],"picked":"Rampage","floor":7},{"not_picked":["Carnage","Wild Strike"],"picked":"True Grit","floor":8},{"not_picked":["Perfected Strike","Armaments"],"picked":"Juggernaut","floor":11},{"not_picked":["Body Slam","Warcry"],"picked":"Flex","floor":12},{"not_picked":["Anger","Rampage"],"picked":"Clothesline","floor":14},{"not_picked":["Impervious","Bludgeon"],"picked":"Double Tap","floor":16},{"not_picked":["Clash","Evolve+1"],"picked":"Carnage+1","floor":18},{"not_picked":["Iron Wave","Combust+1"],"picked":"Second Wind","floor":19},{"not_picked":["True Grit","Pummel"],"picked":"Rage","floor":20},{"not_picked":["Offering","Sever Soul"],"picked":"Iron Wave","floor":24},{"not_picked":["Iron Wave+1","True Grit"],"picked":"Cleave","floor":25},{"not_picked":["Warcry+1","Offering"],"picked":"Infernal Blade+1","floor":28},{"not_picked":["Clothesline","Pommel Strike"],"picked":"Armaments","floor":29}],"player_experience":50791,"relics_obtained":[{"floor":4,"key":"Nunchaku"},{"floor":8,"key":"Regal Pillow"},{"floor":9,"key":"Pen Nib"},{"floor":11,"key":"Lantern"},{"floor":22,"key":"Kunai"},{"floor":24,"key":"Champion Belt"},{"floor":26,"key":"Dream Catcher"}],"event_choices":[{"damage_healed":0,"gold_gain":75,"player_choice":"Gather Gold","damage_taken":11,"max_hp_gain":0,"max_hp_loss":0,"event_name":"World of Goop","floor":3,"gold_loss":0},{"damage_healed":0,"gold_gain":0,"player_choice":"Relic","damage_taken":0,"max_hp_gain":0,"max_hp_loss":0,"event_name":"Wheel of Change","floor":4,"gold_loss":0},{"damage_healed":0,"gold_gain":30,"player_choice":"Searched \u00272\u0027 times","damage_taken":0,"max_hp_gain":0,"max_hp_loss":0,"event_name":"Dead Adventurer","floor":11,"gold_loss":0},{"damage_healed":0,"gold_gain":0,"player_choice":"Read","damage_taken":0,"max_hp_gain":0,"max_hp_loss":0,"event_name":"The Library","floor":21,"gold_loss":0,"cards_obtained":["Shockwave"]},{"damage_healed":0,"gold_gain":99,"player_choice":"Stole From Cult","damage_taken":0,"max_hp_gain":0,"max_hp_loss":0,"event_name":"Nest","floor":27,"gold_loss":0}],"is_beta":false,"boss_relics":[{"not_picked":["Philosopher\u0027s Stone","Runic Cube"],"picked":"Astrolabe"}],"items_purged_floors":[],"is_endless":false,"potions_floor_spawned":[7,8,16,18,25],"killed_by":"Book of Stabbing","ascension_level":0}}