{"host":"uflv0e3ja7hvnij7","time":1610237259,"event":{"mods":["BaseMod","Better Altar","Better Match","Better Note","Better Sensory Stone","Better Skull","Better Third Choice","Marisa????????","Minty Spire (QoL Compilation)","Permanent Neow","Replay The Spire","StSLib"],"gold_per_floor":[117,117,117,219,234,234,568,568,568,568,568,568,585,585,585,690,790,810,822,822,822,922,922,935,426,426,444,456,456,470,485,485,590,590,607,620,631,506,554,554,565,595,643,518,538,538,566,566,566,566],"floor_reached":51,"playtime":3454,"items_purged":["Decay"],"score":967,"play_id":"4d1df31f-e398-4a5b-90c8-729e97b25411","local_time":"20210109190739","is_ascension_mode":true,"campfire_choices":[{"data":"Cloak And Dagger","floor":6.0,"key":"SMITH"},{"floor":8.0,"key":"REST"},{"floor":11.0,"key":"REST"},{"data":"Concentrate","floor":15.0,"key":"SMITH"},{"data":"Cloak And Dagger","floor":23,"key":"SMITH"},{"data":"ReplayTheSpireMod:Tripwire","floor":29,"key":"SMITH"},{"data":"Die Die Die","floor":32,"key":"SMITH"},{"floor":40,"key":"DIG"},{"floor":46,"key":"DIG"},{"floor":49,"key":"DIG"}],"circlet_count":0,"master_deck":["Strike_G+1","Strike_G","Strike_G","Defend_G+1","Neutralize","Backflip","Deflect","Slice","Cloak And Dagger+1","Concentrate+1","Die Die Die+1","Cloak And Dagger+1","ReplayTheSpireMod:Tripwire+1","Cloak And Dagger+1","Escape Plan","Blade Dance","Blade Dance","Mayhem","Trip","Accuracy","Accuracy+1"],"relics":["Ring of the Snake","Replay:Drink Me","Boot","ReplayFunnel","Old Coin","Bottled Flame","Replay:Wanted Poster","Bloody Idol","Singing Bowl","DollysMirror","Omamori","Empty Cage","ReplayTheSpireMod:ShopPack","Shovel","MealTicket","Blue Candle","Ancient Tea Set","Shuriken","ReplayTheSpireMod:CursedCoin","Divine Protection","Oddly Smooth Stone","ReplayTheSpireMod:Lightbulb"],"acts_visited":["Exordium","TheCity","TheBeyond"],"potions_floor_usage":[19,19,19,39,42,50],"damage_taken":[{"damage":9.0,"enemies":"Cultist","floor":1.0,"turns":4.0},{"damage":4.0,"enemies":"2 Louse","floor":5.0,"turns":3.0},{"damage":5.0,"enemies":"3 Sentries","floor":7.0,"turns":9.0},{"damage":0.0,"enemies":"Small Slimes","floor":13.0,"turns":2.0},{"damage":7.0,"enemies":"Slime Boss","floor":16.0,"turns":14.0},{"damage":1,"enemies":"Shell Parasite","floor":18,"turns":4},{"damage":0,"enemies":"2 Thieves","floor":19,"turns":4},{"damage":0,"enemies":"Snecko","floor":24,"turns":5},{"damage":0,"enemies":"Cultist and Chosen","floor":27,"turns":6},{"damage":0,"enemies":"Sentry and Sphere","floor":28,"turns":5},{"damage":0,"enemies":"3 Cultists","floor":30,"turns":4},{"damage":0,"enemies":"Snecko","floor":31,"turns":4},{"damage":3,"enemies":"Champ","floor":33,"turns":16},{"damage":0,"enemies":"Orb Walker","floor":35,"turns":3},{"damage":0,"enemies":"3 Shapes","floor":36,"turns":3},{"damage":0,"enemies":"3 Darklings","floor":37,"turns":4},{"damage":25,"enemies":"2 Orb Walkers","floor":39,"turns":5},{"damage":0,"enemies":"Transient","floor":41,"turns":5},{"damage":0,"enemies":"Giant Head","floor":42,"turns":6},{"damage":0,"enemies":"Maw","floor":45,"turns":5},{"damage":0,"enemies":"Reptomancer","floor":47,"turns":3},{"damage":7,"enemies":"Awakened One","floor":50,"turns":6}],"seed_played":"-8335556387138089118","potions_obtained":[{"floor":7.0,"key":"Dexterity Potion"},{"floor":13.0,"key":"Block Potion"},{"floor":16.0,"key":"Elixir"},{"floor":18,"key":"EntropicBrew"},{"floor":24,"key":"Weak Potion"},{"floor":30,"key":"SpeedPotion"},{"floor":41,"key":"PowerPotion"},{"floor":42,"key":"Energy Potion"}],"is_trial":false,"path_per_floor":["M","?","?","?","M","R","E","R","T","?","R","?","M","?","R","B",null,"M","M","?","?","?","R","M","$","T","M","M","R","M","M","R","B",null,"M","M","M","$","?","R","M","E","T","$","M","R","E","?","R","B",null],"character_chosen":"THE_SILENT","items_purchased":["ReplayTheSpireMod:Tripwire","Singing Bowl","DollysMirror","ReplayTheSpireMod:ShopPack","Shuriken","ReplayTheSpireMod:CursedCoin","Accuracy"],"campfire_rested":2,"item_purchase_floors":[25,25,25,38,44,44,44],"current_hp_per_floor":[44,33,15,15,11,11,6,21,21,21,36,36,36,63,63,56,61,60,60,60,28,33,33,38,38,38,45,52,52,57,64,64,68,70,73,73,73,75,57,57,64,71,76,81,81,81,83,83,83,76],"gold":566,"neow_bonus":"CURSED_BOSS_RELIC","is_daily":false,"chose_seed":false,"campfire_upgraded":5,"win_rate":0.0,"timestamp":1610237259,"path_taken":["M","?","?","?","?","R","E","R","T","?","R","?","M","?","R","BOSS","M","M","?","?","?","R","M","$","T","M","?","R","M","M","R","BOSS","M","M","?","$","?","R","M","E","T","$","M","R","E","?","R","BOSS"],"items_purchased_type":["Card","Relic","Relic","Relic","Relic","Relic","Card"],"build_version":"2020-12-22","purchased_purges":1,"victory":true,"max_hp_per_floor":[53,53,53,53,53,53,53,53,53,53,53,53,53,63,63,63,63,63,63,63,63,63,63,63,63,63,65,67,67,67,69,69,71,71,73,73,73,75,77,77,79,81,81,81,81,81,83,83,83,83],"card_choices":[{"not_picked":["Sucker Punch","Bane"],"picked":"Backflip","floor":1.0},{"not_picked":["ReplayTheSpireMod:Scrap Shanks","PiercingWail"],"picked":"Deflect","floor":4.0},{"not_picked":["Acrobatics","Riddle With Holes"],"picked":"Slice","floor":4.0},{"not_picked":["Hidden Blade","Eviscerate"],"picked":"Cloak And Dagger","floor":5.0},{"not_picked":["Bane","Flechettes"],"picked":"Concentrate","floor":7.0},{"not_picked":["Chrysalis","Thinking Ahead"],"picked":"Violence","floor":10.0},{"not_picked":["Hidden Blade","All Out Attack","Underhanded Strike"],"picked":"SKIP","floor":13.0},{"not_picked":["Doppelganger","Poison Darts"],"picked":"Die Die Die","floor":16.0},{"not_picked":["Backflip","Bouncing Flask","Finisher+1"],"picked":"SKIP","floor":18},{"not_picked":["Blade Dance","Bane"],"picked":"Cloak And Dagger","floor":19},{"not_picked":["Leg Sweep","Noxious Fumes","Deadly Poison+1"],"picked":"SKIP","floor":24},{"not_picked":["Leg Sweep+1","Backflip","Bane"],"picked":"Singing Bowl","floor":27},{"not_picked":["Quick Slash","Outmaneuver+1","Catalyst+1"],"picked":"Singing Bowl","floor":28},{"not_picked":["Acrobatics","Dagger Spray"],"picked":"Escape Plan","floor":30},{"not_picked":["Deadly Poison+1","Underhanded Strike+1","Acrobatics"],"picked":"Singing Bowl","floor":31},{"not_picked":["Wraith Form v2","Unload","Grand Finale"],"picked":"Singing Bowl","floor":33},{"not_picked":["Flying Knee+1","Dagger Throw","Leg Sweep+1"],"picked":"Singing Bowl","floor":35},{"not_picked":["Noxious Fumes+1","Deflect+1"],"picked":"Blade Dance","floor":36},{"not_picked":["Noxious Fumes","Slice+1"],"picked":"Blade Dance","floor":37},{"not_picked":["ReplayTheSpireMod:Brewmster","Transmutation"],"picked":"Mayhem","floor":38},{"not_picked":["ReplayTheSpireMod:Brewmster","PanicButton","Madness"],"picked":"Singing Bowl","floor":38},{"not_picked":["Impatience","Finesse"],"picked":"Trip","floor":38},{"not_picked":["Infinite Blades","Hidden Blade","Blade Dance"],"picked":"Singing Bowl","floor":39},{"not_picked":["Deadly Poison","Leg Sweep+1","Prepared+1"],"picked":"Singing Bowl","floor":41},{"not_picked":["Heel Hook+1","Expertise+1","Deadly Poison"],"picked":"Singing Bowl","floor":42},{"not_picked":["PiercingWail","Bane"],"picked":"Accuracy+1","floor":45},{"not_picked":["Dagger Throw+1","Outmaneuver","Bullet Time"],"picked":"Singing Bowl","floor":47}],"player_experience":528854,"relics_obtained":[{"floor":4.0,"key":"ReplayFunnel"},{"floor":7.0,"key":"Old Coin"},{"floor":9.0,"key":"Bottled Flame"},{"floor":26,"key":"Omamori"},{"floor":39,"key":"Shovel"},{"floor":40,"key":"MealTicket"},{"floor":42,"key":"Blue Candle"},{"floor":43,"key":"Ancient Tea Set"},{"floor":46,"key":"Divine Protection"},{"floor":47,"key":"Oddly Smooth Stone"},{"floor":49,"key":"ReplayTheSpireMod:Lightbulb"}],"event_choices":[{"damage_healed":44.0,"max_hp_gain":0.0,"max_hp_loss":53.0,"gold_gain":0.0,"event_name":"betterThird:BetterShining","player_choice":"Upgrade","floor":2.0,"gold_loss":0.0,"damage_taken":11.0,"cards_upgraded":["Strike_G","Defend_G"]},{"damage_healed":0.0,"max_hp_gain":0.0,"max_hp_loss":0.0,"gold_gain":0.0,"event_name":"betterThird:BetterScrap","player_choice":"Relic ","floor":3.0,"gold_loss":0.0,"damage_taken":18.0,"cards_obtained":["Doom and Gloom"]},{"damage_healed":0.0,"max_hp_gain":0.0,"max_hp_loss":0.0,"gold_gain":1.0,"event_name":"betterStone:BetterStone","player_choice":"1","floor":10.0,"gold_loss":0.0,"damage_taken":0.0},{"cards_removed":["Violence"],"damage_healed":17.0,"max_hp_gain":10.0,"max_hp_loss":0.0,"gold_gain":0.0,"event_name":"Bonfire Elementals","player_choice":"Offered Rare","floor":14.0,"gold_loss":0.0,"damage_taken":0.0},{"damage_healed":0,"gold_gain":0,"player_choice":"Ignored","damage_taken":0,"max_hp_gain":0,"max_hp_loss":0,"event_name":"betterNote:BetterNote","floor":20,"gold_loss":0,"cards_obtained":["Eruption"]},{"damage_healed":0,"gold_gain":0,"player_choice":" Idol ","damage_taken":32,"relics_obtained":["Bloody Idol"],"max_hp_gain":60,"max_hp_loss":28,"event_name":"betterAltar:BetterAltar","floor":21,"potions_obtained":[],"relics_lost":[],"gold_loss":0},{"damage_healed":0,"gold_gain":100,"player_choice":"Pray","damage_taken":0,"max_hp_gain":0,"max_hp_loss":0,"event_name":"Golden Shrine","floor":22,"gold_loss":0},{"damage_healed":0,"gold_gain":0,"player_choice":"Fight","damage_taken":0,"max_hp_gain":0,"max_hp_loss":0,"event_name":"Mysterious Sphere","floor":39,"gold_loss":0},{"cards_removed":["Survivor"],"damage_healed":0,"gold_gain":0,"player_choice":"Removed Skill","damage_taken":0,"max_hp_gain":0,"max_hp_loss":0,"event_name":"Falling","floor":48,"gold_loss":0}],"is_beta":false,"boss_relics":[{"not_picked":["Astrolabe","Pandora\u0027s Box"],"picked":"Replay:Wanted Poster"},{"not_picked":["ChewingGum","Honey Jar"],"picked":"Empty Cage"}],"items_purged_floors":[25],"is_endless":false,"potions_floor_spawned":[7,13,16,18,24,30,35,41,42,45],"ascension_level":6}}