{"host":"exhp4inpfmbngj23","time":1610298315,"event":{"mods":["Abigail Mod","BaseMod","Beaked The Cultist","Friendly Minions","Gremlin Mod","Kiyohime????","Minty Spire (QoL Compilation)","StSLib","The Alterego"],"gold_per_floor":[363,380,399,142,161,189,189,189,214,240,252,245,4,4,4,100,100,111,122,122,36,36,36,36],"floor_reached":23,"playtime":1425,"items_purged":[],"score":219,"play_id":"711c03d1-4d87-402a-9575-fdd056cd23cf","local_time":"20210110090515","is_ascension_mode":true,"campfire_choices":[{"data":"beaked:Brace","floor":7,"key":"SMITH"},{"floor":11,"key":"REST"},{"data":"Apotheosis","floor":15,"key":"SMITH"}],"circlet_count":0,"master_deck":["beaked:Strike_Y+1","beaked:Strike_Y+1","beaked:Strike_Y+1","beaked:Strike_Y+1","beaked:Strike_Y+1","beaked:Strike_Y+1","beaked:Defend_Y+1","beaked:Defend_Y+1","beaked:Defend_Y+1","beaked:Defend_Y+1","beaked:Ceremony","beaked:Ceremony","beaked:Ceremony","Injury","beaked:VigorBurst","beaked:Brace+1","Apotheosis+1","beaked:RitualOfBody","beaked:BloodRitual","beaked:Foresight","Parasite","beaked:Caw","beaked:Tweet+1","beaked:Windmill","Good Instincts"],"relics":["beaked:MendingPlumage","Blood Vial","PreservedInsect","MawBank","Matryoshka","Cursed Key"],"acts_visited":["Exordium","TheCity"],"potions_floor_usage":[2,3,12,23],"damage_taken":[{"damage":23,"enemies":"Small Slimes","floor":1,"turns":6},{"damage":14,"enemies":"2 Louse","floor":2,"turns":5},{"damage":9,"enemies":"Jaw Worm","floor":3,"turns":5},{"damage":27,"enemies":"Blue Slaver","floor":5,"turns":6},{"damage":54,"enemies":"Gremlin Nob","floor":6,"turns":6},{"damage":24,"enemies":"Lagavulin","floor":10,"turns":8},{"damage":30,"enemies":"Exordium Thugs","floor":12,"turns":5},{"damage":56,"enemies":"The Guardian","floor":16,"turns":14},{"damage":19,"enemies":"Chosen","floor":18,"turns":4},{"damage":47,"enemies":"Shell Parasite","floor":19,"turns":7},{"damage":52,"enemies":"Slavers","floor":23,"turns":3}],"seed_played":"217591441818140957","potions_obtained":[{"floor":1,"key":"Dexterity Potion"},{"floor":2,"key":"Weak Potion"},{"floor":3,"key":"GamblersBrew"},{"floor":16,"key":"DuplicationPotion"}],"is_trial":false,"path_per_floor":["M","M","M","$","M","E","R","?","T","E","R","M","$","?","R","B",null,"M","M","?","$","?","E"],"character_chosen":"BEAKED_THE_CULTIST","items_purchased":["Apotheosis","beaked:RitualOfBody","Matryoshka","Good Instincts"],"campfire_rested":1,"item_purchase_floors":[4,4,13,21],"current_hp_per_floor":[47,51,55,55,48,13,13,13,13,25,41,31,31,44,44,43,55,42,27,18,18,18,0,0],"gold":36,"neow_bonus":"TWO_FIFTY_GOLD","is_daily":false,"chose_seed":false,"campfire_upgraded":2,"win_rate":0.0,"timestamp":1610298315,"path_taken":["M","M","M","$","M","E","R","?","T","E","R","M","$","?","R","BOSS","M","M","?","$","?","E"],"items_purchased_type":["Card","Card","Relic","Card"],"build_version":"2020-12-22","purchased_purges":0,"victory":false,"max_hp_per_floor":[55,55,55,55,55,55,55,55,55,55,55,55,55,55,55,55,55,55,55,60,60,60,60,60],"card_choices":[{"not_picked":["beaked:Devastation","beaked:HuntressEssence"],"picked":"beaked:VigorBurst","floor":1},{"not_picked":["beaked:Evade","beaked:Flinch"],"picked":"beaked:Brace","floor":2},{"not_picked":["beaked:Redirect","beaked:Tradeoff","beaked:Brace"],"picked":"SKIP","floor":3},{"not_picked":["beaked:Tradeoff","beaked:SacrificialAttack","beaked:TuckingFeathers"],"picked":"SKIP","floor":5},{"not_picked":["beaked:DesperateSwing","beaked:Struggle","beaked:Evade"],"picked":"SKIP","floor":6},{"not_picked":["beaked:HuntressSpirit","beaked:Cower"],"picked":"beaked:BloodRitual","floor":10},{"not_picked":["beaked:Poke","beaked:TuckingFeathers"],"picked":"beaked:Foresight","floor":12},{"not_picked":["beaked:VolatileMisfortune","beaked:ShadowFade"],"picked":"beaked:Caw","floor":16},{"not_picked":["beaked:CursingBlood","beaked:Insight"],"picked":"beaked:Tweet+1","floor":18},{"not_picked":["beaked:DigDeeper","beaked:Tweet"],"picked":"beaked:Windmill","floor":19}],"player_experience":1948294,"relics_obtained":[{"floor":6,"key":"Blood Vial"},{"floor":9,"key":"PreservedInsect"},{"floor":10,"key":"MawBank"}],"event_choices":[{"damage_healed":0,"gold_gain":0,"player_choice":"Ignored","damage_taken":0,"max_hp_gain":0,"max_hp_loss":0,"event_name":"Shining Light","floor":8,"gold_loss":0},{"damage_healed":13,"gold_gain":0,"player_choice":"Healed and dodged fight","damage_taken":0,"max_hp_gain":0,"max_hp_loss":0,"event_name":"Mushrooms","floor":14,"gold_loss":0,"cards_obtained":["Parasite"]},{"damage_healed":0,"gold_gain":0,"player_choice":"Shed Blood","damage_taken":14,"max_hp_gain":5,"max_hp_loss":0,"event_name":"Forgotten Altar","floor":20,"gold_loss":0},{"damage_healed":0,"gold_gain":0,"player_choice":"Simplicity","damage_taken":0,"max_hp_gain":0,"max_hp_loss":0,"event_name":"Back to Basics","floor":22,"gold_loss":0,"cards_upgraded":["beaked:Strike_Y","beaked:Strike_Y","beaked:Strike_Y","beaked:Strike_Y","beaked:Strike_Y","beaked:Strike_Y","beaked:Defend_Y","beaked:Defend_Y","beaked:Defend_Y","beaked:Defend_Y"]}],"is_beta":false,"boss_relics":[{"not_picked":["Ectoplasm","Philosopher\u0027s Stone"],"picked":"Cursed Key"}],"items_purged_floors":[],"is_endless":false,"potions_floor_spawned":[1,2,3,16],"killed_by":"Slavers","ascension_level":2}}