{"host":"ywif2ugnepgiw45s","time":1610312287,"event":{"mods":["Act Like it!","BaseMod","Better Skull","Downfall","Elementarium","GifTheSpireLib","Hermit","Marisa????????","Minty Spire (QoL Compilation)","READ ME - Guardian Mod","Replay The Spire","Shade Mod","Shop Mod","StSLib","The Cursed","The Jungle","The Runesmith","The Servant 0.9.4"],"gold_per_floor":[119,84,100,117,117,145,145,170,170,170,188,113,113,153,153,278,278,299,320,340,365,388,422,422,438,462,55,390,414,427,527,527,657,657,675,502,417,441,241,272,285,326,399,435,121,121,43,66,66,66,66,66,32,70,70],"floor_reached":56,"playtime":3704,"items_purged":["Injury"],"score":1739,"play_id":"2b26f9a5-6f55-4d27-91d3-5499925271c2","local_time":"20210110155807","is_ascension_mode":true,"campfire_choices":[{"data":"BottledTime","floor":7,"key":"SMITH"},{"floor":13,"key":"REST"},{"floor":15,"key":"REST"},{"floor":24,"key":"RECALL"},{"data":"expansioncontent:DashGenerateEvil","floor":32,"key":"SMITH"},{"data":"1","floor":49,"key":"LIFT"},{"data":"2","floor":52,"key":"LIFT"}],"circlet_count":0,"master_deck":["Strike_S","Strike_S","Defend_S","Defend_S","Defend_S","KidneyShot","Exchange+1","GearUp","Contraction","BottledTime+1","Solidify+1","ShatteredReality","SoulSculpture+1","InstantArmor+1","Comet+1","Potential+1","Foresight","TimeWarp","expansioncontent:DashGenerateEvil+1","Luminosity","FloweringNight","ShiftingGears+1","ReplayUltimateDefense","Potential+1","Embodiment","BottledTime+1","Panache+1","FastForward+1","Misdirection+1","Solidify+1"],"relics":["Uniform","Replay:Towering Pillar of Hats","Quantum Egg","Bag of Preparation","Replay:Bottled Snecko","Golden Idol","Onion Ring","Painkiller Herb","Replay:Mystery Machine","Membership Card","MerchantsRug","Old Coin","Replay:Grab Bag","ReplayTheSpireMod:Onyx Gauntlets","Runesmith:UraniumAnvil","Replay:Drink Me","Replay:Baseball","ReplayTheSpireMod:Lightbulb","Replay:Accelerometer","Ancient Tea Set","Golden Egg","Letter Opener","Girya","Replay:Rubber Ducky","Counterbalance","Guide Book","Anchor"],"acts_visited":["Exordium","Exordium","TheBeyond","TheEnding"],"potions_floor_usage":[6,14,27,55,55,55,55],"damage_taken":[{"damage":2,"enemies":"Small Slimes","floor":1,"turns":5},{"damage":0,"enemies":"2 Louse","floor":3,"turns":4},{"damage":6,"enemies":"Jaw Worm","floor":4,"turns":6},{"damage":27,"enemies":"Gremlin Nob","floor":6,"turns":8},{"damage":40,"enemies":"3 Sentries","floor":8,"turns":22},{"damage":0,"enemies":"Blue Slaver","floor":11,"turns":6},{"damage":1,"enemies":"Lagavulin","floor":14,"turns":7},{"damage":45,"enemies":"The Guardian","floor":16,"turns":24},{"damage":2,"enemies":"theJungle:MUSHROOMGANG","floor":18,"turns":4},{"damage":0,"enemies":"theJungle:Flameango_and_Byrd","floor":19,"turns":7},{"damage":3,"enemies":"theJungle:Snecko_Cultist_And_Trap","floor":20,"turns":8},{"damage":0,"enemies":"theJungle:2_Snecko_Cultists","floor":21,"turns":3},{"damage":0,"enemies":"theJungle:SlimyTreeVines","floor":22,"turns":7},{"damage":0,"enemies":"theJungle:2_Phrogs","floor":23,"turns":6},{"damage":0,"enemies":"theJungle:Lyon","floor":25,"turns":2},{"damage":0,"enemies":"theJungle:Cassacara","floor":28,"turns":4},{"damage":0,"enemies":"Snake Plant","floor":29,"turns":4},{"damage":0,"enemies":"theJungle:JungleHuntersEncounter","floor":30,"turns":4},{"damage":0,"enemies":"theJungle:QueenSpyder","floor":33,"turns":7},{"damage":0,"enemies":"3 Shapes","floor":35,"turns":1},{"damage":0,"enemies":"Orb Walker","floor":38,"turns":1},{"damage":0,"enemies":"Nemesis","floor":40,"turns":1},{"damage":0,"enemies":"Spire Growth","floor":41,"turns":2},{"damage":0,"enemies":"Reptomancer","floor":42,"turns":2},{"damage":0,"enemies":"Giant Head","floor":44,"turns":2},{"damage":0,"enemies":"4 Shapes","floor":48,"turns":1},{"damage":0,"enemies":"Donu and Deca","floor":50,"turns":2},{"damage":0,"enemies":"Shield and Spear","floor":54,"turns":1},{"damage":0,"enemies":"The Heart","floor":55,"turns":4}],"seed_played":"-6999196159284273235","potions_obtained":[{"floor":3,"key":"Languid Potion"},{"floor":6,"key":"FairyPotion"},{"floor":8,"key":"Swift Potion"},{"floor":16,"key":"Adrenaline Potion"},{"floor":19,"key":"Cursed Concoction"},{"floor":20,"key":"Explosive Potion"},{"floor":35,"key":"EntropicBrew"}],"is_trial":false,"path_per_floor":["M","?","M","M","?","E","R","E","T","?","M","$","R","E","R","B",null,"?","?","?","?","?","E","T","?","T","T","E","?","?","?","T","B",null,"?","T","?","?","T","E","?","E","T","E","T","?","T","?","T","B",null,"T","T","E","B",null],"character_chosen":"THE_SERVANT","items_purchased":["Membership Card","expansioncontent:DashGenerateEvil","MerchantsRug","CultistPotion","Fruit Juice","hexamod:EctoCoolerPotion","ReplayUltimateDefense","Replay:Baseball","Embodiment","Replay:Accelerometer","Replay:Rubber Ducky","Counterbalance","Panache","Guide Book","Misdirection","Elixir"],"campfire_rested":2,"item_purchase_floors":[27,27,27,27,27,27,36,36,39,39,45,45,45,47,53,53],"current_hp_per_floor":[45,61,61,55,55,28,28,9,9,9,9,9,28,27,46,1,65,63,63,60,60,65,65,65,65,65,70,70,70,70,66,66,66,53,53,53,53,53,53,53,53,53,53,53,53,53,53,53,53,53,53,53,53,53,53],"gold":70,"neow_bonus":"ONE_RARE_RELIC","is_daily":false,"chose_seed":false,"campfire_upgraded":2,"win_rate":0.0,"timestamp":1610312287,"path_taken":["M","?","M","M","?","E","R","E","T","?","M","?","R","E","R","BOSS","?","?","?","?","?","E","T","?","T","T","E","?","?","?","T","BOSS","?","T","?","?","?","E","?","E","T","E","T","?","T","?","T","BOSS","T","T","E","BOSS"],"items_purchased_type":["Relic","Card","Relic","Potion","Potion","Potion","Card","Relic","Card","Relic","Relic","Relic","Card","Relic","Card","Potion"],"build_version":"2020-12-22","purchased_purges":1,"victory":true,"max_hp_per_floor":[65,65,65,65,65,65,65,65,65,65,65,65,65,65,65,65,65,65,65,65,65,65,65,65,65,65,70,70,70,70,70,70,70,53,53,53,53,53,53,53,53,53,53,53,53,53,53,53,53,53,53,53,53,53,53],"card_choices":[{"not_picked":["BottledTime","FastForward"],"picked":"GearUp","floor":1},{"not_picked":["Read","Snipe","DoubleEdge"],"picked":"SKIP","floor":3},{"not_picked":["Moondial","Replace"],"picked":"Contraction","floor":4},{"not_picked":["Revamp","DualDimension"],"picked":"BottledTime","floor":6},{"not_picked":["ReturningBlade","Desolation"],"picked":"Solidify","floor":8},{"not_picked":["Alleviate","Ricochet"],"picked":"ShatteredReality","floor":11},{"not_picked":["RealityMarble","Advance","Moondial"],"picked":"SKIP","floor":14},{"not_picked":["KillingDoll","TheWorld"],"picked":"SoulSculpture","floor":16},{"not_picked":["ShatteredReality","Alleviate","Rearm"],"picked":"SKIP","floor":18},{"not_picked":["Rewind+1","DoubleEdge","Replace"],"picked":"SKIP","floor":19},{"not_picked":["Rewind","FastForward"],"picked":"InstantArmor+1","floor":20},{"not_picked":["Collapse","Rewind"],"picked":"Comet+1","floor":21},{"not_picked":["Collapse+1","Comet"],"picked":"Potential+1","floor":22},{"not_picked":["Alleviate","StarChef"],"picked":"Foresight","floor":23},{"not_picked":["ShatteredReality","TrueSight"],"picked":"TimeWarp","floor":25},{"not_picked":["BottledTime","KillingDoll"],"picked":"Luminosity","floor":28},{"not_picked":["Moondial","Spin+1","SurpressingFire+1"],"picked":"SKIP","floor":29},{"not_picked":["Unruled","Comet+1","Read"],"picked":"SKIP","floor":30},{"not_picked":["Initiator","Solidify"],"picked":"FloweringNight","floor":33},{"not_picked":["DoubleEdge+1","Rearm+1"],"picked":"ShiftingGears+1","floor":35},{"not_picked":["Ricochet+1","SurpressingFire"],"picked":"Potential+1","floor":38},{"not_picked":["Alleviate+1","Defy","Barrier+1"],"picked":"SKIP","floor":40},{"not_picked":["Spin","Deadline","Barrier+1"],"picked":"SKIP","floor":41},{"not_picked":["Deny","Spin+1"],"picked":"BottledTime+1","floor":42},{"not_picked":["Ricochet+1","Revamp","DoubleEdge+1"],"picked":"SKIP","floor":44},{"not_picked":["DoubleEdge+1","Alleviate"],"picked":"FastForward+1","floor":48},{"not_picked":["FloweringNight","Contraction+1"],"picked":"Solidify","floor":54}],"player_experience":1701196,"relics_obtained":[{"floor":6,"key":"Quantum Egg"},{"floor":8,"key":"Bag of Preparation"},{"floor":9,"key":"Replay:Bottled Snecko"},{"floor":14,"key":"Onion Ring"},{"floor":23,"key":"Replay:Mystery Machine"},{"floor":28,"key":"Old Coin"},{"floor":40,"key":"Ancient Tea Set"},{"floor":42,"key":"Golden Egg"},{"floor":43,"key":"Letter Opener"},{"floor":44,"key":"Girya"},{"floor":54,"key":"Anchor"}],"event_choices":[{"damage_healed":16,"gold_gain":0,"player_choice":"Healed","damage_taken":0,"max_hp_gain":0,"max_hp_loss":0,"event_name":"The Cleric","floor":2,"gold_loss":35},{"damage_healed":0,"gold_gain":0,"player_choice":"Grow","damage_taken":0,"max_hp_gain":0,"max_hp_loss":0,"event_name":"Living Wall","floor":5,"gold_loss":0,"cards_upgraded":["Exchange"]},{"damage_healed":0,"gold_gain":0,"player_choice":"Take Wound","damage_taken":0,"relics_obtained":["Golden Idol"],"max_hp_gain":0,"max_hp_loss":0,"event_name":"Golden Idol","floor":10,"gold_loss":0,"cards_obtained":["Injury"]},{"damage_healed":0,"gold_gain":0,"player_choice":"Paid Gold","damage_taken":0,"relics_obtained":["ReplayTheSpireMod:Lightbulb"],"max_hp_gain":0,"max_hp_loss":0,"event_name":"WeMeetAgain","floor":37,"gold_loss":85},{"damage_healed":0,"gold_gain":0,"player_choice":"Ignored","damage_taken":0,"max_hp_gain":0,"max_hp_loss":0,"event_name":"Tomb of Lord Red Mask","floor":46,"gold_loss":0}],"is_beta":false,"boss_relics":[{"not_picked":["Velvet Choker","Astrolabe"],"picked":"Painkiller Herb"},{"not_picked":["ChewingGum","Runic Pyramid"],"picked":"Replay:Grab Bag"},{"not_picked":["MysterySword","Fusion Hammer"],"picked":"ReplayTheSpireMod:Onyx Gauntlets"},{"not_picked":["Cursed Key","Sozu"],"picked":"Runesmith:UraniumAnvil"},{"not_picked":["Ring of Chaos","StoneMask"],"picked":"Replay:Drink Me"}],"items_purged_floors":[12],"is_endless":false,"potions_floor_spawned":[3,6,8,16,19,20,29,30,33,35,38,41,48,54],"ascension_level":1}}