{"host":"684z1xpuwaoqmmh1","time":1610289048,"event":{"mods":["Bard","BaseMod","Downfall","Hermit","Jorbs\u0027s Wanderer Trilogy","Marisa????????","Minty Spire (QoL Compilation)","Robot Space Explorer","Shade Mod","StSLib","The Hierophant","The Marked","The Mystic"],"gold_per_floor":[116,116,191,201,215,249,268,268,347,374,391,23,50,60,60,164,164,147,165,182,182,196,226,151,176,176,195,195,205,221,232,232,232,232],"floor_reached":33,"playtime":1635,"items_purged":[],"score":303,"play_id":"ee20b686-6103-41c8-be64-73c60352aa44","local_time":"20210110163048","is_ascension_mode":false,"campfire_choices":[{"floor":8,"key":"REST"},{"data":"theMarked:AttractMetal","floor":15,"key":"SMITH"},{"floor":28,"key":"REST"},{"floor":32,"key":"REST"}],"circlet_count":0,"master_deck":["theMarked:Strike","theMarked:Strike+1","theMarked:Strike","theMarked:Strike","theMarked:Defend+1","theMarked:Defend+1","theMarked:Defend","theMarked:Defend+1","theMarked:SoldierOfQuellstein+1","theMarked:LightningStrikesTwice","theMarked:SelfDefenseTraining","theMarked:ComboAttacks","theMarked:SuspiciousRaven","theMarked:Opportunist","theMarked:MaelstromOfLightning","theMarked:Generate","theMarked:StartUp","theMarked:AttractMetal+1","theMarked:Defy","theMarked:WardOff","theMarked:TwofoldDefense","theMarked:EternalStudent","theMarked:RepellingDischarge","theMarked:TwofoldDefense+1","Doubt","theMarked:BanishingWave+1"],"relics":["theMarked:ArtifactOfAir","Anchor","Calipers","The Courier","Odd Mushroom","champ:Barbells","TungstenRod","Centennial Puzzle","Cursed Key","Lantern","Thread and Needle"],"acts_visited":["Exordium","TheCity"],"potions_floor_usage":[6,16,23,27,30],"damage_taken":[{"damage":0,"enemies":"Jaw Worm","floor":1,"turns":3},{"damage":0,"enemies":"2 Louse","floor":4,"turns":2},{"damage":0,"enemies":"Cultist","floor":5,"turns":2},{"damage":19,"enemies":"3 Sentries","floor":6,"turns":7},{"damage":0,"enemies":"2 Fungi Beasts","floor":7,"turns":3},{"damage":6,"enemies":"The Mushroom Lair","floor":10,"turns":4},{"damage":0,"enemies":"Blue Slaver","floor":11,"turns":2},{"damage":15,"enemies":"Gremlin Nob","floor":13,"turns":4},{"damage":0,"enemies":"3 Louse","floor":14,"turns":3},{"damage":22,"enemies":"The Guardian","floor":16,"turns":13},{"damage":0,"enemies":"2 Thieves","floor":18,"turns":4},{"damage":5,"enemies":"Shell Parasite","floor":19,"turns":4},{"damage":1,"enemies":"Snecko","floor":20,"turns":5},{"damage":1,"enemies":"Snake Plant","floor":22,"turns":5},{"damage":38,"enemies":"Gremlin Leader","floor":23,"turns":7},{"damage":15,"enemies":"Slavers","floor":25,"turns":5},{"damage":0,"enemies":"Chosen and Byrds","floor":27,"turns":3},{"damage":0,"enemies":"Snecko","floor":29,"turns":5},{"damage":0,"enemies":"Snake Plant","floor":30,"turns":4},{"damage":5,"enemies":"Cultist and Chosen","floor":31,"turns":5},{"damage":66,"enemies":"Automaton","floor":33,"turns":12}],"seed_played":"1833173388314765033","potions_obtained":[{"floor":1,"key":"Fire Potion"},{"floor":4,"key":"Strength Potion"},{"floor":7,"key":"Block Potion"},{"floor":13,"key":"champ:CounterPotion"},{"floor":14,"key":"Guardian:BlockOnCardUsePotion"},{"floor":16,"key":"SpeedPotion"},{"floor":25,"key":"Block Potion"},{"floor":29,"key":"FearPotion"}],"is_trial":false,"path_per_floor":["M","?","?","M","M","E","M","R","T","?","M","$","E","M","R","B",null,"M","M","M","?","M","E","?","E","T","M","R","M","M","M","R","B"],"character_chosen":"THE_DEFAULT","items_purchased":["champ:Barbells","TungstenRod"],"campfire_rested":3,"item_purchase_floors":[12,12],"current_hp_per_floor":[70,56,45,45,45,26,26,47,47,41,41,41,26,26,26,4,70,70,65,64,64,63,25,25,10,10,10,31,31,31,26,47,0,0],"gold":232,"neow_bonus":"RANDOM_COMMON_RELIC","is_daily":false,"chose_seed":false,"campfire_upgraded":1,"win_rate":0.0,"timestamp":1610289048,"path_taken":["M","?","?","M","M","E","M","R","T","?","M","?","E","?","R","BOSS","M","M","M","?","M","E","?","E","T","M","R","M","M","M","R","BOSS"],"items_purchased_type":["Relic","Relic"],"build_version":"2020-12-22","purchased_purges":0,"victory":false,"max_hp_per_floor":[70,70,70,70,70,70,70,70,70,70,70,70,70,70,70,70,70,70,70,70,70,70,70,70,70,70,70,70,70,70,70,70,70,70],"card_choices":[{"not_picked":["theMarked:Convert","theMarked:ElectricStrings"],"picked":"theMarked:LightningStrikesTwice","floor":1},{"not_picked":["theMarked:RepellingDischarge","theMarked:TwofoldDefense"],"picked":"theMarked:SelfDefenseTraining","floor":4},{"not_picked":["theMarked:RepellingDischarge","theMarked:ResourceFulStrike"],"picked":"theMarked:ComboAttacks","floor":5},{"not_picked":["theMarked:EmpowerWeapon","theMarked:Aftermath"],"picked":"theMarked:SuspiciousRaven","floor":6},{"not_picked":["theMarked:RogueSparks","theMarked:Parkour"],"picked":"theMarked:Opportunist","floor":7},{"not_picked":["theMarked:ChainLightning","theMarked:Seal"],"picked":"theMarked:MaelstromOfLightning","floor":10},{"not_picked":["theMarked:RepellingDischarge","theMarked:TwofoldDefense"],"picked":"theMarked:Generate","floor":11},{"not_picked":["theMarked:Indomitable","theMarked:SwordAndMagic"],"picked":"theMarked:StartUp","floor":13},{"not_picked":["theMarked:GodGivenPower","theMarked:Panic"],"picked":"theMarked:AttractMetal","floor":14},{"not_picked":["theMarked:Levitate","theMarked:TurnInvisible"],"picked":"theMarked:Defy","floor":16},{"not_picked":["theMarked:WastefulAttack","theMarked:Aftermath","theMarked:Improvise"],"picked":"SKIP","floor":18},{"not_picked":["theMarked:WastefulDefense","theMarked:Overthink"],"picked":"theMarked:WardOff","floor":19},{"not_picked":["theMarked:ResourceFulStrike","theMarked:ChainLightning"],"picked":"theMarked:TwofoldDefense","floor":20},{"not_picked":["theMarked:Electrocute","theMarked:HeightenedSenses+1"],"picked":"theMarked:EternalStudent","floor":22},{"not_picked":["theMarked:Frustration","theMarked:ElementalBlade"],"picked":"theMarked:RepellingDischarge","floor":23},{"not_picked":["theMarked:Aftermath","theMarked:WastefulAttack"],"picked":"theMarked:TwofoldDefense+1","floor":25},{"not_picked":["theMarked:ChainLightning","theMarked:Frustration","theMarked:CreepingChasm"],"picked":"SKIP","floor":27},{"not_picked":["theMarked:Static+1","theMarked:Parkour","theMarked:EmpowerWeapon"],"picked":"SKIP","floor":29},{"not_picked":["theMarked:EmpowerWeapon+1","theMarked:Panic+1"],"picked":"theMarked:BanishingWave+1","floor":30},{"not_picked":["theMarked:RepellingDischarge","theMarked:WastefulDefense","theMarked:GodGivenPower+1"],"picked":"SKIP","floor":31}],"player_experience":2466504,"relics_obtained":[{"floor":6,"key":"Calipers"},{"floor":9,"key":"The Courier"},{"floor":10,"key":"Odd Mushroom"},{"floor":13,"key":"Centennial Puzzle"},{"floor":23,"key":"Lantern"},{"floor":25,"key":"Thread and Needle"}],"event_choices":[{"damage_healed":0,"gold_gain":0,"player_choice":"Entered Light","damage_taken":14,"max_hp_gain":0,"max_hp_loss":0,"event_name":"Shining Light","floor":2,"gold_loss":0,"cards_upgraded":["theMarked:SoldierOfQuellstein","theMarked:Defend"]},{"damage_healed":0,"gold_gain":75,"player_choice":"Gather Gold","damage_taken":11,"max_hp_gain":0,"max_hp_loss":0,"event_name":"World of Goop","floor":3,"gold_loss":0},{"damage_healed":0,"gold_gain":0,"player_choice":"Fought Mushrooms","damage_taken":0,"max_hp_gain":0,"max_hp_loss":0,"event_name":"Mushrooms","floor":10,"gold_loss":0},{"cards_removed":["theMarked:Strike"],"damage_healed":0,"gold_gain":0,"player_choice":"Gave Gold","damage_taken":0,"max_hp_gain":0,"max_hp_loss":0,"event_name":"Beggar","floor":24,"gold_loss":75}],"is_beta":false,"boss_relics":[{"not_picked":["Coffee Dripper","Snecko Eye"],"picked":"Cursed Key"}],"items_purged_floors":[],"is_endless":false,"potions_floor_spawned":[1,4,7,13,14,16,18,20,22,25,29],"killed_by":"Automaton","ascension_level":0}}