{"host":"kg3sujd0l7l0va61","time":1610240614,"event":{"mods":["ATMod(阿瑾Mod)","AchievementEnabler","Arknights The Spire","Aspiration","BaseMod","Challenge The Spire","Colored Powertips","Custom Start","Decade(王小明)","Displayed Cursed Tome","Downfall","GifTheSpireLib","Hermit","Infinite Spire","KinomotoSakuraMod(木之本樱)","Koishi","KomeijiMod","Marisa（F雨　魔理沙）","Marked Mod","Minty Spire (QoL Compilation)","MostiFishMod","Prisma Mod","Quick Restart","Replay The Spire","RumiaBox-露米娅的神秘盒子","StSLib","The Jungle","Waifu the Spire","Yakumo Yukari mod"],"gold_per_floor":[114,233,248,248,259,259,293,102,102,130,130,130,130,147,147,251,251,268,283,299,299,318,418,433,444,444,472,472,501,526,545,545,681,681,738,798,466,508,508,574,627,695,743,743,668,721,721,781,781,781,781,781,584,656,656],"floor_reached":56,"playtime":2606,"items_purged":["Confused","Strike_G"],"score":1409,"play_id":"a44166d0-f89a-4cfa-a4f7-d5525abbaafa","local_time":"20210110090334","is_ascension_mode":false,"campfire_choices":[{"data":"Infinite Blades","floor":6.0,"key":"SMITH"},{"data":"RidiculousThoughts","floor":11.0,"key":"SMITH"},{"floor":28.0,"key":"RECALL"},{"floor":32.0,"key":"DIG"},{"data":"AT_IchimonjiDouble","floor":44,"key":"SMITH"},{"data":"MostiFishMod:VineMother","floor":49,"key":"SMITH"},{"data":"Thinking Ahead","floor":52,"key":"SMITH"}],"circlet_count":0,"master_deck":["Strike_G","Strike_G","Strike_G","Defend_G","Defend_G","Defend_G","Defend_G","Defend_G","Neutralize","AT_FamilyPortrait","Infinite Blades+1","Setup","ReplayTheSpireMod:Shiv Toss","RidiculousThoughts+1","m_Survivalism","MostiFishMod:AdrenalineArouse","MostiFishMod:VineMother+1","AT_WomanClash","Pommel Strike","Rampage","Distraction+1","AT_IchimonjiDouble+1","AT_BodySlamDance","MostiFishMod:Chiaki","MostiFishMod:Neptune","MostiFishMod:TheEndOfMoonlight","MostiFishMod:SparklingWater","MostiFishMod:FantasySummer","MostiFishMod:NightSea","Prepared","AT_ThistleTea+1","Thinking Ahead+1","Catalyst+1","Cloak And Dagger","Madness","Madness","Shrug It Off+1","Flash of Steel","Infernal Blade+1"],"relics":["Ring of the Snake","AT_ATBox","DaveBox","FeatherPendant","SynthV:TestCard","Mirror","DianDianMeat","Mango","aspiration:IroncladSkillbook","Basket Of Snakes","ReplayTheSpireMod:Shallot","Prayer Wheel","Juzu Bracelet","infinitespire:Lucky Rock","StrikeDummy","infinitespire:EvilPickle","Replay:Grab Bag","SlaversCollar","Philosopher\u0027s Stone","MoonlightInvasionPlan","Sling","AT_BellDemon","Vajra","Garlic","ReplayTheSpireMod:Ninjato","infinitespire:Beetle Shell","Unceasing Top","AT_BellowingDragoncrestRing","AT_ChloranthyRing","GodSword7"],"acts_visited":["Exordium","TheCity","TheBeyond","TheEnding"],"potions_floor_usage":[38],"damage_taken":[{"damage":0.0,"enemies":"Small Slimes","floor":1.0,"turns":1.0},{"damage":1.0,"enemies":"Jaw Worm","floor":2.0,"turns":2.0},{"damage":0.0,"enemies":"2 Louse","floor":3.0,"turns":1.0},{"damage":0.0,"enemies":"Looter","floor":5.0,"turns":3.0},{"damage":0.0,"enemies":"Gremlin Nob","floor":7.0,"turns":3.0},{"damage":0.0,"enemies":"Lagavulin","floor":10.0,"turns":2.0},{"damage":0.0,"enemies":"Large Slime","floor":14.0,"turns":2.0},{"damage":0.0,"enemies":"Fading Forest","floor":16.0,"turns":8.0},{"damage":0.0,"enemies":"2 Thieves","floor":18.0,"turns":3.0},{"damage":0.0,"enemies":"Spheric Guardian","floor":19.0,"turns":1.0},{"damage":20.0,"enemies":"Snake Plant","floor":20.0,"turns":4.0},{"damage":15.0,"enemies":"Chosen and Byrds","floor":22.0,"turns":3.0},{"damage":9.0,"enemies":"Centurion and Healer","floor":24.0,"turns":3.0},{"damage":0.0,"enemies":"Snake Plant","floor":25.0,"turns":3.0},{"damage":42.0,"enemies":"Slavers","floor":27.0,"turns":4.0},{"damage":1.0,"enemies":"Replay:Snechameleon","floor":29.0,"turns":3.0},{"damage":7.0,"enemies":"Chosen and Byrds","floor":31.0,"turns":3.0},{"damage":6.0,"enemies":"Pondfish","floor":33.0,"turns":5.0},{"damage":0,"enemies":"3 Darklings","floor":35,"turns":4},{"damage":10,"enemies":"3 Shapes","floor":36,"turns":1},{"damage":28,"enemies":"Writhing Mass","floor":38,"turns":3},{"damage":0,"enemies":"R_Hoarder","floor":40,"turns":2},{"damage":9,"enemies":"Transient","floor":41,"turns":5},{"damage":15,"enemies":"Giant Head","floor":42,"turns":3},{"damage":0,"enemies":"Jaw Worm Horde","floor":46,"turns":1},{"damage":17,"enemies":"Replay:Hell Engine","floor":50,"turns":2},{"damage":17,"enemies":"Shield and Spear","floor":54,"turns":2},{"damage":46,"enemies":"The Heart","floor":55,"turns":3}],"seed_played":"36790718456832331","potions_obtained":[{"floor":1.0,"key":"AttackPotion"},{"floor":14.0,"key":"SteroidPotion"},{"floor":16.0,"key":"SpeedPotion"},{"floor":20.0,"key":"DistilledChaos"},{"floor":24.0,"key":"champ:CounterPotion"},{"floor":25.0,"key":"ColorlessPotion"},{"floor":29.0,"key":"Venom Potion"},{"floor":41,"key":"AttackPotion"}],"is_trial":false,"path_per_floor":["M","M","M","?","M","R","E","$","T","E","R","?","?","M","R","B",null,"M","M","M","?","M","?","M","M","T","E","R","E","T","M","R","B",null,"M","M","$","M","?","E","M","E","T","R","$","M","?","?","R","B",null,"R","$","E","B",null],"character_chosen":"THE_SILENT","items_purchased":["RidiculousThoughts","Thinking Ahead","Sling","Flash of Steel"],"campfire_rested":0,"item_purchase_floors":[8,37,37,53],"current_hp_per_floor":[77,76,76,76,76,76,76,76,76,90,90,90,91,93,96,117,117,122,128,112,112,101,101,103,115,115,88,88,91,91,98,98,107,243,278,272,291,267,287,291,307,296,296,296,296,322,324,248,248,235,432,432,458,472,430],"gold":656,"neow_bonus":"TEN_PERCENT_HP_BONUS","is_daily":false,"chose_seed":false,"campfire_upgraded":5,"win_rate":0.0,"timestamp":1610240614,"path_taken":["M","M","M","?","M","R","E","$","T","E","R","?","?","M","R","BOSS","M","M","M","?","M","?","?","M","T","E","R","E","?","M","R","BOSS","M","M","$","M","?","E","M","E","T","R","$","M","?","?","R","BOSS","R","$","E","BOSS"],"items_purchased_type":["Card","Card","Relic","Card"],"build_version":"2020-12-22","purchased_purges":2,"victory":true,"max_hp_per_floor":[77,77,77,77,77,77,77,77,77,91,91,91,92,94,97,117,117,122,128,128,128,128,128,135,143,143,152,152,152,152,162,162,173,243,278,278,297,297,317,317,338,338,338,338,338,360,407,432,432,432,432,432,458,485,485],"card_choices":[{"not_picked":["Hidden Blade","Dagger Spray"],"picked":"Infinite Blades","floor":1.0},{"not_picked":["Backflip","Tactician","Deadly Poison","Outmaneuver","Flechettes"],"picked":"SKIP","floor":2.0},{"not_picked":["Poisoned Stab","MostiFishMod:PreservedThorns","PiercingWail","Outmaneuver"],"picked":"Setup","floor":3.0},{"not_picked":["Noxious Fumes","Deadly Poison","Sucker Punch","Backflip"],"picked":"ReplayTheSpireMod:Shiv Toss","floor":5.0},{"not_picked":["Slice","Tools of the Trade","Backstab","Sneak Up","Acrobatics"],"picked":"SKIP","floor":7.0},{"not_picked":["Terror","Noxious Fumes","Dagger Spray","Backflip","Cloak And Dagger"],"picked":"SKIP","floor":10.0},{"not_picked":["Dagger Throw","Deflect","Poisoned Stab","Underhanded Strike"],"picked":"MostiFishMod:FullyArmed","floor":14.0},{"not_picked":["ReplayTheSpireMod:From All Sides","Burst","AT_EssenceShift","Grand Finale"],"picked":"MostiFishMod:VineMother","floor":16.0},{"not_picked":["ReplayTheSpireMod:Corrosion Curse","Pummel","Sucker Punch","Well Laid Plans","Iron Wave"],"picked":"AT_WomanClash","floor":18.0},{"not_picked":["Rage+1","Anger","Dodge and Roll","Power Through","Body Slam"],"picked":"Pommel Strike","floor":19.0},{"not_picked":["AT_WindFlip+1","MostiFishMod:PerfectParry","ReplayTheSpireMod:Shiv Toss","Replay:Undeath\u0027s Touch","Bouncing Flask+1","Wild Strike"],"picked":"SKIP","floor":20.0},{"not_picked":["Whirlwind","Fluid Movement","Cleave+1","PiercingWail","Draining Mist+1","Shrug It Off"],"picked":"SKIP","floor":22.0},{"not_picked":["Shrug It Off","AT_FocusSwordFire+1","ReplayTheSpireMod:Scrap Shanks+1","MostiFishMod:WinterMarkForm","Iron Wave"],"picked":"Rampage","floor":24.0},{"not_picked":["Rupture","Dark Embrace+1","Iron Wave","Anger+1","Uppercut"],"picked":"Distraction+1","floor":25.0},{"not_picked":["infinitespire:OneForAll","Defy Death","Wild Strike","All Out Attack","Disarm"],"picked":"AT_IchimonjiDouble","floor":27.0},{"not_picked":["AT_DiedThrough","Footwork","Inflame+1","Wild Strike","ReplayTheSpireMod:Speed Training","Fluid Movement"],"picked":"SKIP","floor":29.0},{"not_picked":["Outmaneuver","Hemogenesis","Bane+1","Clash+1","Sword Boomerang"],"picked":"AT_BodySlamDance","floor":31.0},{"not_picked":["Cleave","Footwork","Body Slam+1","Perfected Strike","Deflect","Rage"],"picked":"SKIP","floor":31.0},{"not_picked":["Double Tap","Malaise","Reaper","Demonic Infusion","Hemogenesis"],"picked":"MostiFishMod:Chiaki","floor":33.0},{"not_picked":["Backflip","Clash+1","Choke","True Grit","Anger+1"],"picked":"Prepared","floor":35},{"not_picked":["Deflect+1","Poisoned Stab","MostiFishMod:BrandingRite","Dodge and Roll+1","AT_WindFlip"],"picked":"AT_ThistleTea+1","floor":35},{"not_picked":["Prepared","Body Slam","Perfected Strike","Massacre+1","Flying Knee","PiercingWail+1"],"picked":"SKIP","floor":36},{"not_picked":["infinitespire:OneForAll+1","Twin Strike+1","Immolate","Iron Wave+1","AT_ShadowStep","MostiFishMod:PerfectParry+1"],"picked":"SKIP","floor":36},{"not_picked":["Body Slam","Second Wind+1","Replay:Undeath\u0027s Touch+1","Slice+1","Flex","MostiFishMod:FrostNova"],"picked":"SKIP","floor":38},{"not_picked":["Blur","Body Slam","Warcry","Burning Pact","AT_WindFlip","Twin Strike"],"picked":"SKIP","floor":38},{"not_picked":["Hidden Blade","Acrobatics","Thunderclap+1","AT_FocusSwordFire+1","ReplayTheSpireMod:Necrosis","Quick Slash+1"],"picked":"SKIP","floor":40},{"not_picked":["True Grit","Anger","Heavy Blade+1","Deadly Poison+1","Warcry"],"picked":"Catalyst+1","floor":41},{"not_picked":["Life Link+1","PiercingWail+1","Setup+1","Armaments","MostiFishMod:PerfectParry","AT_WindFlip+1"],"picked":"SKIP","floor":41},{"not_picked":["Anger+1","MostiFishMod:PerfectParry","Flex+1","Dodge and Roll","Backflip+1","Bane+1"],"picked":"SKIP","floor":42},{"not_picked":["AT_WindFlip+1","Life Link+1","AT_BodySlamDance","Deadly Poison","Perfected Strike+1"],"picked":"Cloak And Dagger","floor":46},{"not_picked":["Heavy Blade+1","Replay:Poison Smokescreen","Perfected Strike","AT_BodySlamDance","Replay:Undeath\u0027s Touch","Pommel Strike"],"picked":"SKIP","floor":46},{"not_picked":["AT_ShadowStep+1","MostiFishMod:InvigoratingSolution+1","Thunderclap+1","Sword Boomerang+1","Setup"],"picked":"Shrug It Off+1","floor":48},{"not_picked":["All Out Attack","ReplayTheSpireMod:Limb From Limb+1","Slice+1","Headbutt+1","Acrobatics+1"],"picked":"Infernal Blade+1","floor":54}],"player_experience":53109,"relics_obtained":[{"floor":1.0,"key":"SynthV:TestCard"},{"floor":7.0,"key":"Mirror"},{"floor":9.0,"key":"DianDianMeat"},{"floor":10.0,"key":"Mango"},{"floor":27.0,"key":"ReplayTheSpireMod:Shallot"},{"floor":29.0,"key":"Juzu Bracelet"},{"floor":30.0,"key":"infinitespire:Lucky Rock"},{"floor":32.0,"key":"StrikeDummy"},{"floor":40,"key":"AT_BellDemon"},{"floor":41,"key":"Vajra"},{"floor":42,"key":"Garlic"},{"floor":42,"key":"ReplayTheSpireMod:Ninjato"},{"floor":43,"key":"infinitespire:Beetle Shell"},{"floor":46,"key":"Unceasing Top"},{"floor":48,"key":"AT_BellowingDragoncrestRing"},{"floor":54,"key":"AT_ChloranthyRing"},{"floor":54,"key":"GodSword7"}],"event_choices":[{"damage_healed":0.0,"max_hp_gain":0.0,"max_hp_loss":0.0,"gold_gain":0.0,"event_name":"Liars Game","player_choice":"Ignored","floor":4.0,"gold_loss":0.0,"damage_taken":0.0},{"damage_healed":0.0,"max_hp_gain":0.0,"max_hp_loss":0.0,"gold_gain":100.0,"event_name":"Golden Shrine","player_choice":"Pray","floor":23.0,"gold_loss":0.0,"damage_taken":0.0},{"damage_healed":0,"gold_gain":0,"player_choice":"Embrace Madness","damage_taken":45,"max_hp_gain":0,"max_hp_loss":0,"event_name":"Winding Halls","floor":47,"gold_loss":0,"cards_obtained":["Madness","Madness"]}],"is_beta":false,"boss_relics":[{"not_picked":["xbg","DiscerningMonocle"],"picked":"aspiration:IroncladSkillbook"},{"not_picked":["MostiFishMod:Hod","Coffee Dripper"],"picked":"Replay:Grab Bag"},{"not_picked":["Sozu","infinitespire:Cupcake"],"picked":"SlaversCollar"},{"not_picked":["Cursed Key","Runic Dome"],"picked":"Philosopher\u0027s Stone"},{"not_picked":["Calling Bell","FixedStarFall"],"picked":"MoonlightInvasionPlan"}],"items_purged_floors":[45,53],"is_endless":false,"potions_floor_spawned":[1,10,14,16,20,24,25,29,31,33,36,41,46],"ascension_level":0}}