{"host":"9d9dhukr2jywmy0f","time":1610284286,"event":{"mods":["2.2 Compatiblity","Alarm Clock","BaseMod","Bestiary","Block Reminder","Colored Map","Colored Powertips","Curses Come First","DeckTracker","Energized Spire","Highlight Path","Key Reminder","Minty Spire (QoL Compilation)","Quick Restart","Rare Cards Sparkle","Relic Sorter","Relic Stats","Spire Birthday Party","StSLib","SuperFastMode","Synergy Search","Unceasing Turn Reminder","Unknown Chances"],"gold_per_floor":[117,117,117,117,136,136,170,170,170,185,216,231,250,266,266,338,338,353,191,204,221,121,121,135,135,159,159,191,208,243,118,118,196,196,213,435,452,466,316,316,158,158,184,200,211,223,223,235,235,235,235,235,235,51,81,81],"floor_reached":57,"playtime":2969,"items_purged":["Strike_R","Strike_R","Strike_R","Strike_R"],"score":2897,"play_id":"7c3bc15e-ac84-448a-9781-e43c61a03f1f","local_time":"20210110211126","is_ascension_mode":true,"campfire_choices":[{"data":"Armaments","floor":6.0,"key":"SMITH"},{"data":"Body Slam","floor":8.0,"key":"SMITH"},{"data":"Fire Breathing","floor":15.0,"key":"SMITH"},{"data":"Offering","floor":23.0,"key":"SMITH"},{"data":"Battle Trance","floor":25.0,"key":"SMITH"},{"data":"Burning Pact","floor":27.0,"key":"SMITH"},{"floor":32.0,"key":"RECALL"},{"data":"True Grit","floor":40.0,"key":"SMITH"},{"data":"Entrench","floor":49.0,"key":"SMITH"},{"data":"Master of Strategy","floor":53.0,"key":"SMITH"}],"circlet_count":0,"master_deck":["AscendersBane","Defend_R","Defend_R","Defend_R","Defend_R","Bash+1","Body Slam+1","Armaments+1","Body Slam+1","Shrug It Off","True Grit+1","Offering+1","Battle Trance+1","Burning Pact+1","Master of Strategy+1","Entrench+1","Discovery","Shame","Power Through"],"relics":["Burning Blood","NeowsBlessing","Orichalcum","Molten Egg 2","StrikeDummy","energizedSpire:CursedPentagram","Ancient Tea Set","Darkstone Periapt","Red Mask","SlaversCollar","Medical Kit","Whetstone","Lantern"],"acts_visited":["Exordium","TheCity","TheBeyond","TheEnding"],"potions_floor_usage":[56,56],"damage_taken":[{"damage":0.0,"enemies":"Cultist","floor":1.0,"turns":1.0},{"damage":0.0,"enemies":"Jaw Worm","floor":5.0,"turns":1.0},{"damage":0.0,"enemies":"Lagavulin","floor":7.0,"turns":1.0},{"damage":0.0,"enemies":"Small Slimes","floor":10.0,"turns":2.0},{"damage":40.0,"enemies":"Gremlin Nob","floor":11.0,"turns":5.0},{"damage":4.0,"enemies":"Gremlin Gang","floor":12.0,"turns":5.0},{"damage":0.0,"enemies":"Lots of Slimes","floor":13.0,"turns":4.0},{"damage":15.0,"enemies":"3 Louse","floor":14.0,"turns":4.0},{"damage":35.0,"enemies":"Hexaghost","floor":16.0,"turns":10.0},{"damage":0.0,"enemies":"2 Thieves","floor":18.0,"turns":3.0},{"damage":10.0,"enemies":"Shell Parasite","floor":20.0,"turns":4.0},{"damage":6.0,"enemies":"Centurion and Healer","floor":21.0,"turns":4.0},{"damage":6.0,"enemies":"Chosen and Byrds","floor":24.0,"turns":4.0},{"damage":6.0,"enemies":"Gremlin Leader","floor":28.0,"turns":4.0},{"damage":32.0,"enemies":"Snecko","floor":29.0,"turns":6.0},{"damage":6.0,"enemies":"Masked Bandits","floor":30.0,"turns":2.0},{"damage":20.0,"enemies":"Collector","floor":33.0,"turns":11.0},{"damage":6.0,"enemies":"3 Darklings","floor":35.0,"turns":9.0},{"damage":0.0,"enemies":"3 Shapes","floor":37.0,"turns":4.0},{"damage":6.0,"enemies":"3 Darklings","floor":38.0,"turns":6.0},{"damage":21.0,"enemies":"Spire Growth","floor":44.0,"turns":4.0},{"damage":6.0,"enemies":"Writhing Mass","floor":45.0,"turns":6.0},{"damage":17.0,"enemies":"Maw","floor":46.0,"turns":6.0},{"damage":6.0,"enemies":"4 Shapes","floor":48.0,"turns":2.0},{"damage":6.0,"enemies":"Awakened One","floor":50.0,"turns":9.0},{"damage":6.0,"enemies":"Donu and Deca","floor":51.0,"turns":5.0},{"damage":6.0,"enemies":"Shield and Spear","floor":55.0,"turns":5.0},{"damage":64,"enemies":"The Heart","floor":56,"turns":9}],"seed_played":"1993134759961592181","potions_obtained":[{"floor":1.0,"key":"BloodPotion"},{"floor":11.0,"key":"LiquidMemories"},{"floor":12.0,"key":"BlessingOfTheForge"},{"floor":14.0,"key":"ColorlessPotion"},{"floor":16.0,"key":"SteroidPotion"},{"floor":18.0,"key":"EssenceOfSteel"},{"floor":20.0,"key":"Dexterity Potion"},{"floor":28.0,"key":"Explosive Potion"},{"floor":30.0,"key":"SkillPotion"},{"floor":37.0,"key":"BloodPotion"},{"floor":45.0,"key":"DuplicationPotion"}],"is_trial":false,"path_per_floor":["M","T","?","?","M","R","E","R","T","M","E","M","M","M","R","B",null,"M","$","M","M","$","R","M","R","T","R","E","M","?","$","R","B",null,"M","?","M","M","$","R","$","?","T","M","M","M","?","M","R","B","B",null,"R","$","E","B",null],"character_chosen":"IRONCLAD","items_purchased":["Battle Trance","Medical Kit","Discovery","Power Through"],"campfire_rested":0,"item_purchase_floors":[19,41,54,54],"current_hp_per_floor":[74,74,67,63,69,69,75,75,75,75,41,58,64,55,55,26,63,69,69,65,65,65,65,65,65,65,65,65,39,39,39,39,25,63,63,63,69,69,69,69,69,69,69,69,69,58,58,58,58,58,58,71,71,77,77,19],"gold":81,"neow_bonus":"THREE_ENEMY_KILL","is_daily":false,"chose_seed":false,"campfire_upgraded":9,"win_rate":0.0,"timestamp":1610284286,"path_taken":["M","?","?","?","M","R","E","R","T","M","E","M","M","M","R","BOSS","M","$","?","M","$","R","?","R","T","R","E","M","?","?","R","BOSS","M","?","M","M","$","R","$","?","T","M","M","M","?","M","R","BOSS","BOSS","R","$","E","BOSS"],"items_purchased_type":["Card","Relic","Card","Card"],"build_version":"2020-11-30","purchased_purges":4,"victory":true,"max_hp_per_floor":[75,75,75,75,75,75,75,75,75,75,75,75,75,75,75,75,75,75,75,75,75,75,75,75,75,75,75,75,75,75,75,75,75,75,75,75,75,75,75,75,75,75,75,75,75,75,75,75,75,75,75,75,75,81,81,81],"relic_stats":{"Darkstone Periapt":6,"counters":[28,136],"Whetstone":["Bash"],"Orichalcum":[54],"Medical Kit":[28],"obtain_stats":[{"Darkstone Periapt":28,"Lantern":55,"NeowsBlessing":0,"Whetstone":43,"Orichalcum":2,"Ancient Tea Set":26,"Medical Kit":41,"Burning Blood":0,"keyreminder:keyreminder":7,"SlaversCollar":34,"energizedSpire:CursedPentagram":17,"Molten Egg 2":7,"Red Mask":30,"StrikeDummy":11},{"Darkstone Periapt":14,"Lantern":27,"NeowsBlessing":0,"Whetstone":20,"Orichalcum":1,"Ancient Tea Set":13,"Medical Kit":20,"Burning Blood":0,"keyreminder:keyreminder":3,"SlaversCollar":17,"energizedSpire:CursedPentagram":9,"Molten Egg 2":3,"Red Mask":16,"StrikeDummy":5},{"Darkstone Periapt":52,"Lantern":127,"NeowsBlessing":0,"Whetstone":90,"Orichalcum":1,"Ancient Tea Set":48,"Medical Kit":90,"Burning Blood":0,"keyreminder:keyreminder":3,"SlaversCollar":71,"energizedSpire:CursedPentagram":33,"Molten Egg 2":3,"Red Mask":60,"StrikeDummy":10}],"Burning Blood":162},"card_choices":[{"not_picked":["Flex","Iron Wave"],"picked":"Body Slam","floor":1.0},{"not_picked":["Sentinel","Wild Strike"],"picked":"Armaments","floor":5.0},{"not_picked":["Double Tap","Pummel+1"],"picked":"Body Slam+1","floor":7.0},{"not_picked":["Rupture","Dual Wield","Wild Strike+1"],"picked":"SKIP","floor":10.0},{"not_picked":["Headbutt+1","Armaments"],"picked":"Shrug It Off","floor":11.0},{"not_picked":["Brutality","Flex","Thunderclap+1"],"picked":"SKIP","floor":12.0},{"not_picked":["Infernal Blade","Clash+1"],"picked":"Fire Breathing","floor":13.0},{"not_picked":["Flex","Pommel Strike+1"],"picked":"True Grit","floor":14.0},{"not_picked":["Bludgeon+1","Demon Form"],"picked":"Offering","floor":16.0},{"not_picked":["Clash+1","Metallicize","Anger+1"],"picked":"SKIP","floor":18.0},{"not_picked":["Metallicize","Clash+1","Spot Weakness"],"picked":"SKIP","floor":20.0},{"not_picked":["Ghostly Armor","Cleave+1","Thunderclap+1"],"picked":"SKIP","floor":21.0},{"not_picked":["Clash+1","Seeing Red"],"picked":"Burning Pact","floor":24.0},{"not_picked":["Searing Blow+1","Sword Boomerang+1","Dual Wield"],"picked":"SKIP","floor":28.0},{"not_picked":["Pommel Strike+1","Wild Strike+1","Dropkick+1"],"picked":"SKIP","floor":29.0},{"not_picked":["Body Slam+1","Heavy Blade+1","Infernal Blade"],"picked":"SKIP","floor":35.0},{"not_picked":["Wild Strike+1","Body Slam+1","Carnage+1"],"picked":"SKIP","floor":37.0},{"not_picked":["Blood for Blood+1","Infernal Blade","Clothesline+1"],"picked":"SKIP","floor":38.0},{"not_picked":["Violence","Thinking Ahead"],"picked":"Master of Strategy","floor":42.0},{"not_picked":["Iron Wave+1","Twin Strike+1","Shrug It Off"],"picked":"SKIP","floor":44.0},{"not_picked":["Pommel Strike+1","Headbutt+1"],"picked":"Entrench","floor":45.0},{"not_picked":["Havoc","True Grit+1","Cleave+1"],"picked":"SKIP","floor":46.0},{"not_picked":["Pummel+1","Cleave+1","Flex"],"picked":"SKIP","floor":48.0},{"not_picked":["Reckless Charge+1","Combust","True Grit"],"picked":"SKIP","floor":55.0}],"player_experience":813074,"relics_obtained":[{"floor":2.0,"key":"Orichalcum"},{"floor":7.0,"key":"Molten Egg 2"},{"floor":11.0,"key":"StrikeDummy"},{"floor":26.0,"key":"Ancient Tea Set"},{"floor":28.0,"key":"Darkstone Periapt"},{"floor":30.0,"key":"Red Mask"},{"floor":43.0,"key":"Whetstone"},{"floor":55.0,"key":"Lantern"}],"event_choices":[{"cards_removed":["Strike_R"],"damage_healed":0.0,"max_hp_gain":0.0,"max_hp_loss":0.0,"gold_gain":0.0,"event_name":"Golden Wing","player_choice":"Card Removal","floor":3.0,"gold_loss":0.0,"damage_taken":7.0},{"damage_healed":0.0,"max_hp_gain":0.0,"max_hp_loss":0.0,"gold_gain":0.0,"event_name":"The Woman in Blue","player_choice":"Bought 0 Potions","floor":4.0,"gold_loss":0.0,"damage_taken":0.0},{"damage_healed":0.0,"max_hp_gain":0.0,"max_hp_loss":0.0,"gold_gain":0.0,"event_name":"Masked Bandits","player_choice":"Fought Bandits","floor":30.0,"gold_loss":0.0,"damage_taken":0.0},{"damage_healed":0.0,"max_hp_gain":0.0,"max_hp_loss":0.0,"gold_gain":222.0,"event_name":"Tomb of Lord Red Mask","player_choice":"Wore Mask","floor":36.0,"gold_loss":0.0,"damage_taken":0.0},{"damage_healed":0.0,"max_hp_gain":0.0,"max_hp_loss":0.0,"gold_gain":0.0,"event_name":"SensoryStone","player_choice":"Memory 1","floor":42.0,"gold_loss":0.0,"damage_taken":0.0},{"cards_removed":["Fire Breathing"],"damage_healed":0.0,"max_hp_gain":0.0,"max_hp_loss":0.0,"gold_gain":0.0,"event_name":"Falling","player_choice":"Removed Power","floor":47.0,"gold_loss":0.0,"damage_taken":0.0}],"is_beta":false,"boss_relics":[{"not_picked":["Snecko Eye","Runic Cube"],"picked":"energizedSpire:CursedPentagram"},{"not_picked":["Fusion Hammer","Astrolabe"],"picked":"SlaversCollar"}],"items_purged_floors":[19,22,31,39],"is_endless":false,"potions_floor_spawned":[1,11,12,14,16,18,20,28,30,37,45,46,55],"ascension_level":20}}