{"host":"9pyycf52ue0q5eil","time":1610260970,"event":{"mods":["100% Spire Juice","2.2 Compatiblity","AchievementEnabler","AlwaysNeverKeys","BaseMod","BetterRewards","Colored Map","Colored Powertips","Data Control","Defuse TimeMaze Blight","Highlight Path","MarisaÅiñ∂âJÅ@ñÇóùçπÅj","Minty Spire (QoL Compilation)","Permanent Neow","Quick Restart","Rare Cards Sparkle","Remove Card Discount Mod","Shop Mod","StSLib","Synergy Search","The Servant 0.9.4","UnlockEverythingMod"],"gold_per_floor":[117,67,78,98,113,113,146,146,170,186,21,38,54,54,54,38,38,38],"floor_reached":17,"playtime":771,"items_purged":["Moonworks:Strike","Moonworks:Defend"],"score":209,"play_id":"a2c39511-348b-41e0-9860-dacec94d0f15","local_time":"20210110144250","is_ascension_mode":false,"campfire_choices":[{"data":"Moonworks:DeployBits","floor":6,"key":"SMITH"},{"data":"Moonworks:Ambush","floor":8,"key":"SMITH"},{"floor":15,"key":"REST"}],"circlet_count":0,"master_deck":["Moonworks:Strike","Moonworks:Strike","Moonworks:Strike","Moonworks:Defend","Moonworks:Defend","Moonworks:Defend","Moonworks:Ambush+1","Moonworks:LongDistanceShot","Moonworks:ImOnFire","Moonworks:NicePresent","Moonworks:DeployBits+1","Moonworks:Assault","Moonworks:CloudOfSeagulls","Moonworks:EvilSpyWorkPreparation","Moonworks:FinalSurgery","Moonworks:Flamethrower+1","Moonworks:SinkOrSwim"],"relics":["Moonworks:BrokenBomb","Moonworks:Homemark","Bag of Marbles","Blood Vial","Velvet Choker"],"acts_visited":["Exordium","TheCity"],"potions_floor_usage":[7],"damage_taken":[{"damage":0,"enemies":"Cultist","floor":1,"turns":2},{"damage":0,"enemies":"2 Louse","floor":3,"turns":2},{"damage":0,"enemies":"Small Slimes","floor":4,"turns":2},{"damage":0,"enemies":"Red Slaver","floor":5,"turns":2},{"damage":19,"enemies":"Gremlin Nob","floor":7,"turns":3},{"damage":0,"enemies":"Exordium Thugs","floor":10,"turns":3},{"damage":0,"enemies":"Looter","floor":12,"turns":1},{"damage":0,"enemies":"Red Slaver","floor":13,"turns":2},{"damage":0,"enemies":"Slime Boss","floor":16,"turns":3}],"seed_played":"4504968811978999619","potions_obtained":[{"floor":5,"key":"Swift Potion"},{"floor":10,"key":"Swift Potion"},{"floor":13,"key":"GamblersBrew"}],"is_trial":false,"path_per_floor":["M","$","M","M","M","R","E","R","T","M","?","M","M","?","R","B",null],"character_chosen":"THE_STARBREAKER","items_purchased":["Moonworks:DeployBits"],"campfire_rested":1,"item_purchase_floors":[2],"current_hp_per_floor":[60,60,60,60,60,60,41,41,41,43,32,34,36,36,54,56,60,60],"gold":38,"neow_bonus":"THREE_CARDS","is_daily":false,"chose_seed":false,"campfire_upgraded":2,"win_rate":0.0,"timestamp":1610260970,"path_taken":["M","$","M","M","M","R","E","R","T","?","?","M","M","?","R","BOSS"],"items_purchased_type":["Card"],"build_version":"2020-12-22","purchased_purges":2,"victory":false,"max_hp_per_floor":[60,60,60,60,60,60,60,60,60,60,60,60,60,60,60,60,60,60],"card_choices":[{"not_picked":["Moonworks:WindyEnchantment","Moonworks:BeyondHell"],"picked":"Moonworks:ImOnFire","floor":0},{"not_picked":["Moonworks:BigMagnum","Moonworks:ForcedRevival"],"picked":"Moonworks:NicePresent","floor":1},{"not_picked":["Moonworks:NicePresent","Moonworks:WindyEnchantment"],"picked":"Moonworks:Assault","floor":3},{"not_picked":["Moonworks:DeployBits","Moonworks:UnpaidWork"],"picked":"Moonworks:CloudOfSeagulls","floor":4},{"not_picked":["Moonworks:DeployBits","Moonworks:Poppoformation","Moonworks:ImOnFire"],"picked":"SKIP","floor":5},{"not_picked":["Moonworks:ReproductionOfRecords","Moonworks:NicePresent"],"picked":"Moonworks:EvilSpyWorkPreparation","floor":7},{"not_picked":["Moonworks:ImmovableObject","Moonworks:WindyEnchantment"],"picked":"Moonworks:FinalSurgery","floor":10},{"not_picked":["Moonworks:CloudOfSeagulls","Moonworks:WindyEnchantment"],"picked":"Moonworks:Flamethrower","floor":12},{"not_picked":["Moonworks:DeployBits","Moonworks:ScrambledEve","Moonworks:AwakeningOfTalent"],"picked":"SKIP","floor":13},{"not_picked":["Moonworks:EvilMastermind","Moonworks:ShieldCounter"],"picked":"Moonworks:SinkOrSwim","floor":16}],"player_experience":197298,"relics_obtained":[{"floor":7,"key":"Bag of Marbles"},{"floor":9,"key":"Blood Vial"}],"event_choices":[{"damage_healed":0,"gold_gain":75,"player_choice":"Gather Gold","damage_taken":11,"max_hp_gain":0,"max_hp_loss":0,"event_name":"World of Goop","floor":11,"gold_loss":0},{"damage_healed":0,"gold_gain":0,"player_choice":"Upgraded","damage_taken":0,"max_hp_gain":0,"max_hp_loss":0,"event_name":"Upgrade Shrine","floor":14,"gold_loss":0,"cards_upgraded":["Moonworks:Flamethrower"]}],"is_beta":false,"boss_relics":[{"not_picked":["SacredBark","Ectoplasm"],"picked":"Velvet Choker"}],"items_purged_floors":[2,2],"is_endless":false,"potions_floor_spawned":[5,10,13],"ascension_level":0}}