{"host":"uflv0e3ja7hvnij7","time":1610294894,"event":{"mods":["BaseMod","Better Altar","Better Match","Better Note","Better Sensory Stone","Better Skull","Better Third Choice","Marisa????????","Minty Spire (QoL Compilation)","Permanent Neow","Replay The Spire","StSLib"],"gold_per_floor":[114,114,133,151,151,151,161,173,173,71,21,39,74,85,85,85,85],"floor_reached":16,"playtime":792,"items_purged":["Strike_B"],"score":135,"play_id":"71edbfce-c719-4f4f-86e7-29cc649f7bc0","local_time":"20210110110814","is_ascension_mode":true,"campfire_choices":[{"data":"White Noise","floor":6,"key":"SMITH"},{"floor":15,"key":"DIG"}],"circlet_count":0,"master_deck":["Defend_B","Defend_B","Defend_B","Zap","Dualcast","Consume+1","Melter+1","Amplify+1","White Noise+1","Self Repair","Self Repair","Hologram","ReplayTheSpireMod:Calculation Training+1","Reboot"],"relics":["Cracked Core","Astrolabe","Centennial Puzzle","Anchor","Replay:Bottled Eggs"],"acts_visited":["Exordium"],"potions_floor_usage":[12],"damage_taken":[{"damage":6,"enemies":"Jaw Worm","floor":1,"turns":4},{"damage":10,"enemies":"2 Louse","floor":3,"turns":2},{"damage":2,"enemies":"Small Slimes","floor":4,"turns":4},{"damage":16,"enemies":"Looter","floor":7,"turns":4},{"damage":17,"enemies":"2 Fungi Beasts","floor":8,"turns":4},{"damage":2,"enemies":"Gremlin Gang","floor":12,"turns":2},{"damage":12,"enemies":"Lagavulin","floor":13,"turns":7},{"damage":3,"enemies":"Large Slime","floor":14,"turns":6},{"damage":0,"enemies":"Slime Boss","floor":16,"turns":1}],"seed_played":"2707558817395157286","potions_obtained":[{"floor":1,"key":"BlessingOfTheForge"},{"floor":3,"key":"AttackPotion"},{"floor":14,"key":"SteroidPotion"}],"is_trial":false,"path_per_floor":["M","?","M","M","?","R","M","M","T","$","?","M","E","M","R","B"],"character_chosen":"DEFECT","items_purchased":["Hologram"],"campfire_rested":0,"item_purchase_floors":[10],"current_hp_per_floor":[62,67,57,55,48,48,39,43,43,43,43,55,64,75,75,75,75],"gold":85,"neow_bonus":"CURSED_BOSS_RELIC","is_daily":false,"chose_seed":false,"campfire_upgraded":1,"win_rate":0.0,"timestamp":1610294894,"path_taken":["M","?","M","M","?","R","M","M","T","?","?","M","E","M","R","BOSS"],"items_purchased_type":["Card"],"build_version":"2020-12-22","purchased_purges":1,"victory":false,"max_hp_per_floor":[75,80,80,80,80,80,80,80,80,80,80,80,80,80,80,80,80],"card_choices":[{"not_picked":["Rip and Tear","Sunder","Go for the Eyes"],"picked":"SKIP","floor":1},{"not_picked":["Steam Power","Compile Driver"],"picked":"White Noise","floor":3},{"not_picked":["Turbo","Recycle"],"picked":"Self Repair","floor":4},{"not_picked":["Stack","Doom and Gloom"],"picked":"Self Repair","floor":7},{"not_picked":["Coolheaded","Hello World","Stack"],"picked":"SKIP","floor":8},{"not_picked":["Beam Cell","Machine Learning"],"picked":"ReplayTheSpireMod:Calculation Training","floor":12},{"not_picked":["Coolheaded","Redo"],"picked":"Reboot","floor":13},{"not_picked":["Recycle","Reprogram","Compile Driver"],"picked":"SKIP","floor":14}],"player_experience":536893,"relics_obtained":[{"floor":9,"key":"Centennial Puzzle"},{"floor":13,"key":"Anchor"},{"floor":15,"key":"Replay:Bottled Eggs"}],"event_choices":[{"damage_healed":0,"gold_gain":0,"player_choice":"Donut","damage_taken":0,"max_hp_gain":5,"max_hp_loss":0,"event_name":"Big Fish","floor":2,"gold_loss":0},{"cards_removed":["Clumsy"],"damage_healed":0,"gold_gain":0,"player_choice":"Card Removal","damage_taken":7,"max_hp_gain":0,"max_hp_loss":0,"event_name":"Golden Wing","floor":5,"gold_loss":0},{"cards_removed":["Defend_B"],"damage_healed":0,"gold_gain":0,"player_choice":"Card Removal","damage_taken":0,"max_hp_gain":0,"max_hp_loss":0,"event_name":"The Cleric","floor":11,"gold_loss":50}],"is_beta":false,"boss_relics":[],"items_purged_floors":[10],"is_endless":false,"potions_floor_spawned":[1,3,14],"killed_by":"Slime Boss","ascension_level":6}}