{"host":"dfyfjscm69glluav","time":1610258894,"event":{"mods":["BaseMod","Marisa£¨Ùöéë¡¡Øª×âÞÞ£©","Minty Spire (QoL Compilation)","Replay The Spire","StSLib","The Cursed","The Hierophant","The Runesmith"],"gold_per_floor":[116,9101,9151,9165,9165,9165,9179,9204,9204,8025,8025,8025,8039,8059,8059,8160,8160,8179,7320,7336,6242,6260,6260,6297,6297,6297,6334,6416,6438,6438,6459,6459,6473,6473,6571,6571,6592,5619,5637,5655,5655,5655,5655,5655,5655,5655,5655],"floor_reached":46,"playtime":1964,"items_purged":["Strike_B","Strike_B","Capacitor+1","Ball Lightning","Strike_B"],"score":600,"play_id":"8fd9e8fa-10b2-4aa6-8418-bdba7a85cd01","local_time":"20210110150814","is_ascension_mode":false,"campfire_choices":[{"data":"Zap","floor":6,"key":"SMITH"},{"data":"Capacitor","floor":6,"key":"SMITH"},{"data":"FIFO Queue","floor":12,"key":"SMITH"},{"data":"Crystallizer","floor":12,"key":"SMITH"},{"floor":15,"key":"REST"},{"data":"Time Bomb","floor":23,"key":"SMITH"},{"data":"The Bomb","floor":23,"key":"SMITH"},{"data":"ReplayTheSpireMod:Calculation Training","floor":32,"key":"SMITH"},{"data":"BasicCrystalCard","floor":32,"key":"SMITH"},{"data":"Electrodynamics","floor":34,"key":"SMITH"},{"data":"Stack","floor":34,"key":"SMITH"},{"data":"Redo","floor":42,"key":"SMITH"},{"data":"BasicCrystalCard","floor":42,"key":"SMITH"},{"data":"Coolheaded","floor":44,"key":"SMITH"},{"data":"Glacier","floor":44,"key":"SMITH"}],"circlet_count":0,"master_deck":["Defend_B","Defend_B","Zap+1","Dualcast","Ball Lightning","BasicCrystalCard+1","Tempest+1","Bandage Up","Go for the Eyes","Hologram+1","Stack+1","Crystallizer+1","Coolheaded+1","Time Bomb+1","BasicCrystalCard+1","Metamorphosis+1","FIFO Queue+1","Ball Lightning+1","Electrodynamics+1","Heatsinks+1","Thunder Strike+1","Conserve Battery+1","The Bomb+1","Stack+1","Self Repair","ReplayTheSpireMod:Calculation Training+1","Meteor Strike+1","ReplayTheSpireMod:GoodbyeWorld","ReplayTheSpireMod:Calculation Training+1","Genetic Algorithm+1","Rainbow+1","Lockon+1","Redo+1","Hologram+1","Glacier+1","Looming Evil"],"relics":["Cracked Core","Replay:Bandana","Replay:Arrowhead","Juzu Bracelet","Molten Egg 2","Mirror","ClockworkSouvenir","Replay:Towering Pillar of Hats","Kunai","SacredBark","War Paint","CaptainsWheel","Cauldron","Torii","TungstenRod","OrangePellets","Divine Protection","Bronze Scales","Quantum Egg","Black Star","FossilizedHelix","Calipers","Guide Book","Ring of Shattering","ReplayTheSpireMod:Ring of Exchange","Sundial"],"acts_visited":["Exordium","TheCity","TheBeyond"],"potions_floor_usage":[14,16,24,27,27,35,35,35,46],"damage_taken":[{"damage":0,"enemies":"Jaw Worm","floor":1,"turns":3},{"damage":0,"enemies":"2 Louse","floor":4,"turns":3},{"damage":3,"enemies":"Small Slimes","floor":7,"turns":3},{"damage":10,"enemies":"Looter","floor":8,"turns":2},{"damage":10,"enemies":"Blue Slaver","floor":13,"turns":4},{"damage":1,"enemies":"3 Louse","floor":14,"turns":3},{"damage":22,"enemies":"Fading Forest","floor":16,"turns":11},{"damage":23,"enemies":"Shell Parasite","floor":18,"turns":4},{"damage":10,"enemies":"Chosen","floor":20,"turns":4},{"damage":0,"enemies":"Snake Plant","floor":22,"turns":4},{"damage":24,"enemies":"Slavers","floor":24,"turns":5},{"damage":10,"enemies":"Book of Stabbing","floor":27,"turns":5},{"damage":0,"enemies":"Snecko","floor":29,"turns":5},{"damage":0,"enemies":"Chosen and Byrds","floor":31,"turns":4},{"damage":0,"enemies":"Snake Plant","floor":33,"turns":4},{"damage":10,"enemies":"Pondfish","floor":35,"turns":7},{"damage":26,"enemies":"3 Shapes","floor":37,"turns":3},{"damage":32,"enemies":"3 Darklings","floor":39,"turns":4},{"damage":0,"enemies":"Maw","floor":40,"turns":7},{"damage":34,"enemies":"Reptomancer","floor":46,"turns":2}],"seed_played":"-3885659834314508531","potions_obtained":[{"floor":1,"key":"Fire Potion"},{"floor":18,"key":"ColorlessPotion"},{"floor":19,"key":"SneckoOil"},{"floor":27,"key":"PotionOfCapacity"},{"floor":31,"key":"Explosive Potion"},{"floor":33,"key":"SpeedPotion"},{"floor":35,"key":"PotionOfCapacity"},{"floor":37,"key":"FearPotion"},{"floor":40,"key":"Languid Potion"}],"is_trial":false,"path_per_floor":["M","$","?","M","?","R","M","M","T","$","?","R","M","M","R","B",null,"M","$","M","$","M","R","E","PTL","PTL","E","T","M","?","M","R","M","R","B",null,"M","$","M","M","?","R","?","R","T","E"],"character_chosen":"DEFECT","items_purchased":["Capacitor","Replay:Bandana","Replay:Arrowhead","BlessingOfTheForge","FearPotion","Tempest","Bandage Up","Go for the Eyes","Hologram","Time Bomb","BasicCrystalCard","Ball Lightning+1","Metamorphosis","FIFO Queue","ClockworkSouvenir","Replay:Towering Pillar of Hats","Kunai","War Paint","CaptainsWheel","Cauldron","Thunder Strike+1","Torii","TungstenRod","OrangePellets","The Bomb","Redo","FossilizedHelix","Calipers","Guide Book"],"campfire_rested":1,"item_purchase_floors":[2,2,2,2,2,2,2,2,2,10,10,10,10,10,10,10,10,19,19,19,19,21,21,21,21,38,38,38,38],"current_hp_per_floor":[75,75,57,61,36,36,33,23,23,23,23,23,17,16,38,28,75,52,52,42,42,46,46,26,26,26,20,20,31,31,42,42,49,49,50,75,53,53,21,25,25,25,25,25,25,0,0],"gold":5655,"neow_bonus":"THREE_CARDS","is_daily":false,"chose_seed":false,"campfire_upgraded":14,"win_rate":0.0,"timestamp":1610258894,"path_taken":["M","$","?","M","?","R","M","M","T","$","?","R","M","M","R","BOSS","M","$","M","$","M","R","E","PTL","PTL","E","T","M","?","M","R","M","R","BOSS","M","$","M","M","?","R","?","R","T","E"],"items_purchased_type":["Card","Relic","Relic","Potion","Potion","Card","Card","Card","Card","Card","Card","Card","Card","Card","Relic","Relic","Relic","Relic","Relic","Relic","Card","Relic","Relic","Relic","Card","Card","Relic","Relic","Relic"],"build_version":"2020-12-22","purchased_purges":5,"victory":false,"max_hp_per_floor":[75,75,75,75,75,75,75,75,75,75,75,75,75,75,75,75,75,75,75,75,75,75,75,75,75,75,75,75,75,75,75,75,75,75,75,75,75,75,75,75,75,75,75,75,75,75,75],"card_choices":[{"not_picked":["Steam","Static Discharge"],"picked":"Ball Lightning","floor":0},{"not_picked":["Storm","Stack"],"picked":"BasicCrystalCard","floor":1},{"not_picked":["Panic Button","Beam Cell"],"picked":"Stack","floor":3},{"not_picked":["Hologram","Rip and Tear"],"picked":"Ball Lightning","floor":4},{"not_picked":["Stack","Barrage+1"],"picked":"Crystallizer","floor":7},{"not_picked":["Panic Button","Leap"],"picked":"Coolheaded","floor":8},{"not_picked":["Leap","Reprogram","Hologram"],"picked":"SKIP","floor":13},{"not_picked":["Machine Learning","ReplayTheSpireMod:Calculation Training"],"picked":"Ball Lightning+1","floor":14},{"not_picked":["All For One+1","Biased Cognition"],"picked":"Electrodynamics","floor":16},{"not_picked":["ReplayTheSpireMod:Reroute Power","Double Energy"],"picked":"Heatsinks+1","floor":18},{"not_picked":["Cold Snap+1","Stack+1"],"picked":"Conserve Battery+1","floor":20},{"not_picked":["Panic Button","ReplayGash+1"],"picked":"Stack+1","floor":22},{"not_picked":["Conserve Battery","Reprogram"],"picked":"Self Repair","floor":24},{"not_picked":["Streamline+1","Force Field+1"],"picked":"ReplayTheSpireMod:Calculation Training+1","floor":27},{"not_picked":["Electrodynamics","BasicCrystalCard","Conserve Battery"],"picked":"SKIP","floor":29},{"not_picked":["Streamline+1","Turbo"],"picked":"ReplayTheSpireMod:Calculation Training","floor":31},{"not_picked":["Rebound+1","Turbo"],"picked":"Genetic Algorithm+1","floor":33},{"not_picked":["Seek","Amplify"],"picked":"Rainbow","floor":35},{"not_picked":["Redo","Steam"],"picked":"Lockon+1","floor":37},{"not_picked":["Barrage+1","Storm+1"],"picked":"Hologram+1","floor":39},{"not_picked":["Gash+1","Beam Cell+1"],"picked":"Glacier","floor":40}],"player_experience":155972,"relics_obtained":[{"floor":3,"key":"Juzu Bracelet"},{"floor":9,"key":"Mirror"},{"floor":24,"key":"Divine Protection"},{"floor":27,"key":"Bronze Scales"},{"floor":28,"key":"Quantum Egg"},{"floor":41,"key":"Ring of Shattering"},{"floor":41,"key":"ReplayTheSpireMod:Ring of Exchange"},{"floor":45,"key":"Sundial"}],"event_choices":[{"damage_healed":0,"gold_gain":0,"player_choice":"Success","damage_taken":25,"relics_obtained":["Molten Egg 2"],"max_hp_gain":0,"max_hp_loss":0,"event_name":"Scrap Ooze","floor":5,"gold_loss":0},{"cards_removed":["Strike_B"],"damage_healed":0,"gold_gain":0,"player_choice":"Forget","damage_taken":0,"max_hp_gain":0,"max_hp_loss":0,"event_name":"Living Wall","floor":11,"gold_loss":0},{"damage_healed":0,"gold_gain":0,"cards_transformed":["Defend_B","Defend_B"],"player_choice":"Became Test Subject","damage_taken":0,"max_hp_gain":0,"max_hp_loss":0,"event_name":"Drug Dealer","floor":30,"gold_loss":0,"cards_obtained":["Meteor Strike","ReplayTheSpireMod:GoodbyeWorld"]},{"cards_removed":["Ball Lightning"],"damage_healed":0,"gold_gain":0,"player_choice":"Removed Attack","damage_taken":0,"max_hp_gain":0,"max_hp_loss":0,"event_name":"Falling","floor":43,"gold_loss":0}],"is_beta":false,"boss_relics":[{"not_picked":["Velvet Choker","Philosopher\u0027s Stone"],"picked":"SacredBark"},{"not_picked":["Runesmith:UraniumAnvil","ChewingGum"],"picked":"Black Star"}],"items_purged_floors":[2,10,19,21,38],"is_endless":false,"potions_floor_spawned":[1,4,13,18,27,31,33,35,37,40],"killed_by":"Reptomancer","ascension_level":0}}