{"host":"se62q65hiqxz7cab","time":1610289237,"event":{"mods":["Act Like it!","BaseMod","Colored Map","KinomotoSakuraMod(Ä¾Ö®±¾Ó£)","Minty Spire (QoL Compilation)","Replay The Spire","Shop Mod","StSLib","The Bug Knight","The Cursed","The Servant 0.9.4"],"gold_per_floor":[119,137,147,147,161,161,178,178,256,271,301,158,158,170,170,272,272,288,288,288,220,220,220,233,233,233,233,233,252,252,265,265,367,367,367],"floor_reached":34,"playtime":3149,"items_purged":[],"score":502,"play_id":"cd00499a-1e45-4097-92bc-b6c7f060bc17","local_time":"20210110223357","is_ascension_mode":false,"campfire_choices":[{"data":"SpellCardSeal","floor":6.0,"key":"SMITH"},{"data":"ClowCardTheErase","floor":8.0,"key":"SMITH"},{"floor":13.0,"key":"REST"},{"floor":15.0,"key":"REST"},{"floor":23.0,"key":"REST"},{"floor":25.0,"key":"REST"},{"floor":32.0,"key":"REST"}],"circlet_count":0,"master_deck":["SakuraCardTheFight+","ClowCardTheSword","ClowCardTheSword","ClowCardTheSword","ClowCardTheSword","ClowCardTheShield","ClowCardTheShield","ClowCardTheShield","ClowCardTheShield","SpellCardSeal+1","SpellCardRelease","ClowCardTheSweet","ClowCardTheShadow","ClowCardTheRain","ClowCardTheDream","ClowCardTheErase+1","ClowCardTheRain","ClowCardThePower","ClowCardTheShot","ClowCardTheArrow","SakuraCardTheLove+","ClowCardTheFreeze","ClowCardTheIllusion","Shame","ClowCardTheBig+1","ClowCardTheFight"],"relics":["KSMOD_SealedBook","KSMOD_SealedWand","Replay:WaspNest","TungstenRod","Juzu Bracelet","Fusion Hammer","Shuriken","Frozen Egg 2","Girya","Nunchaku"],"acts_visited":["Exordium","TheCity"],"potions_floor_usage":[],"damage_taken":[{"damage":1.0,"enemies":"Cultist","floor":1.0,"turns":3.0},{"damage":5.0,"enemies":"Jaw Worm","floor":2.0,"turns":5.0},{"damage":5.0,"enemies":"Small Slimes","floor":3.0,"turns":4.0},{"damage":4.0,"enemies":"Exordium Wildlife","floor":5.0,"turns":4.0},{"damage":3.0,"enemies":"Large Slime","floor":7.0,"turns":8.0},{"damage":9.0,"enemies":"2 Fungi Beasts","floor":10.0,"turns":5.0},{"damage":57.0,"enemies":"3 Sentries","floor":11.0,"turns":8.0},{"damage":14.0,"enemies":"Lots of Slimes","floor":14.0,"turns":4.0},{"damage":28.0,"enemies":"The Guardian","floor":16.0,"turns":10.0},{"damage":5.0,"enemies":"Shell Parasite","floor":18.0,"turns":3.0},{"damage":13.0,"enemies":"3 Byrds","floor":24.0,"turns":4.0},{"damage":30.0,"enemies":"Shelled Parasite and Fungi","floor":29.0,"turns":5.0},{"damage":0.0,"enemies":"Snake Plant","floor":31.0,"turns":1.0},{"damage":47.0,"enemies":"Pondfish","floor":33.0,"turns":8.0}],"seed_played":"4318662551311189306","potions_obtained":[{"floor":1.0,"key":"SteroidPotion"},{"floor":2.0,"key":"Fire Potion"},{"floor":3.0,"key":"Weak Potion"},{"floor":16.0,"key":"Energy Potion"},{"floor":24.0,"key":"Fire Potion"}],"is_trial":false,"path_per_floor":["M","M","M","?","M","R","M","R","T","M","E","$","R","M","R","B",null,"M","?","T","$","T","R","M","R","T","?","?","M","?","M","R","B",null],"character_chosen":"KINOMOTOSAKURA","items_purchased":["Juzu Bracelet","ClowCardTheFreeze"],"campfire_rested":5,"item_purchase_floors":[12,21],"current_hp_per_floor":[76,76,77,77,77,77,77,77,77,73,28,28,51,42,65,44,77,73,73,73,73,73,77,69,77,77,77,77,52,39,39,63,16,16,16],"gold":367,"neow_bonus":"TEN_PERCENT_HP_BONUS","is_daily":false,"chose_seed":false,"campfire_upgraded":2,"win_rate":0.0,"timestamp":1610289237,"path_taken":["M","?","M","?","M","R","?","R","T","M","E","$","R","M","R","BOSS","M","?","?","$","?","R","M","R","T","?","?","M","?","M","R","BOSS"],"items_purchased_type":["Relic","Card"],"build_version":"2020-12-22","purchased_purges":0,"victory":false,"max_hp_per_floor":[77,77,77,77,77,77,77,77,77,77,77,77,77,77,77,77,77,77,77,77,77,77,77,77,77,77,77,77,77,82,82,82,82,82,82],"card_choices":[{"not_picked":["ClowCardTheFirey","ClowCardTheErase"],"picked":"ClowCardTheSweet","floor":1.0},{"not_picked":["ClowCardTheLoop","ClowCardTheWave"],"picked":"ClowCardTheShadow","floor":2.0},{"not_picked":["ClowCardTheSilent","ClowCardTheSand"],"picked":"ClowCardTheRain","floor":3.0},{"not_picked":["ClowCardTheSand","ClowCardTheRain"],"picked":"ClowCardTheDream","floor":5.0},{"not_picked":["ClowCardTheIllusion","ClowCardTheLibra"],"picked":"ClowCardTheErase","floor":7.0},{"not_picked":["ClowCardTheErase","ClowCardTheFirey"],"picked":"ClowCardTheRain","floor":10.0},{"not_picked":["ClowCardTheIllusion","ClowCardTheSleep"],"picked":"ClowCardThePower","floor":11.0},{"not_picked":["ClowCardTheReturn","ClowCardTheMist"],"picked":"ClowCardTheShot","floor":14.0},{"not_picked":["ClowCardTheTwin","ClowCardTheReturn"],"picked":"ClowCardTheFight","floor":16.0},{"not_picked":["ClowCardTheIllusion","ClowCardThePower+1"],"picked":"ClowCardTheArrow","floor":18.0},{"not_picked":["ClowCardTheSilent","ClowCardTheRain+1"],"picked":"ClowCardTheIllusion","floor":24.0},{"not_picked":["ClowCardTheMirror","ClowCardTheMist"],"picked":"ClowCardTheBig+1","floor":29.0},{"not_picked":["ClowCardTheChange","ClowCardTheLoop+1"],"picked":"ClowCardTheFight","floor":31.0}],"player_experience":183279,"relics_obtained":[{"floor":9.0,"key":"Replay:WaspNest"},{"floor":11.0,"key":"TungstenRod"},{"floor":20.0,"key":"Shuriken"},{"floor":22.0,"key":"Frozen Egg 2"},{"floor":26.0,"key":"Girya"}],"event_choices":[{"damage_healed":0.0,"max_hp_gain":0.0,"max_hp_loss":0.0,"gold_gain":0.0,"event_name":"Wheel of Change","player_choice":"Full Heal","floor":4.0,"gold_loss":0.0,"damage_taken":0.0},{"damage_healed":0.0,"max_hp_gain":0.0,"max_hp_loss":0.0,"gold_gain":0.0,"event_name":"Cursed Tome","player_choice":"Ignored","floor":27.0,"gold_loss":0.0,"damage_taken":0.0},{"damage_healed":0.0,"max_hp_gain":5.0,"max_hp_loss":0.0,"gold_gain":0.0,"event_name":"Forgotten Altar","player_choice":"Shed Blood","floor":30.0,"gold_loss":0.0,"damage_taken":19.0}],"is_beta":false,"boss_relics":[{"not_picked":["Replay:Drink Me","Philosopher\u0027s Stone"],"picked":"Fusion Hammer"}],"items_purged_floors":[],"is_endless":false,"potions_floor_spawned":[1,2,3,16,24],"ascension_level":0}}