{"host":"hnrafgucdht3qvsp","time":1610266693,"event":{"mods":["BaseMod","Bestiary","Colored Map","Minty Spire (QoL Compilation)","Relic Stats","StSLib"],"gold_per_floor":[112,187,187,48,66,66,99,116,197,226,28,61,61,80,80,177,177,191,191,116,132,155,181,181,192,192,219,239,250,281,292,292,393,393,410,430,184,203,252,252,285,297,332,379,391,27,77,95,95,95,95,95,1,29,29],"floor_reached":56,"playtime":2850,"items_purged":["Intimidate","Battle Trance"],"score":1723,"play_id":"68920617-759e-4cb7-8e58-0d0805589e29","local_time":"20210110031813","is_ascension_mode":true,"campfire_choices":[{"data":"Pommel Strike","floor":6,"key":"SMITH"},{"data":"Uppercut","floor":13,"key":"SMITH"},{"data":"Shockwave","floor":15,"key":"SMITH"},{"data":"Demon Form","floor":24,"key":"SMITH"},{"data":"Heavy Blade","floor":32,"key":"SMITH"},{"data":"Feed","floor":40,"key":"SMITH"},{"floor":42,"key":"RECALL"},{"data":"Reaper","floor":45,"key":"SMITH"},{"data":"1","floor":49,"key":"LIFT"},{"data":"2","floor":52,"key":"LIFT"}],"circlet_count":0,"master_deck":["Strike_R","Strike_R","Strike_R","Strike_R","Defend_R","Defend_R","Defend_R","Defend_R","Bash","Feed+1","Flame Barrier","Pommel Strike+1","Uppercut+1","Reaper+1","Shockwave+1","Demon Form+1","Heavy Blade+1","Fiend Fire","Dark Embrace+1","Flame Barrier+1","Immolate","Corruption+1","Impervious","Double Tap","Immolate","Parasite","Demon Form+1","Inflame+1"],"relics":["Coffee Dripper","Strawberry","Eternal Feather","Tiny Chest","Pen Nib","Snecko Eye","Frozen Egg 2","PreservedInsect","Lantern","Potion Belt","Toy Ornithopter","Black Star","FossilizedHelix","Akabeko","MawBank","Bag of Preparation","Happy Flower","The Courier","Membership Card","Girya","Kunai","Incense Burner","DollysMirror","Oddly Smooth Stone","Pantograph"],"acts_visited":["Exordium","TheCity","TheBeyond","TheEnding"],"potions_floor_usage":[12,29,35,39,44,47,50,55,55,55,55],"damage_taken":[{"damage":1,"enemies":"Cultist","floor":1,"turns":3},{"damage":4,"enemies":"Jaw Worm","floor":5,"turns":2},{"damage":27,"enemies":"3 Sentries","floor":7,"turns":12},{"damage":15,"enemies":"2 Louse","floor":8,"turns":5},{"damage":18,"enemies":"Lagavulin","floor":10,"turns":7},{"damage":0,"enemies":"Gremlin Nob","floor":12,"turns":2},{"damage":8,"enemies":"Lots of Slimes","floor":14,"turns":4},{"damage":15,"enemies":"Slime Boss","floor":16,"turns":8},{"damage":0,"enemies":"3 Byrds","floor":18,"turns":3},{"damage":21,"enemies":"2 Thieves","floor":21,"turns":4},{"damage":12,"enemies":"Gremlin Leader","floor":23,"turns":4},{"damage":0,"enemies":"Snake Plant","floor":25,"turns":2},{"damage":13,"enemies":"Book of Stabbing","floor":27,"turns":2},{"damage":2,"enemies":"Shelled Parasite and Fungi","floor":28,"turns":3},{"damage":1,"enemies":"Sentry and Sphere","floor":29,"turns":4},{"damage":0,"enemies":"Slavers","floor":30,"turns":3},{"damage":0,"enemies":"Snecko","floor":31,"turns":3},{"damage":33,"enemies":"Automaton","floor":33,"turns":7},{"damage":0,"enemies":"3 Shapes","floor":35,"turns":1},{"damage":0,"enemies":"3 Darklings","floor":36,"turns":3},{"damage":0,"enemies":"Spire Growth","floor":38,"turns":2},{"damage":27,"enemies":"2 Orb Walkers","floor":39,"turns":5},{"damage":0,"enemies":"Giant Head","floor":41,"turns":4},{"damage":70,"enemies":"Reptomancer","floor":44,"turns":3},{"damage":0,"enemies":"Mind Bloom Boss Battle","floor":47,"turns":3},{"damage":0,"enemies":"Writhing Mass","floor":48,"turns":3},{"damage":78,"enemies":"Awakened One","floor":50,"turns":11},{"damage":40,"enemies":"Shield and Spear","floor":54,"turns":5},{"damage":51,"enemies":"The Heart","floor":55,"turns":7}],"seed_played":"-6580874855753333206","potions_obtained":[{"floor":5,"key":"SteroidPotion"},{"floor":10,"key":"SneckoOil"},{"floor":12,"key":"Block Potion"},{"floor":23,"key":"Regen Potion"},{"floor":25,"key":"Weak Potion"},{"floor":27,"key":"Fruit Juice"},{"floor":28,"key":"HeartOfIron"},{"floor":33,"key":"BloodPotion"},{"floor":35,"key":"Swift Potion"},{"floor":41,"key":"PowerPotion"},{"floor":44,"key":"Energy Potion"},{"floor":47,"key":"Strength Potion"}],"is_trial":false,"path_per_floor":["M","?","?","$","M","R","E","M","T","E","$","E","R","M","R","B",null,"M","?","$","M","T","E","R","M","T","E","M","M","E","M","R","B",null,"M","M","$","M","?","R","E","R","T","E","R","$","?","M","R","B",null,"R","$","E","B",null],"character_chosen":"IRONCLAD","items_purchased":["Feed","Flame Barrier","Uppercut","Reaper","Impervious","Membership Card","Girya","Kunai","Immolate","Ancient Potion","DollysMirror"],"campfire_rested":0,"item_purchase_floors":[4,4,11,11,37,46,46,46,46,53,53],"current_hp_per_floor":[79,68,68,68,67,67,50,38,38,20,20,20,29,44,53,49,89,102,102,102,96,96,96,105,108,108,95,102,104,117,120,120,87,112,125,128,128,131,104,116,116,128,128,70,82,82,123,131,131,58,113,128,128,88,100],"gold":29,"neow_bonus":"BOSS_RELIC","is_daily":false,"chose_seed":false,"campfire_upgraded":7,"win_rate":0.0,"timestamp":1610266693,"path_taken":["M","?","?","$","?","R","E","M","T","E","?","E","R","M","R","BOSS","M","?","$","?","?","E","R","M","T","E","?","M","E","M","R","BOSS","M","M","$","M","?","R","E","R","T","E","R","$","?","M","R","BOSS","R","$","E","BOSS"],"items_purchased_type":["Card","Card","Card","Card","Card","Relic","Relic","Relic","Card","Potion","Relic"],"build_version":"2020-12-22","purchased_purges":2,"victory":true,"max_hp_per_floor":[80,80,80,80,83,83,93,96,96,96,96,96,96,99,99,102,102,105,105,105,108,108,108,108,108,108,108,111,114,117,120,120,120,120,128,128,128,131,131,131,131,131,131,131,131,131,131,131,131,131,131,131,131,131,131],"relic_stats":{"Happy Flower":[9],"counters":[29,125],"Eternal Feather":78,"Pen Nib":[21],"PreservedInsect":378,"Bag of Preparation":[12],"MawBank":60,"Pantograph":25,"Snecko Eye":[157,174,142,149],"Tiny Chest":1,"Black Star":3,"Kunai":[13],"obtain_stats":[{"Lantern":23,"Bag of Preparation":43,"Incense Burner":47,"Burning Blood":0,"DollysMirror":53,"Strawberry":7,"Pantograph":54,"Tiny Chest":10,"Kunai":46,"Potion Belt":27,"Girya":46,"Happy Flower":44,"Oddly Smooth Stone":54,"Eternal Feather":9,"Pen Nib":12,"PreservedInsect":22,"The Courier":44,"Frozen Egg 2":19,"MawBank":41,"Akabeko":41,"Snecko Eye":17,"Coffee Dripper":0,"Black Star":34,"Membership Card":46,"Toy Ornithopter":30,"FossilizedHelix":39},{"Lantern":11,"Bag of Preparation":23,"Incense Burner":25,"Burning Blood":0,"DollysMirror":27,"Strawberry":3,"Pantograph":28,"Tiny Chest":5,"Kunai":24,"Potion Belt":13,"Girya":24,"Happy Flower":24,"Oddly Smooth Stone":28,"Eternal Feather":4,"Pen Nib":6,"PreservedInsect":10,"The Courier":24,"Frozen Egg 2":9,"MawBank":23,"Akabeko":23,"Snecko Eye":8,"Coffee Dripper":0,"Black Star":18,"Membership Card":24,"Toy Ornithopter":16,"FossilizedHelix":22},{"Lantern":54,"Bag of Preparation":93,"Incense Burner":99,"Burning Blood":0,"DollysMirror":113,"Strawberry":17,"Pantograph":118,"Tiny Chest":29,"Kunai":96,"Potion Belt":58,"Girya":96,"Happy Flower":96,"Oddly Smooth Stone":118,"Eternal Feather":22,"Pen Nib":31,"PreservedInsect":50,"The Courier":96,"Frozen Egg 2":46,"MawBank":93,"Akabeko":93,"Snecko Eye":43,"Coffee Dripper":0,"Black Star":78,"Membership Card":96,"Toy Ornithopter":68,"FossilizedHelix":89}],"Toy Ornithopter":35},"card_choices":[{"not_picked":["Twin Strike","Flex"],"picked":"Intimidate","floor":1},{"not_picked":["Armaments","Wild Strike"],"picked":"Pommel Strike","floor":5},{"not_picked":["Combust","Body Slam"],"picked":"Battle Trance","floor":7},{"not_picked":["Dropkick","Clash","Havoc"],"picked":"SKIP","floor":8},{"not_picked":["Hemokinesis","Anger","Headbutt"],"picked":"SKIP","floor":10},{"not_picked":["Intimidate","Uppercut","Heavy Blade"],"picked":"SKIP","floor":12},{"not_picked":["Bloodletting","Cleave"],"picked":"Shockwave","floor":14},{"not_picked":["Reaper","Brutality"],"picked":"Demon Form","floor":16},{"not_picked":["Armaments+1","Entrench","Anger"],"picked":"SKIP","floor":18},{"not_picked":["Thunderclap+1","Second Wind+1"],"picked":"Heavy Blade","floor":21},{"not_picked":["Iron Wave","Headbutt"],"picked":"Fiend Fire","floor":23},{"not_picked":["Headbutt","Cleave"],"picked":"Dark Embrace+1","floor":25},{"not_picked":["Flex+1","True Grit"],"picked":"Flame Barrier+1","floor":27},{"not_picked":["Clothesline+1","Twin Strike","Perfected Strike"],"picked":"SKIP","floor":28},{"not_picked":["Iron Wave","Anger","Evolve+1"],"picked":"SKIP","floor":29},{"not_picked":["Twin Strike","Evolve+1","Uppercut"],"picked":"SKIP","floor":30},{"not_picked":["Clothesline","Rampage"],"picked":"Immolate","floor":31},{"not_picked":["Double Tap","Demon Form+1"],"picked":"Corruption+1","floor":33},{"not_picked":["Shrug It Off+1","Disarm","True Grit+1"],"picked":"SKIP","floor":35},{"not_picked":["Fire Breathing+1","Body Slam","Clothesline+1"],"picked":"SKIP","floor":36},{"not_picked":["Pummel+1","Clash+1","Ghostly Armor+1"],"picked":"SKIP","floor":38},{"not_picked":["Power Through","Thunderclap+1"],"picked":"Double Tap","floor":41},{"not_picked":["Wild Strike","Heavy Blade","Clash+1"],"picked":"SKIP","floor":44},{"not_picked":["Twin Strike+1","Headbutt","Rupture+1"],"picked":"SKIP","floor":48},{"not_picked":["Ghostly Armor","Double Tap"],"picked":"Inflame+1","floor":54}],"player_experience":399056,"relics_obtained":[{"floor":7,"key":"Strawberry"},{"floor":9,"key":"Eternal Feather"},{"floor":10,"key":"Tiny Chest"},{"floor":12,"key":"Pen Nib"},{"floor":22,"key":"PreservedInsect"},{"floor":23,"key":"Lantern"},{"floor":27,"key":"Potion Belt"},{"floor":30,"key":"Toy Ornithopter"},{"floor":39,"key":"FossilizedHelix"},{"floor":41,"key":"Akabeko"},{"floor":41,"key":"MawBank"},{"floor":43,"key":"Bag of Preparation"},{"floor":44,"key":"Happy Flower"},{"floor":44,"key":"The Courier"},{"floor":47,"key":"Incense Burner"},{"floor":54,"key":"Oddly Smooth Stone"},{"floor":54,"key":"Pantograph"}],"event_choices":[{"damage_healed":0,"gold_gain":75,"player_choice":"Gather Gold","damage_taken":11,"max_hp_gain":0,"max_hp_loss":0,"event_name":"World of Goop","floor":2,"gold_loss":0},{"cards_removed":["Strike_R"],"damage_healed":0,"gold_gain":0,"player_choice":"Offered Basic","damage_taken":0,"max_hp_gain":0,"max_hp_loss":0,"event_name":"Bonfire Elementals","floor":3,"gold_loss":0},{"damage_healed":0,"gold_gain":0,"player_choice":"Gave Potion","damage_taken":0,"relics_obtained":["Frozen Egg 2"],"max_hp_gain":0,"max_hp_loss":0,"event_name":"WeMeetAgain","floor":19,"gold_loss":0},{"damage_healed":0,"gold_gain":0,"player_choice":"Fight","damage_taken":0,"max_hp_gain":0,"max_hp_loss":0,"event_name":"Mysterious Sphere","floor":39,"gold_loss":0},{"damage_healed":0,"gold_gain":0,"player_choice":"Fight","damage_taken":0,"max_hp_gain":0,"max_hp_loss":0,"event_name":"MindBloom","floor":47,"gold_loss":0}],"is_beta":false,"boss_relics":[{"not_picked":["Fusion Hammer","Mark of Pain"],"picked":"Snecko Eye"},{"not_picked":["Philosopher\u0027s Stone","Runic Pyramid"],"picked":"Black Star"}],"items_purged_floors":[20,37],"is_endless":false,"potions_floor_spawned":[5,10,12,23,25,27,28,33,35,41,44,47,54],"ascension_level":5}}