{"host":"51mqhfpmwwd4kxyt","time":1610248474,"event":{"mods":["BaseMod","Downfall","Googly Eyes","Highlight Path","Minty Spire (QoL Compilation)","READ ME - Guardian Mod","StSLib","The Cursed","The Servant 0.9.4"],"gold_per_floor":[114,134,149,34,34,34,55,93,93,133,133,182,195,195,195,324,324,349,349,364,364,385,385,405,419,500,500,128,128,3,46,46,165,165,184,109,124,399,412,412,452,452,452,493,4,343,368,381,381,381],"floor_reached":51,"playtime":3078,"items_purged":["Defend_R","Strike_R","Defend_R","Regret"],"score":963,"play_id":"b2ebd5ef-2000-4afd-ab2b-7a64fbf86c53","local_time":"20210109221434","is_ascension_mode":true,"campfire_choices":[{"data":"Evolve","floor":6,"key":"SMITH"},{"floor":11,"key":"REST"},{"data":"Power Through","floor":15,"key":"SMITH"},{"data":"Barricade","floor":23,"key":"SMITH"},{"floor":27,"key":"REST"},{"data":"Armaments","floor":32,"key":"SMITH"},{"floor":40,"key":"REST"},{"floor":42,"key":"REST"},{"floor":49,"key":"REST"}],"circlet_count":0,"master_deck":["Strike_R+1","Defend_R+1","Bash+1","Infernal Blade","Rage","Burning Pact+1","Feel No Pain","Power Through+1","Evolve+1","Injury","Feel No Pain","Metallicize","Immolate","True Grit","Sever Soul","Barricade+1","Clash","Spot Weakness+1","Brutality","Armaments+1","True Grit","Double Tap","Warcry+1","Headbutt+1","Burning Pact+1","Metallicize+1","Battle Trance","Metallicize","Warcry","Disarm","Parasite","Dual Wield+1"],"relics":["Burning Blood","Golden Idol","Whetstone","Self Forming Clay","Ice Cream","Blood Vial","Sozu","Sundial","Bag of Preparation","Ginger","Fusion Hammer","Molten Egg 2","Lantern","Paper Frog","Nunchaku","Happy Flower","Old Coin"],"acts_visited":["Exordium","TheCity","TheBeyond"],"potions_floor_usage":[8,8,47,50],"damage_taken":[{"damage":1,"enemies":"Cultist","floor":1,"turns":3},{"damage":14,"enemies":"2 Louse","floor":2,"turns":3},{"damage":2,"enemies":"Jaw Worm","floor":3,"turns":4},{"damage":1,"enemies":"Red Slaver","floor":7,"turns":5},{"damage":2,"enemies":"Lagavulin","floor":8,"turns":9},{"damage":35,"enemies":"Gremlin Nob","floor":10,"turns":5},{"damage":1,"enemies":"2 Fungi Beasts","floor":13,"turns":5},{"damage":31,"enemies":"Hexaghost","floor":16,"turns":16},{"damage":1,"enemies":"Shell Parasite","floor":18,"turns":6},{"damage":23,"enemies":"3 Byrds","floor":20,"turns":6},{"damage":14,"enemies":"Snecko","floor":22,"turns":6},{"damage":25,"enemies":"3 Cultists","floor":24,"turns":5},{"damage":17,"enemies":"Shelled Parasite and Fungi","floor":25,"turns":9},{"damage":5,"enemies":"Gremlin Leader","floor":31,"turns":6},{"damage":27,"enemies":"Champ","floor":33,"turns":10},{"damage":4,"enemies":"3 Shapes","floor":35,"turns":4},{"damage":11,"enemies":"Orb Walker","floor":37,"turns":4},{"damage":59,"enemies":"Jaw Worm Horde","floor":39,"turns":5},{"damage":25,"enemies":"Reptomancer","floor":41,"turns":6},{"damage":11,"enemies":"Nemesis","floor":44,"turns":7},{"damage":34,"enemies":"Reptomancer","floor":46,"turns":6},{"damage":25,"enemies":"Transient","floor":47,"turns":5},{"damage":7,"enemies":"Writhing Mass","floor":48,"turns":6},{"damage":43,"enemies":"Time Eater","floor":50,"turns":8}],"seed_played":"-8607644736640764955","potions_obtained":[{"floor":1,"key":"Fire Potion"},{"floor":2,"key":"SteroidPotion"},{"floor":8,"key":"BloodPotion"},{"floor":13,"key":"Strength Potion"}],"is_trial":false,"path_per_floor":["M","M","M","$","?","R","M","E","T","E","R","T","M","?","R","B",null,"M","?","M","?","M","R","M","M","T","R","$","?","$","E","R","B",null,"M","?","M","?","M","R","E","R","T","E","$","E","M","M","R","B",null],"character_chosen":"IRONCLAD","items_purchased":["Evolve","Bag of Preparation","Brutality","Armaments","Battle Trance","Metallicize","Happy Flower","Warcry"],"campfire_rested":5,"item_purchase_floors":[4,28,28,28,45,45,45,45],"current_hp_per_floor":[61,53,57,57,57,57,62,66,66,37,61,61,68,52,52,29,80,80,80,63,63,57,57,40,31,31,55,55,55,55,58,58,39,80,80,80,75,75,24,48,31,55,55,52,52,26,25,26,50,15],"gold":381,"neow_bonus":"TRANSFORM_TWO_CARDS","is_daily":false,"chose_seed":false,"campfire_upgraded":4,"win_rate":0.0,"timestamp":1610248474,"path_taken":["M","M","M","?","?","R","M","E","T","E","R","?","?","?","R","BOSS","M","?","?","?","M","R","M","M","T","R","?","?","?","E","R","BOSS","M","?","?","?","M","R","E","R","T","E","$","E","?","M","R","BOSS"],"items_purchased_type":["Card","Relic","Card","Card","Card","Card","Relic","Card"],"build_version":"2020-12-22","purchased_purges":4,"victory":true,"max_hp_per_floor":[80,80,80,80,80,80,80,80,80,80,80,80,80,80,80,80,80,80,80,80,80,80,80,80,80,80,80,80,80,80,80,80,80,80,80,80,80,80,80,80,80,80,80,80,80,80,80,80,80,80],"card_choices":[{"not_picked":["Disarm","Havoc"],"picked":"Burning Pact","floor":1},{"not_picked":["Shrug It Off","Twin Strike"],"picked":"Feel No Pain","floor":2},{"not_picked":["Iron Wave","Armaments"],"picked":"Power Through","floor":3},{"not_picked":["Intimidate","Iron Wave","Carnage"],"picked":"SKIP","floor":7},{"not_picked":["Rampage","Carnage","Rage"],"picked":"SKIP","floor":8},{"not_picked":["Heavy Blade","Intimidate"],"picked":"Feel No Pain","floor":10},{"not_picked":["Feed","Searing Blow"],"picked":"Metallicize","floor":13},{"not_picked":["Double Tap","Offering"],"picked":"Immolate","floor":16},{"not_picked":["Dropkick","Iron Wave","Whirlwind"],"picked":"SKIP","floor":18},{"not_picked":["Sword Boomerang","Body Slam"],"picked":"True Grit","floor":20},{"not_picked":["Sentinel+1","Sever Soul"],"picked":"Barricade","floor":22},{"not_picked":["Headbutt","Iron Wave"],"picked":"Clash","floor":24},{"not_picked":["Rampage","Rupture+1"],"picked":"Spot Weakness+1","floor":25},{"not_picked":["Body Slam","Clash"],"picked":"True Grit","floor":31},{"not_picked":["Reaper","Immolate"],"picked":"Double Tap","floor":33},{"not_picked":["Ghostly Armor+1","Sword Boomerang"],"picked":"Warcry+1","floor":35},{"not_picked":["Ghostly Armor","Flex+1"],"picked":"Headbutt+1","floor":37},{"not_picked":["Warcry","Inflame"],"picked":"Burning Pact+1","floor":39},{"not_picked":["Flex+1","Cleave+1","Rampage+1"],"picked":"SKIP","floor":41},{"not_picked":["Sword Boomerang+1","Clash+1"],"picked":"Metallicize+1","floor":44},{"not_picked":["Thunderclap+1","Warcry+1"],"picked":"Disarm","floor":46},{"not_picked":["Cleave+1","Flex","Wild Strike+1"],"picked":"SKIP","floor":47},{"not_picked":["Impervious","Body Slam+1"],"picked":"Dual Wield+1","floor":48}],"player_experience":370459,"relics_obtained":[{"floor":8,"key":"Whetstone"},{"floor":9,"key":"Self Forming Clay"},{"floor":10,"key":"Ice Cream"},{"floor":12,"key":"Blood Vial"},{"floor":26,"key":"Sundial"},{"floor":31,"key":"Ginger"},{"floor":41,"key":"Lantern"},{"floor":43,"key":"Paper Frog"},{"floor":44,"key":"Nunchaku"},{"floor":46,"key":"Old Coin"}],"event_choices":[{"damage_healed":0,"gold_gain":0,"player_choice":"Take Wound","damage_taken":0,"relics_obtained":["Golden Idol"],"max_hp_gain":0,"max_hp_loss":0,"event_name":"Golden Idol","floor":5,"gold_loss":0,"cards_obtained":["Injury"]},{"damage_healed":0,"gold_gain":0,"player_choice":"Entered Light","damage_taken":16,"max_hp_gain":0,"max_hp_loss":0,"event_name":"Shining Light","floor":14,"gold_loss":0,"cards_upgraded":["Burning Pact","Defend_R"]},{"cards_removed":["Strike_R"],"damage_healed":0,"gold_gain":0,"player_choice":"Card Removal","damage_taken":0,"max_hp_gain":0,"max_hp_loss":0,"event_name":"Wheel of Change","floor":19,"gold_loss":0},{"damage_healed":0,"gold_gain":0,"player_choice":"Read","damage_taken":0,"max_hp_gain":0,"max_hp_loss":0,"event_name":"The Library","floor":21,"gold_loss":0,"cards_obtained":["Sever Soul"]},{"cards_removed":["Defend_R"],"damage_healed":0,"gold_gain":0,"player_choice":"Elegance","damage_taken":0,"max_hp_gain":0,"max_hp_loss":0,"event_name":"Back to Basics","floor":29,"gold_loss":0},{"damage_healed":0,"gold_gain":0,"player_choice":"Paid Gold","damage_taken":0,"relics_obtained":["Molten Egg 2"],"max_hp_gain":0,"max_hp_loss":0,"event_name":"WeMeetAgain","floor":36,"gold_loss":75},{"damage_healed":0,"gold_gain":275,"player_choice":"Desecrate","damage_taken":0,"max_hp_gain":0,"max_hp_loss":0,"event_name":"Golden Shrine","floor":38,"gold_loss":0,"cards_obtained":["Regret"]}],"is_beta":false,"boss_relics":[{"not_picked":["Runic Dome","Snecko Eye"],"picked":"Sozu"},{"not_picked":["Pandora\u0027s Box","Runic Pyramid"],"picked":"Fusion Hammer"}],"items_purged_floors":[4,28,30,45],"is_endless":false,"potions_floor_spawned":[1,2,8,13,20,25,33,39,44,46,47,48],"ascension_level":4}}