{"host":"f5ezd1v29dtbwkzo","time":1610243162,"event":{"mods":["2.2 Compatiblity","BaseMod","Hermit","Hubris","Infinite Spire","Minty Spire (QoL Compilation)","Rare Cards Sparkle","Replay The Spire","StSLib"],"gold_per_floor":[110,110,110,123,141,141,156,170,170,55,65,65,65,85,85,189,189,208,208,208,20,33,33,46,46,46,46,59,59,59,59,59,154,154,169,169,185,279,279,279,279],"floor_reached":40,"playtime":2074,"items_purged":[],"score":378,"play_id":"e32283c1-a5a6-46ad-8710-0da7b923ffac","local_time":"20210110044602","is_ascension_mode":false,"campfire_choices":[{"data":"Forethought","floor":6,"key":"SMITH"},{"data":"infinitespire:DeathsTouch","floor":13,"key":"SMITH"},{"data":"Rampage","floor":15,"key":"SMITH"},{"data":"Berserk","floor":23,"key":"SMITH"},{"data":"Thunderclap","floor":25,"key":"SMITH"},{"data":"Flex","floor":27,"key":"SMITH"},{"data":"Burning Pact","floor":29,"key":"SMITH"},{"floor":32,"key":"REST"}],"circlet_count":0,"master_deck":["Strike_R","Strike_R","Strike_R","Defend_R","Defend_R","Defend_R","Clash","Forethought+1","Flex+1","Shrug It Off","Flex","Rampage+1","Warcry+1","hubris:CleavingFinish","hubris:Wrath","ReplayTheSpireMod:Faulty Equipment","infinitespire:DeathsTouch+1","Berserk+1","CurseOfTheBell","Pain","Midas Touch","Thunderclap+1","Burning Pact+1","Demon Form","ReplayTheSpireMod:Limb From Limb+1","Anger","ReplayTheSpireMod:Splinters","True Grit+1","Battle Trance","Power Through"],"relics":["Replay:Drink Me","Regal Pillow","Darkstone Periapt","Calling Bell","Oddly Smooth Stone","Iron Hammer","Another Sword","WarpedTongs","Blue Doll","Garlic","Bottled Tornado"],"acts_visited":["Exordium","TheCity","TheBeyond"],"potions_floor_usage":[16,39,40,40],"damage_taken":[{"damage":0,"enemies":"2 Louse","floor":1,"turns":4},{"damage":0,"enemies":"Small Slimes","floor":4,"turns":5},{"damage":14,"enemies":"infinitespire:Voidling","floor":5,"turns":5},{"damage":0,"enemies":"Blue Slaver","floor":7,"turns":4},{"damage":0,"enemies":"Looter","floor":8,"turns":3},{"damage":0,"enemies":"Exordium Thugs","floor":11,"turns":4},{"damage":5,"enemies":"Exordium Wildlife","floor":14,"turns":4},{"damage":72,"enemies":"The Guardian","floor":16,"turns":11},{"damage":2,"enemies":"Chosen","floor":18,"turns":4},{"damage":3,"enemies":"Spheric Guardian","floor":22,"turns":3},{"damage":13,"enemies":"Snake Plant","floor":24,"turns":3},{"damage":10,"enemies":"Centurion and Healer","floor":28,"turns":6},{"damage":23,"enemies":"Champ","floor":33,"turns":11},{"damage":7,"enemies":"Orb Walker","floor":35,"turns":4},{"damage":18,"enemies":"3 Darklings","floor":37,"turns":5},{"damage":1,"enemies":"Sphere and 2 Shapes","floor":39,"turns":1},{"damage":71,"enemies":"Nemesis","floor":40,"turns":6}],"seed_played":"-8603450724612253862","potions_obtained":[{"floor":1,"key":"SmokeBomb"},{"floor":8,"key":"SpeedPotion"},{"floor":11,"key":"Venom Potion"},{"floor":14,"key":"BloodPotion"},{"floor":16,"key":"GamblersBrew"},{"floor":35,"key":"Toxic Potion"}],"is_trial":false,"path_per_floor":["M","?","?","M","M","R","M","M","T","$","M","?","R","M","R","B",null,"M","?","AVR","$","M","R","M","R","T","R","M","R","?","T","R","B",null,"M","?","M","?","M","E"],"character_chosen":"IRONCLAD","items_purchased":["Rampage","Warcry+1","Midas Touch"],"campfire_rested":1,"item_purchase_floors":[10,10,21],"current_hp_per_floor":[60,60,60,60,55,55,55,55,55,55,55,67,67,62,62,4,78,76,82,82,82,79,79,66,66,66,66,56,56,56,56,84,61,84,77,84,66,72,71,0,0],"gold":279,"neow_bonus":"BOSS_RELIC","is_daily":false,"chose_seed":false,"campfire_upgraded":7,"win_rate":0.0,"timestamp":1610243162,"path_taken":["M","?","?","M","?","R","M","M","T","$","M","?","R","M","R","BOSS","M","?","AVR","?","M","R","M","R","T","R","M","R","?","?","R","BOSS","M","?","?","?","M","E"],"items_purchased_type":["Card","Card","Card"],"build_version":"2020-12-22","purchased_purges":0,"victory":false,"max_hp_per_floor":[60,60,60,60,60,60,60,60,60,60,60,72,72,72,72,72,78,78,84,84,84,84,84,84,84,84,84,84,84,84,84,84,84,84,84,84,84,90,90,90,90],"card_choices":[{"not_picked":["Shockwave","Run Through"],"picked":"Clash","floor":1},{"not_picked":["Headbutt","Demonic Infusion"],"picked":"Flex","floor":4},{"not_picked":["Dual Wield","Entrench","Cleave"],"picked":"SKIP","floor":5},{"not_picked":["Battle Trance","Havoc"],"picked":"Shrug It Off","floor":7},{"not_picked":["hubris:SharpeningStone","Rupture"],"picked":"Flex","floor":8},{"not_picked":["ReplayTheSpireMod:Strike From Hell","Wild Strike"],"picked":"hubris:CleavingFinish","floor":11},{"not_picked":["infinitespire:Punishment","infinitespire:FutureSight"],"picked":"infinitespire:DeathsTouch","floor":12},{"not_picked":["Ghostly Armor","Replay:Undeath\u0027s Touch","ReplayTheSpireMod:Stacked"],"picked":"SKIP","floor":14},{"not_picked":["Hemogenesis","Demonic Infusion"],"picked":"Berserk","floor":16},{"not_picked":["ReplayTheSpireMod:Strike From Hell","Warcry","Body Slam+1"],"picked":"SKIP","floor":18},{"not_picked":["Replay:Undeath\u0027s Touch","Pommel Strike","ReplayTheSpireMod:Corrosion Curse"],"picked":"SKIP","floor":22},{"not_picked":["Feel No Pain","Bludgeon"],"picked":"Thunderclap","floor":24},{"not_picked":["True Grit","Massacre"],"picked":"Burning Pact","floor":28},{"not_picked":["Eclipse","Impervious"],"picked":"Demon Form","floor":33},{"not_picked":["Perfected Strike","Run Through+1"],"picked":"ReplayTheSpireMod:Limb From Limb+1","floor":35},{"not_picked":["Uppercut","Clothesline"],"picked":"Anger","floor":37},{"not_picked":["Perfected Strike","Iron Wave"],"picked":"True Grit+1","floor":38},{"not_picked":["Combust+1","ReplayReversal+1"],"picked":"Battle Trance","floor":38},{"not_picked":["hubris:ReadiedAction+1","Ghostly Armor"],"picked":"Power Through","floor":38}],"player_experience":365709,"relics_obtained":[{"floor":2,"key":"Regal Pillow"},{"floor":9,"key":"Darkstone Periapt"},{"floor":17,"key":"Oddly Smooth Stone"},{"floor":17,"key":"Iron Hammer"},{"floor":17,"key":"Another Sword"},{"floor":26,"key":"Garlic"},{"floor":31,"key":"Bottled Tornado"}],"event_choices":[{"cards_removed":["Bash"],"damage_healed":0,"gold_gain":0,"player_choice":"Took Card","damage_taken":0,"max_hp_gain":0,"max_hp_loss":0,"event_name":"NoteForYourself","floor":3,"gold_loss":0,"cards_obtained":["Forethought"]},{"damage_healed":0,"gold_gain":0,"player_choice":"Rummage","damage_taken":0,"relics_obtained":["WarpedTongs"],"max_hp_gain":0,"max_hp_loss":0,"event_name":"Accursed Blacksmith","floor":19,"gold_loss":0,"cards_obtained":["Pain"]},{"damage_healed":7,"gold_gain":0,"player_choice":"Full Heal","damage_taken":0,"max_hp_gain":0,"max_hp_loss":0,"event_name":"Wheel of Change","floor":36,"gold_loss":0}],"is_beta":false,"boss_relics":[{"not_picked":["ChewingGum","Ectoplasm"],"picked":"Calling Bell"},{"not_picked":["Runic Cube","hubris:TerracottaHorce","Electric Blood"]}],"items_purged_floors":[],"is_endless":false,"potions_floor_spawned":[1,8,11,14,16,33,35,39],"killed_by":"Nemesis","ascension_level":0}}