{"host":"59efrpl3ft1ymrg4","time":1610299330,"event":{"mods":["BaseMod","Minty Spire (QoL Compilation)"],"gold_per_floor":[114,114,114,130,147,182,194,194,244,244,274,274,293,9,9,114,114,126,201,212,229,229,261,274,274,274],"floor_reached":25,"playtime":3578,"items_purged":[],"score":273,"play_id":"660eb9f4-90e2-4a35-a36f-3dd95df959bd","local_time":"20210110172210","is_ascension_mode":false,"campfire_choices":[{"floor":8,"key":"REST"},{"floor":10,"key":"REST"},{"data":"Devotion","floor":15,"key":"SMITH"}],"circlet_count":0,"master_deck":["Strike_P","Strike_P","Strike_P","Defend_P","Defend_P","Defend_P","Defend_P","Eruption","Vigilance","JustLucky","BowlingBash","ClearTheMind","Indignation","Nirvana","Vengeance","FlurryOfBlows+1","JustLucky+1","Devotion+1","FlurryOfBlows","Scrawl","Evaluate","SandsOfTime","Swivel+1","Adaptation","Protect+1"],"relics":["PureWater","FossilizedHelix","Pear","Pen Nib","Centennial Puzzle","Odd Mushroom","Blood Vial","VioletLotus","Whetstone"],"acts_visited":["Exordium","TheCity"],"potions_floor_usage":[5,6,13,18,21,25,25],"damage_taken":[{"damage":0,"enemies":"Small Slimes","floor":1,"turns":3},{"damage":0,"enemies":"Cultist","floor":4,"turns":4},{"damage":0,"enemies":"2 Louse","floor":5,"turns":3},{"damage":42,"enemies":"Gremlin Nob","floor":6,"turns":4},{"damage":0,"enemies":"Looter","floor":7,"turns":5},{"damage":13,"enemies":"The Mushroom Lair","floor":11,"turns":3},{"damage":2,"enemies":"Blue Slaver","floor":13,"turns":3},{"damage":0,"enemies":"Slime Boss","floor":16,"turns":8},{"damage":12,"enemies":"Shell Parasite","floor":18,"turns":4},{"damage":13,"enemies":"Spheric Guardian","floor":20,"turns":5},{"damage":19,"enemies":"Centurion and Healer","floor":21,"turns":4},{"damage":7,"enemies":"Book of Stabbing","floor":23,"turns":4},{"damage":5,"enemies":"3 Cultists","floor":24,"turns":5},{"damage":24,"enemies":"Sentry and Sphere","floor":25,"turns":5}],"seed_played":"1628670121492380261","potions_obtained":[{"floor":1,"key":"DistilledChaos"},{"floor":4,"key":"AttackPotion"},{"floor":11,"key":"SpeedPotion"},{"floor":13,"key":"Block Potion"},{"floor":18,"key":"AttackPotion"},{"floor":23,"key":"AttackPotion"},{"floor":24,"key":"LiquidMemories"}],"is_trial":false,"path_per_floor":["M","?","?","M","M","E","M","R","T","R","?","?","M","$","R","B",null,"M","?","M","M","?","E","M","M"],"character_chosen":"WATCHER","items_purchased":["Blood Vial","Devotion","FlurryOfBlows"],"campfire_rested":2,"item_purchase_floors":[14,14,14],"current_hp_per_floor":[65,72,72,72,72,30,30,52,52,74,61,61,59,59,59,61,75,63,56,45,28,14,9,6,0,0],"gold":274,"neow_bonus":"ONE_RARE_RELIC","is_daily":false,"chose_seed":false,"campfire_upgraded":1,"win_rate":0.0,"timestamp":1610299330,"path_taken":["M","?","?","M","M","E","M","R","T","R","?","?","M","$","R","BOSS","M","?","M","?","?","E","M","M"],"items_purchased_type":["Relic","Card","Card"],"build_version":"2020-12-22","purchased_purges":0,"victory":false,"max_hp_per_floor":[65,75,75,75,75,75,75,75,75,75,75,75,75,75,75,75,75,75,75,75,75,80,80,80,80,80],"card_choices":[{"not_picked":["CarveReality","FollowUp"],"picked":"JustLucky","floor":1},{"not_picked":["FlyingSleeves","Halt"],"picked":"ClearTheMind","floor":4},{"not_picked":["EmptyMind","Wallop"],"picked":"Indignation","floor":5},{"not_picked":["DeceiveReality","FlyingSleeves"],"picked":"Nirvana","floor":6},{"not_picked":["WaveOfTheHand","FearNoEvil"],"picked":"Vengeance","floor":7},{"not_picked":["Weave","Prostrate"],"picked":"FlurryOfBlows","floor":11},{"not_picked":["BowlingBash","ThirdEye"],"picked":"JustLucky","floor":13},{"not_picked":["Omniscience","Brilliance"],"picked":"Scrawl","floor":16},{"not_picked":["ClearTheMind","Meditate"],"picked":"Evaluate","floor":18},{"not_picked":["Perseverance","ReachHeaven"],"picked":"SandsOfTime","floor":20},{"not_picked":["CutThroughFate","Wallop"],"picked":"Swivel+1","floor":21},{"not_picked":["EmptyMind","Prostrate"],"picked":"Adaptation","floor":23},{"not_picked":["BattleHymn+1","Tantrum"],"picked":"Protect+1","floor":24}],"player_experience":38295,"relics_obtained":[{"floor":6,"key":"Pen Nib"},{"floor":9,"key":"Centennial Puzzle"},{"floor":11,"key":"Odd Mushroom"},{"floor":23,"key":"Whetstone"}],"event_choices":[{"damage_healed":0,"gold_gain":0,"player_choice":"Success","damage_taken":3,"relics_obtained":["Pear"],"max_hp_gain":0,"max_hp_loss":0,"event_name":"Scrap Ooze","floor":2,"gold_loss":0},{"damage_healed":0,"gold_gain":0,"cards_transformed":["Strike_P"],"player_choice":"Change","damage_taken":0,"max_hp_gain":0,"max_hp_loss":0,"event_name":"Living Wall","floor":3,"gold_loss":0,"cards_obtained":["BowlingBash"]},{"damage_healed":0,"gold_gain":0,"player_choice":"Fought Mushrooms","damage_taken":0,"max_hp_gain":0,"max_hp_loss":0,"event_name":"Mushrooms","floor":11,"gold_loss":0},{"damage_healed":0,"gold_gain":0,"player_choice":"Ignored","damage_taken":0,"max_hp_gain":0,"max_hp_loss":0,"event_name":"Golden Idol","floor":12,"gold_loss":0},{"damage_healed":0,"gold_gain":75,"player_choice":"Touch","damage_taken":7,"max_hp_gain":0,"max_hp_loss":0,"event_name":"FaceTrader","floor":19,"gold_loss":0},{"damage_healed":0,"gold_gain":0,"player_choice":"Shed Blood","damage_taken":19,"max_hp_gain":5,"max_hp_loss":0,"event_name":"Forgotten Altar","floor":22,"gold_loss":0}],"is_beta":false,"boss_relics":[{"not_picked":["SlaversCollar","Snecko Eye"],"picked":"VioletLotus"}],"items_purged_floors":[],"is_endless":false,"potions_floor_spawned":[1,4,11,13,18,23,24],"killed_by":"Sentry and Sphere","ascension_level":0}}