{"host":"w3q5ijqu8eoknil3","time":1610275437,"event":{"mods":["AchievementEnabler","BaseMod","Block Reminder","Colored Map","Colored Powertips","Curses Come First","Minty Spire (QoL Compilation)","Quick Restart","Relic Stats","StSLib","ojb\u0027s Better Paths Mod","ojb\u0027s Info Mod","slay the spire mod where everything is the same but ironclad has a cowboy hat"],"gold_per_floor":[114,114,264,277,202,202,240,240,240,240,276,299,339,362,362,362,362],"floor_reached":16,"playtime":315,"items_purged":[],"score":265,"play_id":"9ce74ce5-6b5c-4a11-9304-93f8ae3b2188","local_time":"20210110104357","is_ascension_mode":true,"campfire_choices":[{"data":"Dagger Spray","floor":6,"key":"SMITH"},{"data":"Bouncing Flask","floor":8,"key":"SMITH"},{"data":"Flying Knee","floor":10,"key":"SMITH"},{"data":"Crippling Poison","floor":15,"key":"SMITH"}],"circlet_count":0,"master_deck":["AscendersBane","Strike_G","Strike_G","Strike_G","Strike_G","Strike_G","Defend_G","Defend_G","Defend_G","Defend_G","Defend_G","Survivor","Neutralize","Dagger Spray+1","Flying Knee+1","Bouncing Flask+1","Crippling Poison+1","Backflip","PiercingWail","Caltrops"],"relics":["Ring of the Snake","NeowsBlessing","Golden Idol","Blood Vial","Mummified Hand","Calipers","Meat on the Bone"],"acts_visited":["Exordium"],"potions_floor_usage":[11,13,13,16],"damage_taken":[{"damage":0,"enemies":"2 Louse","floor":1,"turns":1},{"damage":0,"enemies":"Small Slimes","floor":4,"turns":1},{"damage":0,"enemies":"Lagavulin","floor":7,"turns":1},{"damage":22,"enemies":"3 Sentries","floor":11,"turns":6},{"damage":1,"enemies":"Jaw Worm","floor":12,"turns":2},{"damage":12,"enemies":"Lagavulin","floor":13,"turns":5},{"damage":0,"enemies":"Lots of Slimes","floor":14,"turns":1},{"damage":34,"enemies":"Slime Boss","floor":16,"turns":7}],"seed_played":"5481713013241207406","potions_obtained":[{"floor":4,"key":"SpeedPotion"},{"floor":11,"key":"Ancient Potion"},{"floor":12,"key":"FearPotion"},{"floor":14,"key":"DuplicationPotion"}],"is_trial":false,"path_per_floor":["M","?","?","M","?","R","E","R","T","R","E","M","E","M","R","B"],"character_chosen":"THE_SILENT","items_purchased":[],"campfire_rested":0,"item_purchase_floors":[],"current_hp_per_floor":[59,59,59,59,59,59,59,59,59,59,38,39,29,31,31,0,0],"gold":362,"neow_bonus":"THREE_ENEMY_KILL","is_daily":false,"chose_seed":false,"campfire_upgraded":4,"win_rate":0.0,"timestamp":1610275437,"path_taken":["M","?","?","M","?","R","E","R","T","R","E","M","E","M","R","BOSS"],"items_purchased_type":[],"build_version":"2020-12-22","purchased_purges":0,"victory":false,"max_hp_per_floor":[66,60,60,60,60,60,60,60,60,60,60,60,60,60,60,60,60],"relic_stats":{"Blood Vial":9,"counters":[8,24],"Golden Idol":36,"Mummified Hand":[1],"obtain_stats":[{"Blood Vial":7,"Calipers":11,"NeowsBlessing":0,"Golden Idol":2,"Mummified Hand":9,"Ring of the Snake":0,"Meat on the Bone":13},{"Blood Vial":3,"Calipers":4,"NeowsBlessing":0,"Golden Idol":1,"Mummified Hand":3,"Ring of the Snake":0,"Meat on the Bone":6},{"Blood Vial":3,"Calipers":9,"NeowsBlessing":0,"Golden Idol":1,"Mummified Hand":3,"Ring of the Snake":0,"Meat on the Bone":16}],"Ring of the Snake":[16],"Meat on the Bone":0},"card_choices":[{"not_picked":["Flying Knee","PiercingWail"],"picked":"Dagger Spray","floor":1},{"not_picked":["Deflect","Slice"],"picked":"Flying Knee","floor":4},{"not_picked":["Calculated Gamble","Flechettes"],"picked":"Bouncing Flask","floor":7},{"not_picked":["Outmaneuver","Tactician"],"picked":"Crippling Poison","floor":11},{"not_picked":["Dodge and Roll","Underhanded Strike"],"picked":"Backflip","floor":12},{"not_picked":["Dagger Throw","Sucker Punch"],"picked":"PiercingWail","floor":13},{"not_picked":["Dodge and Roll","Masterful Stab"],"picked":"Caltrops","floor":14}],"player_experience":950741,"relics_obtained":[{"floor":7,"key":"Blood Vial"},{"floor":9,"key":"Mummified Hand"},{"floor":11,"key":"Calipers"},{"floor":13,"key":"Meat on the Bone"}],"event_choices":[{"damage_healed":0,"gold_gain":0,"player_choice":"Lose Max HP","damage_taken":0,"relics_obtained":["Golden Idol"],"max_hp_gain":0,"max_hp_loss":6,"event_name":"Golden Idol","floor":2,"gold_loss":0},{"damage_healed":0,"gold_gain":150,"player_choice":"AGREE","damage_taken":0,"max_hp_gain":0,"max_hp_loss":0,"event_name":"Liars Game","floor":3,"gold_loss":0,"cards_obtained":["Doubt"]},{"cards_removed":["Doubt"],"damage_healed":0,"gold_gain":0,"player_choice":"Card Removal","damage_taken":0,"max_hp_gain":0,"max_hp_loss":0,"event_name":"The Cleric","floor":5,"gold_loss":75}],"is_beta":false,"boss_relics":[],"items_purged_floors":[],"is_endless":false,"potions_floor_spawned":[4,11,12,14],"killed_by":"Slime Boss","ascension_level":17}}