{"host":"drrjwv4o5ms3zsrm","time":1610309845,"event":{"mods":["100% Spire Juice","ATMod(°¢èªMod)","Act Like it!","Aspiration","BaseMod","CapriCore","Colored Powertips","Conspire","Friendly Minions","Gensokyo","Jedi Mod","Lobotomy","LobotomyExtend","Minty Spire (QoL Compilation)","MostiFishMod","Reimu£¨²©ÀöÁéÃÎ£©","Replay The Spire","RumiaBox-Â¶Ã×æ«µÄÉñÃØºÐ×Ó","StSLib","TestMod","The Alterego","The Immortal","The Jungle","Waifu the Spire","WarShipGirlsR/Õ½½¢ÉÙÅ®R mod","[IsaacMod]ÒÔÈö¼âËþ","vexMod","¡¾ÒÅÎï¿¨ÅÆ¡¿REMEMod","²ÐÁôÖ®Îï","óô»ðÖ¸ÄÏ"],"gold_per_floor":[119,138,138,754,776,776,776,776,776,776,776,153,153,173,173,283,283,306,306,306,361,381,381,420,455,455,116,116,116,224,336,336,532,657,698,780,820,122,147,172,233,233,281,281,281,328,328,114,114,126],"floor_reached":51,"playtime":1996,"items_purged":["SpecialBullet","Pain","SpecialBullet","SpecialBullet"],"score":1121,"play_id":"77605bf4-c130-4b79-876a-2c7774119724","local_time":"20210111041725","is_ascension_mode":true,"campfire_choices":[],"circlet_count":0,"master_deck":["SpecialBullet","SpecialBullet","SpecialBullet","SpecialBullet","ControlCode","InformationCode","SecurityCode","AT_FamilyPortrait+1","AT_FamilyPortrait+1","TodaysExpression","Adoration","BettingIsNotGood","ExtractionCode","RedShoes","CENSORED_ego","GoldRush","Twilight","Bloodbath","TheSmile","TodaysExpression","OldLady","Regret_ego","PunishingBird","BlackSwan_ego+1","ShyLook","Spore+1","WallGazer","MHz","BearPaw+1","DreamingCurrent","Christmas+1","Diffraction+1","QueenOfHatred","GoldRush+1","HeroicMonk","GoldRush+1","MostiFishMod:FrostNova+1","MostiFishMod:WinterMarkForm+1","GoldRush+1","Adoration+1","Wellcheers","Variant","Adoration+1","Spreading Infection","RecordCode","LittleHelper","BlackSwan","jedi:forcepull+1"],"relics":["CogitoBucket","testmod-TestBox","DaveBox","HushsDoor","AT_ATBox","REME_ComplimentaryCards","EGODaCapo","testmod-Acrobat","BelialBook","SynthV:TestCard","Gensokyo:LunaticRedEyes","conspire:BottledYoYo","Mango","vexMod:RedPlottingStone","Technique","jedi:hotpepper","BackwardClock","vexMod:RetaliationKit","AT_ImmortalShieldbow","BehaviorAdjustment","Potion Belt","FrostBlade","DeathBook","jedi:bottledfury","Bird Faced Urn","jedi:matchstick","Ring of Misfortune","ReplayTheSpireMod:Ring of Collecting","Pantograph","Ring of Peace","PlaceholderMod:DeVermisMysteriis","Theresia","AT_ChloranthyRing"],"acts_visited":["Gensokyo:Gensokyo","TheCity","TheBeyond"],"potions_floor_usage":[24,51],"damage_taken":[{"damage":0,"enemies":"Gensokyo:3_Fairies","floor":1,"turns":3},{"damage":0,"enemies":"Gensokyo:Gryphon","floor":2,"turns":3},{"damage":3,"enemies":"Gensokyo:2_Kodama","floor":4,"turns":2},{"damage":0,"enemies":"Gensokyo:VengefulSpirit","floor":5,"turns":2},{"damage":5,"enemies":"Gensokyo:3_Kodama","floor":14,"turns":2},{"damage":23,"enemies":"Gensokyo:Reimu","floor":16,"turns":7},{"damage":6,"enemies":"3 Byrds","floor":18,"turns":4},{"damage":7,"enemies":"2 Thieves","floor":21,"turns":3},{"damage":52,"enemies":"Shelled Parasite and Fungi","floor":22,"turns":5},{"damage":37,"enemies":"Gremlin Leader","floor":24,"turns":5},{"damage":13,"enemies":"Snecko","floor":25,"turns":4},{"damage":15,"enemies":"3 Cultists","floor":30,"turns":8},{"damage":13,"enemies":"Slavers","floor":31,"turns":5},{"damage":49,"enemies":"Champ","floor":33,"turns":9},{"damage":0,"enemies":"Orb Walker","floor":35,"turns":1},{"damage":0,"enemies":"3 Darklings","floor":36,"turns":2},{"damage":0,"enemies":"R_Hoarder","floor":41,"turns":2},{"damage":0,"enemies":"Spire Growth","floor":46,"turns":4},{"damage":0,"enemies":"FixerMidnight","floor":50,"turns":5},{"damage":10,"enemies":"Malkuth","floor":51,"turns":6},{"damage":6,"enemies":"Hod","floor":51,"turns":3},{"damage":10,"enemies":"Tiphereth","floor":51,"turns":7},{"damage":0,"enemies":"Hokma","floor":51,"turns":6},{"damage":53,"enemies":"Angela","floor":51,"turns":4}],"seed_played":"-6481374183397835219","potions_obtained":[{"floor":1,"key":"FairyPotion"},{"floor":4,"key":"LifebloodPotion"},{"floor":14,"key":"Reflective Coating"},{"floor":22,"key":"FearPotion"},{"floor":24,"key":"Weak Potion"},{"floor":31,"key":"SkillPotion"},{"floor":33,"key":"Milkshake"},{"floor":36,"key":"ZuzhouPotion:ReiMu"},{"floor":41,"key":"Dexterity Potion"}],"is_trial":false,"path_per_floor":["M","M","?","M","M","R","?","R","T","?","?","$","R","M","R","B",null,"M","?","?","M","M","R","E","M","T","$","?","R","M","E","R","B",null,"M","M","?","$","?","R","E","R","T","R","?","M","R","$","R","B",null],"character_chosen":"Angela","items_purchased":["BettingIsNotGood","vexMod:RedPlottingStone","Technique","vexMod:BerryBomb","DeathBook","GoldRush+1","Adoration+1","Bird Faced Urn","jedi:matchstick","AT_ChloranthyRing","jedi:forcepull+1"],"campfire_rested":0,"item_purchase_floors":[12,12,12,27,34,34,34,38,38,48,48],"current_hp_per_floor":[70,70,70,70,70,70,55,55,55,48,48,48,48,55,55,77,69,71,71,71,73,36,36,31,33,33,36,36,36,44,73,73,88,65,67,69,52,52,52,52,71,71,71,71,71,73,73,73,146,146],"gold":231,"neow_bonus":"THREE_CARDS","is_daily":false,"chose_seed":false,"campfire_upgraded":0,"win_rate":0.0,"timestamp":1610309845,"path_taken":["M","M","?","M","M","R","?","R","T","?","?","$","R","?","R","BOSS","M","?","?","?","M","R","E","M","T","$","?","R","?","E","R","BOSS","M","M","?","$","?","R","E","R","T","R","?","?","R","$","R","BOSS"],"items_purchased_type":["Card","Relic","Relic","Relic","Relic","Card","Card","Relic","Relic","Relic","Card"],"build_version":"2020-12-22","purchased_purges":4,"victory":true,"max_hp_per_floor":[70,70,70,70,70,70,70,70,70,84,84,84,84,88,88,92,69,71,71,71,73,75,75,77,79,79,82,82,82,84,86,86,88,65,67,69,69,69,69,69,71,71,71,71,71,73,73,73,146,146],"card_choices":[{"not_picked":["Penitence","RapturousDream"],"picked":"SKIP","floor":1},{"not_picked":["FourthMatchFlame","Lantern","WristCuter"],"picked":"TodaysExpression","floor":2},{"not_picked":["FrostShard","WristCuter","Noise"],"picked":"Adoration","floor":4},{"not_picked":["CUTE","ShedSkin","FourthMatchFlame","Tough"],"picked":"SKIP","floor":5},{"not_picked":["Freischutz","FairyFestival"],"picked":"RedShoes","floor":14},{"not_picked":["Loneliness","Beak","Moonlight","Tough"],"picked":"SKIP","floor":14},{"not_picked":["FeatherOfHonor","Wingbeat","BlueScar","Loneliness"],"picked":"SKIP","floor":14},{"not_picked":["SoundOfStar","Justitia","DaCapo","ParadiseLost"],"picked":"CENSORED_ego","floor":16},{"not_picked":["Adoration","Justitia","CENSORED_ego","TheSmile"],"picked":"GoldRush","floor":16},{"not_picked":["Justitia","Pinks","Mimicry","CENSORED_ego"],"picked":"Twilight","floor":16},{"not_picked":["GreedKing","BeautyBeast","BlackSwan"],"picked":"Singing Bowl","floor":16},{"not_picked":["Laetitia","VoidDream"],"picked":"Bloodbath","floor":16},{"not_picked":["SoundOfStar","Adoration","CENSORED_ego","ParadiseLost"],"picked":"TheSmile","floor":16},{"not_picked":["SomewhereSpear","Soda","ShedSkin","Lamp"],"picked":"TodaysExpression","floor":18},{"not_picked":["DespairKnight","Scorched","CrumblingArmor"],"picked":"Singing Bowl","floor":18},{"not_picked":["LittlePrince","DreamingCurrent"],"picked":"OldLady","floor":18},{"not_picked":["Loneliness","Harmony","CUTE","CherryBlossom"],"picked":"Regret_ego","floor":18},{"not_picked":["DreamingCurrent","Rudolta"],"picked":"PunishingBird","floor":21},{"not_picked":["BloodyDesire","GreenStem+1","RapturousDream","Tough+1"],"picked":"BlackSwan_ego+1","floor":21},{"not_picked":["MHz","OSAHOGD"],"picked":"ShyLook","floor":22},{"not_picked":["CherryBlossom","Noise","CUTE","Soda","GrinderMk4"],"picked":"SKIP","floor":22},{"not_picked":["RapturousDream","Tough","FourthMatchFlame","Noise","Lantern"],"picked":"SKIP","floor":22},{"not_picked":["SoundOfStar+1","Discord+1","GrinderMk4+1","Penitence+1"],"picked":"Spore+1","floor":24},{"not_picked":["WhitesApple","LittlePrince"],"picked":"WallGazer","floor":24},{"not_picked":["Tough+1","Lantern+1","RapturousDream+1","Amita+1","Soda+1"],"picked":"SKIP","floor":24},{"not_picked":["Woodsman","GreedKing","Yin"],"picked":"Singing Bowl","floor":25},{"not_picked":["CrumblingArmor","Wellcheers"],"picked":"MHz","floor":25},{"not_picked":["Tough+1","RapturousDream+1","ScreamingWedge+1","Horn+1","Hornet+1"],"picked":"SKIP","floor":25},{"not_picked":["CherryBlossom+1","Reverberation+1","SomewhereSpear+1","Heaven+1","Lantern+1"],"picked":"SKIP","floor":25},{"not_picked":["GrinderMk4+1","Pleasure+1","Soda+1","Reverberation+1"],"picked":"BearPaw+1","floor":30},{"not_picked":["Mercenary","CherryBlossoms","VoidDream"],"picked":"Singing Bowl","floor":30},{"not_picked":["CherryBlossoms","Murderer"],"picked":"DreamingCurrent","floor":30},{"not_picked":["Lantern+1","Amita+1","Laetitia_ego+1","CherryBlossom+1"],"picked":"Christmas+1","floor":30},{"not_picked":["CUTE+1","Logging+1","TodaysExpression+1","Pinks+1"],"picked":"Diffraction+1","floor":31},{"not_picked":["DespairKnight","Wellcheers"],"picked":"QueenOfHatred","floor":31},{"not_picked":["Pleasure+1","Soda+1","Tough+1","RapturousDream+1","Amita+1"],"picked":"SKIP","floor":31},{"not_picked":["CENSORED_ego+1","DaCapo+1","ParadiseLost+1","Mimicry+1"],"picked":"GoldRush+1","floor":33},{"not_picked":["BigBadWolf","SingingMachine","QueenBee"],"picked":"Singing Bowl","floor":33},{"not_picked":["SingingMachine","DespairKnight"],"picked":"HeroicMonk","floor":33},{"not_picked":["Justitia+1","Twilight+1","TheSmile+1","SoundOfStar+1"],"picked":"GoldRush+1","floor":33},{"not_picked":["CrumblingArmor","BlueStar","WhiteNight"],"picked":"Singing Bowl","floor":35},{"not_picked":["NothingThere","Freischutz"],"picked":"Wellcheers","floor":35},{"not_picked":["CherryBlossom+1","Tough+1","SwordSharpenedByTears+1","Soda+1","Horn+1"],"picked":"SKIP","floor":35},{"not_picked":["Penitence+1","Tough+1","Loneliness+1","RedEyes+1","CUTE+1"],"picked":"SKIP","floor":35},{"not_picked":["Woodsman","Rudolta"],"picked":"Variant","floor":36},{"not_picked":["Laetitia_ego+1","Noise+1","WristCuter+1","Wingbeat+1"],"picked":"Adoration+1","floor":36},{"not_picked":["Woodsman","SnowQueen"],"picked":"LittleHelper","floor":41},{"not_picked":["Heaven+1","CrimsonScar+1","Noise+1","BloodyDesire+1","SwordSharpenedByTears+1"],"picked":"SKIP","floor":41},{"not_picked":["NakedNest","SilentOrchestra","SnowQueen"],"picked":"Singing Bowl","floor":46},{"not_picked":["MeltingLove","GalaxyChild"],"picked":"BlackSwan","floor":46},{"not_picked":["RedEyes+1","CrimsonScar+1","Reverberation+1","Amita+1","Lantern+1"],"picked":"SKIP","floor":46},{"not_picked":["Harmony+1","RapturousDream+1","BlackSwan_ego+1","Ecstasy+1","CUTE+1"],"picked":"SKIP","floor":46}],"player_experience":311442,"relics_obtained":[{"floor":1,"key":"SynthV:TestCard"},{"floor":9,"key":"conspire:BottledYoYo"},{"floor":24,"key":"vexMod:RetaliationKit"},{"floor":26,"key":"AT_ImmortalShieldbow"},{"floor":31,"key":"Potion Belt"},{"floor":37,"key":"jedi:bottledfury"},{"floor":39,"key":"Ring of Misfortune"},{"floor":39,"key":"ReplayTheSpireMod:Ring of Collecting"},{"floor":41,"key":"Pantograph"},{"floor":43,"key":"Ring of Peace"},{"floor":43,"key":"PlaceholderMod:DeVermisMysteriis"}],"event_choices":[{"damage_healed":0,"gold_gain":0,"player_choice":"Ignored","damage_taken":0,"max_hp_gain":0,"max_hp_loss":0,"event_name":"Ghosts","floor":19,"gold_loss":0},{"cards_removed":["SpecialBullet"],"damage_healed":0,"gold_gain":0,"player_choice":"Elegance","damage_taken":0,"max_hp_gain":0,"max_hp_loss":0,"event_name":"Back to Basics","floor":20,"gold_loss":0}],"is_beta":false,"boss_relics":[{"not_picked":["Velvet Choker","Snecko Eye"],"picked":"jedi:hotpepper"},{"not_picked":[]},{"not_picked":["conspire:SlowCooker","ShadowXiaoBlade"],"picked":"FrostBlade"},{"not_picked":[]}],"items_purged_floors":[12,27,34,38],"is_endless":false,"potions_floor_spawned":[1,4,14,22,24,31,33,36,41],"ascension_level":4}}