{"host":"a0dfcfinimhjiqaw","time":1610288321,"event":{"mods":["BaseMod","Bestiary","Colored Map","Colored Powertips","Custom Start","Highlight Path","Minty Spire (QoL Compilation)","Quick Restart","Rare Cards Sparkle","Relic Stats","StSLib"],"gold_per_floor":[114,134,154,4,14,14,14,33,60,94,122,134,181,203,215,330,342,370,396,94,113,127,127,155,155,155],"floor_reached":25,"playtime":2566,"items_purged":["Strike_R"],"score":237,"play_id":"ed6179c7-560b-4e84-9e4e-17adaa7191dc","local_time":"20210110221841","is_ascension_mode":false,"campfire_choices":[{"data":"Armaments","floor":7.0,"key":"SMITH"},{"data":"Shrug It Off","floor":12.0,"key":"SMITH"},{"data":"Body Slam","floor":15.0,"key":"SMITH"},{"data":"True Grit","floor":23,"key":"SMITH"}],"circlet_count":0,"master_deck":["Strike_R","Strike_R","Strike_R","Strike_R","Defend_R","Defend_R","Defend_R","Defend_R","Bash","Barricade+1","Armaments+1","Sword Boomerang","Shrug It Off+1","True Grit+1","Fire Breathing","Metallicize","Blood for Blood","Dark Embrace","Shrug It Off","Body Slam+1","Immolate","Clothesline+1","Battle Trance+1"],"relics":["Burning Blood","Ancient Tea Set","MawBank","Bag of Preparation","Runic Cube","Bottled Tornado","Blood Vial"],"acts_visited":["Exordium","TheCity"],"potions_floor_usage":[22,25],"damage_taken":[{"damage":6.0,"enemies":"2 Louse","floor":1.0,"turns":3.0},{"damage":4.0,"enemies":"Cultist","floor":2.0,"turns":4.0},{"damage":2.0,"enemies":"Small Slimes","floor":3.0,"turns":4.0},{"damage":18.0,"enemies":"2 Fungi Beasts","floor":5.0,"turns":5.0},{"damage":17.0,"enemies":"Exordium Wildlife","floor":8.0,"turns":8.0},{"damage":7.0,"enemies":"3 Sentries","floor":10.0,"turns":6.0},{"damage":11.0,"enemies":"3 Louse","floor":11.0,"turns":6.0},{"damage":1.0,"enemies":"Lagavulin","floor":13.0,"turns":12.0},{"damage":4.0,"enemies":"2 Fungi Beasts","floor":14.0,"turns":6.0},{"damage":17.0,"enemies":"Slime Boss","floor":16.0,"turns":9.0},{"damage":5.0,"enemies":"Chosen","floor":18.0,"turns":8.0},{"damage":25.0,"enemies":"Spheric Guardian","floor":19.0,"turns":4.0},{"damage":21,"enemies":"Centurion and Healer","floor":21,"turns":9},{"damage":12,"enemies":"Snecko","floor":22,"turns":7},{"damage":40,"enemies":"Slavers","floor":24,"turns":5},{"damage":19,"enemies":"Masked Bandits","floor":25,"turns":2}],"seed_played":"-8260567288310269391","potions_obtained":[{"floor":3.0,"key":"PowerPotion"},{"floor":8.0,"key":"GamblersBrew"},{"floor":10.0,"key":"ElixirPotion"},{"floor":13.0,"key":"Fire Potion"},{"floor":19.0,"key":"Regen Potion"},{"floor":24,"key":"ColorlessPotion"}],"is_trial":false,"path_per_floor":["M","M","M","$","M","?","R","M","T","E","M","R","E","M","R","B",null,"M","M","$","M","M","R","E","?"],"character_chosen":"IRONCLAD","items_purchased":["Shrug It Off","True Grit","Fire Breathing","Bottled Tornado"],"campfire_rested":0,"item_purchase_floors":[4,4,4,20],"current_hp_per_floor":[72,72,72,72,60,60,60,49,49,48,43,43,48,50,50,39,72,72,53,53,38,44,44,10,0,0],"gold":155,"neow_bonus":"THREE_RARE_CARDS","is_daily":false,"chose_seed":false,"campfire_upgraded":4,"win_rate":0.0,"timestamp":1610288321,"path_taken":["M","M","M","$","M","?","R","M","T","E","?","R","E","M","R","BOSS","M","M","$","M","M","R","E","?"],"items_purchased_type":["Card","Card","Card","Relic"],"build_version":"2020-12-22","purchased_purges":1,"victory":false,"max_hp_per_floor":[72,72,72,72,72,72,72,72,72,72,72,72,72,72,72,72,72,72,72,72,72,72,72,72,72,72],"relic_stats":{"Blood Vial":2,"counters":[16,98],"Bag of Preparation":[16],"MawBank":120,"obtain_stats":[{"Blood Vial":24,"Bag of Preparation":13,"Bottled Tornado":20,"Ancient Tea Set":9,"MawBank":10,"Burning Blood":0,"Runic Cube":17},{"Blood Vial":15,"Bag of Preparation":8,"Bottled Tornado":12,"Ancient Tea Set":5,"MawBank":6,"Burning Blood":0,"Runic Cube":10},{"Blood Vial":96,"Bag of Preparation":48,"Bottled Tornado":75,"Ancient Tea Set":24,"MawBank":30,"Burning Blood":0,"Runic Cube":63}],"Burning Blood":83,"Runic Cube":[16]},"card_choices":[{"not_picked":["Fiend Fire","Demon Form"],"picked":"Barricade","floor":0.0},{"not_picked":["Warcry","Reckless Charge"],"picked":"Armaments","floor":1.0},{"not_picked":["Whirlwind","Armaments","Combust"],"picked":"SKIP","floor":2.0},{"not_picked":["Perfected Strike","Rupture"],"picked":"Sword Boomerang","floor":3.0},{"not_picked":["Cleave","Shrug It Off"],"picked":"Metallicize","floor":5.0},{"not_picked":["Anger","Uppercut"],"picked":"Blood for Blood","floor":8.0},{"not_picked":["Shockwave","Carnage"],"picked":"Dark Embrace","floor":10.0},{"not_picked":["Thunderclap","Searing Blow","Cleave"],"picked":"SKIP","floor":11.0},{"not_picked":["Barricade","Flame Barrier"],"picked":"Shrug It Off","floor":13.0},{"not_picked":["Anger","Iron Wave"],"picked":"Body Slam","floor":14.0},{"not_picked":["Fiend Fire","Reaper"],"picked":"Immolate","floor":16.0},{"not_picked":["Clash","Perfected Strike"],"picked":"Clothesline+1","floor":18.0},{"not_picked":["Clash","Twin Strike","Double Tap"],"picked":"SKIP","floor":19.0},{"not_picked":["Shrug It Off","Bloodletting","Second Wind+1"],"picked":"SKIP","floor":21},{"not_picked":["Body Slam+1","Fire Breathing+1"],"picked":"Battle Trance+1","floor":22},{"not_picked":["Shrug It Off","Heavy Blade","Armaments"],"picked":"SKIP","floor":24}],"player_experience":33204,"relics_obtained":[{"floor":9.0,"key":"Ancient Tea Set"},{"floor":10.0,"key":"MawBank"},{"floor":13.0,"key":"Bag of Preparation"},{"floor":24,"key":"Blood Vial"}],"event_choices":[{"damage_healed":0.0,"max_hp_gain":0.0,"max_hp_loss":0.0,"gold_gain":0.0,"event_name":"Upgrade Shrine","player_choice":"Upgraded","floor":6.0,"gold_loss":0.0,"damage_taken":0.0,"cards_upgraded":["Barricade"]},{"damage_healed":0,"gold_gain":0,"player_choice":"Fought Bandits","damage_taken":0,"max_hp_gain":0,"max_hp_loss":0,"event_name":"Masked Bandits","floor":25,"gold_loss":0}],"is_beta":false,"boss_relics":[{"not_picked":["Black Star","Snecko Eye"],"picked":"Runic Cube"}],"items_purged_floors":[20],"is_endless":false,"potions_floor_spawned":[3,8,10,13,19,24],"killed_by":"Masked Bandits","ascension_level":0}}