{"host":"7krnriczr1b2ou5r","time":1610259935,"event":{"mods":["BaseMod","Keyboard Shortcuts","Marisa£¨Ùöéë¡¡Øª×âÞÞ£©","Minty Spire (QoL Compilation)","Relic Stats","StSLib"],"gold_per_floor":[109,59,234,245,270,270,173,198,198,198,224,241,261,11,11,111,111,129,148,159,172,172,172,204,204,231,231,83,113,113,138,138,238,238,248,0,10,10,24,50,50,69,96,115,140,140,140,172,184,196,208,220,26,56,56],"floor_reached":56,"playtime":2622,"items_purged":["Strike_MRS","Strike_MRS","ChargingUp+1"],"score":2164,"play_id":"71156fd6-7bbb-40b8-bc81-56117f48dc5c","local_time":"20210110152535","is_ascension_mode":true,"campfire_choices":[{"data":"UltimateShortwave","floor":6,"key":"SMITH"},{"data":"ChargingUp","floor":10,"key":"SMITH"},{"data":"OortCloud","floor":15,"key":"SMITH"},{"data":"FinalSpark","floor":23,"key":"SMITH"},{"data":"OrrerysSun","floor":27,"key":"SMITH"},{"data":"OortCloud","floor":32,"key":"SMITH"},{"data":"1","floor":46,"key":"LIFT"},{"data":"2","floor":49,"key":"LIFT"},{"data":"3","floor":52,"key":"LIFT"}],"circlet_count":0,"master_deck":["Defend_MRS+1","Defend_MRS+1","MasterSpark+1","UpSweep+1","OrrerysSun+1","SuperPerseids+1","GalacticHalo+1","UltimateShortwave+1","Acceleration+1","OortCloud+1","AsteroidBelt+1","MilkyWay+1","FinalSpark+1","RefractionSpark+1","OrrerysSun+1","DoubleSpark+1","OortCloud+1","Acceleration+1","CasketOfStar+1","Singularity"],"relics":["BewitchedHakkero","Anchor","Oddly Smooth Stone","Du-Vu Doll","Meat on the Bone","Membership Card","Ornamental Fan","Ginger","Tiny Chest","Bag of Preparation","Toy Ornithopter","AmplifyWand","Black Star","Red Mask","Mark of the Bloom","Girya","Vajra","Gremlin Horn","Sozu","CeramicFish","Mummified Hand","Regal Pillow","Whetstone","Nunchaku","SproutingBranch","MawBank","SimpleLauncher","Boot","Blood Vial"],"acts_visited":["Exordium","TheCity","TheBeyond","TheEnding"],"potions_floor_usage":[8,11,16,19,24,29,42],"damage_taken":[{"damage":2,"enemies":"Jaw Worm","floor":1,"turns":4},{"damage":4,"enemies":"Cultist","floor":4,"turns":4},{"damage":0,"enemies":"3 Sentries","floor":8,"turns":8},{"damage":12,"enemies":"Gremlin Nob","floor":11,"turns":4},{"damage":0,"enemies":"2 Louse","floor":12,"turns":3},{"damage":8,"enemies":"Large Slime","floor":13,"turns":6},{"damage":3,"enemies":"The Guardian","floor":16,"turns":9},{"damage":11,"enemies":"Spheric Guardian","floor":18,"turns":4},{"damage":26,"enemies":"3 Byrds","floor":19,"turns":5},{"damage":0,"enemies":"Centurion and Healer","floor":20,"turns":5},{"damage":7,"enemies":"Sentry and Sphere","floor":21,"turns":5},{"damage":1,"enemies":"Gremlin Leader","floor":24,"turns":5},{"damage":27,"enemies":"Slavers","floor":29,"turns":6},{"damage":36,"enemies":"Gremlin Leader","floor":31,"turns":4},{"damage":0,"enemies":"Automaton","floor":33,"turns":6},{"damage":11,"enemies":"3 Darklings","floor":35,"turns":6},{"damage":3,"enemies":"3 Shapes","floor":37,"turns":4},{"damage":0,"enemies":"Maw","floor":39,"turns":5},{"damage":0,"enemies":"Giant Head","floor":40,"turns":4},{"damage":0,"enemies":"Transient","floor":42,"turns":5},{"damage":15,"enemies":"4 Shapes","floor":44,"turns":4},{"damage":0,"enemies":"Nemesis","floor":45,"turns":3},{"damage":0,"enemies":"Giant Head","floor":48,"turns":2},{"damage":0,"enemies":"Time Eater","floor":50,"turns":1},{"damage":0,"enemies":"Shield and Spear","floor":54,"turns":2},{"damage":18,"enemies":"The Heart","floor":55,"turns":4}],"seed_played":"-404859378426380537","potions_obtained":[{"floor":1,"key":"LiquidBronze"},{"floor":4,"key":"Dexterity Potion"},{"floor":8,"key":"PowerPotion"},{"floor":12,"key":"LiquidMemories"},{"floor":19,"key":"Energy Potion"},{"floor":20,"key":"Swift Potion"},{"floor":24,"key":"FairyPotion"},{"floor":35,"key":"BottledSpark"}],"is_trial":false,"path_per_floor":["M","?","?","M","T","R","$","E","T","R","E","M","M","$","R","B",null,"M","M","M","M","?","R","E","?","T","R","$","E","?","E","R","B",null,"M","?","M","?","M","E","T","M","T","M","E","R","T","E","R","B",null,"R","$","E","B",null],"character_chosen":"MARISA","items_purchased":["Acceleration","Membership Card","CasketOfStar","MilkyWay","Bag of Preparation","DoubleSpark","SimpleLauncher"],"campfire_rested":0,"item_purchase_floors":[7,14,14,14,28,28,53],"current_hp_per_floor":[48,48,48,44,44,44,44,44,44,44,32,44,48,48,48,45,68,57,61,61,54,75,75,74,60,60,60,60,45,45,21,21,33,68,57,57,54,54,54,54,54,54,54,39,39,39,39,39,39,39,39,39,39,39,21],"gold":56,"neow_bonus":"TRANSFORM_TWO_CARDS","is_daily":false,"chose_seed":false,"campfire_upgraded":6,"win_rate":0.0,"timestamp":1610259935,"path_taken":["M","?","?","M","?","R","$","E","T","R","E","M","M","$","R","BOSS","M","?","M","M","?","R","E","?","T","R","$","E","?","E","R","BOSS","M","?","M","?","M","E","?","M","T","M","E","R","?","E","R","BOSS","R","$","E","BOSS"],"items_purchased_type":["Card","Relic","Card","Card","Relic","Card","Relic"],"build_version":"2020-12-22","purchased_purges":3,"victory":true,"max_hp_per_floor":[75,75,75,75,75,75,75,75,75,75,75,75,75,75,75,75,75,75,75,75,75,75,75,75,80,80,80,80,80,80,80,80,80,80,80,80,80,80,80,80,80,80,80,80,80,80,80,80,80,80,80,80,80,80,80],"relic_stats":{"Mark of the Bloom":157,"Regal Pillow":0,"Gremlin Horn":[4,4],"counters":[26,118],"CeramicFish":9,"Bag of Preparation":[28],"Ginger":[12],"Whetstone":[],"MawBank":60,"Boot":[0],"Sozu":4,"Blood Vial":0,"Nunchaku":[6],"Ornamental Fan":[296],"Mummified Hand":[37],"Tiny Chest":1,"Black Star":4,"obtain_stats":[{"AmplifyWand":31,"Mark of the Bloom":38,"Regal Pillow":45,"Gremlin Horn":41,"CeramicFish":43,"Vajra":40,"Bag of Preparation":28,"Ginger":24,"Whetstone":45,"SproutingBranch":48,"Boot":54,"Sozu":42,"Blood Vial":54,"Nunchaku":47,"Mummified Hand":44,"Tiny Chest":26,"Red Mask":36,"BewitchedHakkero":17,"SimpleLauncher":53,"Girya":40,"Oddly Smooth Stone":8,"MawBank":48,"Du-Vu Doll":9,"Anchor":5,"Ornamental Fan":20,"Black Star":34,"MiniHakkero":0,"Membership Card":14,"Toy Ornithopter":29,"Meat on the Bone":11},{"AmplifyWand":14,"Mark of the Bloom":17,"Regal Pillow":22,"Gremlin Horn":19,"CeramicFish":20,"Vajra":19,"Bag of Preparation":12,"Ginger":12,"Whetstone":22,"SproutingBranch":23,"Boot":25,"Sozu":20,"Blood Vial":25,"Nunchaku":22,"Mummified Hand":21,"Tiny Chest":12,"Red Mask":16,"BewitchedHakkero":7,"SimpleLauncher":24,"Girya":19,"Oddly Smooth Stone":3,"MawBank":23,"Du-Vu Doll":3,"Anchor":2,"Ornamental Fan":10,"Black Star":15,"MiniHakkero":0,"Membership Card":6,"Toy Ornithopter":13,"Meat on the Bone":4},{"AmplifyWand":72,"Mark of the Bloom":88,"Regal Pillow":109,"Gremlin Horn":97,"CeramicFish":102,"Vajra":97,"Bag of Preparation":62,"Ginger":62,"Whetstone":109,"SproutingBranch":111,"Boot":114,"Sozu":102,"Blood Vial":114,"Nunchaku":109,"Mummified Hand":103,"Tiny Chest":62,"Red Mask":84,"BewitchedHakkero":38,"SimpleLauncher":112,"Girya":97,"Oddly Smooth Stone":16,"MawBank":111,"Du-Vu Doll":16,"Anchor":8,"Ornamental Fan":52,"Black Star":78,"MiniHakkero":0,"Membership Card":29,"Toy Ornithopter":68,"Meat on the Bone":20}],"Toy Ornithopter":0,"Meat on the Bone":60},"card_choices":[{"not_picked":["DoubleSpark","PropBag"],"picked":"GalacticHalo","floor":1},{"not_picked":["ShootingEcho","Robbery"],"picked":"UltimateShortwave","floor":4},{"not_picked":["MeteoricShower","Acceleration"],"picked":"ChargingUp","floor":8},{"not_picked":["AsteroidBelt","MagicChant"],"picked":"OortCloud","floor":11},{"not_picked":["GravityBeat","DarkSpark"],"picked":"AsteroidBelt","floor":12},{"not_picked":["MagicAbsorber","GravityBeat","BlazeAway"],"picked":"SKIP","floor":13},{"not_picked":["UltimateShortwave","AbsoluteMagnitude"],"picked":"FinalSpark","floor":16},{"not_picked":["SuperPerseids","IllusionStar+1"],"picked":"RefractionSpark+1","floor":18},{"not_picked":["GasGiant","SporeBomb+1"],"picked":"OrrerysSun+1","floor":19},{"not_picked":["BlazeAway","Acceleration+1","OpenUniverse"],"picked":"SKIP","floor":20},{"not_picked":["NonDirectionalLaser","IllusionStar+1","MysteriousBeam"],"picked":"SKIP","floor":21},{"not_picked":["WitchOfGreed","DarkSpark+1","SporeBomb"],"picked":"SKIP","floor":24},{"not_picked":["WitchOfGreed+1","LuminesStrike+1","TreasureHunter"],"picked":"SKIP","floor":29},{"not_picked":["EnergyFlow+1","DeepEcoloBomb","OortCloud"],"picked":"SKIP","floor":31},{"not_picked":["EnergyFlow+1","DeepEcoloBomb"],"picked":"OortCloud","floor":31},{"not_picked":["Occultation+1","Robbery+1","WitchLeyline+1"],"picked":"SKIP","floor":35},{"not_picked":["Robbery","DoubleSpark+1"],"picked":"Acceleration","floor":37},{"not_picked":["ShootTheMoon+1","Orbital","DC"],"picked":"SKIP","floor":39},{"not_picked":["BlazeAway","TreasureHunter"],"picked":"CasketOfStar","floor":40},{"not_picked":["DC+1","SporeBomb"],"picked":"Singularity","floor":44},{"not_picked":["MagicChant","OpenUniverse","FinalSpark"],"picked":"SKIP","floor":45},{"not_picked":["ChargingUp","Singularity+1","OneTimeOff+1"],"picked":"SKIP","floor":48},{"not_picked":["Orbital","UnstableBomb","AsteroidBelt+1"],"picked":"SKIP","floor":54}],"player_experience":1105330,"relics_obtained":[{"floor":5,"key":"Anchor"},{"floor":8,"key":"Oddly Smooth Stone"},{"floor":9,"key":"Du-Vu Doll"},{"floor":11,"key":"Meat on the Bone"},{"floor":24,"key":"Ginger"},{"floor":26,"key":"Tiny Chest"},{"floor":29,"key":"Toy Ornithopter"},{"floor":31,"key":"AmplifyWand"},{"floor":40,"key":"Girya"},{"floor":40,"key":"Vajra"},{"floor":41,"key":"Gremlin Horn"},{"floor":43,"key":"CeramicFish"},{"floor":45,"key":"Regal Pillow"},{"floor":45,"key":"Whetstone"},{"floor":47,"key":"Nunchaku"},{"floor":48,"key":"SproutingBranch"},{"floor":48,"key":"MawBank"},{"floor":54,"key":"Boot"},{"floor":54,"key":"Blood Vial"}],"event_choices":[{"cards_removed":["Strike_MRS"],"damage_healed":0,"gold_gain":0,"player_choice":"Card Removal","damage_taken":0,"max_hp_gain":0,"max_hp_loss":0,"event_name":"The Cleric","floor":2,"gold_loss":50},{"damage_healed":0,"gold_gain":175,"player_choice":"AGREE","damage_taken":0,"max_hp_gain":0,"max_hp_loss":0,"event_name":"Liars Game","floor":3,"gold_loss":0,"cards_obtained":["Doubt"]},{"damage_healed":25,"gold_gain":0,"player_choice":"Heal","damage_taken":0,"max_hp_gain":0,"max_hp_loss":0,"event_name":"The Library","floor":22,"gold_loss":0},{"damage_healed":0,"gold_gain":0,"player_choice":"Shed Blood","damage_taken":19,"max_hp_gain":5,"max_hp_loss":0,"event_name":"Forgotten Altar","floor":25,"gold_loss":0},{"cards_removed":["Defend_MRS"],"damage_healed":0,"gold_gain":0,"player_choice":"Elegance","damage_taken":0,"max_hp_gain":0,"max_hp_loss":0,"event_name":"Back to Basics","floor":30,"gold_loss":0},{"damage_healed":0,"gold_gain":0,"player_choice":"Paid","damage_taken":0,"relics_obtained":["Red Mask"],"max_hp_gain":0,"max_hp_loss":0,"event_name":"Tomb of Lord Red Mask","floor":36,"gold_loss":248},{"damage_healed":0,"gold_gain":0,"player_choice":"Upgrade","damage_taken":0,"relics_obtained":["Mark of the Bloom"],"max_hp_gain":0,"max_hp_loss":0,"event_name":"MindBloom","floor":38,"gold_loss":0,"cards_upgraded":["Defend_MRS","Defend_MRS","MasterSpark","UpSweep","SuperPerseids","GalacticHalo","Acceleration","AsteroidBelt","CasketOfStar","MilkyWay","DoubleSpark","Acceleration"]}],"is_beta":false,"boss_relics":[{"not_picked":["Astrolabe","SlaversCollar"],"picked":"BewitchedHakkero"},{"not_picked":["Snecko Eye","Busted Crown"],"picked":"Black Star"}],"items_purged_floors":[7,28,53],"is_endless":false,"potions_floor_spawned":[1,4,8,12,19,20,24,35,44,45,48,54],"ascension_level":9}}