{"host":"ockkdcgl3b18tfz9","time":1610274447,"event":{"mods":["2.2 Compatiblity","BaseMod","Better Skull","Better Third Choice","BetterRewards","Hermit","Minty Spire (QoL Compilation)","Quick Restart","Replay The Spire","Spicy Shops","StSLib","SuperFastMode","The Jungle"],"gold_per_floor":[110,185,185,185,185,185,218,218,218,218,218,160,175,99,99,195,195,214,20,20,0,0,44,44,88,88,108,133,157,197,221,221,221,221],"floor_reached":33,"playtime":926,"items_purged":["Replay:Hysterical Blindness"],"score":750,"play_id":"a50bedbf-766d-48f6-b7ea-4a75fc4bf87c","local_time":"20210110172727","is_ascension_mode":true,"campfire_choices":[{"floor":6.0,"key":"RECALL"},{"data":"Heatsinks","floor":8.0,"key":"SMITH"},{"data":"Zap","floor":11.0,"key":"SMITH"},{"data":"Static Discharge","floor":15.0,"key":"SMITH"},{"data":"Buffer","floor":24,"key":"SMITH"},{"floor":32,"key":"REST"}],"circlet_count":0,"master_deck":["AscendersBane","Strike_B","Strike_B","Strike_B","Strike_B","Defend_B","Defend_B","Defend_B","Zap+1","Dualcast","Crystallizer+1","Hello World","Auto Shields","Auto Shields","Turbo","Conserve Battery","Coolheaded+1","Heatsinks+1","FIFO Queue","FIFO Queue","Rainbow","Static Discharge+1","Buffer+1","Leap","White Noise","Amplify","BasicCrystalCard","Fusion"],"relics":["Cracked Core","Lee\u0027s Waffle","Unceasing Top","Replay:Frozen Program","MealTicket","Singing Bowl","Du-Vu Doll","Golden Idol","ReplayTheSpireMod:TigerMarble","Darkstone Periapt","ReplayTheSpireMod:Ring of Collecting","Ring of Panic","Replay:Ancient Bell","PreservedInsect","Mummified Hand","Torii","Membership Card","Bag of Preparation","Mercury Hourglass","Happy Flower","Pear"],"acts_visited":["Exordium","TheCity"],"potions_floor_usage":[29,30,31],"damage_taken":[{"damage":2.0,"enemies":"2 Louse","floor":1.0,"turns":2.0},{"damage":6.0,"enemies":"3 Sentries","floor":7.0,"turns":9.0},{"damage":8.0,"enemies":"Small Slimes","floor":13.0,"turns":3.0},{"damage":41,"enemies":"The Guardian","floor":16,"turns":9},{"damage":9,"enemies":"Chosen","floor":18,"turns":4},{"damage":39,"enemies":"Book of Stabbing","floor":23,"turns":6},{"damage":0,"enemies":"Gremlin Leader","floor":25,"turns":6},{"damage":1,"enemies":"Spheric Guardian","floor":27,"turns":5},{"damage":19,"enemies":"Chosen and Byrds","floor":28,"turns":6},{"damage":17,"enemies":"Snake Plant","floor":29,"turns":5},{"damage":10,"enemies":"Slavers","floor":30,"turns":3},{"damage":0,"enemies":"3 Cultists","floor":31,"turns":4},{"damage":63,"enemies":"Automaton","floor":33,"turns":12}],"seed_played":"2694989661305713191","potions_obtained":[{"floor":13.0,"key":"FearPotion"},{"floor":16,"key":"Regen Potion"},{"floor":27,"key":"BlessingOfTheForge"},{"floor":30,"key":"Fire Potion"}],"is_trial":false,"path_per_floor":["M","?","?","$","?","R","E","R","T","?","R","$","M","$","R","B",null,"M","$","?","?","?","E","R","E","T","M","M","M","E","M","R","B"],"character_chosen":"DEFECT","items_purchased":["Lee\u0027s Waffle","Crystallizer+1","Replay:Frozen Program","MealTicket","Singing Bowl","Hello World","Auto Shields","Turbo","FIFO Queue","Static Discharge","Membership Card"],"campfire_rested":1,"item_purchase_floors":[0,0,0,0,0,0,0,0,12,14,19],"current_hp_per_floor":[80,69,69,82,82,82,76,76,76,82,82,88,80,88,88,47,102,95,110,110,110,110,71,71,73,73,72,53,47,47,47,85,22,22],"gold":221,"neow_bonus":"","is_daily":false,"chose_seed":false,"campfire_upgraded":4,"win_rate":0.0,"timestamp":1610274447,"path_taken":["M","?","?","$","?","R","E","R","T","?","R","$","?","$","R","BOSS","M","$","?","?","?","E","R","E","T","M","?","M","E","M","R","BOSS"],"items_purchased_type":["Relic","Card","Relic","Relic","Relic","Card","Card","Card","Card","Card","Relic"],"build_version":"2020-12-22","purchased_purges":1,"victory":false,"max_hp_per_floor":[82,82,82,82,82,82,82,82,82,88,88,88,88,88,88,88,112,114,114,114,114,114,114,114,116,116,116,116,118,128,128,128,128,128],"card_choices":[{"not_picked":["Redo","Coolheaded"],"picked":"Conserve Battery","floor":1.0},{"not_picked":["Cold Snap","ReplayTheSpireMod:Repulse"],"picked":"Heatsinks","floor":7.0},{"not_picked":["Rebound","Chill"],"picked":"Rainbow","floor":13.0},{"not_picked":["Meteor Strike","Fission"],"picked":"Buffer","floor":16},{"not_picked":["Delirium","Looming Evil","Writhe"],"picked":"Singing Bowl","floor":17},{"not_picked":["Delirium","ReplayTheSpireMod:Splinters","Overencumbered"],"picked":"Singing Bowl","floor":17},{"not_picked":["AbeCurse","Replay:Hysterical Blindness","Clumsy"],"picked":"Singing Bowl","floor":17},{"not_picked":["Coolheaded+1","Barrage","Stack"],"picked":"Singing Bowl","floor":18},{"not_picked":["ReplaySolidLightProjector","Reprogram"],"picked":"Leap","floor":23},{"not_picked":["Undo","Gash","Darkness"],"picked":"Singing Bowl","floor":25},{"not_picked":["Reprogram","Beam Cell"],"picked":"White Noise","floor":27},{"not_picked":["Ball Lightning","Streamline"],"picked":"Amplify","floor":28},{"not_picked":["Hologram","Skim","Steam"],"picked":"Singing Bowl","floor":29},{"not_picked":["Lockon","ReplayGash"],"picked":"BasicCrystalCard","floor":30},{"not_picked":["Beam Cell","ReplayTheSpireMod:Calculation Training"],"picked":"Fusion","floor":31}],"player_experience":258388,"relics_obtained":[{"floor":7.0,"key":"ReplayTheSpireMod:TigerMarble"},{"floor":9.0,"key":"Darkstone Periapt"},{"floor":10.0,"key":"ReplayTheSpireMod:Ring of Collecting"},{"floor":10.0,"key":"Ring of Panic"},{"floor":23,"key":"Bag of Preparation"},{"floor":25,"key":"Mercury Hourglass"},{"floor":26,"key":"Happy Flower"},{"floor":30,"key":"Pear"}],"event_choices":[{"damage_healed":0.0,"max_hp_gain":0.0,"max_hp_loss":0.0,"gold_gain":75.0,"event_name":"betterThird:BetterGoop","player_choice":"Gold","floor":2.0,"gold_loss":0.0,"damage_taken":11.0},{"damage_healed":0.0,"max_hp_gain":0.0,"max_hp_loss":0.0,"gold_gain":0.0,"event_name":"Golden Idol","player_choice":"Take Wound","floor":5.0,"gold_loss":0.0,"damage_taken":0.0,"relics_obtained":["Golden Idol"],"cards_obtained":["Injury"]},{"damage_healed":0,"gold_gain":0,"player_choice":"Ignored","damage_taken":0,"max_hp_gain":0,"max_hp_loss":0,"event_name":"Ghosts","floor":20,"gold_loss":0},{"damage_healed":0,"gold_gain":0,"player_choice":"Paid Fearfully","damage_taken":0,"max_hp_gain":0,"max_hp_loss":0,"event_name":"Masked Bandits","floor":21,"gold_loss":20},{"cards_removed":["ReplayTheSpireMod:Splinters","Looming Evil","Voices","Injury"],"damage_healed":0,"gold_gain":0,"player_choice":"Removed Curses","damage_taken":0,"max_hp_gain":0,"max_hp_loss":0,"event_name":"Fountain of Cleansing","floor":22,"gold_loss":0}],"is_beta":false,"boss_relics":[{"not_picked":["Philosopher\u0027s Stone","Replay:Fungal Core"],"picked":"Replay:Ancient Bell"},{"not_picked":["Smiling Mask","Bag of Marbles"],"picked":"PreservedInsect"},{"not_picked":["Replay:Bottled Snecko","Gremlin Horn"],"picked":"Mummified Hand"},{"not_picked":["FossilizedHelix","Incense Burner"],"picked":"Torii"}],"items_purged_floors":[19],"is_endless":false,"potions_floor_spawned":[13,16,23,27,28,30],"killed_by":"Automaton","ascension_level":13}}