{"host":"y3h3n3f7seyagppx","time":1610241067,"event":{"mods":["AlwaysNeverKeys","BaseMod","Better Vampires","Colored Powertips","DeckTracker","Emptier Cage","Minty Spire (QoL Compilation)","Permanent Neow","Quick Restart","Rare Cards Sparkle","Relic Sorter","Relic Stats","StSLib","Transform Curses"],"gold_per_floor":[111,111,123,141,141,141,141],"floor_reached":6,"playtime":656,"items_purged":[],"score":72,"play_id":"561a2c4f-941d-48e5-83ac-a065d2ab4776","local_time":"20210109201107","is_ascension_mode":true,"campfire_choices":[],"circlet_count":0,"master_deck":["AscendersBane","Strike_R","Strike_R","Strike_R","Defend_R","Defend_R","Defend_R","Defend_R","Bash","Corruption","Feel No Pain","Dropkick","Spot Weakness","Pummel"],"relics":["Burning Blood","Boot"],"acts_visited":["Exordium"],"potions_floor_usage":[],"damage_taken":[{"damage":2,"enemies":"Cultist","floor":1,"turns":4},{"damage":14,"enemies":"Jaw Worm","floor":3,"turns":5},{"damage":18,"enemies":"Small Slimes","floor":4,"turns":5},{"damage":32,"enemies":"Gremlin Nob","floor":6,"turns":3}],"seed_played":"9090673076521602351","potions_obtained":[{"floor":4,"key":"DuplicationPotion"}],"is_trial":false,"path_per_floor":["M","?","M","M","?","E"],"character_chosen":"IRONCLAD","items_purchased":[],"campfire_rested":0,"item_purchase_floors":[],"current_hp_per_floor":[54,43,35,23,23,0,0],"gold":141,"neow_bonus":"TRANSFORM_TWO_CARDS","is_daily":false,"chose_seed":false,"campfire_upgraded":0,"win_rate":0.0,"timestamp":1610241067,"path_taken":["M","?","M","M","?","E"],"items_purchased_type":[],"build_version":"2020-12-22","purchased_purges":0,"victory":false,"max_hp_per_floor":[75,75,75,75,75,75,75],"relic_stats":{"counters":[4,17],"Boot":[12],"obtain_stats":[{"Boot":2,"Burning Blood":0},{"Boot":1,"Burning Blood":0},{"Boot":4,"Burning Blood":0}],"Burning Blood":18},"card_choices":[{"not_picked":["Headbutt","Cleave"],"picked":"Dropkick","floor":1},{"not_picked":["Rage","Clash"],"picked":"Spot Weakness","floor":3},{"not_picked":["Iron Wave","Headbutt"],"picked":"Pummel","floor":4}],"player_experience":20590532,"relics_obtained":[],"event_choices":[{"damage_healed":0,"gold_gain":0,"player_choice":"Success","damage_taken":11,"relics_obtained":["Boot"],"max_hp_gain":0,"max_hp_loss":0,"event_name":"Scrap Ooze","floor":2,"gold_loss":0},{"damage_healed":0,"gold_gain":0,"player_choice":"Ignored","damage_taken":0,"max_hp_gain":0,"max_hp_loss":0,"event_name":"Shining Light","floor":5,"gold_loss":0}],"is_beta":false,"boss_relics":[],"items_purged_floors":[],"is_endless":false,"potions_floor_spawned":[4],"killed_by":"Gremlin Nob","ascension_level":20}}