{"host":"k67zwea37tbl4jhz","time":1610261648,"event":{"mods":["AchievementEnabler","Act Like it!","Aspiration","BaseMod","Better Altar","Better Match","Better Note","Better Sensory Stone","Better Skull","Better Third Choice","BetterRewards","CCEM","Clawfect","Colored Map","Conspire","Downfall","GifTheSpireLib","Googly Eyes","Halation","Highlight Path","Hubris","Mimic Mod","Minty Spire (QoL Compilation)","Permanent Neow","Replay The Spire","Shop Mod","Spicy Shops","StSLib","Stuff the Spire","Unceasing Turn Reminder","everything is the same but u backflip on backflip"],"gold_per_floor":[99,111,14,26,26,26,58,75,75,75,88,121,139,239,259,259,259,259],"floor_reached":16,"playtime":1045,"items_purged":[],"score":152,"play_id":"f6f8ee5a-6508-4a29-9ad7-a29afb6a5996","local_time":"20210110015408","is_ascension_mode":false,"campfire_choices":[{"data":"champ:Taunt","floor":1,"key":"SMITH"},{"data":"champ:ShieldWall","floor":6,"key":"SMITH"},{"floor":10,"key":"RECALL"}],"circlet_count":0,"master_deck":["champ:Strike","champ:Strike","champ:Defend","champ:Defend","champ:Defend","champ:Taunt+1","champ:ShieldWall+1","champ:Lariat","champ:DefensiveStyle","champ:TornadoPunch","champ:FocusedDefense","Dark Shackles+1","conspire:Banana+1"],"relics":["Replay:Drink Me","halation:YellowSoulGem","CCEMRelics:FestiveHat"],"acts_visited":["Exordium"],"potions_floor_usage":[12],"damage_taken":[{"damage":31,"enemies":"Jaw Worm","floor":2,"turns":13},{"damage":0,"enemies":"downfall:FleeingMerchant","floor":3,"turns":4},{"damage":12,"enemies":"2 Louse","floor":4,"turns":5},{"damage":0,"enemies":"Small Slimes","floor":7,"turns":4},{"damage":0,"enemies":"Small Slimes","floor":8,"turns":3},{"damage":5,"enemies":"Blue Slaver","floor":11,"turns":3},{"damage":0,"enemies":"Lagavulin","floor":12,"turns":4},{"damage":6,"enemies":"2 Fungi Beasts","floor":13,"turns":4},{"damage":2,"enemies":"Exordium Wildlife","floor":15,"turns":5},{"damage":17,"enemies":"downfall:Silent","floor":16,"turns":4}],"seed_played":"8033618516209395283","potions_obtained":[{"floor":4,"key":"Venom Potion"},{"floor":11,"key":"DistilledChaos"},{"floor":12,"key":"Regen Potion"},{"floor":15,"key":"PowerPotion"}],"is_trial":false,"path_per_floor":["R","M","$","M","?","R","MIM","M","?","R","M","E","M","?","M","B"],"character_chosen":"THE_CHAMP","items_purchased":["champ:DefensiveStyle"],"campfire_rested":0,"item_purchase_floors":[3],"current_hp_per_floor":[68,40,40,28,28,28,28,28,28,28,23,23,17,17,15,0,0,0],"gold":259,"neow_bonus":"BOSS_RELIC","is_daily":false,"chose_seed":false,"campfire_upgraded":2,"win_rate":0.0,"timestamp":1610261648,"path_taken":["R","M","$","M","?","R","MIM","M","?","R","M","E","M","?","M","BOSS"],"items_purchased_type":["Card"],"build_version":"2020-12-22","purchased_purges":0,"victory":false,"max_hp_per_floor":[68,68,68,68,68,68,68,68,68,68,68,68,68,68,68,70,70,70],"card_choices":[{"not_picked":["champ:BladeFlurry","champ:CrookedStrike"],"picked":"champ:ShieldWall","floor":2},{"not_picked":["champ:StanceDance","champ:FlashCut"],"picked":"champ:Lariat","floor":3},{"not_picked":["champ:StanceDance","champ:FlashCut","champ:PerfectedStrike"],"picked":"SKIP","floor":4},{"not_picked":["champ:StanceDance","champ:FanOfKnives"],"picked":"champ:TornadoPunch","floor":7},{"not_picked":["champ:IronFortress","champ:IgnorePain","champ:GladiatorStyle"],"picked":"SKIP","floor":8},{"not_picked":["champ:Duel","champ:FightOn","champ:GutPunch"],"picked":"SKIP","floor":11},{"not_picked":["champ:StrikeOfGenius","champ:AdrenalArmor"],"picked":"champ:FocusedDefense","floor":12},{"not_picked":["expansioncontent:Hexaburn+1","ReplayUltimateDefense+1"],"picked":"Dark Shackles+1","floor":13},{"not_picked":["champ:BerserkersShout","champ:Backstep","champ:Riposte"],"picked":"SKIP","floor":13},{"not_picked":["ReplayTheSpireMod:Uncanny Aura+1","Madness+1"],"picked":"conspire:Banana+1","floor":15},{"not_picked":["champ:BringItOn","champ:RapidStrikes","champ:IgnorePain"],"picked":"SKIP","floor":15}],"player_experience":164674,"relics_obtained":[{"floor":12,"key":"CCEMRelics:FestiveHat"}],"event_choices":[],"is_beta":false,"boss_relics":[],"items_purged_floors":[],"is_endless":false,"potions_floor_spawned":[4,11,12,15],"killed_by":"downfall:Silent","ascension_level":0}}