{"host":"qgrlfjrqk9z96gfi","time":1610267057,"event":{"mods":["BaseMod","Block Reminder","Colored Map","DeckTracker","Minty Spire (QoL Compilation)"],"gold_per_floor":[110,110,124,274,274,309,321,348,372,406,406,426,132,162,162,162,162],"floor_reached":16,"playtime":367,"items_purged":["Strike_G"],"score":356,"play_id":"e7f70196-2b16-49d1-a1b1-45b78d7bac44","local_time":"20210109222417","is_ascension_mode":true,"campfire_choices":[{"floor":11,"key":"REST"},{"data":"Poisoned Stab","floor":15,"key":"SMITH"}],"circlet_count":0,"master_deck":["AscendersBane","Strike_G","Strike_G","Strike_G","Strike_G","Defend_G","Defend_G+1","Defend_G","Defend_G","Defend_G+1","Survivor","Neutralize","Flechettes","Dagger Spray","Dagger Throw","Poisoned Stab+1","Backflip","Finisher"],"relics":["Ring of the Snake","NeowsBlessing","Smiling Mask","Akabeko","PreservedInsect","Darkstone Periapt","Lee\u0027s Waffle","Dream Catcher"],"acts_visited":["Exordium"],"potions_floor_usage":[8,8,8,8,10,14],"damage_taken":[{"damage":0,"enemies":"Small Slimes","floor":1,"turns":1},{"damage":0,"enemies":"Jaw Worm","floor":3,"turns":1},{"damage":0,"enemies":"3 Sentries","floor":6,"turns":1},{"damage":1,"enemies":"Cultist","floor":7,"turns":4},{"damage":31,"enemies":"Gremlin Nob","floor":8,"turns":5},{"damage":0,"enemies":"3 Sentries","floor":10,"turns":2},{"damage":0,"enemies":"Red Slaver","floor":12,"turns":3},{"damage":10,"enemies":"Lagavulin","floor":14,"turns":4},{"damage":64,"enemies":"Hexaghost","floor":16,"turns":10}],"seed_played":"-4493490063538905523","potions_obtained":[{"floor":1,"key":"EntropicBrew"},{"floor":3,"key":"Ancient Potion"},{"floor":8,"key":"DistilledChaos"},{"floor":10,"key":"SteroidPotion"}],"is_trial":false,"path_per_floor":["M","?","M","?","?","E","M","E","T","E","R","M","$","E","R","B"],"character_chosen":"THE_SILENT","items_purchased":["Lee\u0027s Waffle","Finisher"],"campfire_rested":1,"item_purchase_floors":[13,13],"current_hp_per_floor":[59,39,39,39,39,39,38,7,7,7,26,26,73,63,63,0,0],"gold":162,"neow_bonus":"THREE_ENEMY_KILL","is_daily":false,"chose_seed":false,"campfire_upgraded":1,"win_rate":0.0,"timestamp":1610267057,"path_taken":["M","?","M","?","?","E","M","E","T","E","R","M","$","E","R","BOSS"],"items_purchased_type":["Relic","Card"],"build_version":"2020-12-22","purchased_purges":1,"victory":false,"max_hp_per_floor":[66,66,66,66,66,66,66,66,66,66,66,66,73,73,73,73,73],"card_choices":[{"not_picked":["Deflect","Prepared"],"picked":"Flechettes","floor":1},{"not_picked":["Masterful Stab","Caltrops"],"picked":"Dagger Spray","floor":3},{"not_picked":["Heel Hook","Outmaneuver","Setup"],"picked":"SKIP","floor":6},{"not_picked":["Eviscerate","Tactician"],"picked":"Dagger Throw","floor":7},{"not_picked":["Noxious Fumes","Storm of Steel"],"picked":"Poisoned Stab","floor":8},{"not_picked":["Deflect","Setup"],"picked":"Backflip","floor":10},{"not_picked":["Distraction","Reflex","Sucker Punch"],"picked":"SKIP","floor":12},{"not_picked":["Setup","Deadly Poison","Poisoned Stab"],"picked":"SKIP","floor":14}],"player_experience":985916,"relics_obtained":[{"floor":6,"key":"Smiling Mask"},{"floor":8,"key":"Akabeko"},{"floor":9,"key":"PreservedInsect"},{"floor":10,"key":"Darkstone Periapt"},{"floor":14,"key":"Dream Catcher"}],"event_choices":[{"damage_healed":0,"gold_gain":0,"player_choice":"Entered Light","damage_taken":20,"max_hp_gain":0,"max_hp_loss":0,"event_name":"Shining Light","floor":2,"gold_loss":0,"cards_upgraded":["Defend_G","Defend_G"]},{"damage_healed":0,"gold_gain":150,"player_choice":"AGREE","damage_taken":0,"max_hp_gain":0,"max_hp_loss":0,"event_name":"Liars Game","floor":4,"gold_loss":0,"cards_obtained":["Doubt"]},{"cards_removed":["Doubt"],"damage_healed":0,"gold_gain":0,"player_choice":"Removed Curses","damage_taken":0,"max_hp_gain":0,"max_hp_loss":0,"event_name":"Fountain of Cleansing","floor":5,"gold_loss":0}],"is_beta":false,"boss_relics":[],"items_purged_floors":[13],"is_endless":false,"potions_floor_spawned":[1,3,8,10],"killed_by":"Hexaghost","ascension_level":20}}