{"host":"u1dfzl6o6mfmauc3","time":1610256605,"event":{"mods":["2.2 Compatiblity","AchievementEnabler","BaseMod","Block Reminder","Dark Map","Hermit","Minty Spire (QoL Compilation)","Relic Stats","StSLib"],"gold_per_floor":[117,132,147,164,181,181,207,207,207,223,252,269,269,22,22,122,122,141,155,155,155,180,180,205,205,205,205,240,259,259,21,21,117,117,128,128,155,155,174,174,201,201,201,301,313,313,326,326,326],"floor_reached":48,"playtime":2355,"items_purged":[],"score":590,"play_id":"f9197799-0901-471c-a576-12d80baaf915","local_time":"20210110003005","is_ascension_mode":true,"campfire_choices":[{"data":"Anger","floor":6,"key":"SMITH"},{"floor":15,"key":"REST"},{"floor":23,"key":"REST"},{"data":"Corruption","floor":25,"key":"SMITH"},{"floor":27,"key":"REST"},{"floor":32,"key":"REST"},{"data":"Barricade","floor":40,"key":"SMITH"},{"data":"Blood for Blood","floor":42,"key":"SMITH"}],"circlet_count":0,"master_deck":["Defend_R","Bash","Thunderclap","Shockwave","Anger+1","Bloodletting","Disarm","Corruption+1","Ghostly Armor","Cleave","Hemokinesis","Anger","Feel No Pain","Carnage","Demon Form","Clothesline+1","Blood for Blood+1","Bite","Bite","Bite","Bite","Bite","Anger","Seeing Red+1","Rupture","Intimidate+1","Feed","Barricade+1","Impervious+1","CurseOfTheBell","Burning Pact+1","Entrench+1","Inflame+1"],"relics":["Runic Cube","Bronze Scales","Lantern","Philosopher\u0027s Stone","Nilry\u0027s Codex","Dream Catcher","InkBottle","Toxic Egg 2","Strawberry","Strange Spoon","Calling Bell","Bag of Preparation","Mercury Hourglass","Ice Cream","Boot","Happy Flower","Juzu Bracelet"],"acts_visited":["Exordium","TheCity","TheBeyond"],"potions_floor_usage":[10,16,16,24,33,41,46,48],"damage_taken":[{"damage":1,"enemies":"Cultist","floor":1,"turns":3},{"damage":5,"enemies":"Small Slimes","floor":2,"turns":4},{"damage":5,"enemies":"2 Louse","floor":3,"turns":3},{"damage":6,"enemies":"Blue Slaver","floor":4,"turns":4},{"damage":9,"enemies":"Gremlin Gang","floor":5,"turns":4},{"damage":28,"enemies":"3 Sentries","floor":7,"turns":9},{"damage":2,"enemies":"3 Louse","floor":10,"turns":4},{"damage":30,"enemies":"Gremlin Nob","floor":11,"turns":5},{"damage":14,"enemies":"Exordium Thugs","floor":12,"turns":3},{"damage":12,"enemies":"The Guardian","floor":16,"turns":10},{"damage":14,"enemies":"Chosen","floor":18,"turns":4},{"damage":17,"enemies":"2 Thieves","floor":19,"turns":3},{"damage":36,"enemies":"Gremlin Leader","floor":24,"turns":5},{"damage":39,"enemies":"Book of Stabbing","floor":28,"turns":5},{"damage":16,"enemies":"Snecko","floor":29,"turns":4},{"damage":29,"enemies":"Automaton","floor":33,"turns":8},{"damage":1,"enemies":"3 Shapes","floor":35,"turns":4},{"damage":19,"enemies":"3 Darklings","floor":39,"turns":5},{"damage":28,"enemies":"Nemesis","floor":41,"turns":5},{"damage":28,"enemies":"4 Shapes","floor":45,"turns":8},{"damage":16,"enemies":"Giant Head","floor":46,"turns":6},{"damage":22,"enemies":"Jaw Worm Horde","floor":47,"turns":4},{"damage":17,"enemies":"Sphere and 2 Shapes","floor":48,"turns":2}],"seed_played":"5758118364520420578","potions_obtained":[{"floor":5,"key":"ColorlessPotion"},{"floor":7,"key":"BloodPotion"},{"floor":11,"key":"ElixirPotion"},{"floor":12,"key":"Strength Potion"},{"floor":16,"key":"Dexterity Potion"},{"floor":18,"key":"Swift Potion"},{"floor":29,"key":"AttackPotion"},{"floor":33,"key":"DuplicationPotion"},{"floor":47,"key":"PowerPotion"}],"is_trial":false,"path_per_floor":["M","M","M","M","M","R","E","?","T","M","E","M","?","$","R","B",null,"M","M","?","?","T","R","E","R","T","R","E","M","?","$","R","B",null,"M","?","T","?","M","R","E","R","T","?","M","E","M","M"],"character_chosen":"IRONCLAD","items_purchased":["Feel No Pain","Carnage","SmokeBomb","Barricade","Strange Spoon"],"campfire_rested":4,"item_purchase_floors":[14,14,14,31,31],"current_hp_per_floor":[79,74,69,63,54,54,26,26,26,42,14,2,2,2,26,16,80,66,51,35,35,35,59,37,37,37,61,37,27,27,27,53,36,87,86,83,83,83,70,70,54,54,54,54,30,20,2,0,0],"gold":326,"neow_bonus":"BOSS_RELIC","is_daily":false,"chose_seed":false,"campfire_upgraded":4,"win_rate":0.0,"timestamp":1610256605,"path_taken":["M","?","M","M","M","R","E","?","T","M","E","M","?","$","R","BOSS","M","M","?","?","?","R","E","R","T","R","E","?","?","$","R","BOSS","M","?","?","?","M","R","E","R","T","?","M","E","M","M"],"items_purchased_type":["Card","Card","Potion","Card","Relic"],"build_version":"2020-12-22","purchased_purges":0,"victory":false,"max_hp_per_floor":[80,80,80,80,80,80,80,80,80,80,80,80,80,80,80,80,80,80,80,80,80,80,80,80,80,80,80,87,87,87,87,87,87,87,87,83,83,83,83,83,83,83,83,83,83,83,83,83,83],"relic_stats":{"Strange Spoon":[23],"Dream Catcher":3,"Happy Flower":[6],"counters":[23,112],"Bronze Scales":[227],"Bag of Preparation":[14],"Juzu Bracelet":0,"Boot":[21],"obtain_stats":[{"Ice Cream":34,"Lantern":11,"Happy Flower":41,"Nilry\u0027s Codex":20,"Bag of Preparation":34,"Juzu Bracelet":43,"Boot":37,"Burning Blood":0,"Mercury Hourglass":34,"Blood Vial":7,"Calling Bell":34,"Strange Spoon":31,"Dream Catcher":22,"Bronze Scales":9,"Strawberry":28,"Philosopher\u0027s Stone":17,"Toxic Egg 2":26,"InkBottle":24,"Runic Cube":0},{"Ice Cream":16,"Lantern":8,"Happy Flower":19,"Nilry\u0027s Codex":12,"Bag of Preparation":16,"Juzu Bracelet":19,"Boot":17,"Burning Blood":0,"Mercury Hourglass":16,"Blood Vial":6,"Calling Bell":16,"Strange Spoon":15,"Dream Catcher":12,"Bronze Scales":6,"Strawberry":14,"Philosopher\u0027s Stone":10,"Toxic Egg 2":13,"InkBottle":13,"Runic Cube":0},{"Ice Cream":78,"Lantern":36,"Happy Flower":92,"Nilry\u0027s Codex":56,"Bag of Preparation":78,"Juzu Bracelet":92,"Boot":82,"Burning Blood":0,"Mercury Hourglass":78,"Blood Vial":27,"Calling Bell":78,"Strange Spoon":70,"Dream Catcher":56,"Bronze Scales":27,"Strawberry":66,"Philosopher\u0027s Stone":49,"Toxic Egg 2":61,"InkBottle":61,"Runic Cube":0}],"InkBottle":[20],"Runic Cube":[71],"Mercury Hourglass":[133]},"card_choices":[{"not_picked":["Armaments","Twin Strike"],"picked":"Thunderclap","floor":1},{"not_picked":["Burning Pact","Clash"],"picked":"Shockwave","floor":2},{"not_picked":["Iron Wave","Entrench"],"picked":"Anger","floor":3},{"not_picked":["Ghostly Armor","Clothesline"],"picked":"Bloodletting","floor":4},{"not_picked":["Flex","Perfected Strike"],"picked":"Disarm","floor":5},{"not_picked":["Searing Blow","Fiend Fire"],"picked":"Corruption","floor":7},{"not_picked":["Ghostly Armor","True Grit"],"picked":"Cleave","floor":10},{"not_picked":["Flex","Heavy Blade"],"picked":"Hemokinesis","floor":11},{"not_picked":["Second Wind","Warcry"],"picked":"Anger","floor":12},{"not_picked":["Berserk","Corruption"],"picked":"Demon Form","floor":16},{"not_picked":["Perfected Strike","Body Slam"],"picked":"Clothesline+1","floor":18},{"not_picked":["Headbutt+1","Intimidate+1"],"picked":"Blood for Blood","floor":19},{"not_picked":["Warcry","Entrench+1"],"picked":"Anger","floor":23},{"not_picked":["Twin Strike","Cleave"],"picked":"Seeing Red+1","floor":24},{"not_picked":["Second Wind+1","Carnage"],"picked":"Rupture","floor":27},{"not_picked":["Clothesline","Shockwave+1","Second Wind+1"],"picked":"SKIP","floor":28},{"not_picked":["Twin Strike+1","Disarm+1","Flex+1"],"picked":"SKIP","floor":29},{"not_picked":["Brutality","Barricade"],"picked":"Impervious+1","floor":33},{"not_picked":["Headbutt+1","True Grit+1"],"picked":"Burning Pact+1","floor":35},{"not_picked":["Iron Wave+1","Clothesline+1","Shockwave+1"],"picked":"SKIP","floor":39},{"not_picked":["Feel No Pain+1","Cleave+1"],"picked":"Entrench+1","floor":41},{"not_picked":["Dark Embrace+1","Pummel+1"],"picked":"Inflame+1","floor":45},{"not_picked":["Disarm+1","Shockwave+1","Heavy Blade+1"],"picked":"SKIP","floor":47}],"player_experience":47891,"relics_obtained":[{"floor":7,"key":"Blood Vial"},{"floor":9,"key":"Bronze Scales"},{"floor":11,"key":"Lantern"},{"floor":20,"key":"Nilry\u0027s Codex"},{"floor":22,"key":"Dream Catcher"},{"floor":24,"key":"InkBottle"},{"floor":26,"key":"Toxic Egg 2"},{"floor":28,"key":"Strawberry"},{"floor":34,"key":"Bag of Preparation"},{"floor":34,"key":"Mercury Hourglass"},{"floor":34,"key":"Ice Cream"},{"floor":37,"key":"Boot"},{"floor":41,"key":"Happy Flower"},{"floor":43,"key":"Juzu Bracelet"}],"event_choices":[{"damage_healed":0,"gold_gain":0,"cards_transformed":["Strike_R"],"player_choice":"Change","damage_taken":0,"max_hp_gain":0,"max_hp_loss":0,"event_name":"Living Wall","floor":8,"gold_loss":0,"cards_obtained":["Ghostly Armor"]},{"damage_healed":0,"gold_gain":0,"player_choice":"Ignored","damage_taken":0,"max_hp_gain":0,"max_hp_loss":0,"event_name":"Shining Light","floor":13,"gold_loss":0},{"damage_healed":0,"gold_gain":0,"player_choice":"Obtained Book","damage_taken":16,"max_hp_gain":0,"max_hp_loss":0,"event_name":"Cursed Tome","floor":20,"gold_loss":0},{"damage_healed":0,"gold_gain":0,"player_choice":"Became a vampire (Vial)","damage_taken":0,"max_hp_gain":0,"max_hp_loss":0,"event_name":"Vampires","floor":21,"relics_lost":["Blood Vial"],"gold_loss":0,"cards_obtained":["Bite","Bite","Bite","Bite","Bite"]},{"damage_healed":0,"gold_gain":0,"cards_transformed":["Defend_R","Defend_R"],"player_choice":"Became Test Subject","damage_taken":0,"max_hp_gain":0,"max_hp_loss":0,"event_name":"Drug Dealer","floor":30,"gold_loss":0,"cards_obtained":["Intimidate","Feed"]},{"damage_healed":0,"gold_gain":0,"player_choice":"Max HP","damage_taken":0,"max_hp_gain":0,"max_hp_loss":4,"event_name":"Winding Halls","floor":36,"gold_loss":0},{"cards_removed":["Defend_R"],"damage_healed":0,"gold_gain":0,"player_choice":"Removed Skill","damage_taken":0,"max_hp_gain":0,"max_hp_loss":0,"event_name":"Falling","floor":38,"gold_loss":0},{"damage_healed":0,"gold_gain":100,"player_choice":"Pray","damage_taken":0,"max_hp_gain":0,"max_hp_loss":0,"event_name":"Golden Shrine","floor":44,"gold_loss":0}],"is_beta":false,"boss_relics":[{"not_picked":["Coffee Dripper","Black Star"],"picked":"Philosopher\u0027s Stone"},{"not_picked":["Velvet Choker","Tiny House"],"picked":"Calling Bell"}],"items_purged_floors":[],"is_endless":false,"potions_floor_spawned":[5,7,11,12,16,18,29,33,35,46,47],"killed_by":"Sphere and 2 Shapes","ascension_level":1}}