{"host":"06h77atpgiec8kbk","time":1610275140,"event":{"mods":["Act Like it!","Alarm Clock","Arknights The Spire","Aspiration","Bard","BaseMod","CapriCore","Colored Powertips","Conspire","Downfall","Hermit","Marisa£®ÏF”Í°°ƒß¿Ì…≥£©","Minty Spire (QoL Compilation)","Quick Restart","Reimu£®≤©¿ˆ¡È√Œ£©","Relic Stats","Replay The Spire","StSLib","The Construct","The Cursed","The Gatherer","The Hierophant","The Immortal","The Marked","The Runesmith","[µÿæ´ ◊¡Ï≈¿À˛]The Maniac","°æ“≈ŒÔø®≈∆°øREMEMod"],"gold_per_floor":[110,125,140,140,5,5,39,39,39,73,89,89,89,109,170,273,273,288,53,68,83,83,83,83,110,110,145,145,161,161,36,36,131,131,144,144,92,106,31,31,66,66,66,66,101,101,126,138,138,138],"floor_reached":51,"playtime":2991,"items_purged":["ats:Defend","ats:Strike V","ats:Armor Crushing Shot"],"score":1000,"play_id":"489c3646-1086-4967-8d6c-c4626101d714","local_time":"20210110183900","is_ascension_mode":true,"campfire_choices":[{"data":"ats:Emotion Absorption","floor":6.0,"key":"SMITH"},{"data":"ats:Magnetic Hammer","floor":12.0,"key":"SMITH"},{"data":"ats:Burning Ground","floor":23.0,"key":"SMITH"},{"data":"ats:Flame Of Heaven","floor":30.0,"key":"SMITH"},{"data":"ats:Shadow Assault","floor":32.0,"key":"SMITH"},{"data":"ats:Volcano","floor":40.0,"key":"SMITH"},{"data":"ats:Revitalization","floor":42.0,"key":"SMITH"},{"data":"ats:Wolf Pack","floor":46.0,"key":"SMITH"},{"data":"ats:Ignite","floor":49,"key":"SMITH"}],"circlet_count":1,"master_deck":["ats:Strike C","ats:Strike G","ats:Strike S","ats:Defend","ats:Emotion Absorption+1","ats:Shell Defense","ats:Magnetic Hammer+1","ats:Shell Defense","ats:Part Time Job","ats:Part Time Job","ats:Shadow Assault+1","ats:Wolf Pack+1","ats:Burning Ground+1","ats:Flame Of Heaven+1","ats:Sunburst","ats:Healing Strengthening+1","ats:Very Hot Blade","ats:Ignite+1","ats:Volcano+1","ats:Mental Burst","ats:Mental Burst","ats:Composite Medical Shells","ats:Revitalization+1","hexamod:RetreatToShadows","ats:Shell Defense+1"],"relics":["ats:Sanity","REME_ComplimentaryCards","NeowsBlessing","ats:Originium","Potion Belt","ats:Berate","RuthlessExorcism:ReiMu","conspire:BottledYoYo","Empty Cage","Letter Opener","Snack Pack","ats:Ability Aura","Painkiller Herb","aspiration:SeaSaltIceCream","Circlet","Toxic Egg 2","Replay:Ringing Soul","conspire:Flyswatter","Torii"],"acts_visited":["Exordium","TheCity","TheBeyond"],"potions_floor_usage":[50,50],"damage_taken":[{"damage":0.0,"enemies":"Cultist","floor":1.0,"turns":1.0},{"damage":0.0,"enemies":"Jaw Worm","floor":2.0,"turns":1.0},{"damage":0.0,"enemies":"Small Slimes","floor":3.0,"turns":1.0},{"damage":35.0,"enemies":"Replay:BlueRogue","floor":7.0,"turns":9.0},{"damage":33.0,"enemies":"3 Sentries","floor":10.0,"turns":11.0},{"damage":4.0,"enemies":"2 Fungi Beasts","floor":11.0,"turns":4.0},{"damage":14.0,"enemies":"Exordium Wildlife","floor":14.0,"turns":6.0},{"damage":107.0,"enemies":"conspire:MimicChest","floor":15.0,"turns":18.0},{"damage":34.0,"enemies":"The Guardian","floor":16.0,"turns":13.0},{"damage":38.0,"enemies":"Chosen","floor":18.0,"turns":9.0},{"damage":22.0,"enemies":"2 Thieves","floor":20.0,"turns":5.0},{"damage":35.0,"enemies":"Snake Plant","floor":21.0,"turns":7.0},{"damage":61.0,"enemies":"conspire:SneckoGhost","floor":25.0,"turns":10.0},{"damage":36.0,"enemies":"Replay:Snechameleon","floor":27.0,"turns":10.0},{"damage":13.0,"enemies":"3 Cultists","floor":29.0,"turns":4.0},{"damage":96.0,"enemies":"Pondfish","floor":33.0,"turns":10.0},{"damage":18.0,"enemies":"Orb Walker","floor":35.0,"turns":4.0},{"damage":26.0,"enemies":"3 Shapes","floor":38.0,"turns":4.0},{"damage":38.0,"enemies":"R_Hoarder","floor":41.0,"turns":8.0},{"damage":52.0,"enemies":"Reptomancer","floor":45.0,"turns":6.0},{"damage":40,"enemies":"R_Hoarder","floor":47,"turns":9},{"damage":0,"enemies":"Sphere and 2 Shapes","floor":48,"turns":2},{"damage":135,"enemies":"Time Eater","floor":50,"turns":14}],"seed_played":"-6797904325603455523","potions_obtained":[{"floor":2.0,"key":"CultistPotion"},{"floor":10.0,"key":"REME_GoldPotion"},{"floor":11.0,"key":"Strength Potion"},{"floor":16.0,"key":"Ancient Potion"},{"floor":25.0,"key":"Explosive Potion"},{"floor":27.0,"key":"Block Potion"},{"floor":29.0,"key":"Ancient Potion"},{"floor":35.0,"key":"Flashbang"},{"floor":45.0,"key":"hexamod:EctoCoolerPotion"},{"floor":48,"key":"AttackPotion"}],"is_trial":false,"path_per_floor":["M","M","M","?","$","R","E","?","T","E","M","R","?","M","R","B",null,"M","$","M","M","?","R","?","E","T","E","?","M","R","$","R","B",null,"?","?","T","?","T","T","E","T","T","T","E","T","E","?","T","B",null],"character_chosen":"DOCTOR_CLASS","items_purchased":["ats:Part Time Job","ats:Burning Ground","ats:Flame Of Heaven","ats:Mental Burst","ats:Composite Medical Shells"],"campfire_rested":0,"item_purchase_floors":[5,19,19,37,39],"current_hp_per_floor":[72,72,72,72,72,72,68,68,68,70,72,72,72,67,52,72,72,52,52,44,46,46,46,46,70,70,54,54,66,66,66,66,19,72,72,72,72,58,58,58,72,72,72,72,45,45,75,75,75,47],"gold":138,"neow_bonus":"THREE_ENEMY_KILL","is_daily":false,"chose_seed":false,"campfire_upgraded":9,"win_rate":0.0,"timestamp":1610275140,"path_taken":["M","M","?","?","?","R","E","?","T","E","M","R","?","?","R","BOSS","M","$","M","M","?","R","?","E","T","E","?","?","R","$","R","BOSS","?","?","T","?","T","T","E","T","T","?","E","T","E","?","T","BOSS"],"items_purchased_type":["Card","Card","Card","Card","Card"],"build_version":"2020-12-22","purchased_purges":3,"victory":true,"max_hp_per_floor":[72,72,72,72,72,72,72,72,72,72,72,72,72,72,72,72,72,72,72,72,72,72,72,72,72,72,72,72,72,72,72,72,72,72,72,72,72,72,72,72,72,72,72,72,75,75,75,75,75,75],"relic_stats":{"Torii":8,"counters":[23,165],"Letter Opener":[66],"obtain_stats":[{"Potion Belt":7,"ats:Ability Aura":27,"NeowsBlessing":0,"Torii":47,"Circlet":41,"Painkiller Herb":34,"Letter Opener":25,"aspiration:SeaSaltIceCream":41,"Empty Cage":17,"Replay:Ringing Soul":44,"ats:Originium":7,"ats:Berate":9,"conspire:BottledYoYo":15,"Snack Pack":26,"ats:Sanity":0,"Toxic Egg 2":43,"REME_ComplimentaryCards":0,"RuthlessExorcism:ReiMu":10,"conspire:Flyswatter":45},{"Potion Belt":4,"ats:Ability Aura":14,"NeowsBlessing":0,"Torii":21,"Circlet":19,"Painkiller Herb":16,"Letter Opener":13,"aspiration:SeaSaltIceCream":19,"Empty Cage":9,"Replay:Ringing Soul":19,"ats:Originium":4,"ats:Berate":4,"conspire:BottledYoYo":8,"Snack Pack":13,"ats:Sanity":0,"Toxic Egg 2":19,"REME_ComplimentaryCards":0,"RuthlessExorcism:ReiMu":5,"conspire:Flyswatter":20},{"Potion Belt":12,"ats:Ability Aura":104,"NeowsBlessing":0,"Torii":149,"Circlet":134,"Painkiller Herb":118,"Letter Opener":94,"aspiration:SeaSaltIceCream":134,"Empty Cage":64,"Replay:Ringing Soul":134,"ats:Originium":12,"ats:Berate":12,"conspire:BottledYoYo":51,"Snack Pack":94,"ats:Sanity":0,"Toxic Egg 2":134,"REME_ComplimentaryCards":0,"RuthlessExorcism:ReiMu":23,"conspire:Flyswatter":140}]},"card_choices":[{"not_picked":["ats:Cat Scratch","ats:Powerful Strike"],"picked":"ats:Shell Defense","floor":1.0},{"not_picked":["ats:Shell Defense","ats:Ignite"],"picked":"ats:Magnetic Hammer","floor":2.0},{"not_picked":["ats:Leaping Hammer","ats:Powerful Strike"],"picked":"ats:Shell Defense","floor":3.0},{"not_picked":["ats:Leaping Hammer","ats:Automatic Cover"],"picked":"ats:Shell Defense","floor":7.0},{"not_picked":["ats:Flexible Camouflage","ats:Chain Hook"],"picked":"ats:Shadow Assault","floor":10.0},{"not_picked":["ats:Powerful Strike","ats:Mental Burst","ats:Apocalypse"],"picked":"SKIP","floor":11.0},{"not_picked":["ats:Shadow Raid","ats:Consecutive Shot Auto","ats:Curse Doll"],"picked":"SKIP","floor":14.0},{"not_picked":["ats:True Silver Slash","ats:Durian"],"picked":"ats:Wolf Pack","floor":16.0},{"not_picked":["ats:Leaping Hammer","ats:Cat Scratch","ats:Powerful Strike"],"picked":"SKIP","floor":18.0},{"not_picked":["ats:Shadow Raid","ats:Song Of Battle"],"picked":"ats:Sunburst","floor":20.0},{"not_picked":["ats:Flexible Camouflage+1","ats:Roar Of Ursus","ats:Consecutive Shot Auto"],"picked":"SKIP","floor":21.0},{"not_picked":["ats:Sword Rain","ats:Closed Bolt Burst Fire+1"],"picked":"ats:Healing Strengthening+1","floor":25.0},{"not_picked":["ats:Part Time Job","ats:Flexible Camouflage"],"picked":"ats:Very Hot Blade","floor":27.0},{"not_picked":["ats:LN2 Cannon","ats:Song Of Battle"],"picked":"ats:Ignite","floor":29.0},{"not_picked":["ats:True Silver Slash","ats:Calcification"],"picked":"ats:Volcano","floor":33.0},{"not_picked":["ats:Consecutive Shot Auto","ats:Curse Doll","ats:Collapsing Strike"],"picked":"SKIP","floor":35.0},{"not_picked":["ats:Apocalypse","ats:Red Shift+1","ats:Explosion Area Strengthen"],"picked":"SKIP","floor":38.0},{"not_picked":["ats:Roar Of Ursus","ats:Revitalization","ats:Consecutive Shot Auto+1"],"picked":"SKIP","floor":41.0},{"not_picked":["ats:Roar Of Ursus","ats:Consecutive Shot Auto+1"],"picked":"ats:Revitalization","floor":41.0},{"not_picked":["ats:Automatic Cover+1","ats:Consecutive Shot Auto+1"],"picked":"ats:Shell Defense+1","floor":45.0},{"not_picked":["ats:Charging Defense+1","ats:Thermite Blade","ats:Apocalypse+1"],"picked":"SKIP","floor":47},{"not_picked":["ats:Flexible Camouflage+1","ats:Cat Scratch+1","ats:Hammer On"],"picked":"SKIP","floor":48}],"player_experience":822069,"relics_obtained":[{"floor":7.0,"key":"ats:Originium"},{"floor":7.0,"key":"Potion Belt"},{"floor":9.0,"key":"ats:Berate"},{"floor":10.0,"key":"ats:Originium"},{"floor":10.0,"key":"RuthlessExorcism:ReiMu"},{"floor":15.0,"key":"conspire:BottledYoYo"},{"floor":25.0,"key":"ats:Originium"},{"floor":25.0,"key":"Letter Opener"},{"floor":26.0,"key":"Snack Pack"},{"floor":27.0,"key":"ats:Ability Aura"},{"floor":41.0,"key":"aspiration:SeaSaltIceCream"},{"floor":43.0,"key":"Toxic Egg 2"},{"floor":44.0,"key":"Replay:Ringing Soul"},{"floor":45.0,"key":"conspire:Flyswatter"},{"floor":47,"key":"Torii"}],"event_choices":[{"damage_healed":0.0,"max_hp_gain":0.0,"max_hp_loss":0.0,"gold_gain":0.0,"event_name":"conspire:LoneGhost","player_choice":"Disagree","floor":4.0,"gold_loss":0.0,"damage_taken":0.0},{"damage_healed":0.0,"max_hp_gain":0.0,"max_hp_loss":0.0,"gold_gain":0.0,"event_name":"conspire:Investor","player_choice":"Leave","floor":24.0,"gold_loss":0.0,"damage_taken":0.0},{"cards_removed":["ats:Shell Defense"],"damage_healed":0.0,"max_hp_gain":0.0,"max_hp_loss":0.0,"gold_gain":0.0,"event_name":"Falling","player_choice":"Removed Skill","floor":36.0,"gold_loss":0.0,"damage_taken":0.0}],"is_beta":false,"boss_relics":[{"not_picked":["aspiration:MobileForge","Philosopher\u0027s Stone"],"picked":"Empty Cage"},{"not_picked":["Runesmith:UraniumAnvil","conspire:RoyalGoblet"],"picked":"Painkiller Herb"}],"items_purged_floors":[5,19,31],"is_endless":false,"potions_floor_spawned":[2,10,11,16,25,27,29,35,45,48],"ascension_level":1}}