{"host":"ig7tc0uedzltt2sr","time":1610265232,"event":{"mods":["BaseMod","Better Twitch Integration","Block Reminder","Colored Map","Colored Powertips","Communication Mod","Current Relic Mod","GifTheSpireLib","HexUI Lib","Minty Spire (QoL Compilation)","Quick Restart","Random Character Button","Rare Cards Sparkle","Relic Sorter","Relic Stats","Slay the Relics Exporter","StSLib","SuperFastMode","Synergy Search","Twitch Decklist","Twitch Utils","everything is the same but u backflip on backflip","slay the spire mod where everything is the same but ironclad has a cowboy hat"],"gold_per_floor":[116,191,191,201,217,217,229,229,229,229,229],"floor_reached":10,"playtime":31,"items_purged":[],"score":58,"play_id":"16c0ce0e-b1e1-44b6-8bf7-2f68487111ff","local_time":"20210109235352","is_ascension_mode":false,"campfire_choices":[{"data":"Defend_R","floor":6,"key":"SMITH"},{"data":"Strike_R","floor":8,"key":"SMITH"}],"circlet_count":0,"master_deck":["Strike_R+1","Strike_R","Strike_R","Strike_R","Strike_R","Defend_R+1","Defend_R","Defend_R","Defend_R","Bash","Sword Boomerang"],"relics":["Burning Blood","NeowsBlessing","Kunai"],"acts_visited":["Exordium"],"potions_floor_usage":[],"damage_taken":[{"damage":0,"enemies":"2 Louse","floor":1,"turns":1},{"damage":0,"enemies":"Cultist","floor":4,"turns":1},{"damage":0,"enemies":"Small Slimes","floor":5,"turns":1},{"damage":42,"enemies":"2 Fungi Beasts","floor":7,"turns":5},{"damage":45,"enemies":"3 Sentries","floor":10,"turns":4}],"seed_played":"5565146055510469575","potions_obtained":[{"floor":7,"key":"BlessingOfTheForge"}],"is_trial":false,"path_per_floor":["M","?","$","M","M","R","M","R","T","E"],"character_chosen":"IRONCLAD","items_purchased":[],"campfire_rested":0,"item_purchase_floors":[],"current_hp_per_floor":[80,69,69,75,80,80,44,44,44,0,0],"gold":229,"neow_bonus":"THREE_ENEMY_KILL","is_daily":false,"chose_seed":false,"campfire_upgraded":2,"win_rate":0.0,"timestamp":1610265232,"path_taken":["M","?","$","M","M","R","M","R","T","E"],"items_purchased_type":[],"build_version":"2020-12-22","purchased_purges":0,"victory":false,"max_hp_per_floor":[80,80,80,80,80,80,80,80,80,80,80],"relic_stats":{"counters":[5,12],"Kunai":[0],"obtain_stats":[{"NeowsBlessing":0,"Kunai":9,"Burning Blood":0},{"NeowsBlessing":0,"Kunai":4,"Burning Blood":0},{"NeowsBlessing":0,"Kunai":8,"Burning Blood":0}],"Burning Blood":17},"card_choices":[{"not_picked":["Sword Boomerang","Iron Wave","Sentinel"],"picked":"SKIP","floor":1},{"not_picked":["Clothesline","Clash"],"picked":"Sword Boomerang","floor":4},{"not_picked":["Searing Blow","Infernal Blade","Anger"],"picked":"SKIP","floor":5},{"not_picked":["Clothesline","Armaments","True Grit"],"picked":"SKIP","floor":7}],"player_experience":1499951,"relics_obtained":[{"floor":9,"key":"Kunai"}],"event_choices":[{"damage_healed":0,"gold_gain":75,"player_choice":"Gather Gold","damage_taken":11,"max_hp_gain":0,"max_hp_loss":0,"event_name":"World of Goop","floor":2,"gold_loss":0}],"is_beta":false,"boss_relics":[],"items_purged_floors":[],"is_endless":false,"potions_floor_spawned":[7],"killed_by":"3 Sentries","ascension_level":0}}