{"host":"dx8mnueonnkh60qu","time":1610256848,"event":{"mods":["AchievementEnabler","Act Like it!","Aspiration","BaseMod","Better Silent Start","Better Third Choice","CCEM","Conspire","Defuse TimeMaze Blight","Dota2Spire","Downfall","Evolution","Hubris","Infinite Spire","Marked Mod","Minty Spire (QoL Compilation)","Quarter Circle Forward PUNCH!","Rare Cards Sparkle","Relic Stats","Robot Space Explorer","Spicy Shops","Spikes Relics","StSLib","SuperFastMode","The Blue Laboratory","The Caster"],"gold_per_floor":[99,109,109,120,60,88,111,111,136,149,181,181,199,29,39,39,39,39],"floor_reached":16,"playtime":1447,"items_purged":[],"score":126,"play_id":"845113da-0265-4f32-85b7-2a896ecf79b6","local_time":"20210110003408","is_ascension_mode":true,"campfire_choices":[{"data":"Slimebound:CorrosiveSpit","floor":1.0,"key":"SMITH"},{"data":"Slimebound:FinishingTackle","floor":8.0,"key":"SMITH"}],"circlet_count":0,"master_deck":["Slimebound:Strike_Slimebound","Slimebound:Strike_Slimebound","Slimebound:Strike_Slimebound","Slimebound:Tackle","Slimebound:Defend_Slimebound","Slimebound:Defend_Slimebound","Slimebound:Defend_Slimebound","Slimebound:Defend_Slimebound","Slimebound:Split","Slimebound:CorrosiveSpit+1","Slimebound:SamplingLick","Slimebound:Schlurp+1","Slimebound:SplitMire","Slimebound:LevelUp","Slimebound:FinishingTackle+1","Slimebound:SplitAcid","Slimebound:RollThrough","Slimebound:DivideAndConquer","Slimebound:AcidTongue","expansioncontent:Hexaburn","Slimebound:WasteNot","Slimebound:Prepare","Slimebound:SlimeBarrage","Slimebound:HauntingLick"],"relics":["Slimebound:AbsorbEndCombat","EVO:Axolotl","Strawberry","hubris:TenFootPole","CCEMRelics:GrapeVine","hubris:PeanutButter","Dota2Spire:Vanguard"],"acts_visited":["Exordium"],"potions_floor_usage":[16],"damage_taken":[{"damage":4.0,"enemies":"Cultist","floor":2.0,"turns":3.0},{"damage":4.0,"enemies":"2 Louse","floor":4.0,"turns":2.0},{"damage":8.0,"enemies":"downfall:FleeingMerchant","floor":5.0,"turns":4.0},{"damage":36.0,"enemies":"3 Sentries","floor":6.0,"turns":6.0},{"damage":38.0,"enemies":"Gremlin Nob","floor":9.0,"turns":4.0},{"damage":18.0,"enemies":"Small Slimes","floor":10.0,"turns":2.0},{"damage":26.0,"enemies":"3 Sentries","floor":11.0,"turns":4.0},{"damage":10.0,"enemies":"3 Louse","floor":13.0,"turns":2.0},{"damage":8.0,"enemies":"downfall:FleeingMerchant","floor":14.0,"turns":4.0},{"damage":0.0,"enemies":"2 Fungi Beasts","floor":15.0,"turns":2.0},{"damage":48,"enemies":"downfall:Defect","floor":16,"turns":8}],"seed_played":"7857749594664752121","potions_obtained":[{"floor":9.0,"key":"Regen Potion"},{"floor":10.0,"key":"Dota2Spire:HealingSalve"},{"floor":15.0,"key":"Dexterity Potion"}],"is_trial":false,"path_per_floor":["R","M","?","M","$","E","T","R","E","M","E","?","M","$","M","B"],"character_chosen":"SLIMEBOUND","items_purchased":["Slimebound:FinishingTackle","Dota2Spire:Vanguard"],"campfire_rested":0,"item_purchase_floors":[5,14],"current_hp_per_floor":[60,60,60,60,60,49,49,49,29,27,21,21,17,35,43,7,7,7],"gold":39,"neow_bonus":"THREE_CARDS","is_daily":false,"chose_seed":false,"campfire_upgraded":2,"win_rate":0.0,"timestamp":1610256848,"path_taken":["R","?","?","M","?","E","T","R","E","M","E","?","M","$","M","BOSS"],"items_purchased_type":["Card","Relic"],"build_version":"2020-12-22","purchased_purges":0,"victory":false,"max_hp_per_floor":[60,60,60,60,60,67,67,67,67,67,67,67,67,67,67,67,67,67],"relic_stats":{"counters":[11,39],"obtain_stats":[{"Strawberry":6,"CCEMRelics:GrapeVine":9,"hubris:PeanutButter":11,"Dota2Spire:Vanguard":14,"Slimebound:AbsorbEndCombat":0,"hubris:TenFootPole":7,"EVO:Axolotl":0},{"Strawberry":4,"CCEMRelics:GrapeVine":5,"hubris:PeanutButter":7,"Dota2Spire:Vanguard":9,"Slimebound:AbsorbEndCombat":0,"hubris:TenFootPole":4,"EVO:Axolotl":0},{"Strawberry":14,"CCEMRelics:GrapeVine":18,"hubris:PeanutButter":23,"Dota2Spire:Vanguard":29,"Slimebound:AbsorbEndCombat":0,"hubris:TenFootPole":14,"EVO:Axolotl":0}]},"card_choices":[{"not_picked":["Slimebound:SlimeBarrage","Slimebound:SplitLeeching"],"picked":"Slimebound:SamplingLick","floor":0.0},{"not_picked":["Slimebound:RejuvenatingLick","Slimebound:SplitBruiser"],"picked":"Slimebound:Schlurp","floor":2.0},{"not_picked":["Slimebound:SamplingLick","Slimebound:RainOfGoop"],"picked":"Slimebound:SplitMire","floor":4.0},{"not_picked":["Slimebound:SplitLeeching","Slimebound:SamplingLick"],"picked":"Slimebound:LevelUp","floor":5.0},{"not_picked":["Slimebound:PrepareCrush","Slimebound:GoopSpray"],"picked":"Slimebound:SplitAcid","floor":6.0},{"not_picked":["Slimebound:SplitMire","Slimebound:ViciousTackle"],"picked":"Slimebound:RollThrough","floor":9.0},{"not_picked":["Slimebound:SplitAcid","Slimebound:Recollect"],"picked":"Slimebound:DivideAndConquer","floor":10.0},{"not_picked":["Slimebound:DisruptingSlam","Slimebound:PressTheAttack"],"picked":"Slimebound:AcidTongue","floor":11.0},{"not_picked":["Slimebound:FinishingTackle","Slimebound:GoopSpray"],"picked":"Slimebound:Prepare","floor":13.0},{"not_picked":["Slimebound:LeechingTouch","Slimebound:ItLooksTasty"],"picked":"Slimebound:SlimeBarrage","floor":14.0},{"not_picked":["Slimebound:ViciousTackle","Slimebound:SlimeBarrage"],"picked":"Slimebound:HauntingLick","floor":15.0}],"player_experience":581877,"relics_obtained":[{"floor":6.0,"key":"Strawberry"},{"floor":7.0,"key":"hubris:TenFootPole"},{"floor":9.0,"key":"CCEMRelics:GrapeVine"},{"floor":11.0,"key":"hubris:PeanutButter"}],"event_choices":[{"damage_healed":0.0,"max_hp_gain":0.0,"max_hp_loss":0.0,"gold_gain":0.0,"event_name":"Accursed Blacksmith","player_choice":"Forge","floor":3.0,"gold_loss":0.0,"damage_taken":0.0,"cards_upgraded":["Slimebound:Schlurp"]}],"is_beta":false,"boss_relics":[],"items_purged_floors":[],"is_endless":false,"potions_floor_spawned":[9,10,15],"killed_by":"downfall:Defect","ascension_level":1}}