{"host":"ig7tc0uedzltt2sr","time":1610241713,"event":{"mods":["BaseMod","Better Twitch Integration","Block Reminder","Colored Map","Colored Powertips","Communication Mod","Current Relic Mod","GifTheSpireLib","HexUI Lib","Minty Spire (QoL Compilation)","Quick Restart","Random Character Button","Rare Cards Sparkle","Relic Sorter","Relic Stats","Slay the Relics Exporter","StSLib","SuperFastMode","Synergy Search","Twitch Decklist","Twitch Utils","everything is the same but u backflip on backflip","slay the spire mod where everything is the same but ironclad has a cowboy hat"],"gold_per_floor":[116,135,135,150,167,167,167,167,167,167,167],"floor_reached":10,"playtime":28,"items_purged":[],"score":58,"play_id":"1e1063cf-e402-4fcd-a118-ad35201c7784","local_time":"20210109172153","is_ascension_mode":false,"campfire_choices":[{"data":"Strike_R","floor":6,"key":"SMITH"},{"data":"Defend_R","floor":8,"key":"SMITH"}],"circlet_count":0,"master_deck":["Strike_R+1","Strike_R","Strike_R","Strike_R","Strike_R","Defend_R+1","Defend_R","Defend_R","Defend_R","Bash"],"relics":["Burning Blood","NeowsBlessing"],"acts_visited":["Exordium"],"potions_floor_usage":[],"damage_taken":[{"damage":0,"enemies":"Jaw Worm","floor":1,"turns":1},{"damage":0,"enemies":"Cultist","floor":2,"turns":1},{"damage":0,"enemies":"Small Slimes","floor":4,"turns":1},{"damage":53,"enemies":"Exordium Wildlife","floor":5,"turns":6},{"damage":36,"enemies":"Lagavulin","floor":10,"turns":3}],"seed_played":"-3935499243645033","potions_obtained":[{"floor":2,"key":"Regen Potion"},{"floor":4,"key":"ElixirPotion"}],"is_trial":false,"path_per_floor":["M","M","?","M","M","R","$","R","T","E"],"character_chosen":"IRONCLAD","items_purchased":[],"campfire_rested":0,"item_purchase_floors":[],"current_hp_per_floor":[80,80,80,80,33,33,33,33,33,0,0],"gold":167,"neow_bonus":"THREE_ENEMY_KILL","is_daily":false,"chose_seed":false,"campfire_upgraded":2,"win_rate":0.0,"timestamp":1610241713,"path_taken":["M","M","?","M","?","R","$","R","T","E"],"items_purchased_type":[],"build_version":"2020-12-22","purchased_purges":0,"victory":false,"max_hp_per_floor":[80,80,80,80,80,80,80,80,80,80,80],"relic_stats":{"counters":[5,12],"obtain_stats":[{"NeowsBlessing":0,"Burning Blood":0},{"NeowsBlessing":0,"Burning Blood":0},{"NeowsBlessing":0,"Burning Blood":0}],"Burning Blood":6},"card_choices":[{"not_picked":["Thunderclap","Sword Boomerang","Shrug It Off"],"picked":"SKIP","floor":1},{"not_picked":["Body Slam","Searing Blow","Headbutt"],"picked":"SKIP","floor":2},{"not_picked":["Headbutt","Anger","Uppercut"],"picked":"SKIP","floor":4},{"not_picked":["Headbutt","Dark Embrace","Anger"],"picked":"SKIP","floor":5}],"player_experience":1479026,"relics_obtained":[],"event_choices":[{"damage_healed":0,"gold_gain":0,"player_choice":"Leave","damage_taken":0,"max_hp_gain":0,"max_hp_loss":0,"event_name":"FaceTrader","floor":3,"gold_loss":0}],"is_beta":false,"boss_relics":[],"items_purged_floors":[],"is_endless":false,"potions_floor_spawned":[2,4],"killed_by":"Lagavulin","ascension_level":0}}