{"host":"dhv3u8yhd2rnugsp","time":1610260943,"event":{"mods":["BaseMod","Block Reminder","Colored Map","Googly Eyes","Highlight Path","Minty Spire (QoL Compilation)","Permanent Neow","Quick Restart","Random Character Button","StSLib"],"gold_per_floor":[114,132,57,75,94,128,21,21,69,99,113,144,161,179,179,255,255,267,277,277,12,24,24,24,24],"floor_reached":24,"playtime":1329,"items_purged":["Strike_P","SignatureMove"],"score":418,"play_id":"92dade6d-2104-4eb4-8f35-0905eda1404b","local_time":"20210110004223","is_ascension_mode":true,"campfire_choices":[{"floor":8,"key":"REST"},{"floor":15,"key":"REST"},{"floor":23,"key":"REST"}],"circlet_count":0,"master_deck":["AscendersBane","Eruption","Vigilance","ThirdEye","FlurryOfBlows","Wallop","EmptyFist","Indignation","FlurryOfBlows","Halt","Prostrate","Conclude","SandsOfTime+1","MentalFortress","Brilliance","JustLucky","DeusExMachina","DeceiveReality","MentalFortress","Judgement","Study","FlurryOfBlows","Sanctity+1"],"relics":["Fusion Hammer","Eternal Feather","Damaru","Anchor","WingedGreaves","Pandora\u0027s Box","Blood Vial"],"acts_visited":["Exordium","TheCity"],"potions_floor_usage":[12,16,22],"damage_taken":[{"damage":0,"enemies":"Cultist","floor":1,"turns":2},{"damage":0,"enemies":"2 Louse","floor":2,"turns":2},{"damage":7,"enemies":"Small Slimes","floor":4,"turns":2},{"damage":13,"enemies":"Exordium Thugs","floor":5,"turns":6},{"damage":6,"enemies":"3 Sentries","floor":6,"turns":8},{"damage":6,"enemies":"Lagavulin","floor":10,"turns":6},{"damage":0,"enemies":"2 Fungi Beasts","floor":11,"turns":3},{"damage":16,"enemies":"3 Sentries","floor":12,"turns":4},{"damage":0,"enemies":"Large Slime","floor":13,"turns":3},{"damage":0,"enemies":"Exordium Wildlife","floor":14,"turns":3},{"damage":30,"enemies":"Hexaghost","floor":16,"turns":9},{"damage":12,"enemies":"Spheric Guardian","floor":18,"turns":4},{"damage":12,"enemies":"Shell Parasite","floor":19,"turns":3},{"damage":26,"enemies":"3 Cultists","floor":22,"turns":4},{"damage":50,"enemies":"Gremlin Leader","floor":24,"turns":4}],"seed_played":"8247902900439947454","potions_obtained":[{"floor":5,"key":"Ambrosia"},{"floor":6,"key":"BottledMiracle"},{"floor":10,"key":"Weak Potion"},{"floor":11,"key":"Strength Potion"},{"floor":12,"key":"Energy Potion"},{"floor":18,"key":"Energy Potion"},{"floor":19,"key":"LiquidMemories"}],"is_trial":false,"path_per_floor":["M","M","$","M","M","E","$","R","T","E","M","E","M","M","R","B",null,"M","M","?","$","M","R","E"],"character_chosen":"WATCHER","items_purchased":["FlurryOfBlows","Halt","Blood Vial"],"campfire_rested":3,"item_purchase_floors":[7,7,21],"current_hp_per_floor":[61,61,61,54,41,35,35,64,64,58,58,42,42,42,68,38,61,49,37,37,37,13,45,0,0],"gold":24,"neow_bonus":"BOSS_RELIC","is_daily":false,"chose_seed":false,"campfire_upgraded":0,"win_rate":0.0,"timestamp":1610260943,"path_taken":["M","M","?","M","M","E","$","R","T","E","M","E","M","M","R","BOSS","M","M","?","?","M","R","E"],"items_purchased_type":["Card","Card","Relic"],"build_version":"2020-12-22","purchased_purges":2,"victory":false,"max_hp_per_floor":[68,68,68,68,68,68,68,68,68,68,68,68,68,68,68,68,68,68,68,68,68,68,68,68,68],"card_choices":[{"not_picked":["ClearTheMind","WindmillStrike"],"picked":"ThirdEye","floor":1},{"not_picked":["JustLucky","Halt"],"picked":"FlurryOfBlows","floor":2},{"not_picked":["Crescendo","Vengeance"],"picked":"Wallop","floor":4},{"not_picked":["PathToVictory","ReachHeaven"],"picked":"EmptyFist","floor":5},{"not_picked":["Blasphemy","Crescendo"],"picked":"Indignation","floor":6},{"not_picked":["ClearTheMind","Consecrate"],"picked":"Prostrate","floor":10},{"not_picked":["PathToVictory","FlurryOfBlows"],"picked":"Conclude","floor":11},{"not_picked":["Collect","ThirdEye"],"picked":"SandsOfTime","floor":12},{"not_picked":["WaveOfTheHand","Collect","Evaluate"],"picked":"SKIP","floor":13},{"not_picked":["CrushJoints","WindmillStrike"],"picked":"MentalFortress","floor":14},{"not_picked":["Alpha","Wish"],"picked":"Brilliance","floor":16},{"not_picked":["ClearTheMind","Prostrate","FlyingSleeves"],"picked":"SKIP","floor":18},{"not_picked":["EmptyFist","Protect"],"picked":"FlurryOfBlows","floor":19},{"not_picked":["JustLucky","Crescendo"],"picked":"Sanctity+1","floor":22}],"player_experience":1641564,"relics_obtained":[{"floor":6,"key":"Eternal Feather"},{"floor":9,"key":"Damaru"},{"floor":10,"key":"Anchor"},{"floor":12,"key":"WingedGreaves"}],"event_choices":[{"damage_healed":0,"gold_gain":0,"player_choice":"Upgraded","damage_taken":0,"max_hp_gain":0,"max_hp_loss":0,"event_name":"Upgrade Shrine","floor":20,"gold_loss":0,"cards_upgraded":["SandsOfTime"]}],"is_beta":false,"boss_relics":[{"not_picked":["Snecko Eye","Ectoplasm"],"picked":"Pandora\u0027s Box"}],"items_purged_floors":[3,21],"is_endless":false,"potions_floor_spawned":[5,6,10,11,12,18,19],"killed_by":"Gremlin Leader","ascension_level":18}}