{"host":"rmsq46plbpwfbxcc","time":1610275853,"event":{"mods":["AchievementEnabler","BaseMod","Colored Map","Colored Powertips","DeckTracker","KOR Keyword Fix","Minty Spire (QoL Compilation)","Permanent Neow","Quick Restart","SuperFastMode"],"gold_per_floor":[118,43,55,55,55,55,90,90,114,142,170,209,221,233,245,353,365,387,418,445,457,479,491,536,548,560,584,299,352,383,400,400,501,501,521,533,570,570,98,98,24,24,24,24,49,67,96,96,96,121],"floor_reached":51,"playtime":1558,"items_purged":["Strike_G","Defend_G","Strike_G"],"score":1081,"play_id":"5e6ba77f-1d8d-41c1-9a7f-76678e2b2a25","local_time":"20210110195053","is_ascension_mode":true,"campfire_choices":[{"data":"Neutralize","floor":6.0,"key":"SMITH"},{"data":"Choke","floor":8.0,"key":"SMITH"},{"data":"Cloak And Dagger","floor":13.0,"key":"SMITH"},{"data":"Adrenaline","floor":15.0,"key":"SMITH"},{"data":"Envenom","floor":23.0,"key":"SMITH"},{"data":"Acrobatics","floor":25.0,"key":"SMITH"},{"data":"HandOfGreed","floor":32.0,"key":"SMITH"},{"data":"Finisher","floor":40,"key":"SMITH"},{"data":"Accuracy","floor":42,"key":"SMITH"},{"data":"Phantasmal Killer","floor":44,"key":"SMITH"},{"data":"Burst","floor":49,"key":"SMITH"}],"circlet_count":0,"master_deck":["Strike_G+1","Strike_G","Strike_G","Defend_G","Defend_G","Defend_G","Defend_G+1","Survivor","Neutralize+1","Choke+1","Cloak And Dagger+1","Adrenaline+1","Envenom+1","Backflip+1","Acrobatics+1","Burst+1","Finisher+1","HandOfGreed+1","Blade Dance+1","Phantasmal Killer+1","Escape Plan+1","Flash of Steel","Well Laid Plans","Accuracy+1","PiercingWail+1","Deflect+1","Adrenaline+1","Doubt"],"relics":["Coffee Dripper","Potion Belt","MawBank","Ninja Scroll","SacredBark","Blue Candle","PreservedInsect","Boot","Vajra","TwistedFunnel","Pocketwatch","Sundial","War Paint"],"acts_visited":["Exordium","TheCity","TheBeyond"],"potions_floor_usage":[33,45,50],"damage_taken":[{"damage":2.0,"enemies":"Jaw Worm","floor":1.0,"turns":5.0},{"damage":0.0,"enemies":"2 Louse","floor":3.0,"turns":4.0},{"damage":29.0,"enemies":"3 Sentries","floor":7.0,"turns":15.0},{"damage":0.0,"enemies":"Cultist","floor":10.0,"turns":2.0},{"damage":0.0,"enemies":"Looter","floor":11.0,"turns":2.0},{"damage":1.0,"enemies":"Lagavulin","floor":12.0,"turns":7.0},{"damage":0.0,"enemies":"Slime Boss","floor":16.0,"turns":6.0},{"damage":27.0,"enemies":"Spheric Guardian","floor":18.0,"turns":6.0},{"damage":3.0,"enemies":"2 Thieves","floor":19.0,"turns":4.0},{"damage":3.0,"enemies":"Chosen and Byrds","floor":20.0,"turns":6.0},{"damage":0.0,"enemies":"Centurion and Healer","floor":22.0,"turns":13.0},{"damage":10.0,"enemies":"Book of Stabbing","floor":24.0,"turns":5.0},{"damage":8.0,"enemies":"Snecko","floor":27.0,"turns":3.0},{"damage":0.0,"enemies":"Gremlin Leader","floor":29.0,"turns":6.0},{"damage":0.0,"enemies":"Snake Plant","floor":30.0,"turns":2.0},{"damage":7.0,"enemies":"Chosen and Byrds","floor":31.0,"turns":2.0},{"damage":15,"enemies":"Automaton","floor":33,"turns":6},{"damage":0,"enemies":"Orb Walker","floor":35,"turns":2},{"damage":6,"enemies":"3 Darklings","floor":36,"turns":6},{"damage":18,"enemies":"Jaw Worm Horde","floor":37,"turns":4},{"damage":22,"enemies":"Reptomancer","floor":45,"turns":5},{"damage":14,"enemies":"Spire Growth","floor":46,"turns":3},{"damage":0,"enemies":"Nemesis","floor":47,"turns":1},{"damage":59,"enemies":"Awakened One","floor":50,"turns":9}],"seed_played":"8564106839779098515","potions_obtained":[{"floor":7.0,"key":"Block Potion"},{"floor":10.0,"key":"Explosive Potion"},{"floor":11.0,"key":"Energy Potion"},{"floor":12.0,"key":"FearPotion"},{"floor":18.0,"key":"SteroidPotion"},{"floor":20.0,"key":"EntropicBrew"},{"floor":29.0,"key":"Strength Potion"},{"floor":30.0,"key":"LiquidBronze"},{"floor":36,"key":"SneckoOil"},{"floor":46,"key":"SteroidPotion"}],"is_trial":false,"path_per_floor":["M","$","M","?","?","R","E","R","T","M","M","E","R","?","R","B",null,"M","M","M","?","M","R","E","R","T","M","$","E","M","M","R","B",null,"M","M","M","?","$","R","$","R","T","R","E","M","E","?","R","B",null],"character_chosen":"THE_SILENT","items_purchased":["Finisher","HandOfGreed","Vajra","TwistedFunnel","Well Laid Plans","Accuracy"],"campfire_rested":0,"item_purchase_floors":[28,28,39,39,39,41],"current_hp_per_floor":[68,68,68,68,54,54,25,25,25,25,25,24,24,24,24,24,59,32,29,26,13,68,68,58,58,58,50,50,50,50,43,43,28,63,63,57,39,39,39,39,39,39,39,39,17,3,3,75,75,16],"gold":121,"neow_bonus":"BOSS_RELIC","is_daily":false,"chose_seed":false,"campfire_upgraded":11,"win_rate":0.0,"timestamp":1610275853,"path_taken":["M","$","M","?","?","R","E","R","T","M","M","E","R","?","R","BOSS","M","M","M","?","M","R","E","R","T","M","$","E","M","M","R","BOSS","M","M","M","?","?","R","$","R","T","R","E","M","E","?","R","BOSS"],"items_purchased_type":["Card","Card","Relic","Relic","Card","Card"],"build_version":"2020-12-22","purchased_purges":3,"victory":true,"max_hp_per_floor":[70,70,70,70,70,70,70,70,70,70,70,70,70,70,70,70,70,70,70,70,75,75,75,75,75,75,75,75,75,75,75,75,75,75,75,75,75,75,75,75,75,75,75,75,75,75,75,75,75,75],"card_choices":[{"not_picked":["Slice","Dagger Spray","Catalyst"],"picked":"SKIP","floor":1.0},{"not_picked":["Catalyst","Outmaneuver","Setup"],"picked":"SKIP","floor":3.0},{"not_picked":["Caltrops","PiercingWail"],"picked":"Choke","floor":7.0},{"not_picked":["Noxious Fumes","Terror"],"picked":"Cloak And Dagger","floor":10.0},{"not_picked":["Deadly Poison","Prepared","Concentrate"],"picked":"SKIP","floor":11.0},{"not_picked":["Underhanded Strike","Backflip"],"picked":"Adrenaline","floor":12.0},{"not_picked":["Grand Finale","Glass Knife"],"picked":"Envenom","floor":16.0},{"not_picked":["Predator","Underhanded Strike","Endless Agony"],"picked":"SKIP","floor":18.0},{"not_picked":["Setup","Slice"],"picked":"Backflip","floor":19.0},{"not_picked":["Masterful Stab+1","Quick Slash","Flying Knee+1"],"picked":"SKIP","floor":20.0},{"not_picked":["Prepared+1","Skewer","Cloak And Dagger"],"picked":"SKIP","floor":22.0},{"not_picked":["Prepared","Dagger Spray+1"],"picked":"Acrobatics","floor":24.0},{"not_picked":["Caltrops","Acrobatics"],"picked":"Burst","floor":27.0},{"not_picked":["Crippling Poison","All Out Attack","Dodge and Roll"],"picked":"SKIP","floor":29.0},{"not_picked":["Caltrops","Deflect","Dagger Throw"],"picked":"SKIP","floor":30.0},{"not_picked":["Deflect+1","Poisoned Stab"],"picked":"Blade Dance+1","floor":31.0},{"not_picked":["Doppelganger","Corpse Explosion"],"picked":"Phantasmal Killer","floor":33},{"not_picked":["Blade Dance+1","Dodge and Roll","Quick Slash"],"picked":"SKIP","floor":35},{"not_picked":["Skewer","Dash+1","Outmaneuver+1"],"picked":"SKIP","floor":36},{"not_picked":["Outmaneuver+1","Crippling Poison"],"picked":"Escape Plan+1","floor":37},{"not_picked":["All Out Attack","Leg Sweep+1"],"picked":"PiercingWail+1","floor":45},{"not_picked":["PiercingWail","Storm of Steel"],"picked":"Deflect+1","floor":46},{"not_picked":["Grand Finale","Dodge and Roll"],"picked":"Adrenaline","floor":47}],"player_experience":641996,"relics_obtained":[{"floor":7.0,"key":"Potion Belt"},{"floor":9.0,"key":"MawBank"},{"floor":24.0,"key":"Blue Candle"},{"floor":26.0,"key":"PreservedInsect"},{"floor":29.0,"key":"Boot"},{"floor":43,"key":"Pocketwatch"},{"floor":45,"key":"Sundial"},{"floor":47,"key":"War Paint"}],"event_choices":[{"damage_healed":0.0,"max_hp_gain":0.0,"max_hp_loss":0.0,"gold_gain":0.0,"event_name":"Liars Game","player_choice":"Ignored","floor":4.0,"gold_loss":0.0,"damage_taken":0.0},{"damage_healed":0.0,"max_hp_gain":0.0,"max_hp_loss":0.0,"gold_gain":0.0,"event_name":"Shining Light","player_choice":"Entered Light","floor":5.0,"gold_loss":0.0,"damage_taken":14.0,"cards_upgraded":["Defend_G","Strike_G"]},{"damage_healed":0.0,"max_hp_gain":0.0,"max_hp_loss":0.0,"gold_gain":0.0,"event_name":"Dead Adventurer","player_choice":"Searched \u00272\u0027 times","floor":14.0,"gold_loss":0.0,"damage_taken":0.0,"relics_obtained":["Ninja Scroll"]},{"damage_healed":0.0,"max_hp_gain":5.0,"max_hp_loss":0.0,"gold_gain":0.0,"event_name":"Forgotten Altar","player_choice":"Shed Blood","floor":21.0,"gold_loss":0.0,"damage_taken":18.0},{"damage_healed":0,"gold_gain":0,"player_choice":"1 cards matched","damage_taken":0,"max_hp_gain":0,"max_hp_loss":0,"event_name":"Match and Keep!","floor":38,"gold_loss":0,"cards_obtained":["Flash of Steel"]},{"damage_healed":72,"gold_gain":0,"player_choice":"Heal","damage_taken":0,"max_hp_gain":0,"max_hp_loss":0,"event_name":"MindBloom","floor":48,"gold_loss":0,"cards_obtained":["Doubt"]}],"is_beta":false,"boss_relics":[{"not_picked":["Pandora\u0027s Box","Velvet Choker"],"picked":"SacredBark"},{"not_picked":["Runic Dome","Runic Pyramid","Snecko Eye"]}],"items_purged_floors":[2,28,39],"is_endless":false,"potions_floor_spawned":[7,10,11,12,18,20,29,30,36,46],"ascension_level":5}}