{"host":"c95txy58ipbu969e","time":1610261484,"event":{"mods":["Act Like it!","Arknights The Spire","BaseMod","Minty Spire (QoL Compilation)","Quick Restart","StSLib"],"gold_per_floor":[114,114,132,132,146,146,172,202,202,216,233,233,245,245,245],"floor_reached":14,"playtime":661,"items_purged":[],"score":92,"play_id":"869d9ee8-5e7c-44b1-9e81-2a7848b92b16","local_time":"20210110145124","is_ascension_mode":false,"campfire_choices":[{"data":"ats:Armor Crushing Shot","floor":6.0,"key":"SMITH"},{"floor":12.0,"key":"REST"}],"circlet_count":0,"master_deck":["ats:Strike C","ats:Strike G","ats:Strike S","ats:Armor Crushing Shot+1","ats:Defend","ats:Defend","ats:Defend","ats:Defend","ats:Emotion Absorption+1","ats:Assault Order","ats:Composite Medical Shells","ats:Sword Rain","ats:Dogmatic Field","ats:Healing Drone","ats:Shell Defense"],"relics":["ats:Sanity","NeowsBlessing","ats:Originium","Gremlin Horn","Molten Egg 2"],"acts_visited":[],"potions_floor_usage":[13],"damage_taken":[{"damage":0.0,"enemies":"2 Louse","floor":1.0,"turns":1.0},{"damage":0.0,"enemies":"Cultist","floor":3.0,"turns":1.0},{"damage":0.0,"enemies":"Small Slimes","floor":5.0,"turns":1.0},{"damage":52.0,"enemies":"3 Sentries","floor":7.0,"turns":10.0},{"damage":7.0,"enemies":"3 Louse","floor":10.0,"turns":3.0},{"damage":16.0,"enemies":"Exordium Wildlife","floor":11.0,"turns":5.0},{"damage":9,"enemies":"Large Slime","floor":13,"turns":6},{"damage":36,"enemies":"Gremlin Nob","floor":14,"turns":5}],"seed_played":"-7149866150909610593","potions_obtained":[{"floor":1.0,"key":"Weak Potion"},{"floor":11.0,"key":"FearPotion"}],"is_trial":false,"path_per_floor":["M","?","M","?","M","R","E","?","T","M","M","R","M","E"],"character_chosen":"DOCTOR_CLASS","items_purchased":[],"campfire_rested":1,"item_purchase_floors":[],"current_hp_per_floor":[72,72,72,72,72,72,20,20,20,13,9,30,27,8,8],"gold":245,"neow_bonus":"THREE_ENEMY_KILL","is_daily":false,"chose_seed":false,"campfire_upgraded":1,"win_rate":0.0,"timestamp":1610261484,"path_taken":["M","?","?","?","M","R","E","?","T","M","M","R","M","E"],"items_purchased_type":[],"build_version":"2020-12-22","purchased_purges":0,"victory":false,"max_hp_per_floor":[72,72,72,72,72,72,72,72,72,72,72,72,72,72,72],"card_choices":[{"not_picked":["ats:Childhood Dance","ats:Apocalypse"],"picked":"ats:Assault Order","floor":1.0},{"not_picked":["ats:Assault Order","ats:Shell Defense"],"picked":"ats:Composite Medical Shells","floor":3.0},{"not_picked":["ats:Assault Order","ats:Explosion Area Strengthen"],"picked":"ats:Sword Rain","floor":5.0},{"not_picked":["ats:Apocalypse","ats:Echo Reverb"],"picked":"ats:Dogmatic Field","floor":7.0},{"not_picked":["ats:Counter Healing Mode","ats:Revitalization"],"picked":"ats:Healing Drone","floor":10.0},{"not_picked":["ats:Assault Order","ats:Poison Spread+1","ats:Hammer On+1"],"picked":"SKIP","floor":11.0},{"not_picked":["ats:Shadow Raid","ats:Assault Order"],"picked":"ats:Shell Defense","floor":13}],"player_experience":259085,"relics_obtained":[{"floor":7.0,"key":"ats:Originium"},{"floor":7.0,"key":"Gremlin Horn"},{"floor":9.0,"key":"Molten Egg 2"}],"event_choices":[{"cards_removed":["ats:Strike V"],"damage_healed":0.0,"max_hp_gain":0.0,"max_hp_loss":0.0,"gold_gain":0.0,"event_name":"Purifier","player_choice":"Purged","floor":2.0,"gold_loss":0.0,"damage_taken":0.0},{"damage_healed":0.0,"max_hp_gain":0.0,"max_hp_loss":0.0,"gold_gain":0.0,"event_name":"Living Wall","player_choice":"Grow","floor":4.0,"gold_loss":0.0,"damage_taken":0.0,"cards_upgraded":["ats:Emotion Absorption"]},{"damage_healed":0.0,"max_hp_gain":0.0,"max_hp_loss":0.0,"gold_gain":30.0,"event_name":"Dead Adventurer","player_choice":"Searched \u00272\u0027 times","floor":8.0,"gold_loss":0.0,"damage_taken":0.0}],"is_beta":false,"boss_relics":[],"items_purged_floors":[],"is_endless":false,"potions_floor_spawned":[1,11],"killed_by":"Gremlin Nob","ascension_level":0}}