{"host":"fx1msjnmzlhlr397","time":1610321919,"event":{"mods":["AchievementEnabler","BaseMod","Colored Map","Colored Powertips","Downfall","Duelist Mod","Friendly Minions","GifTheSpireLib","Marisa????????","Minty Spire (QoL Compilation)","Quick Restart","Rare Cards Sparkle","Replay The Spire","SOS???????","StSLib","The Alterego","The Animator","The Hierophant","The Wild Card"],"gold_per_floor":[123,141,73,73,86,86,261,272,298,298,73,73,87,87,87,87,87],"floor_reached":16,"playtime":837,"items_purged":[],"score":90,"play_id":"352305c6-80b0-44ab-8366-6ece59657a4a","local_time":"20210110183839","is_ascension_mode":false,"campfire_choices":[{"data":"animator:Genos","floor":6,"key":"SMITH"},{"floor":12,"key":"REST"}],"circlet_count":0,"master_deck":["animator:Strike_Konosuba","animator:Defend_Konosuba","animator:Strike","animator:Strike+1","animator:Strike","animator:Defend","animator:Defend","animator:Defend","animator:Kazuma","animator:Aqua","animator:ElricEdward","animator:Genos+1","animator:Kaijin","Decay","animator:Alexander","Doubt","animator:EmiyaShirou","animator:Archer","animator:RinTohsaka"],"relics":["animator:LivingPicture","animator:TheMissingPiece","Anchor","animator:Buoy"],"acts_visited":["Exordium"],"potions_floor_usage":[],"damage_taken":[{"damage":0,"enemies":"Small Slimes","floor":1,"turns":4},{"damage":11,"enemies":"Cultist","floor":2,"turns":4},{"damage":9,"enemies":"2 Louse","floor":5,"turns":2},{"damage":40,"enemies":"Gremlin Gang","floor":8,"turns":4},{"damage":5,"enemies":"2 Fungi Beasts","floor":13,"turns":4},{"damage":41,"enemies":"Hexaghost","floor":16,"turns":16}],"seed_played":"8972186378239516525","potions_obtained":[{"floor":2,"key":"ColorlessPotion"},{"floor":10,"key":"BlessingOfTheForge"},{"floor":10,"key":"LiquidMemories"},{"floor":10,"key":"SkillPotion"}],"is_trial":false,"path_per_floor":["M","M","$","?","M","R","?","M","T","?","$","R","M","?","R_BF","B"],"character_chosen":"THE_ANIMATOR","items_purchased":["animator:Kaijin","animator:Archer","animator:Buoy"],"campfire_rested":1,"item_purchase_floors":[3,11,11],"current_hp_per_floor":[72,63,63,63,56,56,56,18,18,18,18,39,36,36,36,0,0],"gold":87,"neow_bonus":"TEN_PERCENT_HP_BONUS","is_daily":false,"chose_seed":false,"campfire_upgraded":1,"win_rate":0.0,"timestamp":1610321919,"path_taken":["M","M","$","?","?","R","?","M","T","?","$","R","?","?","R_BF","BOSS"],"items_purchased_type":["Card","Card","Relic"],"build_version":"2020-12-22","purchased_purges":0,"victory":false,"max_hp_per_floor":[72,72,72,72,72,72,72,72,72,72,72,72,72,72,72,72,72],"card_choices":[{"not_picked":["animator:MaesHughes","animator:Kaijin"],"picked":"animator:ElricEdward","floor":1},{"not_picked":["animator:Kaijin","animator:Vanir"],"picked":"animator:Genos","floor":2},{"not_picked":["animator:Emonzaemon","animator:HighElfArcher"],"picked":"animator:Alexander","floor":5},{"not_picked":["animator:Caster","animator:ShinjiMatou"],"picked":"animator:EmiyaShirou","floor":8},{"not_picked":["animator:Souei","animator:RoyMustang"],"picked":"animator:RinTohsaka","floor":13}],"player_experience":2916,"relics_obtained":[{"floor":9,"key":"Anchor"}],"event_choices":[{"damage_healed":0,"gold_gain":0,"player_choice":"Cursed","damage_taken":0,"max_hp_gain":0,"max_hp_loss":0,"event_name":"Wheel of Change","floor":4,"gold_loss":0,"cards_obtained":["Decay"]},{"damage_healed":0,"gold_gain":175,"player_choice":"AGREE","damage_taken":0,"max_hp_gain":0,"max_hp_loss":0,"event_name":"Liars Game","floor":7,"gold_loss":0,"cards_obtained":["Doubt"]},{"damage_healed":0,"gold_gain":0,"player_choice":"Got Potions","damage_taken":0,"max_hp_gain":0,"max_hp_loss":0,"event_name":"Lab","floor":10,"gold_loss":0}],"is_beta":false,"boss_relics":[],"items_purged_floors":[],"is_endless":false,"potions_floor_spawned":[2,13],"killed_by":"Hexaghost","ascension_level":0}}