{"host":"1a3cjta80tad0aqj","time":1610258399,"event":{"mods":["2.2 Compatiblity","AchievementEnabler","BaseMod","Colored Map","DeckTracker","KOR Keyword Fix","Keyboard Shortcuts","Minty Spire (QoL Compilation)","Permanent Neow","Quick Restart","Random Character Button","StSLib","SuperFastMode","everything is the same but u backflip on backflip"],"gold_per_floor":[118,130,145,165,52,82,157,57,57,68,68,82,82,102,102,198,198,215,234,52,70,83,114,114,134,161,190,202,214,214],"floor_reached":29,"playtime":1505,"items_purged":["Defend_P","Strike_P"],"score":276,"play_id":"dfb32adf-4c2f-4480-ada0-a67589aaa6c4","local_time":"20210110145959","is_ascension_mode":true,"campfire_choices":[{"floor":11,"key":"REST"},{"data":"Eruption","floor":13,"key":"SMITH"},{"floor":15,"key":"REST"},{"data":"Ragnarok","floor":24,"key":"SMITH"},{"floor":28,"key":"REST"}],"circlet_count":0,"master_deck":["Strike_P","Strike_P","Strike_P","Defend_P","Defend_P","Eruption+1","Vigilance","MentalFortress","FlurryOfBlows","Halt","InnerPeace","SashWhip","TalkToTheHand","BowlingBash","Ragnarok+1","FollowUp","Tantrum","Adaptation","Crescendo+1","FollowUp+1","Normality"],"relics":["PureWater","InkBottle","Thread and Needle","Cursed Key","Orichalcum","Ginger","MawBank"],"acts_visited":["Exordium","TheCity"],"potions_floor_usage":[10,10,23,23],"damage_taken":[{"damage":9.0,"enemies":"Jaw Worm","floor":1.0,"turns":3.0},{"damage":0.0,"enemies":"Small Slimes","floor":2.0,"turns":3.0},{"damage":0.0,"enemies":"2 Louse","floor":3.0,"turns":3.0},{"damage":14.0,"enemies":"Blue Slaver","floor":4.0,"turns":6.0},{"damage":33.0,"enemies":"Lagavulin","floor":6.0,"turns":8.0},{"damage":0,"enemies":"3 Louse","floor":10,"turns":2},{"damage":4,"enemies":"Looter","floor":12,"turns":2},{"damage":0,"enemies":"2 Fungi Beasts","floor":14,"turns":1},{"damage":34,"enemies":"Hexaghost","floor":16,"turns":10},{"damage":0,"enemies":"Chosen","floor":18,"turns":3},{"damage":18,"enemies":"Spheric Guardian","floor":19,"turns":5},{"damage":0,"enemies":"Cultist and Chosen","floor":21,"turns":4},{"damage":0,"enemies":"Chosen and Byrds","floor":22,"turns":3},{"damage":20,"enemies":"Slavers","floor":23,"turns":5},{"damage":8,"enemies":"Snake Plant","floor":25,"turns":3},{"damage":20,"enemies":"Centurion and Healer","floor":27,"turns":3},{"damage":43,"enemies":"Gremlin Leader","floor":29,"turns":3}],"seed_played":"2301815515114589069","potions_obtained":[{"floor":1.0,"key":"Energy Potion"},{"floor":6.0,"key":"Fire Potion"},{"floor":14,"key":"Swift Potion"},{"floor":16,"key":"FearPotion"},{"floor":21,"key":"Regen Potion"},{"floor":25,"key":"ColorlessPotion"}],"is_trial":false,"path_per_floor":["M","M","M","M","$","E","?","$","T","M","R","M","R","M","R","B",null,"M","M","$","M","M","E","R","M","T","M","R","E"],"character_chosen":"WATCHER","items_purchased":["InnerPeace","Orichalcum","Tantrum"],"campfire_rested":3,"item_purchase_floors":[5,20,20],"current_hp_per_floor":[63,63,63,49,49,16,5,5,5,5,26,22,22,22,43,9,72,72,54,54,54,54,48,48,40,40,20,41,0,0],"gold":214,"neow_bonus":"REMOVE_CARD","is_daily":false,"chose_seed":false,"campfire_upgraded":2,"win_rate":0.0,"timestamp":1610258399,"path_taken":["M","M","M","M","$","E","?","$","T","M","R","M","R","M","R","BOSS","M","M","$","M","M","E","R","M","T","M","R","E"],"items_purchased_type":["Card","Relic","Card"],"build_version":"2020-12-22","purchased_purges":2,"victory":false,"max_hp_per_floor":[72,72,72,72,72,72,72,72,72,72,72,72,72,72,72,72,72,72,72,72,72,72,72,72,72,72,72,72,72,72],"card_choices":[{"not_picked":["BowlingBash","ThirdEye"],"picked":"MentalFortress","floor":1.0},{"not_picked":["PathToVictory","Crescendo"],"picked":"FlurryOfBlows","floor":2.0},{"not_picked":["Meditate","EmptyFist","Consecrate"],"picked":"SKIP","floor":3.0},{"not_picked":["Protect","Pray"],"picked":"Halt","floor":4.0},{"not_picked":["ConjureBlade","CrushJoints"],"picked":"SashWhip","floor":6.0},{"not_picked":["Study","Conclude"],"picked":"TalkToTheHand","floor":10},{"not_picked":["SignatureMove","FlurryOfBlows","JustLucky"],"picked":"SKIP","floor":12},{"not_picked":["WaveOfTheHand","Judgement"],"picked":"BowlingBash","floor":14},{"not_picked":["Vault","Brilliance"],"picked":"Ragnarok","floor":16},{"not_picked":["EmptyFist+1","PathToVictory+1"],"picked":"FollowUp","floor":18},{"not_picked":["Collect","Pray","FlyingSleeves"],"picked":"SKIP","floor":19},{"not_picked":["Evaluate+1","Protect"],"picked":"Adaptation","floor":21},{"not_picked":["Prostrate","DevaForm","ThirdEye"],"picked":"SKIP","floor":22},{"not_picked":["Study+1","CarveReality"],"picked":"Crescendo+1","floor":23},{"not_picked":["Evaluate","Nirvana+1"],"picked":"FollowUp+1","floor":25},{"not_picked":["Conclude+1","Pray","Consecrate"],"picked":"SKIP","floor":27}],"player_experience":263235,"relics_obtained":[{"floor":6.0,"key":"InkBottle"},{"floor":9.0,"key":"Thread and Needle"},{"floor":23,"key":"Ginger"},{"floor":26,"key":"MawBank"}],"event_choices":[{"damage_healed":0.0,"max_hp_gain":0.0,"max_hp_loss":0.0,"gold_gain":75.0,"event_name":"World of Goop","player_choice":"Gather Gold","floor":7.0,"gold_loss":0.0,"damage_taken":11.0}],"is_beta":false,"boss_relics":[{"not_picked":["Coffee Dripper","Tiny House"],"picked":"Cursed Key"}],"items_purged_floors":[5,8],"is_endless":false,"potions_floor_spawned":[1,6,14,16,21,25],"killed_by":"Gremlin Leader","ascension_level":2}}