{"host":"l7l2v2zs4hqku4vk","time":1610255692,"event":{"mods":["Act Like it!","BaseMod","Colored Powertips","Highlight Path","Minty Spire (QoL Compilation)","Replay The Spire","RumiaBox-露米娅的神秘盒子","StSLib","TestMod","The Servant 0.9.4","篝火指南"],"gold_per_floor":[111,121,171,182,16,16,16,28,40,65,77,100,138,167,179,263,275,299,51,51,51,51,86,106,106,176,193,193,204,233,633,633,707,707,717,717,511,529,529,558,585,600,600,174,203,203,183,210,260,260,260,260,260,52,92,92],"floor_reached":57,"playtime":3525,"items_purged":["Strike_G","Voices","Poisoned Stab","Bouncing Flask+1"],"score":2981,"play_id":"7394fd33-0407-4948-8bd1-7f10101d9993","local_time":"20210110131452","is_ascension_mode":true,"campfire_choices":[{"data":"Blade Dance","floor":8,"key":"SMITH"},{"data":"Survivor","floor":11,"key":"SMITH"},{"floor":15,"key":"REST"},{"floor":25,"key":"RECALL"},{"data":"Accuracy","floor":32,"key":"SMITH"},{"data":"Accuracy","floor":46,"key":"SMITH"},{"data":"Neutralize","floor":53,"key":"SMITH"}],"circlet_count":0,"master_deck":["AscendersBane","Strike_G+1","Strike_G","Defend_G+1","Defend_G","Defend_G","Defend_G","Defend_G","Survivor+1","Neutralize+1","Blade Dance+1","Cloak And Dagger+1","Dagger Spray+1","Bullet Time","AbeCurse","Accuracy+1","Accuracy+1","Infinite Blades","Blur+1","ReplayTheSpireMod:Scrap Shanks","Backflip"],"relics":["Ring of the Snake","testmod-Recursion","Ring of Misfortune","MawBank","Molten Egg 2","Abe\u0027s Treasure","Omamori","Enchiridion","Replay:Kaleidoscope","ReplayTheSpireMod:Shallot","Simple Rune","testmod-Fanaticism","CeramicFish","PlanX","GodSword7","testmod-BouquetWithThorns","Durian","BargainBundle","Bronze Scales"],"acts_visited":["Exordium","TheCity","TheBeyond","TheEnding"],"potions_floor_usage":[16,23,33,33,40,47,50,56,56],"damage_taken":[{"damage":8,"enemies":"2 Louse","floor":1,"turns":2},{"damage":6,"enemies":"Cultist","floor":2,"turns":3},{"damage":4,"enemies":"Jaw Worm","floor":4,"turns":3},{"damage":0,"enemies":"2 Fungi Beasts","floor":10,"turns":2},{"damage":0,"enemies":"Looter","floor":12,"turns":2},{"damage":0,"enemies":"3 Sentries","floor":13,"turns":4},{"damage":0,"enemies":"Gremlin Gang","floor":14,"turns":2},{"damage":33,"enemies":"Slime Boss","floor":16,"turns":11},{"damage":0,"enemies":"2 Thieves","floor":18,"turns":4},{"damage":0,"enemies":"Gremlin Leader","floor":23,"turns":4},{"damage":0,"enemies":"3 Byrds","floor":24,"turns":3},{"damage":0,"enemies":"Snecko","floor":27,"turns":3},{"damage":0,"enemies":"Shelled Parasite and Fungi","floor":29,"turns":3},{"damage":7,"enemies":"Slavers","floor":30,"turns":5},{"damage":48,"enemies":"Automaton","floor":33,"turns":8},{"damage":0,"enemies":"3 Darklings","floor":35,"turns":2},{"damage":0,"enemies":"Orb Walker","floor":38,"turns":2},{"damage":0,"enemies":"Reptomancer","floor":40,"turns":4},{"damage":0,"enemies":"Jaw Worm Horde","floor":41,"turns":2},{"damage":2,"enemies":"3 Darklings","floor":42,"turns":2},{"damage":0,"enemies":"Giant Head","floor":45,"turns":3},{"damage":16,"enemies":"R_Hoarder","floor":48,"turns":4},{"damage":118,"enemies":"Awakened One","floor":50,"turns":8},{"damage":71,"enemies":"Donu and Deca","floor":51,"turns":6},{"damage":0,"enemies":"Shield and Spear","floor":55,"turns":3},{"damage":212,"enemies":"The Heart","floor":56,"turns":8}],"seed_played":"1623420341587863472","potions_obtained":[{"floor":10,"key":"Weak Potion"},{"floor":13,"key":"BlessingOfTheForge"},{"floor":16,"key":"LiquidMemories"},{"floor":24,"key":"Strength Potion"},{"floor":33,"key":"SkillPotion"},{"floor":41,"key":"Milkshake"},{"floor":42,"key":"Swift Potion"},{"floor":47,"key":"Fruit Juice"}],"is_trial":false,"path_per_floor":["M","M","?","M","$","?","?","R","T","M","R","M","E","M","R","B",null,"M","$","?","?","?","E","M","R","T","M","?","M","E","?","R","B",null,"M","?","$","M","?","E","M","M","T","$","E","R","?","E","R","B","B",null,"R","$","E","B",null],"character_chosen":"THE_SILENT","items_purchased":["Blade Dance","Cloak And Dagger+1","Omamori","Accuracy","GodSword7","BargainBundle","Block Potion","EssenceOfSteel","ReplayTheSpireMod:Scrap Shanks"],"campfire_rested":1,"item_purchase_floors":[5,5,19,37,44,54,54,54,54],"current_hp_per_floor":[51,45,45,41,41,41,30,30,30,30,30,30,30,30,49,16,54,54,54,54,33,76,76,76,76,76,76,76,76,69,69,69,21,62,62,62,62,62,62,62,62,62,62,62,62,62,67,86,86,86,86,86,86,86,86,84],"gold":92,"neow_bonus":"REMOVE_CARD","is_daily":false,"chose_seed":false,"campfire_upgraded":5,"win_rate":0.0,"timestamp":1610255692,"path_taken":["M","M","?","?","$","?","?","R","T","M","R","M","E","M","R","BOSS","M","$","?","?","?","E","?","R","T","?","?","M","E","?","R","BOSS","M","?","$","M","?","E","M","M","T","$","E","R","?","E","R","BOSS","BOSS","R","$","E","BOSS"],"items_purchased_type":["Card","Card","Relic","Card","Relic","Relic","Potion","Potion","Card"],"build_version":"2020-12-22","purchased_purges":4,"victory":true,"max_hp_per_floor":[66,66,66,66,66,66,66,66,66,66,66,66,66,66,66,66,66,66,66,66,66,76,76,76,76,76,76,76,76,76,76,76,76,76,76,76,76,76,76,76,76,76,76,76,76,76,81,86,86,86,86,86,86,86,86,86],"card_choices":[{"not_picked":["Prepared","Underhanded Strike"],"picked":"Poisoned Stab","floor":1},{"not_picked":["Prepared","Quick Slash","Predator"],"picked":"SKIP","floor":2},{"not_picked":["Endless Agony","Slice","Deflect"],"picked":"SKIP","floor":4},{"not_picked":["Flying Knee","Catalyst","Deadly Poison"],"picked":"SKIP","floor":10},{"not_picked":["Dagger Spray","Fluid Movement"],"picked":"Grand Finale","floor":12},{"not_picked":["Slice+1","Distraction"],"picked":"Dagger Spray+1","floor":13},{"not_picked":["Deflect","PiercingWail","Draining Mist"],"picked":"SKIP","floor":14},{"not_picked":["ReplayTheSpireMod:Necrosis","A Thousand Cuts"],"picked":"Bullet Time","floor":16},{"not_picked":["Hidden Blade+1","Dodge and Roll","Poisoned Stab+1"],"picked":"SKIP","floor":18},{"not_picked":["Slice+1","Tools of the Trade","Grand Finale+1"],"picked":"SKIP","floor":23},{"not_picked":["Blade Dance","Dodge and Roll+1"],"picked":"Bouncing Flask+1","floor":24},{"not_picked":["Slice+1","Blade Dance","ReplayTheSpireMod:Exploit Weakness"],"picked":"SKIP","floor":27},{"not_picked":["Deflect","Masterful Stab+1","Toxin Wave"],"picked":"SKIP","floor":29},{"not_picked":["ReplayTheSpireMod:Necrosis","Fluid Movement+1","Expertise"],"picked":"SKIP","floor":30},{"not_picked":["Dodge and Roll+1","Dagger Spray+1","Expertise"],"picked":"SKIP","floor":35},{"not_picked":["Cloak And Dagger","Deadly Poison"],"picked":"Infinite Blades","floor":38},{"not_picked":["Replay:Bag of Tricks","PiercingWail","Distraction"],"picked":"SKIP","floor":40},{"not_picked":["Backflip","Outmaneuver"],"picked":"Blur+1","floor":41},{"not_picked":["Backflip","Bouncing Flask","Terror+1"],"picked":"SKIP","floor":42},{"not_picked":["Prepared","Deadly Poison","Quick Slash+1"],"picked":"SKIP","floor":45},{"not_picked":["Unload+1","Deadly Poison","Prepared+1"],"picked":"SKIP","floor":48},{"not_picked":["Quick Slash+1","Dagger Spray+1"],"picked":"Backflip","floor":55}],"player_experience":1692063,"relics_obtained":[{"floor":6,"key":"Ring of Misfortune"},{"floor":13,"key":"Molten Egg 2"},{"floor":21,"key":"Enchiridion"},{"floor":23,"key":"Replay:Kaleidoscope"},{"floor":26,"key":"ReplayTheSpireMod:Shallot"},{"floor":30,"key":"Simple Rune"},{"floor":40,"key":"CeramicFish"},{"floor":43,"key":"PlanX"},{"floor":45,"key":"testmod-BouquetWithThorns"},{"floor":48,"key":"Durian"},{"floor":55,"key":"Bronze Scales"}],"event_choices":[{"damage_healed":0,"gold_gain":50,"player_choice":"Pray","damage_taken":0,"max_hp_gain":0,"max_hp_loss":0,"event_name":"Golden Shrine","floor":3,"gold_loss":0},{"damage_healed":0,"gold_gain":0,"player_choice":"Success","damage_taken":11,"relics_obtained":["MawBank"],"max_hp_gain":0,"max_hp_loss":0,"event_name":"Scrap Ooze","floor":7,"gold_loss":0},{"damage_healed":0,"gold_gain":0,"player_choice":"Obtained Book","damage_taken":21,"max_hp_gain":0,"max_hp_loss":0,"event_name":"Cursed Tome","floor":21,"gold_loss":0},{"cards_removed":["Grand Finale"],"damage_healed":33,"gold_gain":0,"player_choice":"Offered Rare","damage_taken":0,"max_hp_gain":10,"max_hp_loss":0,"event_name":"Bonfire Elementals","floor":22,"gold_loss":0},{"damage_healed":0,"gold_gain":0,"player_choice":"Read","damage_taken":0,"max_hp_gain":0,"max_hp_loss":0,"event_name":"The Library","floor":28,"gold_loss":0,"cards_obtained":["Accuracy"]},{"damage_healed":0,"gold_gain":400,"player_choice":"Sell","damage_taken":0,"max_hp_gain":0,"max_hp_loss":0,"event_name":"恩洛斯的盘子","floor":31,"relics_lost":["testmod-TestBox"],"gold_loss":0},{"cards_removed":["Strike_G"],"damage_healed":0,"gold_gain":0,"player_choice":"Removed Attack","damage_taken":0,"max_hp_gain":0,"max_hp_loss":0,"event_name":"Falling","floor":36,"gold_loss":0},{"damage_healed":0,"gold_gain":0,"player_choice":"Ignored","damage_taken":0,"max_hp_gain":0,"max_hp_loss":0,"event_name":"给自己的盒子","floor":39,"gold_loss":0},{"damage_healed":0,"gold_gain":0,"player_choice":"Bought 1 Potion","damage_taken":0,"max_hp_gain":0,"max_hp_loss":0,"event_name":"The Woman in Blue","floor":47,"gold_loss":0},{"damage_healed":0,"gold_gain":50,"player_choice":"Pray","damage_taken":0,"max_hp_gain":0,"max_hp_loss":0,"event_name":"Golden Shrine","floor":49,"gold_loss":0}],"is_beta":false,"boss_relics":[{"not_picked":["Snecko Scales","Tiny House"],"picked":"Abe\u0027s Treasure"},{"not_picked":["testmod-IncinerationGenerator","testmod-EnergyCheck"],"picked":"testmod-Fanaticism"}],"items_purged_floors":[5,19,37,44],"is_endless":false,"potions_floor_spawned":[10,13,16,18,24,29,33,41,42,45,55],"ascension_level":20}}