{"host":"uxx7prhn9zlu6i2v","time":1610320957,"event":{"mods":["100% Spire Juice","2.2 Compatiblity","AchievementEnabler","Act Like it!","Bard","BaseMod","Better Third Choice","CapriCore","ChefMod","Colored Powertips","Faster Ascension Climbing","Fox Events","Gensokyo","GifTheSpireLib","Hermit","Hubris","KomeijiMod","Marisa????????","Minty Spire (QoL Compilation)","Pale of the Ancients","Permanent Neow","Quick Restart","RNG Fix","Rare Cards Sparkle","Reimu??????","Relic Filter","Relic Sorter","Relic Stats","Reworked Bosses","Spicy Shops","StSLib","The Administrix","The Blue Laboratory","The Bug Knight","The Immortal","Yakumo Yukari mod","??????REMEMod"],"gold_per_floor":[177,50,50,69,87,116,127,127,127,145,175,175,190,6,6,6,6],"floor_reached":16,"playtime":645,"items_purged":["Strike_Remiria"],"score":196,"play_id":"d2ee145b-2be6-4999-a161-b1e6e697458b","local_time":"20210110172237","is_ascension_mode":true,"campfire_choices":[{"data":"YoungDemonLord","floor":15,"key":"SMITH"}],"circlet_count":0,"master_deck":["Strike_Remiria","Strike_Remiria","Strike_Remiria","Defend_Remirira","Defend_Remirira","Defend_Remirira","Defend_Remirira","Absorbed+1","Scratch","CruelSlaughter","DamonLordCradle_Remiria","DamonLordCradle_Remiria","StigmaNizer","Pain","YoungDemonLord+1","ChainGang","Gensokyo:TarnishedGold","Gensokyo:BlemishedSteel","Gensokyo:ScrapIron","Gensokyo:ReactiveArmor"],"relics":["ThirstyCrossSpe","REME_ComplimentaryCards","Tiny Chest","Gensokyo:LunaticRedEyes","hubris:64BitClover","CaptainsWheel","Gensokyo:OccultBall"],"acts_visited":["Gensokyo:Gensokyo"],"potions_floor_usage":[11,11,16,16],"damage_taken":[{"damage":0,"enemies":"Gensokyo:Python","floor":1,"turns":3},{"damage":1,"enemies":"Gensokyo:3_Fairies","floor":4,"turns":3},{"damage":0,"enemies":"Gensokyo:2_Kodama","floor":5,"turns":1},{"damage":0,"enemies":"Gensokyo:Cirno","floor":6,"turns":4},{"damage":0,"enemies":"Gensokyo:LivingMonolith","floor":7,"turns":3},{"damage":18,"enemies":"Gensokyo:VengefulSpirit","floor":10,"turns":5},{"damage":36,"enemies":"Gensokyo:Aya","floor":11,"turns":6},{"damage":1,"enemies":"Gensokyo:Kitsune","floor":13,"turns":2},{"damage":35,"enemies":"Gensokyo:Kokoro","floor":16,"turns":11}],"seed_played":"-4968616726320686295","potions_obtained":[{"floor":1,"key":"blueLaboratory:Moonshine"},{"floor":4,"key":"blueLaboratory:PhilterOfMotion"},{"floor":10,"key":"FearPotion"},{"floor":13,"key":"DistilledChaos"}],"is_trial":false,"path_per_floor":["M","$","?","M","M","E","M","?","T","M","E","?","M","COS","R","B"],"character_chosen":"RemiriaScarlet","items_purchased":["DamonLordCradle_Remiria"],"campfire_rested":0,"item_purchase_floors":[2],"current_hp_per_floor":[90,90,90,89,89,89,89,89,89,71,35,35,34,34,34,0,0],"gold":6,"neow_bonus":"UPGRADE_CARD","is_daily":false,"chose_seed":false,"campfire_upgraded":1,"win_rate":0.0,"timestamp":1610320957,"path_taken":["M","$","?","M","?","E","M","?","T","M","E","?","?","COS","R","BOSS"],"items_purchased_type":["Card"],"build_version":"2020-12-22","purchased_purges":1,"victory":false,"max_hp_per_floor":[100,100,100,100,100,100,100,100,100,100,100,100,100,100,100,100,100],"relic_stats":{"counters":[9,37],"Tiny Chest":0,"obtain_stats":[{"CaptainsWheel":11,"ThirstyCrossSpe":0,"hubris:64BitClover":9,"Tiny Chest":6,"Gensokyo:OccultBall":12,"Gensokyo:LunaticRedEyes":8,"REME_ComplimentaryCards":0},{"CaptainsWheel":7,"ThirstyCrossSpe":0,"hubris:64BitClover":5,"Tiny Chest":4,"Gensokyo:OccultBall":7,"Gensokyo:LunaticRedEyes":5,"REME_ComplimentaryCards":0},{"CaptainsWheel":25,"ThirstyCrossSpe":0,"hubris:64BitClover":14,"Tiny Chest":11,"Gensokyo:OccultBall":25,"Gensokyo:LunaticRedEyes":14,"REME_ComplimentaryCards":0}]},"card_choices":[{"not_picked":["BloodySuit","BathedInBlood"],"picked":"CruelSlaughter","floor":1},{"not_picked":["BloodCollect","SealingFear"],"picked":"DamonLordCradle_Remiria","floor":4},{"not_picked":["SeparateFleshBlood","DemonsDinnerFork_Remiria","RocketKickup"],"picked":"SKIP","floor":5},{"not_picked":["SeparateFleshBlood","DamonLordCradle_Remiria"],"picked":"StigmaNizer","floor":6},{"not_picked":["ServantFlier","FierceSweep","DoubleEdge"],"picked":"SKIP","floor":7},{"not_picked":["FastHealing","RemiliaStalker"],"picked":"YoungDemonLord","floor":10},{"not_picked":["BathedInBlood","Warpath"],"picked":"Tepes","floor":11},{"not_picked":["Tepes","BloodCollect"],"picked":"ChainGang","floor":13}],"player_experience":1753478,"relics_obtained":[{"floor":6,"key":"Tiny Chest"},{"floor":9,"key":"hubris:64BitClover"},{"floor":11,"key":"CaptainsWheel"}],"event_choices":[],"is_beta":false,"boss_relics":[],"items_purged_floors":[2],"is_endless":false,"potions_floor_spawned":[1,4,10,13],"killed_by":"Gensokyo:Kokoro","ascension_level":10}}