{"host":"dnvpprmy3abbf89m","time":1610320734,"event":{"mods":["BaseMod","Colored Map","Minty Spire (QoL Compilation)","StSLib"],"gold_per_floor":[119,119,294,244,244,273,273,291,315,334,387,429,441,483,495,609,621,650,662,589,601,588,600,612,624,636,666,391,472,487,87,87,190,190,208,219,219,33,1032,1032,1062,1062,1062,1062,1062,1062,598,633,633,633],"floor_reached":51,"playtime":3336,"items_purged":["Doubt","Pain","Regret","Normality"],"score":1049,"play_id":"9bc1cac6-7997-4b18-a13c-ed4a3160e433","local_time":"20210111001854","is_ascension_mode":true,"campfire_choices":[{"floor":7.0,"key":"REST"},{"floor":13.0,"key":"REST"},{"floor":15.0,"key":"REST"},{"floor":23.0,"key":"REST"},{"floor":32.0,"key":"REST"},{"floor":40,"key":"REST"},{"floor":42,"key":"REST"},{"data":"Cloak And Dagger","floor":44,"key":"SMITH"},{"data":"Accuracy","floor":46,"key":"SMITH"},{"floor":49,"key":"REST"}],"circlet_count":0,"master_deck":["Strike_G","Strike_G","Strike_G","Strike_G+1","Defend_G","Defend_G","Defend_G","Defend_G","Defend_G","Survivor","Neutralize","Storm of Steel","Escape Plan","Riddle With Holes+1","Cloak And Dagger+1","Deflect","Envenom","Dodge and Roll","PiercingWail","Writhe","Crippling Poison","Accuracy+1","Blade Dance+1","Noxious Fumes","Malaise","Skewer+1","Normality","Dodge and Roll+1","Accuracy","Corpse Explosion","Dark Shackles","Infinite Blades+1","Bouncing Flask"],"relics":["Ring of the Snake","Unceasing Top","Whetstone","Happy Flower","MawBank","Regal Pillow","Cursed Key","Nunchaku","Sundial","Bag of Preparation","Juzu Bracelet","Membership Card","Dream Catcher","Mercury Hourglass","Molten Egg 2","Ginger","Sozu","Kunai","Bottled Lightning","Pantograph","Ancient Tea Set","OrangePellets","Blood Vial"],"acts_visited":["Exordium","TheCity","TheBeyond"],"potions_floor_usage":[48],"damage_taken":[{"damage":8.0,"enemies":"Cultist","floor":1.0,"turns":4.0},{"damage":37.0,"enemies":"3 Sentries","floor":6.0,"turns":12.0},{"damage":10.0,"enemies":"Jaw Worm","floor":8.0,"turns":4.0},{"damage":9.0,"enemies":"Small Slimes","floor":10.0,"turns":3.0},{"damage":24.0,"enemies":"Lagavulin","floor":12.0,"turns":8.0},{"damage":62.0,"enemies":"Slime Boss","floor":16.0,"turns":13.0},{"damage":8.0,"enemies":"3 Byrds","floor":18.0,"turns":5.0},{"damage":17.0,"enemies":"2 Thieves","floor":22.0,"turns":5.0},{"damage":31.0,"enemies":"Shelled Parasite and Fungi","floor":27.0,"turns":12.0},{"damage":26.0,"enemies":"Snecko","floor":30.0,"turns":5.0},{"damage":40.0,"enemies":"Collector","floor":33.0,"turns":8.0},{"damage":0.0,"enemies":"3 Shapes","floor":35.0,"turns":3.0},{"damage":26,"enemies":"Orb Walker","floor":36,"turns":4},{"damage":72,"enemies":"Giant Head","floor":41,"turns":10},{"damage":35,"enemies":"Reptomancer","floor":48,"turns":5},{"damage":66,"enemies":"Donu and Deca","floor":50,"turns":8}],"seed_played":"-6172911419531385111","potions_obtained":[{"floor":10.0,"key":"BlessingOfTheForge"},{"floor":12.0,"key":"Energy Potion"},{"floor":16.0,"key":"Energy Potion"},{"floor":18.0,"key":"DistilledChaos"},{"floor":30.0,"key":"EssenceOfSteel"}],"is_trial":false,"path_per_floor":["M","T","?","?","?","E","R","M","T","M","T","E","R","?","R","B",null,"M","?","?","T","M","R","?","?","T","M","$","T","M","$","R","B",null,"M","M","?","$","?","R","E","R","T","R","?","R","$","E","R","B",null],"character_chosen":"THE_SILENT","items_purchased":["Membership Card","Accuracy","Dream Catcher","Molten Egg 2","EntropicBrew","Ginger","Poison Potion","Kunai","Corpse Explosion","Pantograph","Dark Shackles","Ancient Tea Set","OrangePellets"],"campfire_rested":8,"item_purchase_floors":[28,28,28,31,31,31,31,38,47,47,47,47,47],"current_hp_per_floor":[55,55,55,55,60,23,45,35,35,26,26,2,39,39,75,13,60,52,38,38,38,21,60,60,60,60,29,29,29,3,3,42,2,61,61,35,35,35,35,74,2,41,41,41,41,41,41,6,45,6],"gold":633,"neow_bonus":"THREE_RARE_CARDS","is_daily":false,"chose_seed":false,"campfire_upgraded":2,"win_rate":0.0,"timestamp":1610320734,"path_taken":["M","?","?","?","?","E","R","?","T","M","?","E","R","?","R","BOSS","M","?","?","?","?","R","?","?","T","M","$","?","M","$","R","BOSS","M","M","?","$","?","R","E","R","T","R","?","R","$","E","R","BOSS"],"items_purchased_type":["Relic","Card","Relic","Relic","Potion","Relic","Potion","Relic","Card","Relic","Card","Relic","Relic"],"build_version":"2020-12-22","purchased_purges":4,"victory":true,"max_hp_per_floor":[70,70,70,70,75,75,75,75,75,75,75,75,75,75,75,75,75,75,80,80,80,80,80,80,80,80,80,80,80,80,80,80,80,80,80,80,80,80,80,80,80,80,80,80,80,80,80,80,80,80],"card_choices":[{"not_picked":["Night Terror","Tools of the Trade"],"picked":"Storm of Steel","floor":0.0},{"not_picked":["Poisoned Stab","Prepared"],"picked":"Escape Plan","floor":1.0},{"not_picked":["Underhanded Strike","Poisoned Stab"],"picked":"Riddle With Holes","floor":6.0},{"not_picked":["Endless Agony","Deflect"],"picked":"Cloak And Dagger","floor":8.0},{"not_picked":["Predator","Poisoned Stab","Dagger Spray"],"picked":"SKIP","floor":10.0},{"not_picked":["Quick Slash","Acrobatics"],"picked":"Deflect","floor":12.0},{"not_picked":["Adrenaline","Venomology"],"picked":"Envenom","floor":16.0},{"not_picked":["Deflect","Finisher"],"picked":"Dodge and Roll","floor":18.0},{"not_picked":["Prepared","Slice"],"picked":"PiercingWail","floor":22.0},{"not_picked":["Dagger Throw","Terror"],"picked":"Crippling Poison","floor":27.0},{"not_picked":["Backflip","Masterful Stab+1"],"picked":"Blade Dance+1","floor":30.0},{"not_picked":["Dagger Spray+1","Leg Sweep+1"],"picked":"Noxious Fumes","floor":32.0},{"not_picked":["Glass Knife+1","Wraith Form v2"],"picked":"Malaise","floor":33.0},{"not_picked":["Poisoned Stab+1","Deflect+1"],"picked":"Skewer+1","floor":35.0},{"not_picked":["Bane+1","Dodge and Roll","Quick Slash+1"],"picked":"SKIP","floor":36},{"not_picked":["Escape Plan","Deadly Poison"],"picked":"Dodge and Roll+1","floor":41},{"not_picked":["Acrobatics","Outmaneuver"],"picked":"Accuracy","floor":42},{"not_picked":["Well Laid Plans","Backstab+1"],"picked":"Infinite Blades+1","floor":48},{"not_picked":["Masterful Stab+1","Deadly Poison+1"],"picked":"Bouncing Flask","floor":49}],"player_experience":777774,"relics_obtained":[{"floor":2.0,"key":"Unceasing Top"},{"floor":6.0,"key":"Whetstone"},{"floor":9.0,"key":"Happy Flower"},{"floor":11.0,"key":"MawBank"},{"floor":12.0,"key":"Regal Pillow"},{"floor":21.0,"key":"Sundial"},{"floor":26.0,"key":"Juzu Bracelet"},{"floor":29.0,"key":"Mercury Hourglass"},{"floor":41,"key":"Bottled Lightning"},{"floor":48,"key":"Blood Vial"}],"event_choices":[{"damage_healed":0.0,"max_hp_gain":0.0,"max_hp_loss":0.0,"gold_gain":175.0,"event_name":"Liars Game","player_choice":"AGREE","floor":3.0,"gold_loss":0.0,"damage_taken":0.0,"cards_obtained":["Doubt"]},{"cards_removed":["Doubt"],"damage_healed":0.0,"max_hp_gain":0.0,"max_hp_loss":0.0,"gold_gain":0.0,"event_name":"The Cleric","player_choice":"Card Removal","floor":4.0,"gold_loss":50.0,"damage_taken":0.0},{"damage_healed":0.0,"max_hp_gain":5.0,"max_hp_loss":0.0,"gold_gain":0.0,"event_name":"Big Fish","player_choice":"Donut","floor":5.0,"gold_loss":0.0,"damage_taken":0.0},{"damage_healed":0.0,"max_hp_gain":0.0,"max_hp_loss":0.0,"gold_gain":30.0,"event_name":"Dead Adventurer","player_choice":"Searched \u00272\u0027 times","floor":14.0,"gold_loss":0.0,"damage_taken":0.0},{"damage_healed":0.0,"max_hp_gain":5.0,"max_hp_loss":0.0,"gold_gain":0.0,"event_name":"Forgotten Altar","player_choice":"Shed Blood","floor":19.0,"gold_loss":0.0,"damage_taken":19.0},{"damage_healed":0.0,"max_hp_gain":0.0,"max_hp_loss":0.0,"gold_gain":0.0,"event_name":"Addict","player_choice":"Obtained Relic","floor":20.0,"gold_loss":85.0,"damage_taken":0.0,"relics_obtained":["Nunchaku"]},{"damage_healed":0.0,"max_hp_gain":0.0,"max_hp_loss":0.0,"gold_gain":0.0,"event_name":"Ghosts","player_choice":"Ignored","floor":24.0,"gold_loss":0.0,"damage_taken":0.0},{"damage_healed":0.0,"max_hp_gain":0.0,"max_hp_loss":0.0,"gold_gain":0.0,"event_name":"The Mausoleum","player_choice":"Opened","floor":25.0,"gold_loss":0.0,"damage_taken":0.0,"relics_obtained":["Bag of Preparation"]},{"damage_healed":0,"gold_gain":0,"player_choice":"Ignored","damage_taken":0,"max_hp_gain":0,"max_hp_loss":0,"event_name":"The Moai Head","floor":37,"gold_loss":0},{"damage_healed":0,"gold_gain":999,"player_choice":"Gold","damage_taken":0,"max_hp_gain":0,"max_hp_loss":0,"event_name":"MindBloom","floor":39,"gold_loss":0,"cards_obtained":["Normality","Normality"]},{"cards_removed":["Strike_G"],"damage_healed":0,"gold_gain":0,"player_choice":"Removed Attack","damage_taken":0,"max_hp_gain":0,"max_hp_loss":0,"event_name":"Falling","floor":45,"gold_loss":0}],"is_beta":false,"boss_relics":[{"not_picked":["Fusion Hammer","Philosopher\u0027s Stone"],"picked":"Cursed Key"},{"not_picked":["Black Star","Snecko Eye"],"picked":"Sozu"}],"items_purged_floors":[28,31,38,47],"is_endless":false,"potions_floor_spawned":[10,12,16,18,30,41,48],"ascension_level":8}}