{"host":"9v3x998ddbx8o276","time":1610257472,"event":{"mods":["AchievementEnabler","BaseMod","Colored Map","Colored Powertips","Highlight Path","Minty Spire (QoL Compilation)","Quick Restart","Rare Cards Sparkle"],"gold_per_floor":[114,114,4,17,29,29,57,88,165,2,2,27,44,62,62,135,135,152,152,14,32,32,32,32],"floor_reached":23,"playtime":658,"items_purged":[],"score":418,"play_id":"9c05336f-774e-44ae-aea7-92329e6b1d30","local_time":"20210110161432","is_ascension_mode":true,"campfire_choices":[{"data":"Loop","floor":6,"key":"SMITH"},{"floor":11,"key":"REST"},{"data":"Multi-Cast","floor":15,"key":"SMITH"}],"circlet_count":0,"master_deck":["AscendersBane","Zap","Dualcast","Sweeping Beam","Gash","Rebound","Loop+1","Ball Lightning","Compile Driver","BootSequence","Ball Lightning","White Noise","Multi-Cast+1","Echo Form","Skim","Go for the Eyes","Chill","Conserve Battery","Core Surge","Conserve Battery","Creative AI","Sweeping Beam","Stack","Ball Lightning","Turbo","Self Repair"],"relics":["Cracked Core","NeowsBlessing","WingedGreaves","Nunchaku","Bag of Preparation","White Beast Statue","MealTicket","Meat on the Bone","Nloth\u0027s Gift"],"acts_visited":["Exordium","TheCity"],"potions_floor_usage":[8,12,14,18,23,23],"damage_taken":[{"damage":0,"enemies":"Small Slimes","floor":1,"turns":1},{"damage":0,"enemies":"Cultist","floor":4,"turns":1},{"damage":0,"enemies":"Jaw Worm","floor":5,"turns":1},{"damage":30,"enemies":"Lagavulin","floor":7,"turns":6},{"damage":8,"enemies":"Gremlin Nob","floor":8,"turns":3},{"damage":20,"enemies":"Lagavulin","floor":12,"turns":4},{"damage":6,"enemies":"Exordium Thugs","floor":13,"turns":3},{"damage":0,"enemies":"2 Fungi Beasts","floor":14,"turns":2},{"damage":42,"enemies":"The Guardian","floor":16,"turns":11},{"damage":2,"enemies":"3 Byrds","floor":18,"turns":3},{"damage":7,"enemies":"Shell Parasite","floor":21,"turns":4},{"damage":75,"enemies":"Slavers","floor":23,"turns":3}],"seed_played":"-4928675417677200732","potions_obtained":[{"floor":1,"key":"DistilledChaos"},{"floor":4,"key":"BlessingOfTheForge"},{"floor":5,"key":"FocusPotion"},{"floor":8,"key":"SteroidPotion"},{"floor":12,"key":"PowerPotion"},{"floor":13,"key":"DistilledChaos"},{"floor":14,"key":"Explosive Potion"},{"floor":18,"key":"SkillPotion"}],"is_trial":false,"path_per_floor":["M","?","$","M","M","R","E","E","T","$","R","E","M","M","R","B",null,"M","?","$","M","?","E"],"character_chosen":"DEFECT","items_purchased":["Gash","Rebound","MealTicket","Stack","Ball Lightning","Turbo"],"campfire_rested":1,"item_purchase_floors":[3,3,10,20,20,20],"current_hp_per_floor":[64,64,64,64,64,64,34,26,26,26,47,27,33,45,45,15,57,55,55,70,63,71,0,0],"gold":32,"neow_bonus":"THREE_ENEMY_KILL","is_daily":false,"chose_seed":false,"campfire_upgraded":2,"win_rate":0.0,"timestamp":1610257472,"path_taken":["M","?","$","?","M","R","E","E","T","$","R","E","?","M","R","BOSS","M","?","?","M","?","E"],"items_purchased_type":["Card","Card","Relic","Card","Card","Card"],"build_version":"2020-12-22","purchased_purges":0,"victory":false,"max_hp_per_floor":[71,71,71,71,71,71,71,71,71,71,71,71,71,71,71,71,71,71,71,71,71,71,71,71],"card_choices":[{"not_picked":["Chaos","Compile Driver"],"picked":"Sweeping Beam","floor":1},{"not_picked":["Streamline","Reprogram"],"picked":"Loop","floor":4},{"not_picked":["Compile Driver","Gash"],"picked":"Ball Lightning","floor":5},{"not_picked":["Stack","Steam"],"picked":"Compile Driver","floor":7},{"not_picked":["Go for the Eyes","Turbo"],"picked":"BootSequence","floor":8},{"not_picked":["Beam Cell","Self Repair"],"picked":"Ball Lightning","floor":12},{"not_picked":["Steam Power","Compile Driver"],"picked":"White Noise","floor":13},{"not_picked":["Redo","Conserve Battery"],"picked":"Multi-Cast","floor":14},{"not_picked":["Meteor Strike","Buffer"],"picked":"Echo Form","floor":16},{"not_picked":["Fusion","Redo"],"picked":"Sweeping Beam","floor":18},{"not_picked":["Leap","Rip and Tear"],"picked":"Self Repair","floor":21}],"player_experience":1638892,"relics_obtained":[{"floor":7,"key":"Nunchaku"},{"floor":8,"key":"Bag of Preparation"},{"floor":9,"key":"White Beast Statue"},{"floor":12,"key":"Meat on the Bone"}],"event_choices":[{"damage_healed":0,"gold_gain":0,"player_choice":"Gave Potion","damage_taken":0,"relics_obtained":["WingedGreaves"],"max_hp_gain":0,"max_hp_loss":0,"event_name":"WeMeetAgain","floor":2,"gold_loss":0},{"damage_healed":0,"gold_gain":0,"player_choice":"Traded Relic","damage_taken":0,"relics_obtained":["Nloth\u0027s Gift"],"max_hp_gain":0,"max_hp_loss":0,"event_name":"N\u0027loth","floor":19,"relics_lost":["Pandora\u0027s Box"],"gold_loss":0},{"cards_removed":["Hello World"],"damage_healed":8,"gold_gain":0,"player_choice":"Offered Uncommon","damage_taken":0,"max_hp_gain":0,"max_hp_loss":0,"event_name":"Bonfire Elementals","floor":22,"gold_loss":0}],"is_beta":false,"boss_relics":[{"not_picked":["Tiny House","SlaversCollar"],"picked":"Pandora\u0027s Box"}],"items_purged_floors":[],"is_endless":false,"potions_floor_spawned":[1,4,5,8,12,13,14,16,18,21],"killed_by":"Slavers","ascension_level":20}}