{"host":"c97twqu0op5dg8i4","time":1610316855,"event":{"mods":["BaseMod","Minty Spire (QoL Compilation)","Permanent Neow"],"gold_per_floor":[113,113,113,163,174,174,3,33,33,33,51,65,65,65,65,168,168,180,105,105,119,67,67,67],"floor_reached":23,"playtime":687,"items_purged":[],"score":234,"play_id":"086db119-1197-4666-b49b-4d8b17a0d678","local_time":"20210110171415","is_ascension_mode":true,"campfire_choices":[{"data":"Zap","floor":6,"key":"SMITH"},{"floor":13,"key":"REST"},{"floor":15,"key":"DIG"}],"circlet_count":0,"master_deck":["Strike_B","Strike_B","Strike_B","Defend_B","Defend_B","Defend_B","Defend_B","Zap+1","Dualcast","Gash","Ball Lightning","Ball Lightning","Cold Snap","Scrape","Conserve Battery+1","Core Surge","Beam Cell","Gash","Gash"],"relics":["Cracked Core","Toxic Egg 2","Lantern","Omamori","Shovel","Gambling Chip","StrikeDummy","Inserter"],"acts_visited":["Exordium","TheCity"],"potions_floor_usage":[18,23],"damage_taken":[{"damage":4,"enemies":"Small Slimes","floor":1,"turns":3},{"damage":0,"enemies":"2 Louse","floor":5,"turns":2},{"damage":30,"enemies":"3 Sentries","floor":8,"turns":6},{"damage":2,"enemies":"Jaw Worm","floor":11,"turns":2},{"damage":0,"enemies":"Looter","floor":12,"turns":2},{"damage":33,"enemies":"Hexaghost","floor":16,"turns":7},{"damage":1,"enemies":"3 Byrds","floor":18,"turns":3},{"damage":0,"enemies":"Chosen","floor":21,"turns":3},{"damage":24,"enemies":"Slavers","floor":23,"turns":3}],"seed_played":"-8973052924508539027","potions_obtained":[{"floor":8,"key":"LiquidMemories"},{"floor":11,"key":"Explosive Potion"},{"floor":18,"key":"BlessingOfTheForge"},{"floor":21,"key":"DistilledChaos"}],"is_trial":false,"path_per_floor":["M","?","?","T","M","R","$","E","T","$","M","M","R","?","R","B",null,"M","?","?","M","$","E"],"character_chosen":"DEFECT","items_purchased":["Cold Snap","Omamori","Gash"],"campfire_rested":1,"item_purchase_floors":[7,7,22],"current_hp_per_floor":[71,71,68,68,68,68,68,38,38,38,36,36,58,63,63,30,68,67,67,52,52,52,28,28],"gold":67,"neow_bonus":"THREE_CARDS","is_daily":false,"chose_seed":false,"campfire_upgraded":1,"win_rate":0.0,"timestamp":1610316855,"path_taken":["M","?","?","?","M","R","$","E","T","?","?","M","R","?","R","BOSS","M","?","?","M","$","E"],"items_purchased_type":["Card","Relic","Card"],"build_version":"2020-12-22","purchased_purges":0,"victory":false,"max_hp_per_floor":[75,75,75,75,75,75,75,75,75,75,75,75,75,80,80,80,80,80,80,85,85,85,85,85],"card_choices":[{"not_picked":["Steam","Undo"],"picked":"Gash","floor":0},{"not_picked":["Rip and Tear","Cold Snap"],"picked":"Ball Lightning","floor":1},{"not_picked":["Barrage","Steam+1"],"picked":"Ball Lightning","floor":5},{"not_picked":["Reprogram+1","Fusion+1"],"picked":"Scrape","floor":8},{"not_picked":["Cold Snap","Chaos+1"],"picked":"Conserve Battery+1","floor":11},{"not_picked":["Hello World","Chill+1","Barrage"],"picked":"SKIP","floor":12},{"not_picked":["Reboot+1","Amplify+1"],"picked":"Core Surge","floor":16},{"not_picked":["Steam Power+1","Sweeping Beam"],"picked":"Beam Cell","floor":18},{"not_picked":["Redo+1","Compile Driver"],"picked":"Gash","floor":21}],"player_experience":293332,"relics_obtained":[{"floor":4,"key":"Lantern"},{"floor":8,"key":"Shovel"},{"floor":9,"key":"Gambling Chip"},{"floor":15,"key":"StrikeDummy"}],"event_choices":[{"damage_healed":0,"gold_gain":0,"player_choice":"Ignored","damage_taken":0,"max_hp_gain":0,"max_hp_loss":0,"event_name":"Liars Game","floor":2,"gold_loss":0},{"damage_healed":0,"gold_gain":0,"player_choice":"Success","damage_taken":3,"relics_obtained":["Toxic Egg 2"],"max_hp_gain":0,"max_hp_loss":0,"event_name":"Scrap Ooze","floor":3,"gold_loss":0},{"damage_healed":0,"gold_gain":0,"player_choice":"Donut","damage_taken":0,"max_hp_gain":5,"max_hp_loss":0,"event_name":"Big Fish","floor":14,"gold_loss":0},{"cards_removed":["Strike_B"],"damage_healed":0,"gold_gain":0,"player_choice":"Gave Gold","damage_taken":0,"max_hp_gain":0,"max_hp_loss":0,"event_name":"Beggar","floor":19,"gold_loss":75},{"damage_healed":0,"gold_gain":0,"player_choice":"Shed Blood","damage_taken":20,"max_hp_gain":5,"max_hp_loss":0,"event_name":"Forgotten Altar","floor":20,"gold_loss":0}],"is_beta":false,"boss_relics":[{"not_picked":["SacredBark","Ectoplasm"],"picked":"Inserter"}],"items_purged_floors":[],"is_endless":false,"potions_floor_spawned":[8,11,18,21],"killed_by":"Slavers","ascension_level":5}}