{"host":"Alvar","time":1610261014,"event":{"mods":["AchievementEnabler","BaseMod","Minty Spire (QoL Compilation)","StSLib"],"gold_per_floor":[168,184,194,217,217,217,252,252,300,328,349,380,380,411,411,488,488,505,524,222,240,260,294,306,343,425,472,494,158,171,201,201,275,275,291,241,257,198,210,210,245,259,286,321,341,13,41,41,41,41,41],"floor_reached":50,"playtime":3391,"items_purged":["Strike_P","Strike_P"],"score":1830,"play_id":"7e024402-f94c-42e9-8c8f-3dd667715d4d","local_time":"20210110134334","is_ascension_mode":true,"campfire_choices":[{"data":"ReachHeaven","floor":6.0,"key":"SMITH"},{"floor":8.0,"key":"REST"},{"data":"Blasphemy","floor":13.0,"key":"SMITH"},{"data":"LikeWater","floor":15.0,"key":"SMITH"},{"floor":24.0,"key":"REST"},{"floor":32.0,"key":"REST"},{"data":"Meditate","floor":40.0,"key":"SMITH"},{"floor":49.0,"key":"RECALL"}],"circlet_count":0,"master_deck":["AscendersBane","Defend_P","Defend_P","Defend_P","Defend_P","Eruption","Vigilance","ReachHeaven+1","EmptyFist","FlurryOfBlows","Blasphemy+1","Meditate+1","CarveReality","Adaptation","LikeWater+1","LikeWater","Scrawl","CutThroughFate","Vengeance","ClearTheMind","EmptyMind","FearNoEvil","FlurryOfBlows","SpiritShield","Protect","MentalFortress","Tantrum","Wireheading","Scrawl+1","Crescendo","FlurryOfBlows","CutThroughFate","EmptyBody","MentalFortress","Weave+1","FlyingSleeves+1"],"relics":["Tiny House","Happy Flower","CloakClasp","PreservedInsect","Toy Ornithopter","Odd Mushroom","Letter Opener","Oddly Smooth Stone","SlaversCollar","Sling","MawBank","Bag of Marbles","White Beast Statue","ClockworkSouvenir","Yang","Busted Crown","Molten Egg 2","Dead Branch","Medical Kit","Smiling Mask"],"acts_visited":["Exordium","TheCity","TheBeyond"],"potions_floor_usage":[],"damage_taken":[{"damage":0.0,"enemies":"Cultist","floor":1.0,"turns":3.0},{"damage":1.0,"enemies":"2 Louse","floor":2.0,"turns":3.0},{"damage":4.0,"enemies":"Small Slimes","floor":3.0,"turns":3.0},{"damage":29.0,"enemies":"3 Sentries","floor":7.0,"turns":8.0},{"damage":0.0,"enemies":"Lagavulin","floor":10.0,"turns":2.0},{"damage":6.0,"enemies":"The Mushroom Lair","floor":11.0,"turns":4.0},{"damage":5.0,"enemies":"Gremlin Nob","floor":12.0,"turns":3.0},{"damage":0.0,"enemies":"Lagavulin","floor":14.0,"turns":3.0},{"damage":0.0,"enemies":"Slime Boss","floor":16.0,"turns":5.0},{"damage":16.0,"enemies":"2 Thieves","floor":18.0,"turns":5.0},{"damage":6.0,"enemies":"Shell Parasite","floor":19.0,"turns":4.0},{"damage":9.0,"enemies":"Centurion and Healer","floor":21.0,"turns":5.0},{"damage":12.0,"enemies":"Shelled Parasite and Fungi","floor":22.0,"turns":4.0},{"damage":4.0,"enemies":"Gremlin Leader","floor":23.0,"turns":3.0},{"damage":9.0,"enemies":"Book of Stabbing","floor":25.0,"turns":4.0},{"damage":0.0,"enemies":"Gremlin Leader","floor":27.0,"turns":2.0},{"damage":14.0,"enemies":"Snake Plant","floor":28.0,"turns":4.0},{"damage":5.0,"enemies":"Centurion and Healer","floor":30.0,"turns":7.0},{"damage":10.0,"enemies":"Slavers","floor":31.0,"turns":2.0},{"damage":0.0,"enemies":"Collector","floor":33.0,"turns":11.0},{"damage":9.0,"enemies":"3 Shapes","floor":35.0,"turns":7.0},{"damage":16.0,"enemies":"3 Darklings","floor":37.0,"turns":5.0},{"damage":0.0,"enemies":"Writhing Mass","floor":39.0,"turns":5.0},{"damage":0.0,"enemies":"Giant Head","floor":41.0,"turns":3.0},{"damage":0.0,"enemies":"Maw","floor":42.0,"turns":6.0},{"damage":0.0,"enemies":"Reptomancer","floor":44.0,"turns":4.0},{"damage":4.0,"enemies":"Transient","floor":45.0,"turns":6.0},{"damage":0.0,"enemies":"Nemesis","floor":47.0,"turns":3.0},{"damage":45,"enemies":"Awakened One","floor":50,"turns":2}],"seed_played":"-1235802530325368905","potions_obtained":[{"floor":0.0,"key":"FearPotion"},{"floor":1.0,"key":"FearPotion"},{"floor":14.0,"key":"Swift Potion"},{"floor":19.0,"key":"EntropicBrew"},{"floor":21.0,"key":"Weak Potion"},{"floor":23.0,"key":"AttackPotion"},{"floor":27.0,"key":"SpeedPotion"},{"floor":28.0,"key":"Ancient Potion"},{"floor":31.0,"key":"Dexterity Potion"},{"floor":33.0,"key":"LiquidMemories"},{"floor":45.0,"key":"Swift Potion"}],"is_trial":false,"path_per_floor":["M","M","M","T","?","R","E","R","T","E","?","E","R","E","R","B",null,"M","M","$","M","M","E","R","E","T","E","M","$","M","E","R","B",null,"M","?","M","$","M","R","E","M","T","E","M","$","E","?","R","B"],"character_chosen":"WATCHER","items_purchased":["Sling","ClearTheMind","ClockworkSouvenir","MentalFortress","FlurryOfBlows","Medical Kit","MentalFortress","Weave+1"],"campfire_rested":3,"item_purchase_floors":[20,20,29,29,38,46,46,46],"current_hp_per_floor":[66,65,61,61,54,54,25,46,46,46,40,35,35,35,35,40,65,54,48,48,39,32,28,49,40,40,45,41,41,36,31,52,52,68,59,59,43,43,43,43,43,43,43,43,39,39,39,39,39,0,0],"gold":41,"neow_bonus":"BOSS_RELIC","is_daily":false,"chose_seed":false,"campfire_upgraded":4,"win_rate":0.0,"timestamp":1610261014,"path_taken":["M","M","M","?","?","R","E","R","T","E","?","E","R","E","R","BOSS","M","M","$","M","M","E","R","E","T","E","M","$","M","E","R","BOSS","M","?","?","$","?","R","E","M","T","E","M","$","E","?","R","BOSS"],"items_purchased_type":["Relic","Card","Relic","Card","Card","Relic","Card","Card"],"build_version":"2020-12-18","purchased_purges":2,"victory":false,"max_hp_per_floor":[73,73,73,73,73,73,73,73,73,73,73,73,73,73,73,73,73,73,73,73,73,73,73,73,73,73,73,73,73,73,73,73,73,73,73,73,73,73,73,73,73,73,73,73,73,73,73,73,73,73,73],"card_choices":[{"not_picked":["ForeignInfluence","EmptyMind"],"picked":"ReachHeaven","floor":0.0},{"not_picked":["Worship","CrushJoints"],"picked":"EmptyFist","floor":1.0},{"not_picked":["PathToVictory","EmptyMind"],"picked":"FlurryOfBlows","floor":2.0},{"not_picked":["FollowUp","MentalFortress"],"picked":"Blasphemy","floor":3.0},{"not_picked":["SpiritShield","Crescendo"],"picked":"Meditate","floor":7.0},{"not_picked":["SignatureMove","Perseverance"],"picked":"CarveReality","floor":10.0},{"not_picked":["BowlingBash","FlyingSleeves"],"picked":"Adaptation","floor":11.0},{"not_picked":["Conclude","Halt"],"picked":"LikeWater","floor":12.0},{"not_picked":["DevaForm","FollowUp"],"picked":"LikeWater","floor":14.0},{"not_picked":["Wish","Establishment"],"picked":"Scrawl","floor":16.0},{"not_picked":["Study","DeceiveReality"],"picked":"CutThroughFate","floor":18.0},{"not_picked":["Indignation","FollowUp"],"picked":"Vengeance","floor":19.0},{"not_picked":["Pray+1","CutThroughFate","BattleHymn"],"picked":"SKIP","floor":21.0},{"not_picked":["SignatureMove","Sanctity"],"picked":"EmptyMind","floor":22.0},{"not_picked":["FollowUp","Crescendo"],"picked":"FearNoEvil","floor":23.0},{"not_picked":["SignatureMove","Consecrate"],"picked":"FlurryOfBlows","floor":25.0},{"not_picked":["PathToVictory","Adaptation"],"picked":"SpiritShield","floor":27.0},{"not_picked":["PathToVictory+1","Vengeance"],"picked":"Protect","floor":28.0},{"not_picked":["FlyingSleeves","Prostrate"],"picked":"Tantrum","floor":30.0},{"not_picked":["EmptyFist","Halt"],"picked":"Wireheading","floor":31.0},{"not_picked":["ConjureBlade","Devotion"],"picked":"Scrawl","floor":33.0},{"not_picked":[],"picked":"Crescendo","floor":35.0},{"not_picked":["Swivel"],"picked":"SKIP","floor":37.0},{"not_picked":[],"picked":"CutThroughFate","floor":39.0},{"not_picked":["FollowUp+1"],"picked":"SKIP","floor":41.0},{"not_picked":["BattleHymn"],"picked":"SKIP","floor":42.0},{"not_picked":["ClearTheMind"],"picked":"SKIP","floor":44.0},{"not_picked":[],"picked":"EmptyBody","floor":45.0},{"not_picked":["Prostrate"],"picked":"SKIP","floor":47.0}],"player_experience":767028,"relics_obtained":[{"floor":4.0,"key":"Happy Flower"},{"floor":7.0,"key":"CloakClasp"},{"floor":9.0,"key":"PreservedInsect"},{"floor":10.0,"key":"Toy Ornithopter"},{"floor":11.0,"key":"Odd Mushroom"},{"floor":12.0,"key":"Letter Opener"},{"floor":14.0,"key":"Oddly Smooth Stone"},{"floor":23.0,"key":"MawBank"},{"floor":25.0,"key":"Bag of Marbles"},{"floor":26.0,"key":"White Beast Statue"},{"floor":31.0,"key":"Yang"},{"floor":41.0,"key":"Molten Egg 2"},{"floor":44.0,"key":"Dead Branch"},{"floor":47.0,"key":"Smiling Mask"}],"event_choices":[{"cards_removed":["Strike_P"],"damage_healed":0.0,"max_hp_gain":0.0,"max_hp_loss":0.0,"gold_gain":0.0,"event_name":"Golden Wing","player_choice":"Card Removal","floor":5.0,"gold_loss":0.0,"damage_taken":7.0},{"damage_healed":0.0,"max_hp_gain":0.0,"max_hp_loss":0.0,"gold_gain":0.0,"event_name":"Mushrooms","player_choice":"Fought Mushrooms","floor":11.0,"gold_loss":0.0,"damage_taken":0.0},{"damage_healed":0.0,"max_hp_gain":0.0,"max_hp_loss":0.0,"gold_gain":0.0,"event_name":"Designer","player_choice":"Upgrade","floor":36.0,"gold_loss":50.0,"damage_taken":0.0,"cards_upgraded":["Scrawl"]},{"damage_healed":0.0,"max_hp_gain":0.0,"max_hp_loss":0.0,"gold_gain":0.0,"cards_transformed":["Strike_P"],"event_name":"Transmorgrifier","player_choice":"Transformed","floor":48.0,"gold_loss":0.0,"damage_taken":0.0,"cards_obtained":["FlyingSleeves"]}],"is_beta":true,"boss_relics":[{"not_picked":["Cursed Key","Runic Dome"],"picked":"SlaversCollar"},{"not_picked":["SacredBark","Astrolabe"],"picked":"Busted Crown"}],"items_purged_floors":[20,29],"is_endless":false,"potions_floor_spawned":[1,2,7,14,19,21,23,25,27,28,30,31,33,35,37,39,41,42,44,45,47],"killed_by":"Awakened One","ascension_level":19}}