{"host":"9oysz4knkucnjyyz","time":1610237730,"event":{"mods":["100% Spire Juice","2.2 Compatiblity","Act Like it!","BaseMod","Better Altar","Better Match","Better Note","Better Sensory Stone","Better Skull","Better Third Choice","BetterRewards","Displayed Cursed Tome","Downfall","Friendly Minions","Googly Eyes","GungeonMod","Hallownest","Hermit","Lobotomy","LobotomyExtend","Minty Spire (QoL Compilation)","Spicy Shops","Spire Birthday Party","StSLib","The Bug Knight","everything is the same but u backflip on backflip","slay the spire mod where everything is the same but ironclad has a cowboy hat"],"gold_per_floor":[118,136,148,158,193,218,230,241,292,292,310,330,350,350,350,446,446,464,219,144,161,176,176,176],"floor_reached":23,"playtime":1454,"items_purged":[],"score":199,"play_id":"670b964f-1b1b-4240-889a-893de6b739ae","local_time":"20210109191530","is_ascension_mode":false,"campfire_choices":[{"data":"hermit:TakeCover","floor":10,"key":"SMITH"},{"floor":15,"key":"REST"}],"circlet_count":0,"master_deck":["hermit:Strike_Hermit","hermit:Strike_Hermit","hermit:Strike_Hermit","hermit:Strike_Hermit","hermit:Defend_Hermit","hermit:Defend_Hermit","hermit:Defend_Hermit","hermit:Defend_Hermit","hermit:Snapshot","hermit:Covet","expansioncontent:PrepareCrush","hermit:FlashPowder","hermit:ShadowCloak","hermit:Deadeye","hermit:FinalCanter","hermit:TakeCover+1","hermit:Combo","hermit:Adapt","hermit:EyeOfTheStorm","hermit:DeadOrAlive","hermit:FlashPowder+1","hermit:Dive","hermit:Magnum","hermit:Purgatory"],"relics":["hermit:Momento","LetterFromLob","Toy Ornithopter","Omamori","DemoMod:Metronome","WarpedTongs","SacredBark","DemoMod:SerJunkan"],"acts_visited":["Exordium","TheCity"],"potions_floor_usage":[11,16,16,20,23],"damage_taken":[{"damage":1,"enemies":"Cultist","floor":1,"turns":3},{"damage":0,"enemies":"Small Slimes","floor":2,"turns":3},{"damage":1,"enemies":"2 Louse","floor":3,"turns":3},{"damage":9,"enemies":"Exordium Thugs","floor":4,"turns":6},{"damage":0,"enemies":"Looter","floor":5,"turns":5},{"damage":20,"enemies":"Gremlin Nob","floor":6,"turns":5},{"damage":0,"enemies":"Looter","floor":7,"turns":3},{"damage":0,"enemies":"3 Louse","floor":8,"turns":3},{"damage":8,"enemies":"Lots of Slimes","floor":11,"turns":5},{"damage":0,"enemies":"Looter","floor":12,"turns":3},{"damage":3,"enemies":"2 Fungi Beasts","floor":13,"turns":4},{"damage":12,"enemies":"Slime Boss","floor":16,"turns":5},{"damage":0,"enemies":"Spheric Guardian","floor":18,"turns":5},{"damage":0,"enemies":"2 Thieves","floor":20,"turns":5},{"damage":5,"enemies":"Centurion and Healer","floor":21,"turns":10},{"damage":53,"enemies":"3 Cultists","floor":22,"turns":7},{"damage":40,"enemies":"Gremlin Leader","floor":23,"turns":6}],"seed_played":"-4776831137414851841","potions_obtained":[{"floor":2,"key":"SkillPotion"},{"floor":3,"key":"sneckomod:MuddlingPotion"},{"floor":6,"key":"Weak Potion"},{"floor":13,"key":"Dexterity Potion"},{"floor":16,"key":"EssenceOfSteel"},{"floor":21,"key":"Swift Potion"},{"floor":22,"key":"Explosive Potion"}],"is_trial":false,"path_per_floor":["M","M","M","M","?","E","M","M","T","R","M","M","M","?","R","B",null,"M","$","M","M","M","E"],"character_chosen":"HERMIT","items_purchased":["DemoMod:SerJunkan"],"campfire_rested":1,"item_purchase_floors":[19],"current_hp_per_floor":[74,74,73,64,64,44,44,44,44,44,41,41,38,38,60,58,75,75,75,75,70,17,0,0],"gold":176,"neow_bonus":"RANDOM_COLORLESS","is_daily":false,"chose_seed":false,"campfire_upgraded":1,"win_rate":0.0,"timestamp":1610237730,"path_taken":["M","M","M","M","?","E","M","M","T","R","?","M","M","?","R","BOSS","M","$","M","M","M","E"],"items_purchased_type":["Relic"],"build_version":"2020-12-22","purchased_purges":0,"victory":false,"max_hp_per_floor":[75,75,75,75,75,75,75,75,75,75,75,75,75,75,75,75,75,75,75,75,75,75,75,75],"card_choices":[{"not_picked":["PanicButton","expansioncontent:GoopSpray"],"picked":"expansioncontent:PrepareCrush","floor":0},{"not_picked":["hermit:Maintenance","hermit:Glare"],"picked":"hermit:FlashPowder","floor":1},{"not_picked":["hermit:WideOpen","hermit:Showdown","hermit:Vantage"],"picked":"SKIP","floor":2},{"not_picked":["hermit:HoleUp","hermit:ItchyTrigger"],"picked":"hermit:ShadowCloak","floor":3},{"not_picked":["hermit:Adapt","hermit:Roulette"],"picked":"hermit:Deadeye","floor":4},{"not_picked":["hermit:CursedWeapon","hermit:NoHoldsBarred","hermit:Coalescence"],"picked":"SKIP","floor":5},{"not_picked":["hermit:CursedWeapon","hermit:NoHoldsBarred","hermit:Coalescence"],"picked":"SKIP","floor":5},{"not_picked":["hermit:Snipe","hermit:Gestalt"],"picked":"hermit:FinalCanter","floor":6},{"not_picked":["hermit:HighCaliber","hermit:Misfire"],"picked":"hermit:TakeCover","floor":7},{"not_picked":["hermit:Coalescence","hermit:HoleUp"],"picked":"hermit:Combo","floor":8},{"not_picked":["hermit:Gestalt","hermit:Spite"],"picked":"hermit:Adapt","floor":11},{"not_picked":["hermit:CursedWeapon","hermit:HighCaliber","hermit:PistolWhip"],"picked":"SKIP","floor":12},{"not_picked":["hermit:LowProfile","hermit:Roulette"],"picked":"hermit:EyeOfTheStorm","floor":13},{"not_picked":["hermit:HeroicBravado","hermit:FinalCanter"],"picked":"hermit:DeadOrAlive","floor":16},{"not_picked":["hermit:TrackingShot+1","hermit:CalledShot"],"picked":"hermit:FlashPowder+1","floor":18},{"not_picked":["hermit:Feint","hermit:LowProfile"],"picked":"hermit:Dive","floor":20},{"not_picked":["hermit:Desperado","hermit:Ricochet"],"picked":"hermit:Magnum","floor":21},{"not_picked":["hermit:TrackingShot","hermit:LowProfile"],"picked":"hermit:Purgatory","floor":22}],"player_experience":348788,"relics_obtained":[{"floor":1,"key":"LetterFromLob"},{"floor":5,"key":"Toy Ornithopter"},{"floor":6,"key":"Omamori"},{"floor":9,"key":"DemoMod:Metronome"}],"event_choices":[{"damage_healed":0,"gold_gain":0,"player_choice":"Rummage","damage_taken":0,"relics_obtained":["WarpedTongs"],"max_hp_gain":0,"max_hp_loss":0,"event_name":"Accursed Blacksmith","floor":14,"gold_loss":0,"cards_obtained":["Pain"]}],"is_beta":false,"boss_relics":[{"not_picked":["Runic Dome","Empty Cage"],"picked":"SacredBark"}],"items_purged_floors":[],"is_endless":false,"potions_floor_spawned":[2,3,6,13,16,21,22],"killed_by":"Gremlin Leader","ascension_level":0}}