{"host":"84q6nsjicadedzut","time":1610313386,"event":{"mods":["AchievementEnabler","BaseMod","Downfall","Hermit","Infinite Spire","Minty Spire (QoL Compilation)","Spicy Shops","StSLib"],"gold_per_floor":[99,118,130,142,26,41,91,104,104,104,104],"floor_reached":9,"playtime":739,"items_purged":["Regret"],"score":55,"play_id":"761f6780-545a-45e9-afe4-5136861f4cd0","local_time":"20210110141626","is_ascension_mode":false,"campfire_choices":[{"floor":1,"key":"RECALL"}],"circlet_count":0,"master_deck":["hexamod:Strike","hexamod:Strike","hexamod:Strike","hexamod:Strike","hexamod:Defend","hexamod:Defend","hexamod:Defend","hexamod:Defend","hexamod:Sear","hexamod:Float","hexamod:FastForward","hexamod:Hexaguard","hexamod:RadiantFlame","hexamod:AdvancingGuard","hexamod:FastForward","hexamod:FifthSeal","hexamod:FirstSeal"],"relics":["hexamod:SpiritBrand","Gambling Chip","Tiny Chest"],"acts_visited":["Exordium"],"potions_floor_usage":[8,9],"damage_taken":[{"damage":2,"enemies":"Jaw Worm","floor":2,"turns":3},{"damage":4,"enemies":"Cultist","floor":3,"turns":3},{"damage":2,"enemies":"Small Slimes","floor":4,"turns":3},{"damage":9,"enemies":"downfall:FleeingMerchant","floor":5,"turns":4},{"damage":10,"enemies":"Exordium Wildlife","floor":6,"turns":5},{"damage":8,"enemies":"Gremlin Gang","floor":8,"turns":5},{"damage":44,"enemies":"Gremlin Nob","floor":9,"turns":6}],"seed_played":"-5225818448653698452","potions_obtained":[{"floor":3,"key":"DistilledChaos"},{"floor":4,"key":"SmokeBomb"},{"floor":8,"key":"champ:CounterPotion"}],"is_trial":false,"path_per_floor":["R","M","M","M","$","M","T","M","E"],"character_chosen":"THE_SPIRIT","items_purchased":["hexamod:FastForward"],"campfire_rested":0,"item_purchase_floors":[5],"current_hp_per_floor":[70,68,64,62,53,43,43,35,0,0,0],"gold":104,"neow_bonus":"ONE_RARE_RELIC","is_daily":false,"chose_seed":false,"campfire_upgraded":0,"win_rate":0.0,"timestamp":1610313386,"path_taken":["R","M","M","M","$","M","T","M","E"],"items_purchased_type":["Card"],"build_version":"2020-12-22","purchased_purges":1,"victory":false,"max_hp_per_floor":[70,70,70,70,70,70,70,70,70,70,70],"card_choices":[{"not_picked":["hexamod:GhostflameBarrier","hexamod:NightmareGuise"],"picked":"hexamod:FastForward","floor":2},{"not_picked":["hexamod:ShieldOfDarkness","hexamod:SwordOfDarkness"],"picked":"hexamod:Hexaguard","floor":3},{"not_picked":["hexamod:GhostShield","hexamod:NightmareStrike"],"picked":"hexamod:RadiantFlame","floor":4},{"not_picked":["hexamod:FastForward","hexamod:CatchUp"],"picked":"hexamod:AdvancingGuard","floor":5},{"not_picked":["hexamod:BurningTouch","hexamod:PowerFromBeyond"],"picked":"hexamod:FifthSeal","floor":6},{"not_picked":["hexamod:FourthSeal","hexamod:SecondSeal"],"picked":"hexamod:FirstSeal","floor":8},{"not_picked":["hexamod:SwordOfDarkness","hexamod:ChargedBarrage","hexamod:Incineration"],"picked":"SKIP","floor":8}],"player_experience":253115,"relics_obtained":[{"floor":7,"key":"Tiny Chest"}],"event_choices":[],"is_beta":false,"boss_relics":[],"items_purged_floors":[5],"is_endless":false,"potions_floor_spawned":[3,4,8],"killed_by":"Gremlin Nob","ascension_level":0}}