{"host":"ek3xvuouaw6vk9if","time":1610318124,"event":{"mods":["BaseMod","BetterRewards","Minty Spire (QoL Compilation)","Permanent Neow","Quick Restart","Relic Stats","Replay The Spire","StSLib","The Bladedancer"],"gold_per_floor":[110,130,130,35,135,164,179,179,179,179,254,254,279,74,74,170,170,182,192,204,78,93,93,105,120,120,133,133,153,252,265,265,366,366,380,395,415,434,434,460,215,231,231,231,251,266,286,336,336,336],"floor_reached":51,"playtime":3278,"items_purged":["blademaster:Defend","blademaster:Strike"],"score":670,"play_id":"8de9aa33-7047-4b04-9352-6b9aee411058","local_time":"20210110173524","is_ascension_mode":false,"campfire_choices":[{"data":"blademaster:DeadlyDance","floor":8,"key":"SMITH"},{"data":"blademaster:AwakeningDefend","floor":10,"key":"SMITH"},{"floor":12,"key":"REST"},{"data":"Apotheosis","floor":15,"key":"SMITH"},{"data":"blademaster:Flurry","floor":23,"key":"SMITH"},{"floor":28,"key":"REST"},{"data":"blademaster:LeechingStrike","floor":32,"key":"SMITH"},{"data":"blademaster:SharpBlades","floor":44,"key":"SMITH"},{"floor":49,"key":"REST"}],"circlet_count":0,"master_deck":["blademaster:Strike","blademaster:Strike","blademaster:Strike","blademaster:Defend","blademaster:Defend","blademaster:Defend","blademaster:RagingBlow","blademaster:HighVoltage","blademaster:RagingBlow","blademaster:ThunderingOpener","blademaster:DeadlyDance+1","blademaster:Flurry+1","blademaster:AwakeningStrike","blademaster:TraverseCut","blademaster:AwakeningDefend+1","blademaster:ChargingUp+1","Apotheosis+1","blademaster:LightningDraw","blademaster:Discharge","blademaster:CombatPrep+1","blademaster:LeechingStrike+1","blademaster:Safeguard+1","blademaster:Safeguard+1","blademaster:ThreePointStrike","blademaster:LightningDraw","blademaster:Bloodbath+1","blademaster:SharpBlades+1","blademaster:Empower+1"],"relics":["blademaster:DancersAmulet","Pantograph","StrikeDummy","Replay:Bottled Steam","ReplayFunnel","Painkiller Herb","ReplayTheSpireMod:Ninjato","ReplayTheSpireMod:DimensionalGlitch","Toxic Egg 2","Happy Flower","Snack Pack","Mango"],"acts_visited":["Exordium","TheCity","TheBeyond"],"potions_floor_usage":[16,20,40,50],"damage_taken":[{"damage":2,"enemies":"Jaw Worm","floor":1,"turns":3},{"damage":0,"enemies":"Small Slimes","floor":2,"turns":3},{"damage":21,"enemies":"Lagavulin","floor":6,"turns":5},{"damage":0,"enemies":"Cultist","floor":7,"turns":2},{"damage":3,"enemies":"Gremlin Nob","floor":13,"turns":3},{"damage":29,"enemies":"Hexaghost","floor":16,"turns":4},{"damage":12,"enemies":"3 Byrds","floor":18,"turns":4},{"damage":10,"enemies":"Chosen","floor":19,"turns":2},{"damage":0,"enemies":"Shelled Parasite and Fungi","floor":20,"turns":2},{"damage":0,"enemies":"Snake Plant","floor":22,"turns":3},{"damage":0,"enemies":"Centurion and Healer","floor":24,"turns":3},{"damage":0,"enemies":"3 Cultists","floor":25,"turns":3},{"damage":10,"enemies":"Shelled Parasite and Fungi","floor":27,"turns":4},{"damage":0,"enemies":"Cultist and Chosen","floor":29,"turns":3},{"damage":0,"enemies":"Chosen and Byrds","floor":31,"turns":3},{"damage":43,"enemies":"Automaton","floor":33,"turns":7},{"damage":0,"enemies":"Orb Walker","floor":35,"turns":3},{"damage":18,"enemies":"3 Shapes","floor":36,"turns":2},{"damage":0,"enemies":"Transient","floor":37,"turns":5},{"damage":2,"enemies":"Jaw Worm Horde","floor":38,"turns":4},{"damage":13,"enemies":"Reptomancer","floor":40,"turns":4},{"damage":0,"enemies":"Sphere and 2 Shapes","floor":42,"turns":3},{"damage":3,"enemies":"3 Darklings","floor":45,"turns":3},{"damage":16,"enemies":"Spire Growth","floor":46,"turns":4},{"damage":5,"enemies":"Writhing Mass","floor":47,"turns":3},{"damage":0,"enemies":"Mind Bloom Boss Battle","floor":48,"turns":4},{"damage":10,"enemies":"Time Eater","floor":50,"turns":6}],"seed_played":"-8728551954266460458","potions_obtained":[{"floor":6,"key":"Dexterity Potion"},{"floor":7,"key":"Strength Potion"},{"floor":13,"key":"Adrenaline Potion"},{"floor":16,"key":"FairyPotion"},{"floor":20,"key":"SteroidPotion"},{"floor":45,"key":"SteroidPotion"}],"is_trial":false,"path_per_floor":["M","M","?","$","?","E","M","R","T","R","?","R","E","$","R","B",null,"?","?","?","T","?","T","?","?","T","?","T","?","?","?","T","B",null,"?","?","?","?","?","E","T","?","T","T","?","?","?","?","T","B",null],"character_chosen":"THE_BLADEMASTER","items_purchased":["blademaster:Flurry","blademaster:AwakeningStrike","blademaster:ChargingUp+1","Apotheosis","blademaster:LeechingStrike","Happy Flower"],"campfire_rested":3,"item_purchase_floors":[4,4,14,14,21,41],"current_hp_per_floor":[73,73,55,55,55,34,34,34,34,34,27,49,46,46,46,42,75,63,53,53,53,53,53,53,53,53,43,65,65,65,65,65,32,75,75,57,60,58,58,48,48,48,48,48,50,34,31,60,86,85],"gold":336,"neow_bonus":"ONE_RANDOM_RARE_CARD","is_daily":false,"chose_seed":false,"campfire_upgraded":6,"win_rate":0.0,"timestamp":1610318124,"path_taken":["M","M","?","$","?","E","?","R","T","R","?","R","E","?","R","BOSS","?","?","?","T","?","T","?","?","T","?","T","?","?","?","T","BOSS","?","?","?","?","?","E","T","?","T","T","?","?","?","?","T","BOSS"],"items_purchased_type":["Card","Card","Card","Card","Card","Relic"],"build_version":"2020-12-22","purchased_purges":2,"victory":true,"max_hp_per_floor":[75,75,75,75,75,75,75,75,75,75,75,75,75,75,75,75,75,75,75,75,75,75,75,75,75,75,75,75,75,75,75,75,75,75,75,75,75,75,75,75,75,75,75,75,75,75,75,89,89,89],"relic_stats":{"Happy Flower":[7],"counters":[27,95],"Pantograph":51,"obtain_stats":[{"ReplayFunnel":13,"ReplayTheSpireMod:Ninjato":26,"Happy Flower":41,"blademaster:StrongPerk":6,"Painkiller Herb":17,"Mango":48,"blademaster:FuryEveryTurnPerk":13,"Pantograph":3,"blademaster:LightningChargePerk":40,"Snack Pack":43,"blademaster:DancersAmulet":0,"blademaster:DextrousPerk":48,"Toxic Egg 2":40,"StrikeDummy":6,"ReplayTheSpireMod:DimensionalGlitch":34,"Replay:Bottled Steam":9},{"ReplayFunnel":5,"ReplayTheSpireMod:Ninjato":12,"Happy Flower":21,"blademaster:StrongPerk":3,"Painkiller Herb":6,"Mango":26,"blademaster:FuryEveryTurnPerk":5,"Pantograph":2,"blademaster:LightningChargePerk":21,"Snack Pack":22,"blademaster:DancersAmulet":0,"blademaster:DextrousPerk":26,"Toxic Egg 2":21,"StrikeDummy":3,"ReplayTheSpireMod:DimensionalGlitch":16,"Replay:Bottled Steam":4},{"ReplayFunnel":16,"ReplayTheSpireMod:Ninjato":37,"Happy Flower":72,"blademaster:StrongPerk":11,"Painkiller Herb":20,"Mango":89,"blademaster:FuryEveryTurnPerk":16,"Pantograph":6,"blademaster:LightningChargePerk":72,"Snack Pack":75,"blademaster:DancersAmulet":0,"blademaster:DextrousPerk":89,"Toxic Egg 2":72,"StrikeDummy":11,"ReplayTheSpireMod:DimensionalGlitch":54,"Replay:Bottled Steam":13}]},"card_choices":[{"not_picked":["blademaster:Gust","blademaster:Thrust"],"picked":"blademaster:ThunderingOpener","floor":1},{"not_picked":["blademaster:DaggerAndCloak","blademaster:Frontflip"],"picked":"blademaster:DeadlyDance","floor":2},{"not_picked":["blademaster:Havoc","blademaster:SlyStabs"],"picked":"blademaster:TraverseCut","floor":6},{"not_picked":["blademaster:CullingStrike","blademaster:Blockade"],"picked":"blademaster:AwakeningDefend","floor":7},{"not_picked":["blademaster:OneTrickPony","blademaster:Sunder","blademaster:SlyStabs"],"picked":"SKIP","floor":13},{"not_picked":["blademaster:BladeDance","blademaster:FuryOfTheElements"],"picked":"blademaster:LightningDraw","floor":16},{"not_picked":["blademaster:SlyStabs","blademaster:AncestralHealing+1"],"picked":"blademaster:Discharge","floor":18},{"not_picked":["blademaster:AspectOfWind","blademaster:KiBarrier","blademaster:AirSlash"],"picked":"SKIP","floor":19},{"not_picked":["blademaster:ParryingStrike","blademaster:CullingStrike"],"picked":"blademaster:CombatPrep","floor":20},{"not_picked":["blademaster:FuriousStrike+1","blademaster:Momentum"],"picked":"blademaster:Safeguard+1","floor":22},{"not_picked":["blademaster:AspectOfLightning","blademaster:FuriousStrike+1","blademaster:LeechingStrike+1"],"picked":"SKIP","floor":24},{"not_picked":["blademaster:AncestralHealing+1","blademaster:DragonStrike+1","blademaster:CombatPrep"],"picked":"SKIP","floor":25},{"not_picked":["blademaster:EyeOfTheStorm","blademaster:TraverseCut"],"picked":"blademaster:Safeguard+1","floor":27},{"not_picked":["blademaster:SlyStabs+1","blademaster:TraverseCut"],"picked":"blademaster:ThreePointStrike","floor":29},{"not_picked":["blademaster:Vortex","blademaster:Bloodbath","blademaster:Thrust"],"picked":"SKIP","floor":31},{"not_picked":["blademaster:RollingTyphoon","blademaster:HighVoltage"],"picked":"blademaster:LightningDraw","floor":33},{"not_picked":["blademaster:BloodyBlow+1","blademaster:AwakeningDefend+1","blademaster:ParryingStrike+1"],"picked":"SKIP","floor":35},{"not_picked":["blademaster:Blockade+1","blademaster:ParryingStrike","blademaster:Sunder"],"picked":"SKIP","floor":36},{"not_picked":["blademaster:Stormstrike","blademaster:Slice+1"],"picked":"blademaster:Bloodbath+1","floor":37},{"not_picked":["blademaster:LeechingStrike+1","blademaster:Thrust+1","blademaster:TraverseCut"],"picked":"SKIP","floor":38},{"not_picked":["blademaster:DragonStrike+1","blademaster:Cut+1","blademaster:Momentum"],"picked":"SKIP","floor":40},{"not_picked":["blademaster:FuriousStrike","blademaster:Cut"],"picked":"blademaster:SharpBlades","floor":42},{"not_picked":["blademaster:AwakeningStrike","blademaster:LeechingStrike+1","blademaster:SharpBlades+1"],"picked":"SKIP","floor":45},{"not_picked":["blademaster:Frontflip+1","blademaster:OneTrickPony+1"],"picked":"blademaster:Empower+1","floor":46},{"not_picked":["blademaster:Gust+1","blademaster:DaggerAndCloak+1","blademaster:IcyWind+1"],"picked":"SKIP","floor":47}],"player_experience":515074,"relics_obtained":[{"floor":6,"key":"StrikeDummy"},{"floor":6,"key":"blademaster:StrongPerk"},{"floor":9,"key":"Replay:Bottled Steam"},{"floor":13,"key":"ReplayFunnel"},{"floor":13,"key":"blademaster:FuryEveryTurnPerk"},{"floor":26,"key":"ReplayTheSpireMod:Ninjato"},{"floor":40,"key":"Toxic Egg 2"},{"floor":40,"key":"blademaster:LightningChargePerk"},{"floor":43,"key":"Snack Pack"},{"floor":48,"key":"Mango"},{"floor":48,"key":"blademaster:DextrousPerk"}],"event_choices":[{"damage_healed":0,"gold_gain":0,"player_choice":"Success","damage_taken":18,"relics_obtained":["Pantograph"],"max_hp_gain":0,"max_hp_loss":0,"event_name":"Scrap Ooze","floor":3,"gold_loss":0},{"damage_healed":0,"gold_gain":100,"player_choice":"Pray","damage_taken":0,"max_hp_gain":0,"max_hp_loss":0,"event_name":"Golden Shrine","floor":5,"gold_loss":0},{"damage_healed":0,"gold_gain":75,"player_choice":"Touch","damage_taken":7,"max_hp_gain":0,"max_hp_loss":0,"event_name":"FaceTrader","floor":11,"gold_loss":0},{"damage_healed":0,"gold_gain":99,"player_choice":"Stole From Cult","damage_taken":0,"max_hp_gain":0,"max_hp_loss":0,"event_name":"Nest","floor":30,"gold_loss":0},{"damage_healed":0,"gold_gain":0,"player_choice":"Upgraded","damage_taken":0,"max_hp_gain":0,"max_hp_loss":0,"event_name":"Upgrade Shrine","floor":39,"gold_loss":0,"cards_upgraded":["blademaster:CombatPrep"]},{"damage_healed":0,"gold_gain":0,"player_choice":"Fight","damage_taken":0,"max_hp_gain":0,"max_hp_loss":0,"event_name":"MindBloom","floor":48,"gold_loss":0}],"is_beta":false,"boss_relics":[{"not_picked":["Philosopher\u0027s Stone","Snecko Heart"],"picked":"Painkiller Herb"},{"not_picked":["Kintsugi","Runic Pyramid"],"picked":"ReplayTheSpireMod:DimensionalGlitch"}],"items_purged_floors":[21,41],"is_endless":false,"potions_floor_spawned":[6,7,13,16,18,19,20,25,31,33,37,45,48],"ascension_level":0}}