{"host":"2lo6hma6kymb0g9i","time":1610265422,"event":{"mods":["BaseMod","Colored Map","DeckTracker","Minty Spire (QoL Compilation)"],"gold_per_floor":[117,192,207,207,132,166,166,184,184,184,184],"floor_reached":10,"playtime":411,"items_purged":["Strike_B"],"score":99,"play_id":"0ec9654b-0456-4ed0-a4dd-4e6b88bc5c72","local_time":"20210110165702","is_ascension_mode":true,"campfire_choices":[{"data":"Sunder","floor":7.0,"key":"SMITH"}],"circlet_count":0,"master_deck":["AscendersBane","Strike_B","Strike_B","Defend_B","Defend_B","Defend_B","Defend_B","Zap","Dualcast","Rainbow","Sunder+1","Go for the Eyes","Reinforced Body"],"relics":["Cracked Core","Ornamental Fan","CeramicFish"],"acts_visited":["Exordium"],"potions_floor_usage":[10],"damage_taken":[{"damage":8.0,"enemies":"Jaw Worm","floor":1.0,"turns":4.0},{"damage":1.0,"enemies":"2 Louse","floor":3.0,"turns":2.0},{"damage":40.0,"enemies":"Lagavulin","floor":6.0,"turns":8.0},{"damage":0.0,"enemies":"Cultist","floor":8.0,"turns":2.0},{"damage":16,"enemies":"3 Sentries","floor":10,"turns":4}],"seed_played":"-8620622136539499380","potions_obtained":[{"floor":3.0,"key":"Regen Potion"},{"floor":8.0,"key":"Energy Potion"}],"is_trial":false,"path_per_floor":["M","?","M","?","$","E","R","M","T","E"],"character_chosen":"DEFECT","items_purchased":[],"campfire_rested":0,"item_purchase_floors":[],"current_hp_per_floor":[60,49,48,41,41,16,16,16,16,0,0],"gold":184,"neow_bonus":"ONE_RANDOM_RARE_CARD","is_daily":false,"chose_seed":false,"campfire_upgraded":1,"win_rate":0.0,"timestamp":1610265422,"path_taken":["M","?","M","?","?","E","R","M","T","E"],"items_purchased_type":[],"build_version":"2020-12-22","purchased_purges":1,"victory":false,"max_hp_per_floor":[75,75,75,75,75,75,75,75,75,75,75],"card_choices":[{"not_picked":["Stack","Hologram"],"picked":"Sunder","floor":1.0},{"not_picked":["Steam Power","Rip and Tear"],"picked":"Go for the Eyes","floor":3.0},{"not_picked":["Stack","Static Discharge","Creative AI"],"picked":"SKIP","floor":6.0},{"not_picked":["Hologram","Hello World"],"picked":"Reinforced Body","floor":8.0}],"player_experience":1006626,"relics_obtained":[{"floor":6.0,"key":"Ornamental Fan"},{"floor":9.0,"key":"CeramicFish"}],"event_choices":[{"damage_healed":0.0,"max_hp_gain":0.0,"max_hp_loss":0.0,"gold_gain":75.0,"event_name":"World of Goop","player_choice":"Gather Gold","floor":2.0,"gold_loss":0.0,"damage_taken":11.0},{"cards_removed":["Strike_B"],"damage_healed":0.0,"max_hp_gain":0.0,"max_hp_loss":0.0,"gold_gain":0.0,"event_name":"Golden Wing","player_choice":"Card Removal","floor":4.0,"gold_loss":0.0,"damage_taken":7.0}],"is_beta":false,"boss_relics":[],"items_purged_floors":[5],"is_endless":false,"potions_floor_spawned":[3,8],"killed_by":"3 Sentries","ascension_level":10}}