{"host":"cwd5s03r1oaxs6mx","time":1610279006,"event":{"mods":["Act Like it!","BaseMod","Better Third Choice","BetterRewards","CapriCore","Card Filter","Colored Map","Custom Start","DeckTracker","Friendly Minions","Hubris","Infinite Spire","Marisa£¨Ùöéë¡¡Øª×âÞÞ£©","Minty Spire (QoL Compilation)","Quick Restart","Relic Stats","Shop Mod","Spicy Shops","StSLib","SuperFastMode"],"gold_per_floor":[159,109,154,154,215,215,298,298,325,325,60,150,50,59,59,59,59],"floor_reached":16,"playtime":1150,"items_purged":["Strike_MRS","Strike_MRS"],"score":211,"play_id":"8d39e83c-b3ce-41f1-b06b-d3b590704c89","local_time":"20210110204326","is_ascension_mode":true,"campfire_choices":[{"data":"MagicChant","floor":6,"key":"SMITH"},{"data":"MasterSpark","floor":8,"key":"SMITH"},{"data":"infinitespire:Fortify","floor":15,"key":"SMITH"}],"circlet_count":0,"master_deck":["Strike_MRS","Defend_MRS","Defend_MRS","Defend_MRS","Defend_MRS","MasterSpark+1","UpSweep","WitchOfGreed+1","WitchOfGreed+1","MagicChant+1","AsteroidBelt","GrandCross","GrandCross","WitchOfGreed+1","OrrerysSun+1","infinitespire:Fortify+1"],"relics":["MiniHakkero","Frozen Egg 2","hubris:EmptyBottle","SimpleLauncher","hubris:Icosahedron","Art of War","Bag of Preparation","Mummified Hand","CeramicFish"],"acts_visited":["Exordium"],"potions_floor_usage":[3,5,5,7,12],"damage_taken":[{"damage":11,"enemies":"Cultist","floor":1,"turns":4},{"damage":5,"enemies":"2 Louse","floor":3,"turns":3},{"damage":4,"enemies":"Small Slimes","floor":5,"turns":4},{"damage":13,"enemies":"3 Sentries","floor":7,"turns":6},{"damage":7,"enemies":"Lagavulin","floor":12,"turns":3},{"damage":19,"enemies":"Slime Boss","floor":16,"turns":11}],"seed_played":"696433096102457180","potions_obtained":[{"floor":1,"key":"FearPotion"},{"floor":1,"key":"Strength Potion"},{"floor":3,"key":"Fire Potion"},{"floor":5,"key":"Dexterity Potion"},{"floor":7,"key":"LiquidMemories"},{"floor":12,"key":"DuplicationPotion"}],"is_trial":false,"path_per_floor":["M","?","M","?","M","R","E","R","T","?","$","E","$","?","R","B"],"character_chosen":"MARISA","items_purchased":["Frozen Egg 2","WitchOfGreed+1","hubris:EmptyBottle","WitchOfGreed+1","MagicChant","SimpleLauncher","Mummified Hand","WitchOfGreed+1"],"campfire_rested":0,"item_purchase_floors":[0,0,0,0,0,0,11,11],"current_hp_per_floor":[57,57,52,52,48,48,35,35,35,35,35,28,28,10,10,0,0],"gold":59,"neow_bonus":"","is_daily":false,"chose_seed":false,"campfire_upgraded":3,"win_rate":0.0,"timestamp":1610279006,"path_taken":["M","?","M","?","M","R","E","R","T","?","$","E","?","?","R","BOSS"],"items_purchased_type":["Relic","Card","Relic","Card","Card","Relic","Relic","Card"],"build_version":"2020-12-22","purchased_purges":2,"victory":false,"max_hp_per_floor":[75,75,75,75,75,75,75,75,75,75,75,75,75,75,75,75,75],"relic_stats":{"counters":[32,121],"Mummified Hand":[7],"CeramicFish":18,"Art of War":[5],"Bag of Preparation":[8],"obtain_stats":[{"infinitespire:BottledMercury":0,"Lantern":7,"Regal Pillow":25,"CeramicFish":12,"Bag of Preparation":53,"Whetstone":23,"hubris:EmptyBottle":0,"hubris:Icosahedron":45,"Mummified Hand":44,"infinitespire:Bottled Soul":44,"Strawberry":47,"hubris:ScarierMask":34,"SimpleLauncher":0,"Pear":53,"Oddly Smooth Stone":26,"Pen Nib":9,"hubris:Towel":3,"War Paint":54,"Frozen Egg 2":0,"ShroomBag":29,"ExperimentalFamiliar":17,"Bronze Scales":11,"hubris:PeanutButter":14,"Art of War":7,"MiniHakkero":0,"Membership Card":0,"hubris:BottledRain":41,"Meat on the Bone":43},{"infinitespire:BottledMercury":0,"Lantern":3,"Regal Pillow":15,"CeramicFish":31,"Bag of Preparation":24,"Whetstone":14,"hubris:EmptyBottle":26,"hubris:Icosahedron":22,"Mummified Hand":22,"infinitespire:Bottled Soul":22,"Strawberry":23,"hubris:ScarierMask":18,"SimpleLauncher":26,"Pear":24,"Oddly Smooth Stone":15,"Pen Nib":4,"hubris:Towel":1,"War Paint":25,"Frozen Egg 2":26,"ShroomBag":17,"ExperimentalFamiliar":9,"Bronze Scales":5,"hubris:PeanutButter":8,"Art of War":30,"MiniHakkero":0,"Membership Card":0,"hubris:BottledRain":21,"Meat on the Bone":21},{"infinitespire:BottledMercury":0,"Lantern":7,"Regal Pillow":48,"CeramicFish":110,"Bag of Preparation":84,"Whetstone":46,"hubris:EmptyBottle":90,"hubris:Icosahedron":73,"Mummified Hand":71,"infinitespire:Bottled Soul":73,"Strawberry":78,"hubris:ScarierMask":58,"SimpleLauncher":90,"Pear":84,"Oddly Smooth Stone":48,"Pen Nib":10,"hubris:Towel":2,"War Paint":87,"Frozen Egg 2":90,"ShroomBag":54,"ExperimentalFamiliar":33,"Bronze Scales":17,"hubris:PeanutButter":27,"Art of War":107,"MiniHakkero":0,"Membership Card":0,"hubris:BottledRain":70,"Meat on the Bone":70}]},"card_choices":[{"not_picked":["ShootingEcho","DoubleSpark","AsteroidBelt"],"picked":"SKIP","floor":1},{"not_picked":["OpenUniverse","BlazeAway"],"picked":"AsteroidBelt","floor":3},{"not_picked":["GasGiant","DC"],"picked":"GrandCross","floor":5},{"not_picked":["DC","LuminesStrike"],"picked":"GrandCross","floor":7},{"not_picked":["DC","LuminesStrike"],"picked":"OrrerysSun+1","floor":12},{"not_picked":["infinitespire:UltimateForm","infinitespire:Menacing"],"picked":"infinitespire:Fortify","floor":14}],"player_experience":1012195,"relics_obtained":[{"floor":7,"key":"Art of War"},{"floor":9,"key":"Bag of Preparation"},{"floor":12,"key":"CeramicFish"}],"event_choices":[{"cards_removed":["Strike_MRS"],"damage_healed":0,"gold_gain":0,"player_choice":"Card Removal","damage_taken":0,"max_hp_gain":0,"max_hp_loss":0,"event_name":"The Cleric","floor":2,"gold_loss":50}],"is_beta":false,"boss_relics":[],"items_purged_floors":[0,13],"is_endless":false,"potions_floor_spawned":[1,12],"killed_by":"Slime Boss","ascension_level":7}}