{"host":"wh0mq6pw8c8ugs2y","time":1610248570,"event":{"mods":["AchievementEnabler","BaseMod","Beaked The Cultist","BetterRewards","Conspire","Hubris","Minty Spire (QoL Compilation)","Replay The Spire","Shop Mod","Small Relic Pack","StSLib","Waifu the Spire","[IsaacMod]????","everything is the same but u backflip on backflip"],"gold_per_floor":[114,121,133,144,144,179,208,234,259,259,270,285,358,383,383,481,481,494,494,507,520,535,535,450,450,450,450,390,403,416,430,430,534,534,547,547,565,565,577,604,615,643,643,658,658,658,692,692,692,692,692,692,692,722,771],"floor_reached":56,"playtime":2839,"items_purged":["Strike_R","Strike_R","Strike_R","DoctorFetus","Defend_R","Strike_R","Strike_R","hubris:Disease","Normality","Delirium","hubris:Envy"],"score":1912,"play_id":"3b1f9352-8260-4251-8ba6-b6cf93dbcb2f","local_time":"20210109191609","is_ascension_mode":true,"campfire_choices":[{"floor":15,"key":"RECALL"},{"data":"Feed","floor":23,"key":"SMITH"},{"data":"ReplayTheSpireMod:Limb From Limb","floor":23,"key":"SMITH"},{"data":"Limit Break","floor":25,"key":"SMITH"},{"data":"Inflame","floor":25,"key":"SMITH"},{"data":"Feed","floor":32,"key":"SMITH"},{"data":"ReplayTheSpireMod:Private Reserves","floor":32,"key":"SMITH"},{"data":"Feed","floor":49,"key":"SMITH"},{"data":"Feed","floor":49,"key":"SMITH"},{"data":"Uppercut","floor":52,"key":"SMITH"},{"data":"Uppercut","floor":52,"key":"SMITH"}],"circlet_count":0,"master_deck":["Defend_R","Defend_R","Defend_R+1","Bash","Uppercut+1","Pommel Strike+1","Flex+1","Flex+1","Limit Break+1","Thunderclap+1","Limit Break+1","Shrug It Off+1","Inflame+1","Feed+1","ReplayTheSpireMod:Private Reserves+1","Feed+1","Flex+1","Feed+1","ReplayTheSpireMod:Limb From Limb+1","Defend_R","Defend_R","Defend_R+1","Bash","Uppercut+1","Pommel Strike+1","Flex+1","Flex+1","Limit Break+1","Thunderclap+1","Limit Break+1","Shrug It Off+1","Inflame+1","Feed+1","ReplayTheSpireMod:Private Reserves+1","Feed+1","Flex+1","Feed+1","ReplayTheSpireMod:Limb From Limb+1"],"relics":["Black Blood","HushsDoor","SalivaCoin","SteamSale","SteamSale","Strawberry","Brimstone","Lantern","PreservedInsect","King of Hearts","HowToJump","Replay:Ringing Soul","MerchantsRug","Red Skull","Garlic","Replay:Bottled Eggs","Chaos","Cursed Key","War Paint","ReplayTheSpireMod:Shallot","Calipers","Bottled Flame","NineLifeCat","Runic Capacitor","hubris:SphereOfDissonance","hubris:FunFungus","DataDisk","Ice Cream","Gremlin Horn","relicPack:DarknessArmor","Counterbalance","Busted Crown","hubris:Backtick","Symbiotic Virus","Lee\u0027s Waffle","Carrot","Symbiotic Virus","hubris:Zylophone","Replay:Antivirus Software","hubris:IronBody","Mummified Hand","RottenBaby","Meat on the Bone","Potion Belt","hubris:MysteriousPyramids","HandDrill","Replay:Baseball","conspire:SlowCooker","CaptainsWheel","Replay:Arrowhead","Lizard Tail","WingedGreaves","Vajra","Oddly Smooth Stone","Anchor","hubris:ScarierMask","Pear","hubris:64BitClover","conspire:GiftBox","beaked:SacredDeck","hubris:HerbalPaste","Runic Pyramid","MagicMushroom","Frozen Egg 2","Happy Flower","Eternal Feather","Membership Card","conspire:SpecialSausage","hubris:EmptyBottle","hubris:TenFootPole"],"acts_visited":["Exordium","TheCity","TheBeyond","TheEnding"],"potions_floor_usage":[47],"damage_taken":[{"damage":0,"enemies":"Jaw Worm","floor":1,"turns":1},{"damage":0,"enemies":"Cultist","floor":3,"turns":1},{"damage":0,"enemies":"Small Slimes","floor":4,"turns":1},{"damage":0,"enemies":"Gremlin Nob","floor":6,"turns":1},{"damage":0,"enemies":"3 Sentries","floor":7,"turns":1},{"damage":0,"enemies":"Gremlin Nob","floor":8,"turns":1},{"damage":0,"enemies":"2 Fungi Beasts","floor":11,"turns":2},{"damage":0,"enemies":"Gremlin Gang","floor":12,"turns":1},{"damage":0,"enemies":"Lagavulin","floor":14,"turns":2},{"damage":0,"enemies":"Fading Forest","floor":16,"turns":3},{"damage":0,"enemies":"Chosen","floor":18,"turns":1},{"damage":0,"enemies":"2 Thieves","floor":20,"turns":1},{"damage":0,"enemies":"3 Cultists","floor":21,"turns":2},{"damage":0,"enemies":"Centurion and Healer","floor":22,"turns":1},{"damage":0,"enemies":"Chosen and Byrds","floor":29,"turns":2},{"damage":0,"enemies":"Snake Plant","floor":30,"turns":1},{"damage":0,"enemies":"Snecko","floor":31,"turns":2},{"damage":4,"enemies":"hubris:MusketHawk","floor":33,"turns":2},{"damage":0,"enemies":"Orb Walker","floor":35,"turns":1},{"damage":0,"enemies":"3 Shapes","floor":37,"turns":2},{"damage":0,"enemies":"3 Darklings","floor":39,"turns":2},{"damage":0,"enemies":"R_Hoarder","floor":40,"turns":2},{"damage":0,"enemies":"Transient","floor":41,"turns":4},{"damage":0,"enemies":"Giant Head","floor":42,"turns":3},{"damage":0,"enemies":"Maw","floor":44,"turns":2},{"damage":0,"enemies":"R_Hoarder","floor":47,"turns":2},{"damage":0,"enemies":"Donu and Deca","floor":50,"turns":3},{"damage":0,"enemies":"Shield and Spear","floor":54,"turns":2},{"damage":0,"enemies":"Delirium","floor":55,"turns":13}],"seed_played":"-7471712668468869611","potions_obtained":[{"floor":3,"key":"Swift Potion"},{"floor":4,"key":"Explosive Potion"},{"floor":6,"key":"Strength Potion"},{"floor":11,"key":"DistilledChaos"}],"is_trial":false,"path_per_floor":["M","?","M","M","$","E","E","E","T","$","M","M","T","E","R","B",null,"M","$","M","M","M","R","?","R","T","$","?","M","M","M","R","B",null,"M","?","M","$","M","E","M","E","T","M","?","$","E","?","R","B",null,"R","$","E","B",null],"character_chosen":"IRONCLAD","items_purchased":["Diplopia","SteamSale","Strawberry","Brimstone","Uppercut","Lantern","PreservedInsect","King of Hearts","HowToJump","Replay:Ringing Soul","Pommel Strike+1","Flex","MerchantsRug","Red Skull","Limit Break","Thunderclap+1","Garlic","Replay:Bottled Eggs","Limit Break+1","Chaos","Cursed Key","Shrug It Off","Inflame","War Paint","ReplayTheSpireMod:Shallot","Calipers","Bottled Flame","NineLifeCat","Runic Capacitor","hubris:SphereOfDissonance","hubris:FunFungus","DataDisk","Ice Cream","Gremlin Horn","relicPack:DarknessArmor","Counterbalance","Busted Crown","hubris:Backtick","Lee\u0027s Waffle","Carrot","Symbiotic Virus","hubris:Zylophone","Replay:Antivirus Software","hubris:IronBody","Mummified Hand","RottenBaby","Meat on the Bone","Potion Belt","hubris:MysteriousPyramids","HandDrill","Replay:Baseball","conspire:SlowCooker","CaptainsWheel","Replay:Arrowhead","Lizard Tail","WingedGreaves","Vajra","Oddly Smooth Stone","Anchor","hubris:ScarierMask","Pear","hubris:64BitClover","conspire:GiftBox","beaked:SacredDeck","ReplayTheSpireMod:Private Reserves","Feed","hubris:HerbalPaste","Energy Potion","MagicMushroom","ReplayTheSpireMod:Limb From Limb","Membership Card","hubris:EmptyBottle","hubris:TenFootPole"],"campfire_rested":0,"item_purchase_floors":[0,0,0,0,0,0,0,0,0,0,0,0,0,0,0,0,0,0,0,0,0,0,0,0,0,0,0,0,0,0,0,0,0,0,0,0,0,0,0,0,0,0,0,0,0,0,0,0,0,0,0,0,0,0,0,0,0,0,0,0,0,0,0,0,0,0,5,5,10,17,27,46,53],"current_hp_per_floor":[43,28,37,46,46,52,52,55,58,65,68,74,77,83,83,89,84,87,87,90,96,96,96,96,96,99,99,99,102,105,109,109,113,113,117,111,111,111,114,118,122,126,129,133,133,133,137,140,140,148,148,148,148,152,152],"gold":771,"neow_bonus":"","is_daily":false,"chose_seed":false,"campfire_upgraded":10,"win_rate":0.0,"timestamp":1610248569,"path_taken":["M","?","?","M","$","E","E","E","T","$","M","M","?","E","R","BOSS","M","$","?","M","M","R","?","R","T","$","?","M","?","M","R","BOSS","M","?","M","$","M","E","M","E","T","M","?","$","E","?","R","BOSS","R","$","E","BOSS"],"items_purchased_type":["Relic","Relic","Relic","Relic","Card","Relic","Relic","Relic","Relic","Relic","Card","Card","Relic","Relic","Card","Card","Relic","Relic","Card","Card","Relic","Card","Card","Relic","Relic","Relic","Relic","Relic","Relic","Relic","Relic","Relic","Relic","Relic","Relic","Relic","Relic","Relic","Relic","Relic","Relic","Relic","Relic","Relic","Relic","Relic","Relic","Relic","Relic","Relic","Relic","Relic","Relic","Relic","Relic","Relic","Relic","Relic","Relic","Relic","Relic","Relic","Relic","Relic","Card","Card","Relic","Potion","Relic","Card","Relic","Relic","Relic"],"build_version":"2020-12-22","purchased_purges":11,"victory":true,"max_hp_per_floor":[43,43,46,49,49,52,52,55,58,65,68,74,77,83,83,89,84,87,87,90,96,96,96,96,96,99,99,99,102,105,109,109,113,113,117,111,111,111,114,118,122,126,129,133,133,133,137,140,140,148,148,148,148,152,152],"card_choices":[{"not_picked":[],"picked":"DoctorFetus","floor":0},{"not_picked":["Body Slam"],"picked":"SKIP","floor":1},{"not_picked":["True Grit"],"picked":"SKIP","floor":3},{"not_picked":["Body Slam"],"picked":"SKIP","floor":4},{"not_picked":["Juggernaut"],"picked":"SKIP","floor":6},{"not_picked":["Fire Breathing"],"picked":"SKIP","floor":7},{"not_picked":["Bomb"],"picked":"SKIP","floor":8},{"not_picked":["ReplayTheSpireMod:Stacked"],"picked":"SKIP","floor":11},{"not_picked":["Heavy Blade"],"picked":"SKIP","floor":12},{"not_picked":[],"picked":"Flex","floor":14},{"not_picked":[],"picked":"Feed","floor":16},{"not_picked":["Perfected Strike"],"picked":"SKIP","floor":18},{"not_picked":["Clash"],"picked":"SKIP","floor":20},{"not_picked":["Flex"],"picked":"SKIP","floor":21},{"not_picked":["Shrug It Off+1"],"picked":"SKIP","floor":22},{"not_picked":["Havoc"],"picked":"SKIP","floor":29},{"not_picked":["Shockwave"],"picked":"SKIP","floor":30},{"not_picked":["Whirlwind"],"picked":"SKIP","floor":31},{"not_picked":["Thunderclap+1"],"picked":"SKIP","floor":35},{"not_picked":["Clash+1"],"picked":"SKIP","floor":37},{"not_picked":["Replay:Undeath\u0027s Touch+1"],"picked":"SKIP","floor":39},{"not_picked":["True Grit"],"picked":"SKIP","floor":40},{"not_picked":["Run Through"],"picked":"SKIP","floor":41},{"not_picked":["Shrug It Off"],"picked":"SKIP","floor":42},{"not_picked":["Juggernaut+1"],"picked":"SKIP","floor":44},{"not_picked":["Ghostly Armor"],"picked":"SKIP","floor":47},{"not_picked":["Warcry"],"picked":"SKIP","floor":54}],"player_experience":549670,"relics_obtained":[{"floor":8,"key":"Runic Pyramid"},{"floor":13,"key":"Frozen Egg 2"},{"floor":43,"key":"conspire:SpecialSausage"}],"event_choices":[{"damage_healed":0,"gold_gain":0,"player_choice":"Obtained Relic","damage_taken":0,"relics_obtained":["Eternal Feather"],"max_hp_gain":0,"max_hp_loss":0,"event_name":"Addict","floor":24,"gold_loss":85},{"damage_healed":0,"gold_gain":0,"player_choice":"Max HP","damage_taken":0,"max_hp_gain":0,"max_hp_loss":6,"event_name":"Winding Halls","floor":36,"gold_loss":0}],"is_beta":false,"boss_relics":[{"not_picked":["StrikeDummy","Art of War"],"picked":"Happy Flower"},{"not_picked":[]},{"not_picked":["HornCleat","BookOfRevelations"],"picked":"Black Blood"},{"not_picked":[]}],"items_purged_floors":[0,0,0,0,0,0,0,10,17,27,46],"is_endless":false,"potions_floor_spawned":[3,4,6,11,20,21,29,30,35,42,44],"ascension_level":1}}