{"host":"2t5wqx5om8wmj2wi","time":1610285872,"event":{"mods":["2.2 Compatiblity","Abigail Mod","Act Like it!","Arknights The Spire","Aspiration","BaseMod","Better-Laid Plans","Conspire","Downfall","Friendly Minions","Gensokyo","Kiyohime¡]²M®V¡^","Marisa¡]Ãú«B¡@Å]²z¨F¡^","Minty Spire (QoL Compilation)","MostiFishMod","Pale of the Ancients","Prisma Mod","Rare Cards Sparkle","Remilia¡]Á¢¦Ì²ú?¡^","Replay The Spire","RumiaBox-ÅS¦Ì?ªº¯«¯µ²°¤l","StSLib","The Animator","Yuri Mod","Yuyuko","¡i?ª«¥dµP¡jREMEMod"],"gold_per_floor":[113,130,130,130,130,130,130,158,158,11,11,46,57,8,8,106,106,118,135,135,0,12,12,12,12,12,28,43,60,60,77,77,182,182,195,105,105,121,131,159,159,169,251,30,68,84,84,2,2,2,17,34,34,110,110,126,126,126,126,126],"floor_reached":61,"playtime":2801,"items_purged":["Strike_G"],"score":1636,"play_id":"f8f7af38-3a61-48db-96cc-214ad212780a","local_time":"20210110213752","is_ascension_mode":false,"campfire_choices":[{"data":"Hidden Blade","floor":6.0,"key":"SMITH"},{"data":"After Image","floor":23.0,"key":"SMITH"},{"data":"MostiFishMod:Dislodge","floor":25.0,"key":"SMITH"},{"data":"conspire:DoublingDagger","floor":30.0,"key":"SMITH"},{"data":"REME_SpectralBlade","floor":32.0,"key":"SMITH"},{"data":"MostiFishMod:WinterMarkForm","floor":41.0,"key":"SMITH"},{"floor":49.0,"key":"DIG"},{"data":"Adrenaline","floor":55.0,"key":"SMITH"},{"data":"Gensokyo:PrivateSquare","floor":57,"key":"SMITH"}],"circlet_count":0,"master_deck":["Strike_G","Strike_G+1","Defend_G","Defend_G","Defend_G","Defend_G","Defend_G","Neutralize","Hidden Blade+1","Backflip","MostiFishMod:Confrontation","MostiFishMod:Dislodge+1","Acrobatics","Terror","MostiFishMod:Wind","Cloak And Dagger","REME_SpectralBlade+1","After Image+1","Finisher","Blade Dance+1","Dagger Throw","Deflect","Cloak And Dagger","conspire:DoublingDagger+1","conspire:PoisonWeapons","MostiFishMod:LethalBlade","MostiFishMod:FrostNova","MostiFishMod:WinterMarkForm+1","Dagger Throw+1","Gensokyo:CustomPotion","Deflect+1","sneckomod:Restock","Adrenaline+1","Escape Plan","ReplayTheSpireMod:The Works","Acrobatics","ReplayTheSpireMod:Scrap Shanks+1","Gensokyo:PrivateSquare+1","Pride","Concentrate+1","Dagger Throw+1","Deflect"],"relics":["Ring of the Snake","DaveBox","REME_ComplimentaryCards","NeowsBlessing","SynthV:TestCard","MagicDraw1","MoreBug","Gensokyo:Justice","ReplayTheSpireMod:Shallot","conspire:GiftBox","Nunchaku","GodSword6","conspire:SpecialSausage","SSSystem","conspire:Boomerang","FrostBlade","Tingsha","CaptainsWheel","Golden Egg","aspiration:Lifesprig","Replay:Towering Pillar of Hats","Dead Branch","paleoftheancients:Timepiece","Ice Cream","Letter Opener","paleoftheancients:SoulOfTheWatcher","GodSword3","LastBattle"],"acts_visited":["Gensokyo:Gensokyo","Gensokyo:Gensokyoer","Gensokyo:Gensokyoest","paleoftheancients:PaleOfTheAncients"],"potions_floor_usage":[],"damage_taken":[{"damage":0.0,"enemies":"Gensokyo:Gryphon","floor":1.0,"turns":1.0},{"damage":0.0,"enemies":"Gensokyo:3_Fairies","floor":2.0,"turns":1.0},{"damage":0.0,"enemies":"Gensokyo:Aya","floor":8.0,"turns":1.0},{"damage":5.0,"enemies":"Gensokyo:Mamizou","floor":12.0,"turns":8.0},{"damage":1.0,"enemies":"Gensokyo:2_Kodama","floor":13.0,"turns":3.0},{"damage":30.0,"enemies":"Gensokyo:Yukari","floor":16.0,"turns":9.0},{"damage":5.0,"enemies":"Gensokyo:AngelMirror","floor":18.0,"turns":5.0},{"damage":0.0,"enemies":"Gensokyo:2_Gloops","floor":19.0,"turns":5.0},{"damage":1.0,"enemies":"Gensokyo:Slime_Group","floor":22.0,"turns":4.0},{"damage":0.0,"enemies":"Gensokyo:Monolith_and_Dog","floor":27.0,"turns":4.0},{"damage":2.0,"enemies":"Gensokyo:Wraith","floor":28.0,"turns":4.0},{"damage":0.0,"enemies":"Gensokyo:Slime_Group","floor":29.0,"turns":4.0},{"damage":16.0,"enemies":"Gensokyo:3_Gloops","floor":31.0,"turns":6.0},{"damage":0.0,"enemies":"Gensokyo:Eiki","floor":33.0,"turns":6.0},{"damage":0.0,"enemies":"Gensokyo:AncientGuardian","floor":35.0,"turns":4.0},{"damage":0.0,"enemies":"Gensokyo:3_Boulders","floor":38.0,"turns":3.0},{"damage":0.0,"enemies":"Gensokyo:4_Bats","floor":39.0,"turns":2.0},{"damage":3.0,"enemies":"Gensokyo:Kasen","floor":40.0,"turns":4.0},{"damage":0.0,"enemies":"Gensokyo:Rafflesia","floor":42.0,"turns":3.0},{"damage":6.0,"enemies":"conspire:MimicChest","floor":45.0,"turns":7.0},{"damage":0.0,"enemies":"Gensokyo:Dusk_and_Dawn","floor":46.0,"turns":2.0},{"damage":4.0,"enemies":"Gensokyo:Scarlet_Devils","floor":50.0,"turns":5.0},{"damage":0.0,"enemies":"Gensokyo:Scarlet_Devils","floor":51.0,"turns":3.0},{"damage":0.0,"enemies":"Gensokyo:Scarlet_Devils","floor":52.0,"turns":2.0},{"damage":0,"enemies":"Gensokyo:Scarlet_Devils","floor":56,"turns":6},{"damage":0,"enemies":"paleoftheancients:N","floor":60,"turns":2}],"seed_played":"-7961632822521035343","potions_obtained":[{"floor":2.0,"key":"Reflective Coating"},{"floor":13.0,"key":"Elixir"},{"floor":19.0,"key":"Fire Potion"},{"floor":22.0,"key":"Guardian:BlockOnCardUsePotion"},{"floor":29.0,"key":"Adrenaline Potion"},{"floor":33.0,"key":"champ:CounterPotion"},{"floor":35.0,"key":"Poison Potion"},{"floor":39.0,"key":"PowerPotion"},{"floor":42.0,"key":"Reflective Coating"},{"floor":51.0,"key":"Languid Potion"}],"is_trial":false,"path_per_floor":["M","M","?","T","?","R","?","E","T","$","?","E","M","COS","R","B",null,"M","M","?","?","M","R","?","R","T","M","M","M","R","M","R","B",null,"M","?","?","M","M","E","R","M","T","$","?","M","?","$","R","B","M","M","?","T","R","M","R","T","?","B",null],"character_chosen":"THE_SILENT","items_purchased":["Nunchaku","aspiration:Lifesprig","Concentrate"],"campfire_rested":0,"item_purchase_floors":[10,44,48],"current_hp_per_floor":[70,70,56,56,56,56,56,56,56,56,56,55,56,56,56,46,70,65,66,66,66,66,66,66,66,66,66,68,68,68,55,55,55,70,70,70,42,42,42,45,45,45,45,45,52,52,52,52,52,70,70,70,70,70,70,70,70,70,70,70],"gold":126,"neow_bonus":"THREE_ENEMY_KILL","is_daily":false,"chose_seed":false,"campfire_upgraded":8,"win_rate":0.0,"timestamp":1610285872,"path_taken":["M","M","?","?","?","R","?","E","T","$","?","E","M","COS","R","BOSS","M","M","?","?","?","R","?","R","T","?","M","M","R","M","R","BOSS","M","?","?","?","M","E","R","M","T","?","?","M","?","$","R","BOSS","M","M","?","T","R","M","R","T","?","BOSS"],"items_purchased_type":["Relic","Relic","Card"],"build_version":"2020-12-22","purchased_purges":1,"victory":true,"max_hp_per_floor":[70,70,70,70,70,70,70,70,70,70,70,70,70,70,70,70,70,70,70,70,70,70,70,70,70,70,70,70,70,70,70,70,70,70,70,70,70,70,70,70,70,70,70,70,70,70,70,70,70,70,70,70,70,70,70,70,70,70,70,70],"card_choices":[{"not_picked":["Flying Knee","Quick Slash"],"picked":"Hidden Blade","floor":1.0},{"not_picked":["Bane","PiercingWail","Quick Slash","Venomology"],"picked":"Backflip","floor":2.0},{"not_picked":["Accuracy","Heel Hook","Infinite Blades","Replay:Poison Smokescreen"],"picked":"MostiFishMod:Confrontation","floor":8.0},{"not_picked":["A Thousand Cuts","Die Die Die"],"picked":"MostiFishMod:Dislodge","floor":9.0},{"not_picked":["All Out Attack","Quick Slash","PiercingWail","Dash"],"picked":"Acrobatics","floor":11.0},{"not_picked":["Choke","Fluid Movement","Deadly Poison","Sucker Punch"],"picked":"Terror","floor":11.0},{"not_picked":["Dodge and Roll","Toxin Wave","Crippling Poison","Grand Finale"],"picked":"MostiFishMod:Wind","floor":12.0},{"not_picked":["Dodge and Roll","Riddle With Holes","Blade Dance","Escape Plan"],"picked":"Cloak And Dagger","floor":13.0},{"not_picked":["A Thousand Cuts","Night Terror","MostiFishMod:FullyArmed","Atom Bomb"],"picked":"After Image","floor":16.0},{"not_picked":["Catalyst","Quick Slash","Hidden Blade","Prepared"],"picked":"Finisher","floor":18.0},{"not_picked":["ReplayTheSpireMod:Exploit Weakness","Deadly Poison","Skewer+1","Poisoned Stab"],"picked":"Blade Dance","floor":19.0},{"not_picked":["Quick Slash","MostiFishMod:PoisonShield+1","Bane","Dagger Spray"],"picked":"Dagger Throw","floor":22.0},{"not_picked":["Poisoned Stab","PiercingWail","Backflip+1","Dagger Spray+1"],"picked":"Deflect","floor":27.0},{"not_picked":["Catalyst","Fluid Movement","Backflip","Outmaneuver+1"],"picked":"Cloak And Dagger","floor":28.0},{"not_picked":["Sucker Punch","Slice+1","Hidden Blade","aspiration:Lunge"],"picked":"conspire:DoublingDagger","floor":29.0},{"not_picked":["Blade Dance","Hidden Blade","Quick Slash","Dodge and Roll"],"picked":"conspire:PoisonWeapons","floor":31.0},{"not_picked":["Corpse Explosion","After Image","Atom Bomb","Venomology"],"picked":"MostiFishMod:LethalBlade","floor":33.0},{"not_picked":["Deadly Poison+1","Dash+1","Flying Knee+1","Well Laid Plans+1"],"picked":"Dagger Throw+1","floor":35.0},{"not_picked":["Poisoned Stab+1","Choke+1","Eviscerate+1","Backflip"],"picked":"Deflect+1","floor":38.0},{"not_picked":["Hidden Blade+1","MostiFishMod:PoisonShield+1","Caltrops","Masterful Stab"],"picked":"Adrenaline","floor":39.0},{"not_picked":["Crippling Poison+1","MostiFishMod:ThornCasing","PiercingWail","Bane+1"],"picked":"Escape Plan","floor":40.0},{"not_picked":["PiercingWail+1","Dagger Spray+1","Cloak And Dagger+1","Poisoned Stab"],"picked":"ReplayTheSpireMod:The Works","floor":42.0},{"not_picked":["MostiFishMod:PerfectParry","REME_ShadowForm","MostiFishMod:PreservedThorns","Blur+1"],"picked":"Acrobatics","floor":45.0},{"not_picked":["Quick Slash","Dodge and Roll","MostiFishMod:PerfectParry+1","Deflect+1"],"picked":"ReplayTheSpireMod:Scrap Shanks+1","floor":46.0},{"not_picked":["Sucker Punch+1","Deadly Poison+1","Setup","Blade Dance"],"picked":"Dagger Throw+1","floor":51.0},{"not_picked":["Slice","Leg Sweep+1","Underhanded Strike","Dodge and Roll","MostiFishMod:PoisonShield"],"picked":"SKIP","floor":52.0},{"not_picked":["Cloak And Dagger+1","Finisher","Bane+1","REME_ShadowStrike+1"],"picked":"Deflect","floor":56}],"player_experience":277041,"relics_obtained":[{"floor":1.0,"key":"SynthV:TestCard"},{"floor":4.0,"key":"MoreBug"},{"floor":8.0,"key":"ReplayTheSpireMod:Shallot"},{"floor":9.0,"key":"conspire:GiftBox"},{"floor":12.0,"key":"GodSword6"},{"floor":26.0,"key":"conspire:Boomerang"},{"floor":40.0,"key":"CaptainsWheel"},{"floor":43.0,"key":"Golden Egg"},{"floor":45.0,"key":"Replay:Towering Pillar of Hats"},{"floor":49.0,"key":"Dead Branch"},{"floor":52.0,"key":"paleoftheancients:SoulOfTheWatcher"},{"floor":54.0,"key":"GodSword3"},{"floor":58,"key":"LastBattle"}],"event_choices":[],"is_beta":false,"boss_relics":[{"not_picked":["Snecko Scales","MoonlightInvasionPlan"],"picked":"conspire:SpecialSausage"},{"not_picked":["MostiFishMod:Hod","Replay:Drink Me"],"picked":"FrostBlade"}],"items_purged_floors":[44],"is_endless":false,"potions_floor_spawned":[2,13,19,22,29,33,35,39,42,45,51],"ascension_level":0}}