{"host":"rjbqai8ni6dsiu37","time":1610320305,"event":{"mods":["BaseMod","Minty Spire (QoL Compilation)","StSLib","The Hierophant","WarShipGirlsR/??á´Ò³R mod"],"gold_per_floor":[115,190,190,202,202,233,258,258,258,276,238,272,288,303,303,406,456,476,121,131,141,155,186,203,203,203],"floor_reached":25,"playtime":1418,"items_purged":["rmod:strick"],"score":371,"play_id":"afb6d849-e80b-4b5b-af2b-97ff01439723","local_time":"20210111081145","is_ascension_mode":true,"campfire_choices":[{"data":"rmod:aviationdawn","floor":8.0,"key":"SMITH"},{"data":"rmod:ridicule","floor":15.0,"key":"SMITH"}],"circlet_count":0,"master_deck":["rmod:strick","rmod:strick","rmod:strick","rmod:defend","rmod:defend","rmod:defend","rmod:defend","rmod:basicallowance","rmod:maingunfire","rmod:aviationdawn+1","rmod:stealaluminum","rmod:supportescort+1","rmod:ridicule+1","rmod:wasp","rmod:mineteam","rmod:expeditionaryescort","rmod:robin","rmod:intelligenceanalysis+1","Flash of Steel+1","rmod:victimresponsibility+1","rmod:openingtorpedo+1","rmod:advancebysurprise"],"relics":["rmod:firstchargereward","NeowsBlessing","Pen Nib","Juzu Bracelet","Odd Mushroom","Molten Egg 2","Calipers","Tiny House","MealTicket","Centennial Puzzle"],"acts_visited":["Exordium","TheCity"],"potions_floor_usage":[],"damage_taken":[{"damage":0.0,"enemies":"Jaw Worm","floor":1.0,"turns":1.0},{"damage":0.0,"enemies":"2 Louse","floor":4.0,"turns":1.0},{"damage":0.0,"enemies":"Gremlin Nob","floor":6.0,"turns":1.0},{"damage":4.0,"enemies":"The Mushroom Lair","floor":7.0,"turns":4.0},{"damage":0.0,"enemies":"Cultist","floor":10.0,"turns":3.0},{"damage":0.0,"enemies":"Lagavulin","floor":12.0,"turns":5.0},{"damage":12.0,"enemies":"Exordium Thugs","floor":13.0,"turns":3.0},{"damage":0.0,"enemies":"Large Slime","floor":14.0,"turns":4.0},{"damage":2.0,"enemies":"Slime Boss","floor":16.0,"turns":7.0},{"damage":12.0,"enemies":"Spheric Guardian","floor":18.0,"turns":4.0},{"damage":5.0,"enemies":"2 Thieves","floor":20.0,"turns":4.0},{"damage":10.0,"enemies":"Snake Plant","floor":21.0,"turns":3.0},{"damage":2.0,"enemies":"Snecko","floor":22.0,"turns":4.0},{"damage":12.0,"enemies":"Slavers","floor":23.0,"turns":3.0},{"damage":3.0,"enemies":"Centurion and Healer","floor":24.0,"turns":2.0},{"damage":27,"enemies":"Book of Stabbing","floor":25,"turns":4}],"seed_played":"8130813815650204534","potions_obtained":[{"floor":4.0,"key":"Energy Potion"},{"floor":6.0,"key":"EntropicBrew"},{"floor":10.0,"key":"SkillPotion"},{"floor":14.0,"key":"Weak Potion"},{"floor":17.0,"key":"Swift Potion"},{"floor":18.0,"key":"Block Potion"},{"floor":22.0,"key":"Explosive Potion"},{"floor":23.0,"key":"Energy Potion"}],"is_trial":false,"path_per_floor":["M","?","?","M","T","E","?","R","T","M","$","E","M","M","R","B",null,"M","$","M","M","M","E","M","E"],"character_chosen":"PRAEFECT","items_purchased":["rmod:wasp","MealTicket","rmod:intelligenceanalysis+1","Flash of Steel+1"],"campfire_rested":0,"item_purchase_floors":[11,19,19,19],"current_hp_per_floor":[68,57,57,57,57,57,53,53,53,53,53,53,41,41,41,39,71,59,59,54,44,42,30,27,0,0],"gold":203,"neow_bonus":"THREE_ENEMY_KILL","is_daily":false,"chose_seed":false,"campfire_upgraded":2,"win_rate":0.0,"timestamp":1610320305,"path_taken":["M","?","?","?","?","E","?","R","T","M","?","E","M","M","R","BOSS","M","$","M","M","M","E","M","E"],"items_purchased_type":["Card","Relic","Card","Card"],"build_version":"2020-12-22","purchased_purges":1,"victory":false,"max_hp_per_floor":[75,75,75,75,75,75,75,75,75,75,75,75,75,75,75,75,80,80,80,80,80,80,80,80,80,80],"card_choices":[{"not_picked":["rmod:gendarmerie","rmod:luckystar"],"picked":"rmod:aviationdawn","floor":1.0},{"not_picked":["rmod:luckystar","rmod:garrisonisland","rmod:steelsupply"],"picked":"SKIP","floor":4.0},{"not_picked":["rmod:highspeedshooting","rmod:spoils"],"picked":"rmod:stealaluminum","floor":6.0},{"not_picked":["rmod:fletcherpendant","rmod:shuttlebombing"],"picked":"rmod:supportescort","floor":7.0},{"not_picked":["rmod:victimresponsibility","rmod:tearstotiara+1"],"picked":"rmod:ridicule","floor":10.0},{"not_picked":["rmod:overbreakdown","rmod:supportescort"],"picked":"rmod:mineteam","floor":12.0},{"not_picked":["rmod:unsinkable","rmod:punchline","rmod:overbreakdown"],"picked":"SKIP","floor":13.0},{"not_picked":["rmod:fuelsupply","rmod:firesupport+1","rmod:ammunitionsupply"],"picked":"SKIP","floor":14.0},{"not_picked":["rmod:highspeedmaneuver","rmod:timeschanged+1"],"picked":"rmod:expeditionaryescort","floor":16.0},{"not_picked":["rmod:tearstotiara+1","rmod:firesupport+1"],"picked":"rmod:robin","floor":17.0},{"not_picked":["rmod:highspeedshooting+1","rmod:firesupport+1","rmod:circuitoustactics"],"picked":"SKIP","floor":18.0},{"not_picked":["rmod:shuttlebombing","rmod:sl","rmod:aggressivemary+1"],"picked":"SKIP","floor":20.0},{"not_picked":["rmod:robin","rmod:aluminumsupply"],"picked":"rmod:victimresponsibility+1","floor":21.0},{"not_picked":["rmod:tearstotiara+1","rmod:intelligenceanalysis+1"],"picked":"rmod:openingtorpedo+1","floor":22.0},{"not_picked":["rmod:lastglory+1","rmod:aviationdawn"],"picked":"rmod:advancebysurprise","floor":23.0},{"not_picked":["rmod:overbreakdown+1","rmod:diaomin","rmod:firesupport+1"],"picked":"SKIP","floor":24.0}],"player_experience":146709,"relics_obtained":[{"floor":5.0,"key":"Pen Nib"},{"floor":6.0,"key":"Juzu Bracelet"},{"floor":7.0,"key":"Odd Mushroom"},{"floor":9.0,"key":"Molten Egg 2"},{"floor":12.0,"key":"Calipers"},{"floor":23.0,"key":"Centennial Puzzle"}],"event_choices":[{"damage_healed":0.0,"max_hp_gain":0.0,"max_hp_loss":0.0,"gold_gain":75.0,"event_name":"World of Goop","player_choice":"Gather Gold","floor":2.0,"gold_loss":0.0,"damage_taken":11.0},{"damage_healed":0.0,"max_hp_gain":0.0,"max_hp_loss":0.0,"gold_gain":0.0,"event_name":"The Woman in Blue","player_choice":"Bought 0 Potions","floor":3.0,"gold_loss":0.0,"damage_taken":0.0},{"damage_healed":0.0,"max_hp_gain":0.0,"max_hp_loss":0.0,"gold_gain":0.0,"event_name":"Mushrooms","player_choice":"Fought Mushrooms","floor":7.0,"gold_loss":0.0,"damage_taken":0.0}],"is_beta":false,"boss_relics":[{"not_picked":["Runic Dome","rmod:monthlycard"],"picked":"Tiny House"}],"items_purged_floors":[19],"is_endless":false,"potions_floor_spawned":[4,6,10,14,18,22,23],"killed_by":"Book of Stabbing","ascension_level":6}}