{"host":"qdfumeom6htv8yxl","time":1610237201,"event":{"mods":["AchievementEnabler","BaseMod","Bestiary","Block Reminder","Minty Spire (QoL Compilation)","Quick Restart","Relic Stats"],"gold_per_floor":[368,144,159,159,159,192,192,217,287,39,64,82,257,280,280,370,370,340,255,278,120,140,140,165,165,215,215,340,364,364,378,378,471,471,490,509,540,563,576,610,610,610,610,336,336,394,354,374,374,374],"floor_reached":51,"playtime":13003,"items_purged":["Strike_B","Injury","Doubt","Static Discharge+1"],"score":1104,"play_id":"dd6b31a7-9035-481f-94c1-423cb1c5d29e","local_time":"20210109180641","is_ascension_mode":true,"campfire_choices":[{"floor":7.0,"key":"REST"},{"data":"Zap","floor":15.0,"key":"SMITH"},{"data":"Darkness","floor":23,"key":"SMITH"},{"data":"Buffer","floor":25,"key":"SMITH"},{"data":"Defragment","floor":27,"key":"SMITH"},{"floor":30,"key":"REST"},{"data":"Capacitor","floor":32,"key":"SMITH"},{"floor":42,"key":"REST"},{"floor":45,"key":"REST"},{"floor":49,"key":"RECALL"}],"circlet_count":0,"master_deck":["AscendersBane","Strike_B","Defend_B","Defend_B","Defend_B","Zap+1","Dualcast","Cold Snap","Self Repair","Glacier","Sweeping Beam","Undo","Capacitor+1","Darkness+1","Buffer+1","Fission+1","Consume+1","Chaos","Coolheaded","Defragment+1","Consume+1","Hologram","Conserve Battery+1","Electrodynamics","Compile Driver","Capacitor","Ball Lightning+1"],"relics":["Cracked Core","Runic Capacitor","Golden Idol","PreservedInsect","Art of War","White Beast Statue","DataDisk","Astrolabe","Cables","Smiling Mask","Turnip","InkBottle","Fusion Hammer","Unceasing Top","Question Card","Incense Burner","Toy Ornithopter","Torii"],"acts_visited":["Exordium","TheCity","TheBeyond"],"potions_floor_usage":[29,31,33,35,38,39,40,46,50,50],"damage_taken":[{"damage":11.0,"enemies":"Small Slimes","floor":1.0,"turns":3.0},{"damage":2.0,"enemies":"2 Louse","floor":3.0,"turns":2.0},{"damage":26.0,"enemies":"3 Sentries","floor":6.0,"turns":12.0},{"damage":1.0,"enemies":"Jaw Worm","floor":8.0,"turns":4.0},{"damage":2.0,"enemies":"Exordium Thugs","floor":11.0,"turns":5.0},{"damage":9.0,"enemies":"2 Fungi Beasts","floor":12.0,"turns":3.0},{"damage":15.0,"enemies":"Large Slime","floor":14.0,"turns":7.0},{"damage":16.0,"enemies":"Hexaghost","floor":16.0,"turns":12.0},{"damage":31,"enemies":"2 Thieves","floor":18,"turns":5},{"damage":0,"enemies":"Spheric Guardian","floor":20,"turns":4},{"damage":8,"enemies":"Centurion and Healer","floor":22,"turns":7},{"damage":20,"enemies":"Snake Plant","floor":24,"turns":5},{"damage":17,"enemies":"Colosseum Slavers","floor":28,"turns":5},{"damage":7,"enemies":"Colosseum Nobs","floor":28,"turns":4},{"damage":21,"enemies":"3 Cultists","floor":29,"turns":5},{"damage":0,"enemies":"Centurion and Healer","floor":31,"turns":6},{"damage":5,"enemies":"Automaton","floor":33,"turns":7},{"damage":18,"enemies":"3 Darklings","floor":35,"turns":4},{"damage":6,"enemies":"3 Shapes","floor":36,"turns":3},{"damage":0,"enemies":"Mind Bloom Boss Battle","floor":37,"turns":5},{"damage":0,"enemies":"Transient","floor":38,"turns":5},{"damage":0,"enemies":"Spire Growth","floor":39,"turns":5},{"damage":10,"enemies":"Giant Head","floor":40,"turns":6},{"damage":9,"enemies":"2 Orb Walkers","floor":46,"turns":5},{"damage":0,"enemies":"Maw","floor":48,"turns":6},{"damage":28,"enemies":"Awakened One","floor":50,"turns":10}],"seed_played":"-7543032496282089558","potions_obtained":[{"floor":8.0,"key":"FocusPotion"},{"floor":11.0,"key":"EssenceOfSteel"},{"floor":28,"key":"Regen Potion"},{"floor":29,"key":"Energy Potion"},{"floor":31,"key":"Explosive Potion"},{"floor":33,"key":"PowerPotion"},{"floor":35,"key":"FearPotion"},{"floor":37,"key":"Weak Potion"},{"floor":38,"key":"DistilledChaos"},{"floor":39,"key":"Explosive Potion"},{"floor":40,"key":"SneckoOil"},{"floor":46,"key":"LiquidMemories"},{"floor":47,"key":"DuplicationPotion"}],"is_trial":false,"path_per_floor":["M","$","M","?","?","E","R","M","T","$","M","M","?","M","R","B",null,"M","?","M","$","M","R","M","R","T","R","?","M","R","M","R","B",null,"M","M","?","M","M","E","?","R","T","$","R","?","?","M","R","B",null],"character_chosen":"DEFECT","items_purchased":["Runic Capacitor","DataDisk","Defragment","Capacitor","Toy Ornithopter"],"campfire_rested":4,"item_purchase_floors":[2,10,21,44,44],"current_hp_per_floor":[57,57,55,55,52,33,53,59,59,59,64,62,62,54,54,45,62,38,38,45,45,44,44,31,31,31,31,21,21,41,48,48,50,64,53,47,54,61,68,65,65,68,68,68,68,66,66,68,68,54],"gold":374,"neow_bonus":"TWO_FIFTY_GOLD","is_daily":false,"chose_seed":false,"campfire_upgraded":5,"win_rate":0.0,"timestamp":1610237201,"path_taken":["M","$","M","?","?","E","R","M","T","$","M","M","?","M","R","BOSS","M","?","M","$","M","R","M","R","T","R","?","?","R","M","R","BOSS","M","M","?","M","M","E","?","R","T","$","R","?","?","M","R","BOSS"],"items_purchased_type":["Relic","Relic","Card","Card","Relic"],"build_version":"2020-12-22","purchased_purges":4,"victory":true,"max_hp_per_floor":[68,68,68,68,68,68,68,68,68,68,68,68,68,68,68,68,68,68,68,68,68,68,68,68,68,68,68,68,68,68,68,68,68,68,68,68,68,68,68,68,68,68,68,68,68,68,68,68,68,68],"relic_stats":{"Torii":3,"counters":[26,145],"Golden Idol":176,"Astrolabe":["Fission","Consume","Static Discharge"],"PreservedInsect":198,"Smiling Mask":100,"Question Card":2,"Cables":[83,58,14,10,1],"Turnip":[5],"Art of War":[48],"obtain_stats":[{"Torii":46,"Golden Idol":4,"Astrolabe":17,"PreservedInsect":5,"Runic Capacitor":2,"Incense Burner":43,"Smiling Mask":26,"Question Card":40,"White Beast Statue":9,"Cables":19,"DataDisk":10,"Turnip":28,"Fusion Hammer":34,"Art of War":6,"Cracked Core":0,"InkBottle":28,"Unceasing Top":37,"Toy Ornithopter":44},{"Torii":24,"Golden Idol":2,"Astrolabe":8,"PreservedInsect":2,"Runic Capacitor":1,"Incense Burner":23,"Smiling Mask":12,"Question Card":23,"White Beast Statue":4,"Cables":9,"DataDisk":4,"Turnip":14,"Fusion Hammer":17,"Art of War":3,"Cracked Core":0,"InkBottle":14,"Unceasing Top":20,"Toy Ornithopter":23},{"Torii":129,"Golden Idol":5,"Astrolabe":48,"PreservedInsect":5,"Runic Capacitor":3,"Incense Burner":124,"Smiling Mask":69,"Question Card":124,"White Beast Statue":21,"Cables":53,"DataDisk":21,"Turnip":78,"Fusion Hammer":96,"Art of War":17,"Cracked Core":0,"InkBottle":78,"Unceasing Top":108,"Toy Ornithopter":124}],"InkBottle":[24],"Unceasing Top":[1],"Toy Ornithopter":7},"card_choices":[{"not_picked":["Go for the Eyes","Conserve Battery"],"picked":"Cold Snap","floor":1.0},{"not_picked":["Redo","Conserve Battery"],"picked":"Self Repair","floor":3.0},{"not_picked":["White Noise","Amplify"],"picked":"Glacier","floor":6.0},{"not_picked":["Hello World","Gash"],"picked":"Sweeping Beam","floor":8.0},{"not_picked":["Tempest","Streamline"],"picked":"Undo","floor":11.0},{"not_picked":["Sweeping Beam","Hello World"],"picked":"Capacitor","floor":12.0},{"not_picked":["Cold Snap","Stack"],"picked":"Darkness","floor":14.0},{"not_picked":["Fission","Seek"],"picked":"Buffer","floor":16.0},{"not_picked":["Turbo","Streamline"],"picked":"Chaos","floor":18},{"not_picked":["Skim","Hello World"],"picked":"Coolheaded","floor":20},{"not_picked":["Reinforced Body","Scrape","Go for the Eyes"],"picked":"SKIP","floor":22},{"not_picked":["Recycle","Leap"],"picked":"Consume+1","floor":24},{"not_picked":["Self Repair","Blizzard"],"picked":"Hologram","floor":28},{"not_picked":["Beam Cell","Streamline"],"picked":"Conserve Battery+1","floor":29},{"not_picked":["Streamline","Coolheaded","Sweeping Beam"],"picked":"SKIP","floor":31},{"not_picked":["Seek","Rainbow"],"picked":"Electrodynamics","floor":33},{"not_picked":["Barrage","Force Field+1","Gash"],"picked":"SKIP","floor":35},{"not_picked":["Gash","Fusion+1","Steam Power"],"picked":"SKIP","floor":36},{"not_picked":["Hello World+1","Steam"],"picked":"Compile Driver","floor":37},{"not_picked":["Sweeping Beam","Glacier","Stack+1"],"picked":"SKIP","floor":38},{"not_picked":["Heatsinks","Buffer","Beam Cell+1"],"picked":"SKIP","floor":39},{"not_picked":["Aggregate","Cold Snap+1","Chaos"],"picked":"SKIP","floor":40},{"not_picked":["Leap","Rebound","Cold Snap"],"picked":"Ball Lightning+1","floor":48}],"player_experience":1754271,"relics_obtained":[{"floor":6.0,"key":"Art of War"},{"floor":9.0,"key":"White Beast Statue"},{"floor":26,"key":"Smiling Mask"},{"floor":28,"key":"Turnip"},{"floor":28,"key":"InkBottle"},{"floor":37,"key":"Unceasing Top"},{"floor":40,"key":"Question Card"},{"floor":43,"key":"Incense Burner"},{"floor":46,"key":"Torii"}],"event_choices":[{"damage_healed":0.0,"max_hp_gain":0.0,"max_hp_loss":0.0,"gold_gain":0.0,"event_name":"Golden Idol","player_choice":"Take Wound","floor":4.0,"gold_loss":0.0,"damage_taken":0.0,"relics_obtained":["Golden Idol"],"cards_obtained":["Injury"]},{"damage_healed":0.0,"max_hp_gain":0.0,"max_hp_loss":0.0,"gold_gain":0.0,"event_name":"Scrap Ooze","player_choice":"Success","floor":5.0,"gold_loss":0.0,"damage_taken":3.0,"relics_obtained":["PreservedInsect"]},{"damage_healed":0.0,"max_hp_gain":0.0,"max_hp_loss":0.0,"gold_gain":175.0,"event_name":"Liars Game","player_choice":"AGREE","floor":13.0,"gold_loss":0.0,"damage_taken":0.0,"cards_obtained":["Doubt"]},{"damage_healed":0,"gold_gain":0,"player_choice":"Obtained Relic","damage_taken":0,"relics_obtained":["Cables"],"max_hp_gain":0,"max_hp_loss":0,"event_name":"Addict","floor":19,"gold_loss":85},{"damage_healed":0,"gold_gain":0,"player_choice":"Fight","damage_taken":0,"max_hp_gain":0,"max_hp_loss":0,"event_name":"Colosseum","floor":28,"gold_loss":0},{"damage_healed":0,"gold_gain":0,"player_choice":"Fought Nobs","damage_taken":0,"max_hp_gain":0,"max_hp_loss":0,"event_name":"Colosseum","floor":28,"gold_loss":0},{"damage_healed":0,"gold_gain":0,"player_choice":"Fight","damage_taken":0,"max_hp_gain":0,"max_hp_loss":0,"event_name":"MindBloom","floor":37,"gold_loss":0},{"damage_healed":0,"gold_gain":0,"player_choice":"Ignored","damage_taken":0,"max_hp_gain":0,"max_hp_loss":0,"event_name":"Tomb of Lord Red Mask","floor":41,"gold_loss":0},{"damage_healed":0,"gold_gain":0,"player_choice":"Fight","damage_taken":0,"max_hp_gain":0,"max_hp_loss":0,"event_name":"Mysterious Sphere","floor":46,"gold_loss":0},{"damage_healed":0,"gold_gain":0,"player_choice":"Bought 3 Potions","damage_taken":0,"max_hp_gain":0,"max_hp_loss":0,"event_name":"The Woman in Blue","floor":47,"gold_loss":0}],"is_beta":false,"boss_relics":[{"not_picked":["SacredBark","FrozenCore"],"picked":"Astrolabe"},{"not_picked":["Sozu","Tiny House"],"picked":"Fusion Hammer"}],"items_purged_floors":[2,10,21,44],"is_endless":false,"potions_floor_spawned":[8,11,12,14,16,18,20,22,24,28,28,29,31,33,35,36,37,38,39,40,46,48],"ascension_level":13}}