{"host":"cwd5s03r1oaxs6mx","time":1610289948,"event":{"mods":["Act Like it!","BaseMod","Better Third Choice","BetterRewards","CapriCore","Card Filter","Colored Map","Custom Start","DeckTracker","Friendly Minions","Hubris","Infinite Spire","Marisa£¨Ùöéë¡¡Øª×âÞÞ£©","Minty Spire (QoL Compilation)","Quick Restart","Relic Stats","Shop Mod","Spicy Shops","StSLib","SuperFastMode"],"gold_per_floor":[119,119,131,46,62,62,95,149,176,196,208,208,54,68,68,142,142,160,210,229,242,242,242,242,242],"floor_reached":24,"playtime":843,"items_purged":["Strike_R","Strike_R","Defend_R"],"score":396,"play_id":"80d7c113-c984-4340-9c35-4d780123944a","local_time":"20210110234548","is_ascension_mode":true,"campfire_choices":[{"data":"Apotheosis","floor":12,"key":"SMITH"},{"data":"Metallicize","floor":15,"key":"SMITH"},{"data":"Dual Wield","floor":23,"key":"SMITH"}],"circlet_count":0,"master_deck":["AscendersBane","Strike_R","Strike_R","Defend_R","Defend_R","Defend_R","Bash","Metallicize+1","Apotheosis+1","Dual Wield+1","Fire Breathing","Whirlwind","Metallicize","Sword Boomerang","Wild Strike","Feed"],"relics":["Black Blood","Lantern","hubris:ToyBattleship","Ancient Tea Set"],"acts_visited":["Exordium","TheCity"],"potions_floor_usage":[1],"damage_taken":[{"damage":14,"enemies":"Small Slimes","floor":1,"turns":3},{"damage":0,"enemies":"Cultist","floor":3,"turns":4},{"damage":5,"enemies":"Jaw Worm","floor":5,"turns":4},{"damage":20,"enemies":"3 Sentries","floor":7,"turns":10},{"damage":29,"enemies":"Exordium Wildlife","floor":10,"turns":8},{"damage":6,"enemies":"Red Slaver","floor":11,"turns":6},{"damage":4,"enemies":"2 Fungi Beasts","floor":14,"turns":3},{"damage":11,"enemies":"Hexaghost","floor":16,"turns":11},{"damage":18,"enemies":"Spheric Guardian","floor":18,"turns":6},{"damage":0,"enemies":"Chosen","floor":20,"turns":4},{"damage":56,"enemies":"Snake Plant","floor":21,"turns":6},{"damage":50,"enemies":"Book of Stabbing","floor":24,"turns":5}],"seed_played":"9952514545832879","potions_obtained":[{"floor":1,"key":"BloodPotion"},{"floor":5,"key":"Strength Potion"},{"floor":10,"key":"Swift Potion"}],"is_trial":false,"path_per_floor":["M","?","M","$","M","?","E","T","T","M","M","R","$","M","R","B",null,"M","?","M","M","?","R","E"],"character_chosen":"IRONCLAD","items_purchased":["Metallicize","Apotheosis","Dual Wield","Fire Breathing","Whirlwind","Metallicize","Wild Strike"],"campfire_rested":0,"item_purchase_floors":[0,0,0,0,0,4,13],"current_hp_per_floor":[75,75,75,75,75,75,61,61,61,38,38,38,38,40,40,35,65,63,63,75,31,47,47,0,0],"gold":242,"neow_bonus":"","is_daily":false,"chose_seed":false,"campfire_upgraded":3,"win_rate":0.0,"timestamp":1610289948,"path_taken":["M","?","M","$","?","?","E","?","T","M","M","R","?","M","R","BOSS","M","?","M","M","?","R","E"],"items_purchased_type":["Card","Card","Card","Card","Card","Card","Card"],"build_version":"2020-12-22","purchased_purges":3,"victory":false,"max_hp_per_floor":[75,75,75,75,75,75,75,75,75,75,75,75,75,75,75,75,75,79,79,79,79,79,79,79,79],"relic_stats":{"counters":[197,827],"Black Blood":1048,"obtain_stats":[{"infinitespire:BottledMercury":26,"Gremlin Horn":24,"Nilry\u0027s Codex":31,"CeramicFish":29,"Vajra":31,"Whetstone":6,"hubris:MysteriousPyramids":0,"Boot":12,"Sozu":34,"Blood Vial":9,"Centennial Puzzle":29,"Lizard Tail":6,"infinitespire:ShieldingShard":27,"hubris:AstralHammer":0,"DollysMirror":0,"Prayer Wheel":31,"Kunai":38,"hubris:MobiusCoin":45,"Girya":8,"Pear":54,"hubris:DuctTape":48,"Happy Flower":9,"Dead Branch":0,"Blue Candle":9,"Oddly Smooth Stone":29,"Letter Opener":0,"infinitespire:Magic Flask":25,"War Paint":8,"Question Card":0,"Akabeko":8,"hubris:Zylophone":19,"Du-Vu Doll":25,"Bottled Flame":14,"Molten Egg 2":26,"Pandora\u0027s Box":17,"hubris:PeanutButter":54,"Mark of Pain":34,"Black Star":17,"hubris:ToyBattleship":7,"Unceasing Top":0,"hubris:Reverence":24,"Lantern":2,"Singing Bowl":12,"Magic Flower":9,"Black Blood":17,"StoneCalendar":7,"Mango":37,"hubris:SlimyHat":0,"Bag of Preparation":0,"Ancient Tea Set":9,"Burning Blood":0,"hubris:BlackHole":34,"Dream Catcher":25,"hubris:Icosahedron":22,"hubris:Backtick":28,"Mummified Hand":6,"infinitespire:Bottled Soul":10,"Pantograph":6,"Toolbox":54,"hubris:ScarierMask":17,"hubris:IronBody":28,"hubris:CuriousFeather":0,"Chemical X":0,"hubris:ChampionShield":40,"Red Skull":0,"Runic Pyramid":17,"Paper Frog":0,"Golden Idol":10,"The Courier":9,"infinitespire:FocusingShard":40,"Omamori":29,"hubris:Towel":5,"Medical Kit":0,"MawBank":24,"White Beast Statue":55,"Mercury Hourglass":46,"Peace Pipe":10,"Strange Spoon":19,"Anchor":10,"CaptainsWheel":46,"hubris:Spice":9,"Ornamental Fan":14,"hubris:BundleOfHerbs":40,"infinitespire:Burning Sword":17,"Art of War":31,"Membership Card":11,"Bottled Lightning":9,"hubris:CrackedHourglass":17,"Toy Ornithopter":45,"hubris:Potato":6,"hubris:OldNail":13,"TungstenRod":20,"infinitespire:Midas Blood":26,"hubris:BottledRain":0},{"infinitespire:BottledMercury":40,"Gremlin Horn":160,"Nilry\u0027s Codex":134,"CeramicFish":134,"Vajra":67,"Whetstone":85,"hubris:MysteriousPyramids":148,"Boot":58,"Sozu":17,"Blood Vial":171,"Centennial Puzzle":15,"Lizard Tail":106,"infinitespire:ShieldingShard":41,"hubris:AstralHammer":51,"DollysMirror":51,"Prayer Wheel":16,"Kunai":98,"hubris:MobiusCoin":22,"Girya":86,"Pear":146,"hubris:DuctTape":24,"Happy Flower":152,"Dead Branch":51,"Blue Candle":86,"Oddly Smooth Stone":66,"Letter Opener":28,"infinitespire:Magic Flask":93,"War Paint":118,"Question Card":28,"Akabeko":107,"hubris:Zylophone":38,"Du-Vu Doll":64,"Bottled Flame":8,"Molten Egg 2":12,"Pandora\u0027s Box":110,"hubris:PeanutButter":146,"Mark of Pain":45,"Black Star":60,"hubris:ToyBattleship":189,"Unceasing Top":81,"hubris:Reverence":132,"Lantern":186,"Singing Bowl":108,"Magic Flower":5,"Black Blood":193,"StoneCalendar":33,"Mango":48,"hubris:SlimyHat":0,"Bag of Preparation":51,"Ancient Tea Set":189,"Burning Blood":0,"hubris:BlackHole":68,"Dream Catcher":64,"hubris:Icosahedron":39,"hubris:Backtick":93,"Mummified Hand":4,"infinitespire:Bottled Soul":34,"Pantograph":122,"Toolbox":79,"hubris:ScarierMask":88,"hubris:IronBody":93,"hubris:CuriousFeather":180,"Chemical X":0,"hubris:ChampionShield":20,"Red Skull":168,"Runic Pyramid":37,"Paper Frog":118,"Golden Idol":118,"The Courier":33,"infinitespire:FocusingShard":72,"Omamori":42,"hubris:Towel":84,"Medical Kit":0,"MawBank":12,"White Beast Statue":27,"Mercury Hourglass":76,"Peace Pipe":57,"Strange Spoon":38,"Anchor":6,"CaptainsWheel":76,"hubris:Spice":56,"Ornamental Fan":156,"hubris:BundleOfHerbs":72,"infinitespire:Burning Sword":9,"Art of War":67,"Membership Card":6,"Bottled Lightning":107,"hubris:CrackedHourglass":128,"Toy Ornithopter":74,"hubris:Potato":117,"hubris:OldNail":173,"TungstenRod":177,"infinitespire:Midas Blood":64,"hubris:BottledRain":100},{"infinitespire:BottledMercury":166,"Gremlin Horn":647,"Nilry\u0027s Codex":506,"CeramicFish":506,"Vajra":273,"Whetstone":310,"hubris:MysteriousPyramids":584,"Boot":238,"Sozu":85,"Blood Vial":696,"Centennial Puzzle":78,"Lizard Tail":357,"infinitespire:ShieldingShard":171,"hubris:AstralHammer":215,"DollysMirror":215,"Prayer Wheel":81,"Kunai":324,"hubris:MobiusCoin":97,"Girya":311,"Pear":567,"hubris:DuctTape":102,"Happy Flower":602,"Dead Branch":215,"Blue Candle":311,"Oddly Smooth Stone":269,"Letter Opener":120,"infinitespire:Magic Flask":318,"War Paint":436,"Question Card":120,"Akabeko":378,"hubris:Zylophone":160,"Du-Vu Doll":260,"Bottled Flame":46,"Molten Egg 2":70,"Pandora\u0027s Box":401,"hubris:PeanutButter":567,"Mark of Pain":190,"Black Star":247,"hubris:ToyBattleship":778,"Unceasing Top":306,"hubris:Reverence":494,"Lantern":760,"Singing Bowl":387,"Magic Flower":34,"Black Blood":806,"StoneCalendar":138,"Mango":205,"hubris:SlimyHat":0,"Bag of Preparation":215,"Ancient Tea Set":778,"Burning Blood":0,"hubris:BlackHole":283,"Dream Catcher":260,"hubris:Icosahedron":163,"hubris:Backtick":318,"Mummified Hand":30,"infinitespire:Bottled Soul":142,"Pantograph":454,"Toolbox":301,"hubris:ScarierMask":313,"hubris:IronBody":318,"hubris:CuriousFeather":732,"Chemical X":0,"hubris:ChampionShield":92,"Red Skull":686,"Runic Pyramid":157,"Paper Frog":436,"Golden Idol":436,"The Courier":138,"infinitespire:FocusingShard":287,"Omamori":177,"hubris:Towel":309,"Medical Kit":0,"MawBank":70,"White Beast Statue":114,"Mercury Hourglass":296,"Peace Pipe":235,"Strange Spoon":160,"Anchor":38,"CaptainsWheel":296,"hubris:Spice":233,"Ornamental Fan":620,"hubris:BundleOfHerbs":287,"infinitespire:Burning Sword":56,"Art of War":273,"Membership Card":38,"Bottled Lightning":378,"hubris:CrackedHourglass":478,"Toy Ornithopter":289,"hubris:Potato":430,"hubris:OldNail":703,"TungstenRod":723,"infinitespire:Midas Blood":260,"hubris:BottledRain":329}]},"card_choices":[{"not_picked":["Twin Strike","Armaments"],"picked":"Inflame","floor":1},{"not_picked":["Cleave","Hemokinesis","Power Through"],"picked":"SKIP","floor":3},{"not_picked":["Clothesline","Heavy Blade"],"picked":"Sword Boomerang","floor":5},{"not_picked":["Wild Strike","Flex","Sword Boomerang"],"picked":"SKIP","floor":7},{"not_picked":["Sever Soul","Cleave","Bloodletting"],"picked":"SKIP","floor":10},{"not_picked":["Twin Strike","Pommel Strike","Reckless Charge"],"picked":"SKIP","floor":11},{"not_picked":["Body Slam","Carnage","Rupture"],"picked":"SKIP","floor":14},{"not_picked":["Juggernaut","Berserk"],"picked":"Feed","floor":16},{"not_picked":["Thunderclap+1","Hemokinesis","Sword Boomerang+1"],"picked":"SKIP","floor":18},{"not_picked":["Body Slam","Clothesline","Ghostly Armor"],"picked":"SKIP","floor":20},{"not_picked":["Berserk","Body Slam","Pummel"],"picked":"SKIP","floor":21}],"player_experience":1022632,"relics_obtained":[{"floor":7,"key":"hubris:ToyBattleship"},{"floor":9,"key":"Ancient Tea Set"}],"event_choices":[{"cards_removed":["Inflame"],"damage_healed":0,"gold_gain":0,"player_choice":"Gave Card","damage_taken":0,"relics_obtained":["Lantern"],"max_hp_gain":0,"max_hp_loss":0,"event_name":"WeMeetAgain","floor":2,"gold_loss":0},{"cards_removed":["Strike_R"],"damage_healed":0,"gold_gain":0,"player_choice":"Forget","damage_taken":0,"max_hp_gain":0,"max_hp_loss":0,"event_name":"Living Wall","floor":6,"gold_loss":0},{"damage_healed":0,"gold_gain":50,"player_choice":"Steal","damage_taken":0,"max_hp_gain":0,"max_hp_loss":0,"event_name":"betterThird:BetterNest","floor":19,"gold_loss":0},{"damage_healed":16,"gold_gain":0,"player_choice":"Heal","damage_taken":0,"max_hp_gain":0,"max_hp_loss":0,"event_name":"The Library","floor":22,"gold_loss":0}],"is_beta":false,"boss_relics":[{"not_picked":["hubris:GrandSneckoEye","Coffee Dripper"],"picked":"Black Blood"}],"items_purged_floors":[0,0,13],"is_endless":false,"potions_floor_spawned":[1,5,10,14],"killed_by":"Book of Stabbing","ascension_level":20}}