{"host":"sav7uxregyirlf69","time":1610245605,"event":{"mods":["AchievementEnabler","BaseMod","Colored Map","DeckTracker","Keyboard Shortcuts","Minty Spire (QoL Compilation)","READ ME - Guardian Mod","StSLib","SuperFastMode"],"gold_per_floor":[109,120,120,138,152,152,181,181,181,181,199,209,209,44,44,147,147,159,159,159,59,74,74,124,153,180,205,221,221,239,253,253,352,352,369,369,379,254,265,265,296,296,320,348,361,387,399,399,399,399,399,399,20,45,45],"floor_reached":56,"playtime":1421,"items_purged":["Strike_R","Strike_R","Headbutt","Clothesline+1"],"score":2078,"play_id":"005aa8b5-8d5a-4e9b-9190-e765cbdfb25d","local_time":"20210110112645","is_ascension_mode":true,"campfire_choices":[{"data":"Bash","floor":6,"key":"SMITH"},{"data":"Clothesline","floor":8,"key":"SMITH"},{"floor":10,"key":"REST"},{"data":"Rampage","floor":15,"key":"SMITH"},{"data":"Deep Breath","floor":23,"key":"SMITH"},{"data":"Pommel Strike","floor":29,"key":"SMITH"},{"floor":32,"key":"RECALL"},{"data":"Feel No Pain","floor":40,"key":"SMITH"},{"data":"Disarm","floor":42,"key":"SMITH"},{"data":"Ghostly Armor","floor":49,"key":"SMITH"},{"data":"Defend_R","floor":52,"key":"SMITH"}],"circlet_count":0,"master_deck":["AscendersBane","Defend_R","Defend_R","Defend_R+1","Bash+1","Ghostly Armor+1","Disarm+1","Rampage+1","Deep Breath+1","Pommel Strike+1","Second Wind+1","True Grit+1","Feel No Pain+1","Shrug It Off+1","Seeing Red+1","Deep Breath+1","Power Through+1","Battle Trance+1"],"relics":["Burning Blood","Letter Opener","Sundial","Runic Pyramid","Bottled Flame","MealTicket","Orichalcum","Empty Cage","War Paint","Bag of Preparation","Bag of Marbles","Strawberry","Toy Ornithopter"],"acts_visited":["Exordium","TheCity","TheBeyond","TheEnding"],"potions_floor_usage":[7,12,16,55,55],"damage_taken":[{"damage":13,"enemies":"Jaw Worm","floor":1,"turns":4},{"damage":10,"enemies":"Cultist","floor":2,"turns":5},{"damage":8,"enemies":"Small Slimes","floor":4,"turns":5},{"damage":15,"enemies":"2 Fungi Beasts","floor":5,"turns":5},{"damage":35,"enemies":"3 Sentries","floor":7,"turns":11},{"damage":4,"enemies":"Looter","floor":11,"turns":3},{"damage":32,"enemies":"Gremlin Gang","floor":12,"turns":5},{"damage":5,"enemies":"Hexaghost","floor":16,"turns":9},{"damage":5,"enemies":"Chosen","floor":18,"turns":5},{"damage":8,"enemies":"Spheric Guardian","floor":22,"turns":4},{"damage":13,"enemies":"Book of Stabbing","floor":25,"turns":5},{"damage":0,"enemies":"Gremlin Leader","floor":27,"turns":5},{"damage":8,"enemies":"Centurion and Healer","floor":28,"turns":5},{"damage":3,"enemies":"Snake Plant","floor":30,"turns":4},{"damage":6,"enemies":"3 Cultists","floor":31,"turns":4},{"damage":12,"enemies":"Champ","floor":33,"turns":5},{"damage":9,"enemies":"Orb Walker","floor":35,"turns":5},{"damage":2,"enemies":"3 Shapes","floor":37,"turns":3},{"damage":18,"enemies":"Transient","floor":39,"turns":4},{"damage":8,"enemies":"Giant Head","floor":41,"turns":3},{"damage":0,"enemies":"Nemesis","floor":44,"turns":3},{"damage":0,"enemies":"4 Shapes","floor":45,"turns":2},{"damage":0,"enemies":"Reptomancer","floor":46,"turns":3},{"damage":0,"enemies":"Maw","floor":47,"turns":2},{"damage":0,"enemies":"Donu and Deca","floor":50,"turns":3},{"damage":0,"enemies":"Shield and Spear","floor":54,"turns":3},{"damage":20,"enemies":"The Heart","floor":55,"turns":10}],"seed_played":"-5660987656712343040","potions_obtained":[{"floor":2,"key":"ColorlessPotion"},{"floor":4,"key":"Strength Potion"},{"floor":7,"key":"Fire Potion"},{"floor":25,"key":"LiquidBronze"},{"floor":27,"key":"SmokeBomb"},{"floor":31,"key":"CultistPotion"},{"floor":33,"key":"Explosive Potion"}],"is_trial":false,"path_per_floor":["M","M","?","M","M","R","E","R","T","R","M","M","?","$","R","B",null,"M","?","?","$","M","R","?","E","T","E","M","R","M","M","R","B",null,"M","?","M","$","M","R","E","R","T","E","M","E","M","?","R","B",null,"R","$","E","B",null],"character_chosen":"IRONCLAD","items_purchased":["Deep Breath","DuplicationPotion","Strawberry"],"campfire_rested":1,"item_purchase_floors":[14,53,53],"current_hp_per_floor":[73,69,69,67,58,58,29,29,29,55,57,31,24,24,24,25,72,73,73,73,73,71,71,71,64,64,70,68,68,71,71,71,65,82,79,79,83,88,76,76,74,74,74,80,86,88,88,84,84,84,84,84,91,91,77],"gold":45,"neow_bonus":"TEN_PERCENT_HP_BONUS","is_daily":false,"chose_seed":false,"campfire_upgraded":9,"win_rate":0.0,"timestamp":1610245605,"path_taken":["M","M","?","M","M","R","E","R","T","R","?","M","?","$","R","BOSS","M","?","?","$","M","R","?","E","T","E","M","R","?","M","R","BOSS","M","?","?","$","M","R","E","R","T","E","M","E","M","?","R","BOSS","R","$","E","BOSS"],"items_purchased_type":["Card","Potion","Relic"],"build_version":"2020-12-22","purchased_purges":4,"victory":true,"max_hp_per_floor":[88,88,88,88,88,88,88,88,88,88,88,88,88,88,88,88,88,88,88,88,88,88,88,88,88,88,88,88,88,88,88,88,88,88,88,88,88,88,88,88,88,88,88,88,88,88,88,84,84,84,84,84,91,91,91],"card_choices":[{"not_picked":["Warcry","Sentinel"],"picked":"Ghostly Armor","floor":1},{"not_picked":["Bloodletting","Intimidate","Iron Wave"],"picked":"SKIP","floor":2},{"not_picked":["Seeing Red","Second Wind","Warcry"],"picked":"SKIP","floor":4},{"not_picked":["Havoc","Warcry"],"picked":"Headbutt","floor":5},{"not_picked":["Whirlwind","Flex"],"picked":"Clothesline","floor":7},{"not_picked":["Thunderclap","Sentinel","Disarm"],"picked":"SKIP","floor":11},{"not_picked":["Thunderclap","Sentinel"],"picked":"Disarm","floor":11},{"not_picked":["Clothesline","Sword Boomerang"],"picked":"Rampage","floor":12},{"not_picked":["Heavy Blade","Rage"],"picked":"Pommel Strike","floor":18},{"not_picked":["Clash","Dropkick"],"picked":"True Grit+1","floor":22},{"not_picked":["Brutality","Anger"],"picked":"Feel No Pain","floor":25},{"not_picked":["Flex","Bloodletting"],"picked":"Shrug It Off","floor":27},{"not_picked":["Thunderclap","Combust+1"],"picked":"Seeing Red+1","floor":28},{"not_picked":["Heavy Blade","Havoc","Clash"],"picked":"SKIP","floor":30},{"not_picked":["Rage","Wild Strike+1","Hemokinesis"],"picked":"SKIP","floor":31},{"not_picked":["Infernal Blade+1","Pommel Strike","Spot Weakness"],"picked":"SKIP","floor":35},{"not_picked":["Iron Wave","Metallicize","Shrug It Off+1"],"picked":"SKIP","floor":37},{"not_picked":["Entrench+1","Warcry","Bloodletting"],"picked":"SKIP","floor":39},{"not_picked":["Bloodletting","Carnage+1","Rupture+1"],"picked":"SKIP","floor":41},{"not_picked":["Flame Barrier+1","Wild Strike","Reckless Charge"],"picked":"SKIP","floor":44},{"not_picked":["Flex","Inflame+1","Anger+1"],"picked":"SKIP","floor":45},{"not_picked":["Iron Wave","Wild Strike"],"picked":"Power Through+1","floor":46},{"not_picked":["Clash+1","Wild Strike","Cleave"],"picked":"SKIP","floor":47},{"not_picked":["Searing Blow+1","Feel No Pain+1"],"picked":"Battle Trance+1","floor":54}],"player_experience":1223977,"relics_obtained":[{"floor":7,"key":"Letter Opener"},{"floor":9,"key":"Sundial"},{"floor":25,"key":"Bottled Flame"},{"floor":26,"key":"MealTicket"},{"floor":27,"key":"Orichalcum"},{"floor":41,"key":"War Paint"},{"floor":44,"key":"Bag of Preparation"},{"floor":46,"key":"Bag of Marbles"},{"floor":54,"key":"Toy Ornithopter"}],"event_choices":[{"cards_removed":["Strike_R"],"damage_healed":0,"gold_gain":0,"player_choice":"Purged","damage_taken":0,"max_hp_gain":0,"max_hp_loss":0,"event_name":"Purifier","floor":3,"gold_loss":0},{"cards_removed":["Defend_R"],"damage_healed":0,"gold_gain":0,"player_choice":"Card Removal","damage_taken":7,"max_hp_gain":0,"max_hp_loss":0,"event_name":"Golden Wing","floor":13,"gold_loss":0},{"damage_healed":0,"gold_gain":0,"player_choice":"Read","damage_taken":0,"max_hp_gain":0,"max_hp_loss":0,"event_name":"The Library","floor":19,"gold_loss":0,"cards_obtained":["Second Wind"]},{"damage_healed":0,"gold_gain":0,"player_choice":"Ignored","damage_taken":0,"max_hp_gain":0,"max_hp_loss":0,"event_name":"Ghosts","floor":20,"gold_loss":0},{"damage_healed":0,"gold_gain":100,"player_choice":"Bet on Murderer","damage_taken":0,"max_hp_gain":0,"max_hp_loss":0,"event_name":"The Joust","floor":24,"gold_loss":50},{"damage_healed":0,"gold_gain":0,"player_choice":"Copied","damage_taken":0,"max_hp_gain":0,"max_hp_loss":0,"event_name":"Duplicator","floor":36,"gold_loss":0,"cards_obtained":["Deep Breath"]},{"damage_healed":0,"gold_gain":0,"player_choice":"Max HP","damage_taken":0,"max_hp_gain":0,"max_hp_loss":4,"event_name":"Winding Halls","floor":48,"gold_loss":0}],"is_beta":false,"boss_relics":[{"not_picked":["Tiny House","Snecko Eye"],"picked":"Runic Pyramid"},{"not_picked":["Astrolabe","Busted Crown"],"picked":"Empty Cage"}],"items_purged_floors":[14,21,38,53],"is_endless":false,"potions_floor_spawned":[2,4,7,25,27,31,33,35,37,41,47],"ascension_level":10}}