{"host":"00tqcjwpycel7e54","time":1610277303,"event":{"mods":["ATMod(阿瑾Mod)","Act Like it!","BaseMod","Colored Powertips","Decade(王小明)","Hermit","Highlight Path","Hubris","Luminous","Marisa（F雨　魔理沙）","Minty Spire (QoL Compilation)","Reimu（博丽灵梦）","Remilia（蕾米莉亚）","Robot Space Explorer","SOS（斯巴达之子）","Shop Mod","Spicy Shops","StSLib","The Administrix","The Animator","The Bug Knight","The Construct","The Cursed","The Gatherer","The Hierophant","The Mystic","The Runesmith","The Servant 0.9.4","WarShipGirlsR/战舰少女R mod","Youmu（魂魄妖梦）","Yuyuko","vexMod","【遗物卡牌】REMEMod"],"gold_per_floor":[113,188,10,24,34,34,66,66,66,66,77,90,125,136,136,240,240,253,272,272,289,289,324,324,339,364,397,409,424,424,163,163,264,264,276,295,305,305,318,318,353,453,453,472,488,504,504,2,2,0],"floor_reached":51,"playtime":2395,"items_purged":[],"score":888,"play_id":"af766d5c-0353-4aaa-8b86-2b91e6f0983c","local_time":"20210110191503","is_ascension_mode":false,"campfire_choices":[{"data":"Discovery","floor":6.0,"key":"SMITH"},{"data":"RobotSpaceExplorer:DroneSwarm","floor":8.0,"key":"SMITH"},{"data":"RobotSpaceExplorer:Counterblock","floor":10.0,"key":"SMITH"},{"data":"RobotSpaceExplorer:StarDust","floor":15.0,"key":"SMITH"},{"data":"RobotSpaceExplorer:Pulsar","floor":24.0,"key":"SMITH"},{"data":"RobotSpaceExplorer:Wormhole","floor":30.0,"key":"SMITH"},{"floor":32.0,"key":"RECALL"},{"data":"RobotSpaceExplorer:StarDust","floor":40.0,"key":"SMITH"},{"floor":49,"key":"REST"}],"circlet_count":0,"master_deck":["RobotSpaceExplorer:Strike","RobotSpaceExplorer:Strike","RobotSpaceExplorer:Defend","RobotSpaceExplorer:Defend","RobotSpaceExplorer:Defend","RobotSpaceExplorer:Defend","RobotSpaceExplorer:Scan","RobotSpaceExplorer:MiniLasers","RobotSpaceExplorer:SlimeMissile","Discovery+1","RobotSpaceExplorer:Pulsar+1","RobotSpaceExplorer:Counterblock+1","RobotSpaceExplorer:DroneSwarm+1","RobotSpaceExplorer:StarDust+1","RobotSpaceExplorer:SwiftStep","RobotSpaceExplorer:Comet","CurseOfTheBell","RobotSpaceExplorer:Electroshield","RobotSpaceExplorer:Pulsar+1","Apotheosis+1","RobotSpaceExplorer:ToxicBomb+1","Lust_TH","RobotSpaceExplorer:Pulsar+1","RobotSpaceExplorer:PlasmaMissile","RobotSpaceExplorer:StarDust+1","RobotSpaceExplorer:GlueShot","RobotSpaceExplorer:DoubleBlock+1","Parasite","RobotSpaceExplorer:FreezingShield+1","RobotSpaceExplorer:Comet","RobotSpaceExplorer:DoubleBlock+1","RobotSpaceExplorer:Jetpack+1","Pride","RobotSpaceExplorer:DualCore"],"relics":["RobotSpaceExplorer:RoboCore","AT_ATBox","REME_ComplimentaryCards","NeowsBlessing","Incense Burner","Du-Vu Doll","Boot","Calling Bell","RuthlessExorcism:ReiMu","Eternal Feather","Turnip","vexMod:FocusSash","Pen Nib","RobotSpaceExplorer:RingOfTheNewt","Regal Pillow","vexMod:BigBerry","Shovel","CaptainsWheel","Toy Ornithopter","Calipers"],"acts_visited":["Exordium","TheCity","TheBeyond"],"potions_floor_usage":[50],"damage_taken":[{"damage":0.0,"enemies":"Jaw Worm","floor":1.0,"turns":1.0},{"damage":0.0,"enemies":"Cultist","floor":4.0,"turns":1.0},{"damage":0.0,"enemies":"2 Louse","floor":5.0,"turns":1.0},{"damage":10.0,"enemies":"3 Sentries","floor":7.0,"turns":7.0},{"damage":6.0,"enemies":"Exordium Wildlife","floor":11.0,"turns":3.0},{"damage":0.0,"enemies":"2 Fungi Beasts","floor":12.0,"turns":4.0},{"damage":0.0,"enemies":"Gremlin Nob","floor":13.0,"turns":3.0},{"damage":0.0,"enemies":"Exordium Thugs","floor":14.0,"turns":4.0},{"damage":19.0,"enemies":"Hexaghost","floor":16.0,"turns":8.0},{"damage":9.0,"enemies":"Spheric Guardian","floor":18.0,"turns":5.0},{"damage":0.0,"enemies":"3 Byrds","floor":19.0,"turns":3.0},{"damage":1.0,"enemies":"Cultist and Chosen","floor":21.0,"turns":6.0},{"damage":6.0,"enemies":"Gremlin Leader","floor":23.0,"turns":6.0},{"damage":0.0,"enemies":"Chosen and Byrds","floor":25.0,"turns":6.0},{"damage":15.0,"enemies":"Book of Stabbing","floor":27.0,"turns":8.0},{"damage":0.0,"enemies":"Snake Plant","floor":28.0,"turns":4.0},{"damage":13.0,"enemies":"Centurion and Healer","floor":29.0,"turns":4.0},{"damage":12.0,"enemies":"Automaton","floor":33.0,"turns":9.0},{"damage":3.0,"enemies":"3 Darklings","floor":35.0,"turns":5.0},{"damage":4.0,"enemies":"Orb Walker","floor":36.0,"turns":4.0},{"damage":9.0,"enemies":"4 Shapes","floor":37.0,"turns":6.0},{"damage":18.0,"enemies":"Writhing Mass","floor":39.0,"turns":6.0},{"damage":19.0,"enemies":"Reptomancer","floor":41.0,"turns":6.0},{"damage":1.0,"enemies":"Sphere and 2 Shapes","floor":44.0,"turns":6.0},{"damage":6.0,"enemies":"Jaw Worm Horde","floor":45.0,"turns":6.0},{"damage":3.0,"enemies":"4 Shapes","floor":46.0,"turns":4.0},{"damage":0.0,"enemies":"Giant Head","floor":47.0,"turns":1.0},{"damage":0,"enemies":"Awakened One","floor":50,"turns":12}],"seed_played":"4851780490059668313","potions_obtained":[{"floor":1.0,"key":"FearPotion"},{"floor":5.0,"key":"Strength Potion"},{"floor":11.0,"key":"Energy Potion"},{"floor":14.0,"key":"Fire Potion"},{"floor":23.0,"key":"SneckoOil"},{"floor":25.0,"key":"Explosive Potion"},{"floor":27.0,"key":"Fruit Juice"},{"floor":28.0,"key":"construct:ShiftPotion"},{"floor":39.0,"key":"SmokeBomb"},{"floor":41.0,"key":"ColorlessPotion"}],"is_trial":false,"path_per_floor":["M","?","$","M","M","R","E","R","T","R","M","M","E","M","R","B",null,"M","M","?","M","?","E","R","M","T","E","M","M","R","$","R","B",null,"M","M","M","?","M","R","E","?","T","M","M","M","E","$","R","B",null],"character_chosen":"RobotSpaceExplorer","items_purchased":["Discovery","RobotSpaceExplorer:Pulsar","RobotSpaceExplorer:StarDust","Regal Pillow","Toy Ornithopter","Calipers","FairyPotion","RobotSpaceExplorer:DualCore"],"campfire_rested":1,"item_purchase_floors":[3,3,31,31,48,48,48,48],"current_hp_per_floor":[75,68,68,68,68,68,58,58,58,58,52,52,52,52,52,33,75,66,66,66,65,65,59,74,74,74,64,64,51,66,66,80,68,110,107,103,94,94,76,91,72,72,72,71,65,62,62,62,110,110],"gold":0,"neow_bonus":"THREE_ENEMY_KILL","is_daily":false,"chose_seed":false,"campfire_upgraded":7,"win_rate":0.0,"timestamp":1610277303,"path_taken":["M","?","$","?","M","R","E","R","T","R","M","?","E","M","R","BOSS","M","M","?","M","?","E","R","M","T","E","M","?","R","$","R","BOSS","M","M","M","?","M","R","E","?","T","M","M","M","E","$","R","BOSS"],"items_purchased_type":["Card","Card","Card","Relic","Relic","Relic","Potion","Card"],"build_version":"2020-12-22","purchased_purges":0,"victory":true,"max_hp_per_floor":[75,75,75,75,75,75,75,75,75,75,75,75,75,75,75,75,75,75,75,75,75,75,75,75,75,75,80,80,80,80,80,80,80,110,110,110,110,110,110,110,110,110,110,110,110,110,110,110,110,110],"card_choices":[{"not_picked":["RobotSpaceExplorer:Smokescreen","RobotSpaceExplorer:FrostMissile"],"picked":"RobotSpaceExplorer:SlimeMissile","floor":1.0},{"not_picked":["RobotSpaceExplorer:LaserBurst","RobotSpaceExplorer:Counterblock","RobotSpaceExplorer:SlimeMissile"],"picked":"SKIP","floor":4.0},{"not_picked":["RobotSpaceExplorer:Ammunition","RobotSpaceExplorer:ShockKick"],"picked":"RobotSpaceExplorer:Counterblock","floor":5.0},{"not_picked":["RobotSpaceExplorer:Counterblock","RobotSpaceExplorer:Reload"],"picked":"RobotSpaceExplorer:DroneSwarm","floor":7.0},{"not_picked":["RobotSpaceExplorer:StarLightning","RobotSpaceExplorer:DoubleFind"],"picked":"RobotSpaceExplorer:StarDust","floor":11.0},{"not_picked":["RobotSpaceExplorer:Blitz","RobotSpaceExplorer:ShockKick","RobotSpaceExplorer:Ammunition"],"picked":"SKIP","floor":12.0},{"not_picked":["RobotSpaceExplorer:SurgingShield","RobotSpaceExplorer:SwiftStep","RobotSpaceExplorer:Probe"],"picked":"SKIP","floor":13.0},{"not_picked":["RobotSpaceExplorer:StunGrenade","RobotSpaceExplorer:PowerGlove"],"picked":"RobotSpaceExplorer:SwiftStep","floor":14.0},{"not_picked":["RobotSpaceExplorer:Blaster","RobotSpaceExplorer:Exploration"],"picked":"RobotSpaceExplorer:Comet","floor":16.0},{"not_picked":["RobotSpaceExplorer:ImprovisedAttack","RobotSpaceExplorer:ShockKick"],"picked":"RobotSpaceExplorer:Electroshield","floor":18.0},{"not_picked":["RobotSpaceExplorer:Discharger","RobotSpaceExplorer:Ammunition"],"picked":"RobotSpaceExplorer:Pulsar+1","floor":19.0},{"not_picked":["RobotSpaceExplorer:FranticSearch","RobotSpaceExplorer:PowerCollector"],"picked":"RobotSpaceExplorer:ToxicBomb","floor":21.0},{"not_picked":["RobotSpaceExplorer:ShovelStrike","RobotSpaceExplorer:TurboDodge"],"picked":"RobotSpaceExplorer:Pulsar+1","floor":23.0},{"not_picked":["RobotSpaceExplorer:Discharger","RobotSpaceExplorer:SurgingStrike"],"picked":"RobotSpaceExplorer:PlasmaMissile","floor":25.0},{"not_picked":["RobotSpaceExplorer:SelfCleaning","RobotSpaceExplorer:SurgingShield","RobotSpaceExplorer:ScrapToss"],"picked":"SKIP","floor":27.0},{"not_picked":["RobotSpaceExplorer:DualCore","RobotSpaceExplorer:ImprovisedAttack","RobotSpaceExplorer:StunGrenade"],"picked":"SKIP","floor":28.0},{"not_picked":["RobotSpaceExplorer:GlueShot","RobotSpaceExplorer:MiniDrones"],"picked":"RobotSpaceExplorer:Wormhole","floor":29.0},{"not_picked":["RobotSpaceExplorer:PowerCollector+1","RobotSpaceExplorer:FrostMissile+1","RobotSpaceExplorer:Probe+1"],"picked":"SKIP","floor":35.0},{"not_picked":["RobotSpaceExplorer:SwiftStep","RobotSpaceExplorer:SurgingShield"],"picked":"RobotSpaceExplorer:GlueShot","floor":36.0},{"not_picked":["RobotSpaceExplorer:SurgingStrike+1","RobotSpaceExplorer:SelfCleaning"],"picked":"RobotSpaceExplorer:DoubleBlock+1","floor":37.0},{"not_picked":["RobotSpaceExplorer:MetalStrike+1","RobotSpaceExplorer:ToxicBomb"],"picked":"RobotSpaceExplorer:FreezingShield+1","floor":39.0},{"not_picked":["RobotSpaceExplorer:SurgingShield","RobotSpaceExplorer:SurgingStrike+1"],"picked":"RobotSpaceExplorer:Comet","floor":41.0},{"not_picked":["RobotSpaceExplorer:ShovelStrike+1","RobotSpaceExplorer:ShockKick"],"picked":"RobotSpaceExplorer:DoubleBlock+1","floor":44.0},{"not_picked":["RobotSpaceExplorer:ShovelStrike+1","RobotSpaceExplorer:Pulsar"],"picked":"RobotSpaceExplorer:Jetpack+1","floor":45.0},{"not_picked":["RobotSpaceExplorer:Ammunition+1","RobotSpaceExplorer:SwiftStep","RobotSpaceExplorer:ScrapMissile+1"],"picked":"SKIP","floor":46.0}],"player_experience":711282,"relics_obtained":[{"floor":7.0,"key":"Incense Burner"},{"floor":9.0,"key":"Du-Vu Doll"},{"floor":13.0,"key":"Boot"},{"floor":17.0,"key":"RuthlessExorcism:ReiMu"},{"floor":17.0,"key":"Eternal Feather"},{"floor":17.0,"key":"Turnip"},{"floor":23.0,"key":"vexMod:FocusSash"},{"floor":26.0,"key":"Pen Nib"},{"floor":27.0,"key":"RobotSpaceExplorer:RingOfTheNewt"},{"floor":41.0,"key":"Shovel"},{"floor":43.0,"key":"CaptainsWheel"}],"event_choices":[{"damage_healed":0.0,"max_hp_gain":0.0,"max_hp_loss":0.0,"gold_gain":75.0,"event_name":"FaceTrader","player_choice":"Touch","floor":2.0,"gold_loss":0.0,"damage_taken":7.0},{"cards_removed":["RobotSpaceExplorer:Strike"],"damage_healed":0.0,"max_hp_gain":0.0,"max_hp_loss":0.0,"gold_gain":0.0,"event_name":"Falling","player_choice":"Removed Attack","floor":38.0,"gold_loss":0.0,"damage_taken":0.0},{"damage_healed":0.0,"max_hp_gain":0.0,"max_hp_loss":0.0,"gold_gain":100.0,"event_name":"Golden Shrine","player_choice":"Pray","floor":42.0,"gold_loss":0.0,"damage_taken":0.0}],"is_beta":false,"boss_relics":[{"not_picked":["Coffee Dripper","Pandora\u0027s Box"],"picked":"Calling Bell"},{"not_picked":["vexMod:ImprovementManual","REME_LowDesire"],"picked":"vexMod:BigBerry"}],"items_purged_floors":[],"is_endless":false,"potions_floor_spawned":[1,5,11,14,23,25,27,28,39,41,47],"ascension_level":0}}