{"host":"fx1msjnmzlhlr397","time":1610320680,"event":{"mods":["AchievementEnabler","BaseMod","Colored Map","Colored Powertips","Downfall","Duelist Mod","Friendly Minions","GifTheSpireLib","Marisa????????","Minty Spire (QoL Compilation)","Quick Restart","Rare Cards Sparkle","Replay The Spire","SOS???????","StSLib","The Alterego","The Animator","The Hierophant","The Wild Card"],"gold_per_floor":[119,219,233,7,22,22,32,32,32,32,49,49,49,49,49,68,68,182,182,194,209,209,209],"floor_reached":22,"playtime":1246,"items_purged":[],"score":176,"play_id":"79f287bd-f160-4a5a-8a06-95eb125d72fa","local_time":"20210110181800","is_ascension_mode":false,"campfire_choices":[{"data":"animator:Archer","floor":6,"key":"SMITH"},{"floor":10,"key":"RECALL"},{"floor":15,"key":"REST"},{"data":"animator:Saber","floor":17,"key":"SMITH"}],"circlet_count":0,"master_deck":["animator:Strike_Konosuba","animator:Defend_Konosuba","animator:Strike","animator:Strike","animator:Strike","animator:Defend","animator:Defend","animator:Defend","animator:Kazuma","animator:Aqua","animator:Azekura","animator:Spearman","animator:Archer+1","animator:Megumin","animator:HighElfArcher","animator:Priestess","animator:ShinjiMatou","animator:Illya","animator:Saber+1","animator:LizardPriest","animator:ShinjiMatou","animator:Mitsurugi","animator:Illya"],"relics":["animator:LivingPicture","animator:TheMissingPiece","NeowsBlessing","Busted Crown"],"acts_visited":["Exordium","TheCity"],"potions_floor_usage":[],"damage_taken":[{"damage":0,"enemies":"2 Louse","floor":1,"turns":1},{"damage":0,"enemies":"Cultist","floor":3,"turns":1},{"damage":0,"enemies":"Jaw Worm","floor":5,"turns":1},{"damage":18,"enemies":"Lots of Slimes","floor":7,"turns":4},{"damage":9,"enemies":"3 Louse","floor":11,"turns":4},{"damage":2,"enemies":"2 Fungi Beasts","floor":16,"turns":4},{"damage":60,"enemies":"The Guardian","floor":18,"turns":9},{"damage":28,"enemies":"3 Byrds","floor":20,"turns":6},{"damage":25,"enemies":"Shell Parasite","floor":21,"turns":5},{"damage":28,"enemies":"Snecko","floor":22,"turns":6}],"seed_played":"7921019895676707791","potions_obtained":[{"floor":3,"key":"SteroidPotion"},{"floor":5,"key":"Guardian:BlockOnCardUsePotion"}],"is_trial":false,"path_per_floor":["M","?","M","$","M","R","M","?","T","R","M","$","PTL","PTL","R","M","R","B",null,"M","M","M"],"character_chosen":"THE_ANIMATOR","items_purchased":["animator:Archer","animator:Megumin","animator:HighElfArcher","animator:Priestess"],"campfire_rested":1,"item_purchase_floors":[4,4,4,4],"current_hp_per_floor":[66,66,66,66,66,66,48,48,48,48,41,41,41,41,60,60,60,2,66,44,24,0,0],"gold":209,"neow_bonus":"THREE_ENEMY_KILL","is_daily":false,"chose_seed":false,"campfire_upgraded":2,"win_rate":0.0,"timestamp":1610320680,"path_taken":["M","?","?","$","?","R","M","?","T","R","?","$","PTL","PTL","R","M","R","BOSS","M","?","M"],"items_purchased_type":["Card","Card","Card","Card"],"build_version":"2020-12-22","purchased_purges":0,"victory":false,"max_hp_per_floor":[66,66,66,66,66,66,66,66,66,66,66,66,66,66,66,66,66,66,66,67,67,67,67],"card_choices":[{"not_picked":["animator:MumenRider","animator:FielNirvalen"],"picked":"animator:Azekura","floor":1},{"not_picked":["animator:Scar","animator:Caster"],"picked":"animator:Spearman","floor":3},{"not_picked":["animator:Vanir","animator:Mitsurugi"],"picked":"animator:ShinjiMatou","floor":5},{"not_picked":["animator:SakuraMatou","animator:Caster"],"picked":"animator:Illya","floor":7},{"not_picked":["animator:Tet","animator:MaesHughes"],"picked":"animator:LizardPriest","floor":11},{"not_picked":["animator:Tatsumaki","animator:Vanir"],"picked":"animator:ShinjiMatou","floor":16},{"not_picked":["animator:Boros","animator:Envy"],"picked":"animator:Eris","floor":18},{"not_picked":[],"picked":"animator:Mitsurugi","floor":20},{"not_picked":[],"picked":"animator:Illya","floor":21}],"player_experience":1340,"relics_obtained":[],"event_choices":[{"damage_healed":0,"gold_gain":100,"player_choice":"Pray","damage_taken":0,"max_hp_gain":0,"max_hp_loss":0,"event_name":"Golden Shrine","floor":2,"gold_loss":0},{"damage_healed":0,"gold_gain":0,"player_choice":"1 cards matched","damage_taken":0,"max_hp_gain":0,"max_hp_loss":0,"event_name":"Match and Keep!","floor":8,"gold_loss":0,"cards_obtained":["animator:Saber"]}],"is_beta":false,"boss_relics":[{"not_picked":["Replay:Drink Me","Sozu"],"picked":"Busted Crown"}],"items_purged_floors":[],"is_endless":false,"potions_floor_spawned":[3,5],"killed_by":"Snecko","ascension_level":0}}