{"host":"df48i9djcn92c5sx","time":1610288155,"event":{"mods":["BaseMod","Downfall","Marisa£®ÏF”Í°°ƒß¿Ì…≥£©","Minty Spire (QoL Compilation)","READ ME - Guardian Mod","READ ME - Snecko Mod","Reimu£®≤©¿ˆ¡È√Œ£©","Remilia£®¿Ÿ√◊¿Ú—«£©","Replay The Spire","Shop Mod","StSLib","The Jungle","The Servant 0.9.4"],"gold_per_floor":[99,99,99,99,99,99,99,99,129,143,163,163,163,176,196,196,196],"floor_reached":16,"playtime":459,"items_purged":[],"score":147,"play_id":"6a01d5c7-2dac-47b8-b807-ac586f2d6075","local_time":"20210110221555","is_ascension_mode":true,"campfire_choices":[{"data":"MasterSpark","floor":1,"key":"SMITH"},{"data":"ShootTheMoon","floor":6,"key":"SMITH"},{"floor":8,"key":"RECALL"},{"floor":13,"key":"REST"}],"circlet_count":0,"master_deck":["AscendersBane","Strike_MRS","Strike_MRS","Strike_MRS","Strike_MRS","Defend_MRS","Defend_MRS","Defend_MRS","Defend_MRS","MasterSpark+1","UpSweep","EnergyRecoil+1","ShootTheMoon+1","PulseMagic","OneTimeOff","GrandCross","BlazeAway"],"relics":["MiniHakkero","downfall:HeartsMalice","Omamori","Replay:Ringing Soul"],"acts_visited":["Exordium"],"potions_floor_usage":[16],"damage_taken":[{"damage":0,"enemies":"Small Slimes","floor":2,"turns":1},{"damage":0,"enemies":"Cultist","floor":3,"turns":1},{"damage":0,"enemies":"2 Louse","floor":5,"turns":1},{"damage":18,"enemies":"Lagavulin","floor":9,"turns":7},{"damage":17,"enemies":"Exordium Thugs","floor":10,"turns":5},{"damage":4,"enemies":"2 Fungi Beasts","floor":11,"turns":4},{"damage":0,"enemies":"Exordium Wildlife","floor":14,"turns":3},{"damage":3,"enemies":"Blue Slaver","floor":15,"turns":3},{"damage":22,"enemies":"downfall:Watcher","floor":16,"turns":5}],"seed_played":"5559419660268522789","potions_obtained":[{"floor":11,"key":"DistilledChaos"}],"is_trial":false,"path_per_floor":["R","M","M","?","M","R","T","R","E","M","M","?","R","M","M","B"],"character_chosen":"MARISA","items_purchased":[],"campfire_rested":1,"item_purchase_floors":[],"current_hp_per_floor":[68,68,68,68,68,68,68,68,50,33,29,22,44,47,47,25,25],"gold":196,"neow_bonus":"THREE_ENEMY_KILL","is_daily":false,"chose_seed":false,"campfire_upgraded":2,"win_rate":0.0,"timestamp":1610288155,"path_taken":["R","M","M","?","M","R","T","R","E","?","M","?","R","M","M","BOSS"],"items_purchased_type":[],"build_version":"2020-12-22","purchased_purges":0,"victory":false,"max_hp_per_floor":[75,75,75,75,75,75,75,75,75,75,75,75,75,78,81,81,81],"card_choices":[{"not_picked":["LuminesStrike","Acceleration"],"picked":"EnergyRecoil","floor":2},{"not_picked":["IllusionStar","StarlightTyphoon","DoubleSpark"],"picked":"SKIP","floor":3},{"not_picked":["PowerUp","DC"],"picked":"ShootTheMoon","floor":5},{"not_picked":["MysteriousBeam","GalacticHalo"],"picked":"PulseMagic","floor":9},{"not_picked":["Acceleration","UnstableBomb"],"picked":"OneTimeOff","floor":10},{"not_picked":["ChargeUpSpray","Orbital","GalacticHalo"],"picked":"SKIP","floor":11},{"not_picked":["Acceleration","UnstableBomb"],"picked":"GrandCross","floor":14},{"not_picked":["ShootingEcho","WitchOfGreed"],"picked":"BlazeAway","floor":15}],"player_experience":1415921,"relics_obtained":[{"floor":9,"key":"Omamori"}],"event_choices":[{"damage_healed":0,"gold_gain":0,"player_choice":"Upgraded","damage_taken":0,"max_hp_gain":0,"max_hp_loss":0,"event_name":"Upgrade Shrine","floor":4,"gold_loss":0,"cards_upgraded":["EnergyRecoil"]},{"damage_healed":0,"gold_gain":0,"player_choice":"Success","damage_taken":7,"relics_obtained":["Replay:Ringing Soul"],"max_hp_gain":0,"max_hp_loss":0,"event_name":"Scrap Ooze","floor":12,"gold_loss":0}],"is_beta":false,"boss_relics":[],"items_purged_floors":[],"is_endless":false,"potions_floor_spawned":[11],"killed_by":"downfall:Watcher","ascension_level":10}}