{"host":"irc1izoeqqttpzsx","time":1610276538,"event":{"mods":["2.2 Compatiblity","Act Like it!","Aspiration","Bard","BaseMod","Better Note","BetterRewards","Colored Map","Colored Powertips","Conspire","DeckTracker","Downfall","Duelist Mod","Filter the Spire","GifTheSpireLib","Hallownest","Highlight Path","Hubris","Infinite Spire","Jorbs\u0027s Wanderer Trilogy","Mad Scientist","Mimic Mod","Minty Spire (QoL Compilation)","Potionbrewer","Quick Restart","READ ME - Guardian Mod","Rare Cards Sparkle","Relic Sorter","Replay The Spire","Shop Mod","Spikes Relics","StSLib","SuperFastMode","The Bug Knight","The Construct","The Jungle","The Necromancer","The Servant 0.9.4","Trackpad","Uncapped"],"gold_per_floor":[116,127,144,163,173,202,202,202,202,202,213,19,39,49,49,154,154,170,38,52,52,2,2,13,13,13,25,57,57,73,88,88,185,185,203,221,12,25,44,44,44,44],"floor_reached":41,"playtime":2018,"items_purged":[],"score":471,"play_id":"cf3de67d-0839-4dfd-91f6-4ebb28c32c31","local_time":"20210110060218","is_ascension_mode":false,"campfire_choices":[{"data":"PathToVictory","floor":8,"key":"SMITH"},{"data":"SandsOfTime","floor":10,"key":"SMITH"},{"data":"PathToVictory","floor":15,"key":"SMITH"},{"data":"Replay:LoomingThreat","floor":23,"key":"SMITH"},{"data":"Vigilance","floor":25,"key":"SMITH"},{"data":"PathToVictory","floor":29,"key":"SMITH"},{"data":"WaveOfTheHand","floor":32,"key":"SMITH"},{"data":"MasterReality","floor":40,"key":"SMITH"}],"circlet_count":0,"master_deck":["Defend_P","Defend_P","Defend_P","Defend_P","Eruption","Vigilance+1","EmptyFist","Collect","Replay:LoomingThreat+1","Protect","SandsOfTime+1","PathToVictory+1","ClearTheMind","FlurryOfBlows","Swivel","PathToVictory+1","DeusExMachina","FlurryOfBlows","Perseverance","LikeWater+1","Replay:AtTheReady+1","FlurryOfBlows","PathToVictory+1","WaveOfTheHand+1","DeceiveReality+1","MasterReality+1","Crescendo+1","Replay:AtTheReady+1"],"relics":["PureWater","NeowsBlessing","Chameleon Ring","GremlinMask","FossilizedHelix","MerchantsRug","trackpad:StolenKidneys","infinitespire:ShieldingShard","aspiration:PoetsPen_weak","trackpad:ByrdBGone"],"acts_visited":["Exordium","TheCity","TheBeyond"],"potions_floor_usage":[31,33,33,33],"damage_taken":[{"damage":0,"enemies":"2 Louse","floor":1,"turns":2},{"damage":0,"enemies":"Cultist","floor":2,"turns":1},{"damage":0,"enemies":"Small Slimes","floor":3,"turns":1},{"damage":43,"enemies":"Gremlin Gang","floor":4,"turns":7},{"damage":3,"enemies":"Large Slime","floor":5,"turns":7},{"damage":6,"enemies":"Lagavulin","floor":6,"turns":7},{"damage":0,"enemies":"Red Slaver","floor":11,"turns":3},{"damage":0,"enemies":"Gremlin Gang","floor":13,"turns":5},{"damage":0,"enemies":"Large Slime","floor":14,"turns":5},{"damage":0,"enemies":"The Guardian","floor":16,"turns":8},{"damage":11,"enemies":"Spheric Guardian","floor":18,"turns":4},{"damage":0,"enemies":"Shell Parasite","floor":20,"turns":5},{"damage":7,"enemies":"Snake Plant","floor":24,"turns":4},{"damage":0,"enemies":"Snecko","floor":27,"turns":4},{"damage":5,"enemies":"Replay:Snechameleon","floor":28,"turns":5},{"damage":0,"enemies":"Centurion and Healer","floor":30,"turns":4},{"damage":0,"enemies":"Snake Plant","floor":31,"turns":3},{"damage":6,"enemies":"Collector","floor":33,"turns":9},{"damage":5,"enemies":"3 Shapes","floor":35,"turns":3},{"damage":0,"enemies":"Orb Walker","floor":36,"turns":5},{"damage":1,"enemies":"Jaw Worm Horde","floor":38,"turns":4},{"damage":7,"enemies":"Transient","floor":39,"turns":5},{"damage":117,"enemies":"Reptomancer","floor":41,"turns":4}],"seed_played":"3072697727325897658","potions_obtained":[{"floor":2,"key":"SteroidPotion"},{"floor":11,"key":"potionbrewer:NoxiousPotion"},{"floor":13,"key":"potionbrewer:ToxicPotion"},{"floor":24,"key":"SpeedPotion"},{"floor":28,"key":"Adrenaline Potion"},{"floor":31,"key":"potionbrewer:DiscountPotion"},{"floor":35,"key":"FairyPotion"}],"is_trial":false,"path_per_floor":["M","M","M","M","M","E","?","R","T","R","M","$","M","M","R","B",null,"M","$","M","?","?","R","M","R","T","M","E","R","M","M","R","B",null,"M","M","$","M","M","R","E"],"character_chosen":"WATCHER","items_purchased":["FlurryOfBlows","MerchantsRug","Perseverance","LikeWater+1","trackpad:ByrdBGone"],"campfire_rested":0,"item_purchase_floors":[12,12,19,19,37],"current_hp_per_floor":[72,72,72,29,26,20,20,20,20,20,20,20,20,20,20,20,72,61,61,61,61,61,61,54,54,54,54,49,49,49,49,49,43,72,67,67,67,66,59,59,0,0],"gold":44,"neow_bonus":"THREE_ENEMY_KILL","is_daily":false,"chose_seed":false,"campfire_upgraded":8,"win_rate":0.0,"timestamp":1610276538,"path_taken":["M","M","M","M","M","E","?","R","T","R","M","$","?","M","R","BOSS","M","$","?","?","?","R","M","R","T","?","E","R","M","M","R","BOSS","M","M","$","M","M","R","E"],"items_purchased_type":["Card","Relic","Card","Card","Relic"],"build_version":"2020-12-22","purchased_purges":0,"victory":false,"max_hp_per_floor":[72,72,72,72,72,72,72,72,72,72,72,72,72,72,72,72,72,72,72,72,72,72,72,72,72,72,72,72,72,72,72,72,72,72,72,72,72,72,72,72,72,72],"card_choices":[{"not_picked":["Replay:AtTheReady","ThirdEye"],"picked":"EmptyFist","floor":1},{"not_picked":["CarveReality","JustLucky"],"picked":"Collect","floor":2},{"not_picked":["EmptyBody","Evaluate"],"picked":"Replay:LoomingThreat","floor":3},{"not_picked":["Study","Fasting2"],"picked":"Protect","floor":4},{"not_picked":["FlyingSleeves","ReachHeaven"],"picked":"SandsOfTime","floor":5},{"not_picked":["Halt","Ragnarok"],"picked":"PathToVictory","floor":6},{"not_picked":["Prostrate","ReachHeaven"],"picked":"ClearTheMind","floor":11},{"not_picked":["WaveOfTheHand","EmptyBody"],"picked":"Swivel","floor":13},{"not_picked":["Replay:AtTheReady","CutThroughFate"],"picked":"PathToVictory","floor":14},{"not_picked":["ConjureBlade","Scrawl"],"picked":"DeusExMachina","floor":16},{"not_picked":["Replay:BluntJabs","JustLucky+1"],"picked":"FlurryOfBlows","floor":18},{"not_picked":["CarveReality","FollowUp"],"picked":"Replay:AtTheReady+1","floor":20},{"not_picked":["Replay:ManipulateFuture","Wallop"],"picked":"FlurryOfBlows","floor":24},{"not_picked":["FlurryOfBlows+1","Tantrum"],"picked":"PathToVictory","floor":27},{"not_picked":["Collect","Replay:Hum+1","Study"],"picked":"SKIP","floor":28},{"not_picked":["Tantrum","WindmillStrike"],"picked":"WaveOfTheHand","floor":30},{"not_picked":["FlyingSleeves+1","Replay:BluntJabs"],"picked":"DeceiveReality+1","floor":31},{"not_picked":["Brilliance","Vault"],"picked":"MasterReality","floor":33},{"not_picked":["JustLucky+1","Collect"],"picked":"Crescendo+1","floor":35},{"not_picked":["MentalFortress+1","SashWhip","Protect"],"picked":"SKIP","floor":36},{"not_picked":["Halt+1","Crescendo+1","Blasphemy"],"picked":"SKIP","floor":38},{"not_picked":["Nirvana+1","Halt+1"],"picked":"Replay:AtTheReady+1","floor":39}],"player_experience":593973,"relics_obtained":[{"floor":6,"key":"Chameleon Ring"},{"floor":9,"key":"FossilizedHelix"},{"floor":26,"key":"infinitespire:ShieldingShard"},{"floor":28,"key":"Damaru"}],"event_choices":[{"damage_healed":0,"gold_gain":0,"player_choice":"Trade","damage_taken":0,"relics_obtained":["GremlinMask"],"max_hp_gain":0,"max_hp_loss":0,"event_name":"FaceTrader","floor":7,"gold_loss":0},{"damage_healed":0,"gold_gain":0,"player_choice":"Ignored","damage_taken":0,"max_hp_gain":0,"max_hp_loss":0,"event_name":"betterNote:BetterNote","floor":21,"gold_loss":0,"cards_obtained":["expansioncontent:Collect"]},{"damage_healed":0,"gold_gain":0,"player_choice":"Bet on Murderer","damage_taken":0,"max_hp_gain":0,"max_hp_loss":0,"event_name":"The Joust","floor":22,"gold_loss":50}],"is_beta":false,"boss_relics":[{"not_picked":["Kintsugi","Cursed Key"],"picked":"trackpad:StolenKidneys"},{"not_picked":["Snecko Eye","aspiration:BardSkillbook"],"picked":"aspiration:PoetsPen_weak"}],"items_purged_floors":[],"is_endless":false,"potions_floor_spawned":[2,11,13,14,24,28,30,31,35],"killed_by":"Reptomancer","ascension_level":0}}