{"host":"pqhwp6kmk3x070f7","time":1610273301,"event":{"mods":["Act Like it!","BaseMod","Better Altar","Better Match","Better Note","Better Sensory Stone","Better Skull","Better Third Choice","Downfall","Energized Spire","Hubris","Infinite Spire","Minty Spire (QoL Compilation)","Replay The Spire","StSLib","The Administrix","The Caster","The Marked","The Poker Player","TheBandit"],"gold_per_floor":[117,117,117,37,50,50,61,61,61,88,165,175,191,209,226,238,238,238,238,238],"floor_reached":18,"playtime":1192,"items_purged":[],"score":116,"play_id":"7e083947-6586-4e28-84f8-c116b3d179a5","local_time":"20210110020821","is_ascension_mode":false,"metric_token":1298,"campfire_choices":[{"data":"PokerPlayerMod:ClubShade","floor":6,"key":"SMITH"},{"floor":17,"key":"REST"}],"circlet_count":0,"master_deck":["PokerPlayerMod:Diamond1","PokerPlayerMod:Diamond2","PokerPlayerMod:Diamond3","PokerPlayerMod:Diamond4","PokerPlayerMod:Diamond5","PokerPlayerMod:Spade1","PokerPlayerMod:Spade2","PokerPlayerMod:Spade3","PokerPlayerMod:Spade4","PokerPlayerMod:Club1","PokerPlayerMod:Club2","PokerPlayerMod:Heart2","PokerPlayerMod:TrumpStrike","PokerPlayerMod:BadJoker","PokerPlayerMod:Mulligan","Delirium","PokerPlayerMod:ClubShade+1","PokerPlayerMod:Manipulation","PokerPlayerMod:WildCard","PokerPlayerMod:FillThePot","PokerPlayerMod:Harden","PokerPlayerMod:DamnStraight"],"relics":["PokerPlayerMod:DeckCase","Ring of Hypnosis","ReplayTheSpireMod:Ring of Addiction","hubris:EmptyBottle","Toy Ornithopter","Darkstone Periapt","hubris:Reverence"],"acts_visited":["Exordium"],"potions_floor_usage":[7,10,10,10,12,13,16],"damage_taken":[{"damage":0,"enemies":"2 Louse","floor":1,"turns":2},{"damage":5,"enemies":"Cultist","floor":5,"turns":4},{"damage":4,"enemies":"Jaw Worm","floor":7,"turns":2},{"damage":12,"enemies":"Gremlin Nob","floor":10,"turns":3},{"damage":13,"enemies":"Blue Slaver","floor":12,"turns":3},{"damage":9,"enemies":"Looter","floor":13,"turns":3},{"damage":23,"enemies":"Large Slime","floor":14,"turns":7},{"damage":7,"enemies":"Gremlin Gang","floor":15,"turns":5},{"damage":3,"enemies":"Blue Slaver","floor":16,"turns":2},{"damage":31,"enemies":"Slime Boss","floor":18,"turns":3}],"seed_played":"2775182677902770738","potions_obtained":[{"floor":1,"key":"Toxic Potion"},{"floor":2,"key":"Dexterity Potion"},{"floor":2,"key":"Weak Potion"},{"floor":3,"key":"Toxic Potion"},{"floor":3,"key":"ColorlessPotion"},{"floor":3,"key":"Toxic Potion"},{"floor":15,"key":"Fire Potion"}],"is_trial":false,"path_per_floor":["M","?","?","$","M","R","M","PTL","PTL","E","T","M","M","M","M","M","R","B"],"character_chosen":"THE_POKER_PLAYER","items_purchased":["PokerPlayerMod:ClubShade"],"campfire_rested":1,"item_purchase_floors":[4],"current_hp_per_floor":[57,57,57,57,52,52,51,51,51,43,43,35,33,12,7,9,25,0,0,0],"gold":238,"neow_bonus":"TEN_PERCENT_HP_BONUS","is_daily":false,"chose_seed":false,"campfire_upgraded":1,"win_rate":0.0,"timestamp":1610273301,"path_taken":["M","?","?","$","M","R","M","PTL","PTL","E","T","?","M","M","M","M","R","BOSS"],"items_purchased_type":["Card"],"build_version":"2020-12-22","purchased_purges":0,"victory":false,"max_hp_per_floor":[57,57,57,57,57,55,55,55,55,55,55,55,55,55,55,55,55,55,55,55],"card_choices":[{"not_picked":["PokerPlayerMod:ClubsClub","PokerPlayerMod:Diamond2","PokerPlayerMod:Trickery"],"picked":"SKIP","floor":1},{"not_picked":["PokerPlayerMod:Club1","PokerPlayerMod:Spade1","PokerPlayerMod:Raise"],"picked":"SKIP","floor":5},{"not_picked":["PokerPlayerMod:Spade4","PokerPlayerMod:Diamond4"],"picked":"PokerPlayerMod:Manipulation","floor":7},{"not_picked":["PokerPlayerMod:Spade1","PokerPlayerMod:Heart6"],"picked":"PokerPlayerMod:WildCard","floor":10},{"not_picked":["PokerPlayerMod:MagicTrick","PokerPlayerMod:Club5"],"picked":"PokerPlayerMod:FillThePot","floor":12},{"not_picked":["PokerPlayerMod:Raise","PokerPlayerMod:Fold"],"picked":"PokerPlayerMod:Harden","floor":13},{"not_picked":["PokerPlayerMod:Diamond4","PokerPlayerMod:Diamond5","PokerPlayerMod:DiamondStrike"],"picked":"SKIP","floor":14},{"not_picked":["PokerPlayerMod:Spade1","PokerPlayerMod:Spade4"],"picked":"PokerPlayerMod:DamnStraight","floor":15},{"not_picked":["PokerPlayerMod:Diamond1","PokerPlayerMod:Spade4","PokerPlayerMod:Harden"],"picked":"SKIP","floor":16}],"player_experience":1384312,"relics_obtained":[{"floor":2,"key":"Ring of Hypnosis"},{"floor":2,"key":"ReplayTheSpireMod:Ring of Addiction"},{"floor":2,"key":"hubris:EmptyBottle"},{"floor":2,"key":"Toy Ornithopter"},{"floor":10,"key":"Darkstone Periapt"},{"floor":11,"key":"hubris:Reverence"}],"event_choices":[{"damage_healed":0,"gold_gain":0,"player_choice":"Got Potions","damage_taken":0,"max_hp_gain":0,"max_hp_loss":0,"event_name":"Lab","floor":3,"gold_loss":0}],"is_beta":false,"boss_relics":[],"items_purged_floors":[],"is_endless":false,"potions_floor_spawned":[1,7,15],"killed_by":"Slime Boss","ascension_level":0}}