{"host":"mydft8i2zzydgggw","time":1610323191,"event":{"mods":["AchievementEnabler","BaseMod","BetterRewards","Colored Map","Colored Powertips","DeckTracker","Keyboard Shortcuts","Minty Spire (QoL Compilation)","Rare Cards Sparkle","StSLib","SuperFastMode","everything is the same but u backflip on backflip"],"gold_per_floor":[116,191,191,209,209,209,234,303,383,433,433,449,466,477,477,477,577,577,561,536,240,251,301,335,335,335,335],"floor_reached":26,"playtime":600,"items_purged":["Strike_R"],"score":283,"play_id":"9c87edca-edd1-4e33-8207-000ee18ed81d","local_time":"20210111085951","is_ascension_mode":true,"campfire_choices":[{"data":"Body Slam","floor":6.0,"key":"SMITH"},{"floor":11.0,"key":"REST"},{"data":"Barricade","floor":16.0,"key":"SMITH"},{"floor":25,"key":"REST"}],"circlet_count":0,"master_deck":["Strike_R","Strike_R","Defend_R","Defend_R","Defend_R","Defend_R","Bash","Barricade+1","Body Slam+1","Spot Weakness","Double Tap","Shrug It Off","Body Slam+1","Body Slam"],"relics":["Burning Blood","SsserpentHead","Art of War","Pantograph","Philosopher\u0027s Stone","Lee\u0027s Waffle","Oddly Smooth Stone"],"acts_visited":["Exordium","TheCity"],"potions_floor_usage":[24,24],"damage_taken":[{"damage":13.0,"enemies":"Jaw Worm","floor":1.0,"turns":4.0},{"damage":3.0,"enemies":"2 Louse","floor":4.0,"turns":3.0},{"damage":46.0,"enemies":"Gremlin Nob","floor":7.0,"turns":5.0},{"damage":6.0,"enemies":"Cultist","floor":8.0,"turns":4.0},{"damage":0.0,"enemies":"Large Slime","floor":12.0,"turns":3.0},{"damage":22.0,"enemies":"Red Slaver","floor":13.0,"turns":5.0},{"damage":13.0,"enemies":"3 Louse","floor":14.0,"turns":5.0},{"damage":23.0,"enemies":"Slime Boss","floor":17.0,"turns":11.0},{"damage":33.0,"enemies":"2 Thieves","floor":19.0,"turns":4.0},{"damage":6.0,"enemies":"Chosen","floor":22.0,"turns":4.0},{"damage":72,"enemies":"Book of Stabbing","floor":24,"turns":6},{"damage":50,"enemies":"Gremlin Leader","floor":26,"turns":6}],"seed_played":"1826730686068325611","potions_obtained":[{"floor":4.0,"key":"Swift Potion"},{"floor":8.0,"key":"SpeedPotion"},{"floor":10.0,"key":"AttackPotion"},{"floor":10.0,"key":"LiquidMemories"},{"floor":13.0,"key":"Swift Potion"}],"is_trial":false,"path_per_floor":["M","?","?","M","?","R","E","M","T","?","R","M","M","M","M","R","B",null,"M","?","$","M","?","E","R","E"],"character_chosen":"IRONCLAD","items_purchased":["Lee\u0027s Waffle","LiquidBronze"],"campfire_rested":2,"item_purchase_floors":[21,21],"current_hp_per_floor":[65,54,54,57,57,57,17,17,17,17,38,44,28,21,21,21,29,61,34,34,79,79,79,13,36,0,0],"gold":335,"neow_bonus":"THREE_RARE_CARDS","is_daily":false,"chose_seed":false,"campfire_upgraded":2,"win_rate":0.0,"timestamp":1610323191,"path_taken":["M","?","?","M","?","R","E","?","T","?","R","M","M","M","M","R","BOSS","M","?","$","M","?","E","R","E"],"items_purchased_type":["Relic","Potion"],"build_version":"2020-12-22","purchased_purges":1,"victory":false,"max_hp_per_floor":[72,72,72,72,72,72,72,72,72,72,72,72,72,72,72,72,72,72,72,72,79,79,79,79,79,79,79],"card_choices":[{"not_picked":["Limit Break","Double Tap"],"picked":"Barricade","floor":0.0},{"not_picked":["Clothesline","Flex"],"picked":"Body Slam","floor":1.0},{"not_picked":["Sever Soul","Burning Pact","Iron Wave"],"picked":"SKIP","floor":4.0},{"not_picked":["Headbutt","Second Wind","Combust"],"picked":"SKIP","floor":7.0},{"not_picked":["Infernal Blade","Warcry","Cleave"],"picked":"SKIP","floor":8.0},{"not_picked":["Intimidate","Clash","Blood for Blood"],"picked":"SKIP","floor":12.0},{"not_picked":["Clash","Perfected Strike","Wild Strike"],"picked":"SKIP","floor":13.0},{"not_picked":["Heavy Blade","Wild Strike"],"picked":"Spot Weakness","floor":14.0},{"not_picked":["Feed","Corruption"],"picked":"Double Tap","floor":17.0},{"not_picked":["True Grit","Bloodletting+1"],"picked":"Shrug It Off","floor":19.0},{"not_picked":["Perfected Strike","Second Wind+1"],"picked":"Body Slam","floor":22.0},{"not_picked":["Spot Weakness","Infernal Blade+1"],"picked":"Body Slam","floor":24}],"player_experience":158148,"relics_obtained":[{"floor":7.0,"key":"Art of War"},{"floor":9.0,"key":"Pantograph"},{"floor":24,"key":"Oddly Smooth Stone"}],"event_choices":[{"damage_healed":0.0,"max_hp_gain":0.0,"max_hp_loss":0.0,"gold_gain":75.0,"event_name":"World of Goop","player_choice":"Gather Gold","floor":2.0,"gold_loss":0.0,"damage_taken":11.0},{"cards_removed":["Strike_R"],"damage_healed":0.0,"max_hp_gain":0.0,"max_hp_loss":0.0,"gold_gain":0.0,"event_name":"Living Wall","player_choice":"Forget","floor":3.0,"gold_loss":0.0,"damage_taken":0.0},{"damage_healed":0.0,"max_hp_gain":0.0,"max_hp_loss":0.0,"gold_gain":0.0,"event_name":"FaceTrader","player_choice":"Trade","floor":5.0,"gold_loss":0.0,"damage_taken":0.0,"relics_obtained":["SsserpentHead"]},{"damage_healed":0.0,"max_hp_gain":0.0,"max_hp_loss":0.0,"gold_gain":0.0,"event_name":"Lab","player_choice":"Got Potions","floor":10.0,"gold_loss":0.0,"damage_taken":0.0},{"cards_removed":["Strike_R"],"damage_healed":0.0,"max_hp_gain":0.0,"max_hp_loss":0.0,"gold_gain":0.0,"event_name":"Beggar","player_choice":"Gave Gold","floor":20.0,"gold_loss":75.0,"damage_taken":0.0},{"damage_healed":0.0,"max_hp_gain":0.0,"max_hp_loss":0.0,"gold_gain":0.0,"event_name":"Upgrade Shrine","player_choice":"Upgraded","floor":23.0,"gold_loss":0.0,"damage_taken":0.0,"cards_upgraded":["Body Slam"]}],"is_beta":false,"boss_relics":[{"not_picked":["Fusion Hammer","Tiny House"],"picked":"Philosopher\u0027s Stone"}],"items_purged_floors":[21],"is_endless":false,"potions_floor_spawned":[4,8,13],"killed_by":"Gremlin Leader","ascension_level":5}}