{"host":"t7mx8yfj1no5p62f","time":1610261320,"event":{"mods":["BaseMod","Colored Map","Colored Powertips","Minty Spire (QoL Compilation)","Relic Stats","StSLib"],"gold_per_floor":[109,109,123,123,140,140,153,180,180,180,7,60,21,46,46,46,46],"floor_reached":16,"playtime":375,"items_purged":[],"score":216,"play_id":"4cd5a034-8c2f-4b7d-a50e-f0b4a92287f1","local_time":"20210110014840","is_ascension_mode":true,"campfire_choices":[{"data":"Ball Lightning","floor":6,"key":"SMITH"},{"data":"Defragment","floor":10,"key":"SMITH"},{"data":"Go for the Eyes","floor":15,"key":"SMITH"}],"circlet_count":0,"master_deck":["AscendersBane","Strike_B","Strike_B","Strike_B","Strike_B","Defend_B","Defend_B","Defend_B","Defend_B","Zap","Dualcast","Conserve Battery","Ball Lightning+1","Cold Snap","Go for the Eyes+1","Defragment+1","Melter"],"relics":["SacredBark","StrikeDummy","Happy Flower","Mercury Hourglass","ClockworkSouvenir","Anchor"],"acts_visited":["Exordium"],"potions_floor_usage":[14,14],"damage_taken":[{"damage":4.0,"enemies":"Jaw Worm","floor":1.0,"turns":5.0},{"damage":7,"enemies":"Small Slimes","floor":3,"turns":4},{"damage":0,"enemies":"Cultist","floor":5,"turns":3},{"damage":1,"enemies":"2 Fungi Beasts","floor":7,"turns":3},{"damage":13,"enemies":"Lagavulin","floor":8,"turns":6},{"damage":2,"enemies":"Gremlin Nob","floor":14,"turns":3},{"damage":27,"enemies":"Hexaghost","floor":16,"turns":9}],"seed_played":"-185834812476598027","potions_obtained":[{"floor":7,"key":"Swift Potion"},{"floor":8,"key":"BlessingOfTheForge"}],"is_trial":false,"path_per_floor":["M","?","M","?","M","R","M","E","T","R","$","?","?","E","R","B"],"character_chosen":"DEFECT","items_purchased":["ClockworkSouvenir"],"campfire_rested":0,"item_purchase_floors":[11],"current_hp_per_floor":[60,49,42,42,42,42,41,28,28,28,28,28,28,26,26,0,0],"gold":46,"neow_bonus":"BOSS_RELIC","is_daily":false,"chose_seed":false,"campfire_upgraded":3,"win_rate":0.0,"timestamp":1610261320,"path_taken":["M","?","M","?","M","R","?","E","T","R","$","?","?","E","R","BOSS"],"items_purchased_type":["Relic"],"build_version":"2020-12-22","purchased_purges":0,"victory":false,"max_hp_per_floor":[71,71,71,71,71,71,71,71,71,71,71,71,71,71,71,71,71],"relic_stats":{"Happy Flower":[4],"counters":[7,33],"obtain_stats":[{"Anchor":14,"Happy Flower":8,"SacredBark":0,"Cracked Core":0,"StrikeDummy":2,"Mercury Hourglass":9,"ClockworkSouvenir":11},{"Anchor":6,"Happy Flower":5,"SacredBark":0,"Cracked Core":0,"StrikeDummy":1,"Mercury Hourglass":5,"ClockworkSouvenir":5},{"Anchor":24,"Happy Flower":21,"SacredBark":0,"Cracked Core":0,"StrikeDummy":5,"Mercury Hourglass":21,"ClockworkSouvenir":21}],"Mercury Hourglass":[33]},"card_choices":[{"not_picked":["Steam","Hello World"],"picked":"Conserve Battery","floor":1.0},{"not_picked":["Rip and Tear","Go for the Eyes"],"picked":"Ball Lightning","floor":3},{"not_picked":["Gash","Meteor Strike"],"picked":"Cold Snap","floor":5},{"not_picked":["Steam","Turbo"],"picked":"Go for the Eyes","floor":7},{"not_picked":["Ball Lightning","Steam Power"],"picked":"Defragment","floor":8},{"not_picked":["Reboot","Fusion"],"picked":"Melter","floor":14}],"player_experience":1705575,"relics_obtained":[{"floor":8,"key":"Happy Flower"},{"floor":9,"key":"Mercury Hourglass"},{"floor":14,"key":"Anchor"}],"event_choices":[{"damage_healed":0.0,"max_hp_gain":0.0,"max_hp_loss":0.0,"gold_gain":0.0,"event_name":"Scrap Ooze","player_choice":"Success","floor":2.0,"gold_loss":0.0,"damage_taken":11.0,"relics_obtained":["StrikeDummy"]},{"damage_healed":0,"gold_gain":0,"player_choice":"0 cards matched","damage_taken":0,"max_hp_gain":0,"max_hp_loss":0,"event_name":"Match and Keep!","floor":4,"gold_loss":0,"cards_obtained":[]},{"damage_healed":0,"gold_gain":53,"player_choice":"Gained Gold","damage_taken":0,"max_hp_gain":0,"max_hp_loss":0,"event_name":"Golden Wing","floor":12,"gold_loss":0},{"damage_healed":0,"gold_gain":0,"player_choice":"Left Gold","damage_taken":0,"max_hp_gain":0,"max_hp_loss":0,"event_name":"World of Goop","floor":13,"gold_loss":39}],"is_beta":false,"boss_relics":[],"items_purged_floors":[],"is_endless":false,"potions_floor_spawned":[7,8],"killed_by":"Hexaghost","ascension_level":20}}