{"host":"3a1ypf1irl30q4k8","time":1610288690,"event":{"mods":["AchievementEnabler","BaseMod","Bestiary","Colored Map","Minty Spire (QoL Compilation)","Relic Stats"],"gold_per_floor":[369,96,96,46,62,91,91,166,190,265,285,285,323,350,350,460,460,482,518,518,540,563,602,602,641,667,687,696,725,725,746,746,851,923,942,942,773,832,122,159,381,409,434,434,467,486,522,541,541,541,541],"floor_reached":50,"playtime":5243,"items_purged":["Strike_G","Concentrate","Setup"],"score":706,"play_id":"f1584132-c29d-4c74-90a8-e46c4eea9f61","local_time":"20210110142450","is_ascension_mode":true,"campfire_choices":[{"data":"Dash","floor":7,"key":"SMITH"},{"floor":12,"key":"REST"},{"data":"Predator","floor":15,"key":"SMITH"},{"floor":24,"key":"REST"},{"data":"After Image","floor":30,"key":"SMITH"},{"data":"Night Terror","floor":32,"key":"SMITH"},{"floor":44,"key":"REST"},{"floor":49,"key":"RECALL"}],"circlet_count":0,"master_deck":["Survivor","Neutralize","Dash+1","Dagger Spray","PiercingWail","Prepared","Well Laid Plans","Predator+1","Footwork","Blade Dance","After Image+1","Bullet Time","PiercingWail+1","Dagger Throw","Acrobatics+1","All Out Attack+1","Choke+1","Accuracy+1","WheelKick+1","Night Terror+1","A Thousand Cuts","Dodge and Roll","Well Laid Plans","Deadly Poison","Doppelganger","Adrenaline","Catalyst","Escape Plan","Accuracy+1","Apotheosis","Tactician+1","Footwork","Terror+1","Dodge and Roll+1"],"relics":["Ring of the Snake","Bag of Preparation","Happy Flower","CeramicFish","Philosopher\u0027s Stone","Red Mask","Blood Vial","Akabeko","Pen Nib","Bronze Scales","Pandora\u0027s Box","WingedGreaves","Bottled Tornado","Toolbox","Shuriken","Sundial","Strawberry","Bag of Marbles","CaptainsWheel"],"acts_visited":["Exordium","TheCity","TheBeyond"],"potions_floor_usage":[6,16,23,40,42,48,48],"damage_taken":[{"damage":0,"enemies":"2 Louse","floor":1,"turns":4},{"damage":2,"enemies":"Small Slimes","floor":5,"turns":4},{"damage":22,"enemies":"Lagavulin","floor":6,"turns":7},{"damage":0,"enemies":"Jaw Worm","floor":11,"turns":3},{"damage":3,"enemies":"Gremlin Nob","floor":13,"turns":4},{"damage":0,"enemies":"Looter","floor":14,"turns":4},{"damage":3,"enemies":"The Guardian","floor":16,"turns":15},{"damage":6,"enemies":"Shell Parasite","floor":18,"turns":6},{"damage":0,"enemies":"Masked Bandits","floor":19,"turns":4},{"damage":8,"enemies":"Spheric Guardian","floor":21,"turns":5},{"damage":9,"enemies":"Shelled Parasite and Fungi","floor":22,"turns":5},{"damage":20,"enemies":"Book of Stabbing","floor":23,"turns":8},{"damage":4,"enemies":"Gremlin Leader","floor":25,"turns":6},{"damage":0,"enemies":"Centurion and Healer","floor":27,"turns":4},{"damage":3,"enemies":"Slavers","floor":29,"turns":5},{"damage":1,"enemies":"Snake Plant","floor":31,"turns":3},{"damage":1,"enemies":"Automaton","floor":33,"turns":10},{"damage":2,"enemies":"Orb Walker","floor":35,"turns":4},{"damage":0,"enemies":"Mind Bloom Boss Battle","floor":38,"turns":4},{"damage":0,"enemies":"Nemesis","floor":40,"turns":5},{"damage":45,"enemies":"Reptomancer","floor":42,"turns":4},{"damage":9,"enemies":"Giant Head","floor":45,"turns":6},{"damage":2,"enemies":"3 Shapes","floor":46,"turns":2},{"damage":43,"enemies":"Reptomancer","floor":47,"turns":5},{"damage":0,"enemies":"3 Darklings","floor":48,"turns":3},{"damage":30,"enemies":"Time Eater","floor":50,"turns":13}],"seed_played":"136472850589160398","potions_obtained":[{"floor":5,"key":"DistilledChaos"},{"floor":11,"key":"GamblersBrew"},{"floor":13,"key":"Weak Potion"},{"floor":14,"key":"Ancient Potion"},{"floor":18,"key":"Strength Potion"},{"floor":27,"key":"GhostInAJar"},{"floor":29,"key":"Weak Potion"},{"floor":42,"key":"Fire Potion"},{"floor":45,"key":"LiquidMemories"}],"is_trial":false,"path_per_floor":["M","$","?","?","M","E","R","?","T","?","M","R","E","M","R","B",null,"M","?","T","M","M","E","R","E","T","M","?","E","R","M","R","B",null,"M","?","$","?","$","E","?","E","T","R","E","M","E","M","R","B"],"character_chosen":"THE_SILENT","items_purchased":["Dagger Spray","PiercingWail","Prepared","Well Laid Plans","Escape Plan","Apotheosis","Bottled Tornado","Toolbox"],"campfire_rested":3,"item_purchase_floors":[2,2,2,2,37,39,39,39],"current_hp_per_floor":[49,49,49,49,47,25,25,14,14,14,14,35,32,32,32,29,70,64,64,64,56,47,27,48,46,46,48,48,47,47,48,48,49,70,68,68,68,70,70,70,70,25,32,55,48,48,7,9,9,0,0],"gold":541,"neow_bonus":"TWO_FIFTY_GOLD","is_daily":false,"chose_seed":false,"campfire_upgraded":4,"win_rate":0.0,"timestamp":1610288690,"path_taken":["M","$","?","?","M","E","R","?","T","?","M","R","E","M","R","BOSS","M","?","?","M","M","E","R","E","T","M","?","E","R","?","R","BOSS","M","?","$","?","$","E","?","E","T","R","E","M","E","M","R","BOSS"],"items_purchased_type":["Card","Card","Card","Card","Card","Card","Relic","Relic"],"build_version":"2020-12-22","purchased_purges":3,"victory":false,"max_hp_per_floor":[70,70,70,70,70,70,70,70,70,70,70,70,70,70,70,70,70,70,70,70,70,70,70,70,70,70,70,70,70,70,70,70,70,70,70,70,70,70,70,70,70,70,77,77,77,77,77,77,77,77,77],"relic_stats":{"Blood Vial":22,"Happy Flower":[42],"counters":[26,143],"Shuriken":[12],"Sundial":[4],"CeramicFish":243,"Bronze Scales":[190],"Pandora\u0027s Box":["Concentrate","Dodge and Roll","Setup","Well Laid Plans","Deadly Poison","Doppelganger","Adrenaline","Catalyst"],"Pen Nib":[14],"Bag of Preparation":[46],"obtain_stats":[{"Happy Flower":9,"CeramicFish":13,"Pen Nib":26,"Bag of Preparation":6,"Bottled Tornado":39,"Akabeko":25,"Blood Vial":23,"CaptainsWheel":47,"Shuriken":40,"Sundial":42,"Bronze Scales":29,"Strawberry":43,"Toolbox":39,"Philosopher\u0027s Stone":17,"Pandora\u0027s Box":34,"WingedGreaves":38,"Red Mask":19,"Bag of Marbles":45,"Ring of the Snake":0},{"Happy Flower":3,"CeramicFish":5,"Pen Nib":13,"Bag of Preparation":3,"Bottled Tornado":19,"Akabeko":13,"Blood Vial":12,"CaptainsWheel":24,"Shuriken":20,"Sundial":21,"Bronze Scales":15,"Strawberry":21,"Toolbox":19,"Philosopher\u0027s Stone":7,"Pandora\u0027s Box":17,"WingedGreaves":19,"Red Mask":9,"Bag of Marbles":22,"Ring of the Snake":0},{"Happy Flower":15,"CeramicFish":22,"Pen Nib":75,"Bag of Preparation":15,"Bottled Tornado":105,"Akabeko":75,"Blood Vial":69,"CaptainsWheel":127,"Shuriken":110,"Sundial":114,"Bronze Scales":84,"Strawberry":114,"Toolbox":105,"Philosopher\u0027s Stone":41,"Pandora\u0027s Box":97,"WingedGreaves":105,"Red Mask":51,"Bag of Marbles":120,"Ring of the Snake":0}],"Ring of the Snake":[52]},"card_choices":[{"not_picked":["Dagger Spray","Accuracy"],"picked":"Dash","floor":1},{"not_picked":["Bane","Concentrate"],"picked":"Predator","floor":5},{"not_picked":["Deadly Poison","Flying Knee"],"picked":"Footwork","floor":6},{"not_picked":["Outmaneuver","Prepared"],"picked":"Blade Dance","floor":11},{"not_picked":["Infinite Blades","Dagger Throw"],"picked":"After Image","floor":13},{"not_picked":["Expertise","Slice"],"picked":"Acrobatics","floor":14},{"not_picked":["Night Terror","Wraith Form v2"],"picked":"Bullet Time","floor":16},{"not_picked":["Dodge and Roll+1","Sucker Punch"],"picked":"PiercingWail+1","floor":18},{"not_picked":["Backstab","Poisoned Stab"],"picked":"Dagger Throw","floor":19},{"not_picked":["Cloak And Dagger","Dagger Spray"],"picked":"Acrobatics+1","floor":21},{"not_picked":["Catalyst","Cloak And Dagger+1"],"picked":"All Out Attack+1","floor":22},{"not_picked":["Endless Agony","Outmaneuver"],"picked":"Choke+1","floor":23},{"not_picked":["Slice","Bane"],"picked":"Accuracy+1","floor":25},{"not_picked":["Catalyst","Bane","All Out Attack+1"],"picked":"SKIP","floor":27},{"not_picked":["Prepared","Poisoned Stab","Deadly Poison"],"picked":"SKIP","floor":29},{"not_picked":["Dagger Throw","Poisoned Stab+1"],"picked":"Night Terror","floor":31},{"not_picked":["Malaise","After Image"],"picked":"A Thousand Cuts","floor":33},{"not_picked":["Endless Agony+1","Riddle With Holes","Underhanded Strike"],"picked":"SKIP","floor":35},{"not_picked":["Underhanded Strike+1","Cloak And Dagger"],"picked":"Accuracy+1","floor":38},{"not_picked":["All Out Attack+1","Backstab"],"picked":"Tactician+1","floor":40},{"not_picked":["Bouncing Flask","Flying Knee+1","Riddle With Holes+1"],"picked":"SKIP","floor":42},{"not_picked":["Bouncing Flask+1","Deadly Poison+1","Blade Dance+1"],"picked":"SKIP","floor":45},{"not_picked":["PiercingWail+1","Backstab"],"picked":"Footwork","floor":46},{"not_picked":["Tools of the Trade","Malaise"],"picked":"Terror+1","floor":47},{"not_picked":["Quick Slash","Blade Dance"],"picked":"Dodge and Roll+1","floor":48}],"player_experience":1010254,"relics_obtained":[{"floor":6,"key":"Bag of Preparation"},{"floor":9,"key":"Happy Flower"},{"floor":13,"key":"CeramicFish"},{"floor":19,"key":"Red Mask"},{"floor":23,"key":"Blood Vial"},{"floor":25,"key":"Akabeko"},{"floor":26,"key":"Pen Nib"},{"floor":29,"key":"Bronze Scales"},{"floor":38,"key":"WingedGreaves"},{"floor":40,"key":"Shuriken"},{"floor":42,"key":"Sundial"},{"floor":43,"key":"Strawberry"},{"floor":45,"key":"Bag of Marbles"},{"floor":47,"key":"CaptainsWheel"}],"event_choices":[{"damage_healed":0,"gold_gain":0,"player_choice":"Fled","damage_taken":0,"max_hp_gain":0,"max_hp_loss":0,"event_name":"Scrap Ooze","floor":3,"gold_loss":0},{"cards_removed":["Strike_G"],"damage_healed":0,"gold_gain":0,"player_choice":"Card Removal","damage_taken":0,"max_hp_gain":0,"max_hp_loss":0,"event_name":"The Cleric","floor":4,"gold_loss":50},{"damage_healed":0,"gold_gain":75,"player_choice":"Gather Gold","damage_taken":11,"max_hp_gain":0,"max_hp_loss":0,"event_name":"World of Goop","floor":8,"gold_loss":0},{"damage_healed":0,"gold_gain":75,"player_choice":"Gained Gold","damage_taken":0,"max_hp_gain":0,"max_hp_loss":0,"event_name":"Golden Wing","floor":10,"gold_loss":0},{"damage_healed":0,"gold_gain":0,"player_choice":"Fought Bandits","damage_taken":0,"max_hp_gain":0,"max_hp_loss":0,"event_name":"Masked Bandits","floor":19,"gold_loss":0},{"cards_removed":["Acrobatics"],"damage_healed":0,"gold_gain":0,"player_choice":"Took Card","damage_taken":0,"max_hp_gain":0,"max_hp_loss":0,"event_name":"NoteForYourself","floor":28,"gold_loss":0,"cards_obtained":["WheelKick"]},{"damage_healed":0,"gold_gain":0,"player_choice":"0 cards matched","damage_taken":0,"max_hp_gain":0,"max_hp_loss":0,"event_name":"Match and Keep!","floor":36,"gold_loss":0,"cards_obtained":[]},{"damage_healed":0,"gold_gain":0,"player_choice":"Fight","damage_taken":0,"max_hp_gain":0,"max_hp_loss":0,"event_name":"MindBloom","floor":38,"gold_loss":0},{"damage_healed":0,"gold_gain":222,"player_choice":"Wore Mask","damage_taken":0,"max_hp_gain":0,"max_hp_loss":0,"event_name":"Tomb of Lord Red Mask","floor":41,"gold_loss":0}],"is_beta":false,"boss_relics":[{"not_picked":["WristBlade","Empty Cage"],"picked":"Philosopher\u0027s Stone"},{"not_picked":["Tiny House","HoveringKite"],"picked":"Pandora\u0027s Box"}],"items_purged_floors":[2,37,39],"is_endless":false,"potions_floor_spawned":[5,11,13,14,18,27,29,42,45,47],"killed_by":"Time Eater","ascension_level":1}}