{"host":"xnrw1j8ho83czkv7","time":1610319346,"event":{"mods":["AchievementEnabler","BaseMod","Colored Map","Colored Powertips","Minty Spire (QoL Compilation)","Quick Restart","StSLib"],"gold_per_floor":[115,190,115,115,126,126,26,56,56,56,69,85,85,103,103,206,206,218,218,218,55,74,74,85,85,110,135,152,182,182,32,32,32,32],"floor_reached":33,"playtime":1608,"items_purged":["Strike_B","Strike_B","Defend_B","Defend_B"],"score":354,"play_id":"a568a623-240a-4d1d-b789-6e712b737283","local_time":"20210110225546","is_ascension_mode":true,"campfire_choices":[{"data":"Dualcast","floor":6,"key":"SMITH"},{"data":"Zap","floor":10,"key":"SMITH"},{"data":"Conserve Battery","floor":15,"key":"SMITH"},{"data":"Defragment","floor":23,"key":"SMITH"},{"data":"Reinforced Body","floor":30,"key":"SMITH"},{"data":"FTL","floor":32,"key":"SMITH"}],"circlet_count":0,"master_deck":["Defend_B","Defend_B+1","Zap+1","Dualcast+1","Impatience+1","Conserve Battery+1","FTL+1","Lockon+1","Defragment+1","Reinforced Body+1"],"relics":["Cracked Core","Matryoshka","Pear","Tiny Chest","Busted Crown","Nunchaku","Boot","Enchiridion","War Paint","Strawberry","Bottled Lightning"],"acts_visited":["Exordium","TheCity"],"potions_floor_usage":[16,22,28,29],"damage_taken":[{"damage":8,"enemies":"2 Louse","floor":1,"turns":3},{"damage":0,"enemies":"Cultist","floor":5,"turns":3},{"damage":32,"enemies":"3 Sentries","floor":8,"turns":11},{"damage":0,"enemies":"Jaw Worm","floor":11,"turns":4},{"damage":0,"enemies":"2 Fungi Beasts","floor":12,"turns":3},{"damage":0,"enemies":"Exordium Wildlife","floor":14,"turns":3},{"damage":0,"enemies":"The Guardian","floor":16,"turns":11},{"damage":4,"enemies":"Spheric Guardian","floor":18,"turns":5},{"damage":5,"enemies":"Chosen","floor":22,"turns":3},{"damage":8,"enemies":"Snake Plant","floor":24,"turns":3},{"damage":4,"enemies":"Cultist and Chosen","floor":28,"turns":5},{"damage":37,"enemies":"Gremlin Leader","floor":29,"turns":8},{"damage":24,"enemies":"Collector","floor":33,"turns":3}],"seed_played":"-5062729916137960112","potions_obtained":[{"floor":5,"key":"Ancient Potion"},{"floor":12,"key":"DistilledChaos"},{"floor":16,"key":"LiquidMemories"},{"floor":18,"key":"ColorlessPotion"},{"floor":28,"key":"Swift Potion"}],"is_trial":false,"path_per_floor":["M","?","$","?","M","R","$","E","T","R","M","M","?","M","R","B",null,"M","T","?","$","M","R","M","?","T","T","M","E","R","$","R","B"],"character_chosen":"DEFECT","items_purchased":["Defragment"],"campfire_rested":0,"item_purchase_floors":[21],"current_hp_per_floor":[67,56,56,56,56,56,56,24,34,34,34,34,27,27,27,27,85,81,81,81,81,76,76,68,52,52,59,55,18,18,18,18,0,0],"gold":32,"neow_bonus":"RANDOM_COLORLESS","is_daily":false,"chose_seed":false,"campfire_upgraded":6,"win_rate":0.0,"timestamp":1610319346,"path_taken":["M","?","$","?","M","R","$","E","T","R","?","?","?","M","R","BOSS","M","?","?","?","M","R","M","?","T","?","?","E","R","$","R","BOSS"],"items_purchased_type":["Card"],"build_version":"2020-12-22","purchased_purges":4,"victory":false,"max_hp_per_floor":[75,75,75,75,75,75,75,75,85,85,85,85,85,85,85,85,85,85,85,85,85,85,85,85,85,85,92,92,92,92,92,92,92,92],"card_choices":[{"not_picked":["Bandage Up","Swift Strike"],"picked":"Impatience","floor":0},{"not_picked":["Tempest","Stack"],"picked":"Conserve Battery","floor":1},{"not_picked":["Beam Cell","Compile Driver","Rip and Tear"],"picked":"SKIP","floor":5},{"not_picked":["Blizzard","Darkness","Buffer"],"picked":"SKIP","floor":8},{"not_picked":["Blizzard","Darkness","Buffer"],"picked":"SKIP","floor":8},{"not_picked":["Leap","Steam","Auto Shields"],"picked":"SKIP","floor":11},{"not_picked":["Chaos","Compile Driver"],"picked":"FTL","floor":12},{"not_picked":["Lockon","Cold Snap","Stack"],"picked":"SKIP","floor":14},{"not_picked":[],"picked":"Lockon+1","floor":18},{"not_picked":["Gash+1"],"picked":"SKIP","floor":22},{"not_picked":["Gash+1"],"picked":"SKIP","floor":22},{"not_picked":["Streamline+1"],"picked":"SKIP","floor":24},{"not_picked":[],"picked":"Reinforced Body","floor":28},{"not_picked":["Sweeping Beam"],"picked":"SKIP","floor":29},{"not_picked":["Sweeping Beam"],"picked":"SKIP","floor":29}],"player_experience":26766,"relics_obtained":[{"floor":8,"key":"Matryoshka"},{"floor":9,"key":"Pear"},{"floor":9,"key":"Tiny Chest"},{"floor":19,"key":"Nunchaku"},{"floor":19,"key":"Boot"},{"floor":25,"key":"Enchiridion"},{"floor":26,"key":"War Paint"},{"floor":27,"key":"Strawberry"},{"floor":29,"key":"Bottled Lightning"}],"event_choices":[{"damage_healed":0,"gold_gain":75,"player_choice":"Gather Gold","damage_taken":11,"max_hp_gain":0,"max_hp_loss":0,"event_name":"World of Goop","floor":2,"gold_loss":0},{"cards_removed":["Strike_B"],"damage_healed":0,"gold_gain":0,"player_choice":"Purged","damage_taken":0,"max_hp_gain":0,"max_hp_loss":0,"event_name":"Purifier","floor":4,"gold_loss":0},{"cards_removed":["Strike_B"],"damage_healed":0,"gold_gain":0,"player_choice":"Card Removal","damage_taken":7,"max_hp_gain":0,"max_hp_loss":0,"event_name":"Golden Wing","floor":13,"gold_loss":0},{"damage_healed":0,"gold_gain":0,"player_choice":"Ignored","damage_taken":0,"max_hp_gain":0,"max_hp_loss":0,"event_name":"Ghosts","floor":20,"gold_loss":0},{"damage_healed":0,"gold_gain":0,"player_choice":"Obtained Book","damage_taken":16,"max_hp_gain":0,"max_hp_loss":0,"event_name":"Cursed Tome","floor":25,"gold_loss":0}],"is_beta":false,"boss_relics":[{"not_picked":["Astrolabe","Runic Dome"],"picked":"Busted Crown"}],"items_purged_floors":[3,7,21,31],"is_endless":false,"potions_floor_spawned":[5,12,16,18,28],"killed_by":"Collector","ascension_level":1}}