{"host":"7cp3z5w0tcrrm8ys","time":1610274483,"event":{"mods":["AchievementEnabler","BaseMod","Colored Map","Colored Powertips","DeckTracker","Minty Spire (QoL Compilation)","StSLib","SuperFastMode"],"gold_per_floor":[112,112,132,282,282,310,310,69,69,14,73,100,100,110,110,110,110],"floor_reached":16,"playtime":345,"items_purged":["Doubt"],"score":262,"play_id":"64d04909-97fb-4af4-9b91-774e324e27a8","local_time":"20210110192803","is_ascension_mode":true,"campfire_choices":[{"data":"Bash","floor":7.0,"key":"SMITH"},{"data":"Dropkick","floor":15,"key":"SMITH"}],"circlet_count":0,"master_deck":["AscendersBane","Strike_R","Strike_R","Strike_R","Strike_R","Defend_R","Defend_R","Defend_R","Defend_R","Bash+1","Thunderclap","Dropkick+1","Impervious"],"relics":["Burning Blood","NeowsBlessing","Matryoshka","Centennial Puzzle","Singing Bowl","Bag of Marbles","TheAbacus","Vajra","InkBottle","Nunchaku","Ice Cream"],"acts_visited":["Exordium"],"potions_floor_usage":[12,16],"damage_taken":[{"damage":0.0,"enemies":"Small Slimes","floor":1.0,"turns":1.0},{"damage":0.0,"enemies":"2 Louse","floor":3.0,"turns":1.0},{"damage":0.0,"enemies":"Gremlin Nob","floor":6.0,"turns":1.0},{"damage":8.0,"enemies":"Gremlin Nob","floor":11.0,"turns":3.0},{"damage":5,"enemies":"Lagavulin","floor":12,"turns":5},{"damage":7,"enemies":"Jaw Worm","floor":14,"turns":2},{"damage":68,"enemies":"Slime Boss","floor":16,"turns":10}],"seed_played":"6818161721214084577","potions_obtained":[{"floor":3.0,"key":"DuplicationPotion"},{"floor":11.0,"key":"AttackPotion"}],"is_trial":false,"path_per_floor":["M","?","M","?","T","E","R","$","T","$","?","E","?","M","R","B"],"character_chosen":"IRONCLAD","items_purchased":["TheAbacus","Block Potion"],"campfire_rested":0,"item_purchase_floors":[8,10],"current_hp_per_floor":[74,48,54,54,54,60,60,60,60,60,60,63,56,57,57,0,0],"gold":110,"neow_bonus":"THREE_ENEMY_KILL","is_daily":false,"chose_seed":false,"campfire_upgraded":2,"win_rate":0.0,"timestamp":1610274483,"path_taken":["M","?","M","?","?","E","R","$","T","?","?","E","?","M","R","BOSS"],"items_purchased_type":["Relic","Potion"],"build_version":"2020-12-22","purchased_purges":1,"victory":false,"max_hp_per_floor":[75,75,75,75,75,75,75,75,75,75,77,79,79,81,81,81,81],"card_choices":[{"not_picked":["Shrug It Off","Dropkick"],"picked":"Thunderclap","floor":1.0},{"not_picked":["Hemokinesis","Blood for Blood"],"picked":"Dropkick","floor":3.0},{"not_picked":["Juggernaut","Clash"],"picked":"Impervious","floor":6.0},{"not_picked":["Heavy Blade","Havoc","Headbutt"],"picked":"Singing Bowl","floor":11.0},{"not_picked":["Sentinel","Combust","Clothesline"],"picked":"Singing Bowl","floor":12},{"not_picked":["Clothesline","Intimidate","Twin Strike"],"picked":"Singing Bowl","floor":14}],"player_experience":797451,"relics_obtained":[{"floor":5.0,"key":"Centennial Puzzle"},{"floor":5.0,"key":"Singing Bowl"},{"floor":6.0,"key":"Bag of Marbles"},{"floor":9.0,"key":"Vajra"},{"floor":9.0,"key":"InkBottle"},{"floor":11.0,"key":"Nunchaku"},{"floor":12,"key":"Ice Cream"}],"event_choices":[{"damage_healed":0.0,"max_hp_gain":0.0,"max_hp_loss":0.0,"gold_gain":0.0,"event_name":"Scrap Ooze","player_choice":"Success","floor":2.0,"gold_loss":0.0,"damage_taken":26.0,"relics_obtained":["Matryoshka"]},{"damage_healed":0.0,"max_hp_gain":0.0,"max_hp_loss":0.0,"gold_gain":150.0,"event_name":"Liars Game","player_choice":"AGREE","floor":4.0,"gold_loss":0.0,"damage_taken":0.0,"cards_obtained":["Doubt"]},{"damage_healed":0.0,"max_hp_gain":0.0,"max_hp_loss":0.0,"gold_gain":0.0,"event_name":"Dead Adventurer","player_choice":"Searched \u00271\u0027 times","floor":11.0,"gold_loss":0.0,"damage_taken":0.0},{"cards_removed":["Strike_R"],"damage_healed":0,"gold_gain":0,"player_choice":"Card Removal","damage_taken":7,"max_hp_gain":0,"max_hp_loss":0,"event_name":"Golden Wing","floor":13,"gold_loss":0}],"is_beta":false,"boss_relics":[],"items_purged_floors":[8],"is_endless":false,"potions_floor_spawned":[3,11],"killed_by":"Slime Boss","ascension_level":20}}