{"host":"sxnl403xm2xmiyj1","time":1610263547,"event":{"mods":["AchievementEnabler","BaseMod","Colored Map","Keyboard Shortcuts","Minty Spire (QoL Compilation)","Quick Restart","StSLib","SuperFastMode"],"gold_per_floor":[219,231,231,68,82,82,113,129,129,157,175,205,221,238,238,315,315,325,42,76,95,95,122,122,140,140,140,166,48,60,79,79,151,151,165,387,4,59,75,108,122,122,122,122,122,150,162,191,191,191,191],"floor_reached":50,"playtime":2034,"items_purged":["Strike_B"],"score":1327,"play_id":"f754f1f0-2071-4068-be84-708a855815b1","local_time":"20210110162547","is_ascension_mode":true,"campfire_choices":[{"data":"Beam Cell","floor":6.0,"key":"SMITH"},{"floor":15.0,"key":"REST"},{"floor":24.0,"key":"REST"},{"data":"Defragment","floor":27.0,"key":"SMITH"},{"data":"Thunder Strike","floor":32.0,"key":"SMITH"},{"data":"Barrage","floor":42.0,"key":"SMITH"},{"floor":44.0,"key":"RECALL"},{"data":"Thunder Strike","floor":49.0,"key":"SMITH"}],"circlet_count":0,"master_deck":["AscendersBane","Defend_B","Defend_B","Defend_B","Zap","Dualcast","Beam Cell+1","Ball Lightning","Defragment+1","Streamline","Thunder Strike+1","Gash","Leap","Coolheaded","Barrage+1","Machine Learning","Capacitor","Heatsinks","Capacitor","Storm","Storm","Self Repair","Coolheaded","Heatsinks","Glacier","Double Energy+1","Storm+1","Storm+1","Loop+1","Thunder Strike+1","Creative AI+1","Static Discharge+1","Lockon","Bandage Up","Gash","Coolheaded+1","Ball Lightning+1","Double Energy","Multi-Cast","Gash","Static Discharge+1","Barrage"],"relics":["Cracked Core","Meat on the Bone","The Courier","Matryoshka","Mummified Hand","Runic Pyramid","Red Mask","MutagenicStrength","Lantern","Frozen Egg 2","Ancient Tea Set","MealTicket","Empty Cage","Membership Card","Centennial Puzzle","Art of War","Orichalcum","Pocketwatch","Darkstone Periapt","Nunchaku","InkBottle","Eternal Feather"],"acts_visited":["Exordium","TheCity","TheBeyond"],"potions_floor_usage":[50,50],"damage_taken":[{"damage":3.0,"enemies":"2 Louse","floor":1.0,"turns":3.0},{"damage":0.0,"enemies":"Cultist","floor":2.0,"turns":2.0},{"damage":9.0,"enemies":"Small Slimes","floor":5.0,"turns":3.0},{"damage":9.0,"enemies":"Gremlin Nob","floor":7.0,"turns":3.0},{"damage":8.0,"enemies":"Blue Slaver","floor":8.0,"turns":2.0},{"damage":35.0,"enemies":"3 Sentries","floor":10.0,"turns":8.0},{"damage":7.0,"enemies":"2 Fungi Beasts","floor":11.0,"turns":3.0},{"damage":26.0,"enemies":"Gremlin Nob","floor":12.0,"turns":4.0},{"damage":14.0,"enemies":"Red Slaver","floor":13.0,"turns":2.0},{"damage":10.0,"enemies":"Exordium Thugs","floor":14.0,"turns":4.0},{"damage":0.0,"enemies":"Slime Boss","floor":16.0,"turns":7.0},{"damage":39.0,"enemies":"Shell Parasite","floor":18.0,"turns":4.0},{"damage":0.0,"enemies":"Masked Bandits","floor":20.0,"turns":2.0},{"damage":39.0,"enemies":"2 Thieves","floor":21.0,"turns":4.0},{"damage":23.0,"enemies":"Gremlin Leader","floor":23.0,"turns":4.0},{"damage":11.0,"enemies":"Centurion and Healer","floor":25.0,"turns":4.0},{"damage":35.0,"enemies":"Book of Stabbing","floor":28.0,"turns":4.0},{"damage":0.0,"enemies":"Cultist and Chosen","floor":30.0,"turns":3.0},{"damage":8.0,"enemies":"Snake Plant","floor":31.0,"turns":2.0},{"damage":13.0,"enemies":"Champ","floor":33.0,"turns":6.0},{"damage":10.0,"enemies":"Orb Walker","floor":35.0,"turns":2.0},{"damage":15.0,"enemies":"2 Orb Walkers","floor":38.0,"turns":3.0},{"damage":28.0,"enemies":"3 Shapes","floor":39.0,"turns":1.0},{"damage":22.0,"enemies":"Nemesis","floor":40.0,"turns":4.0},{"damage":12.0,"enemies":"Writhing Mass","floor":41.0,"turns":2.0},{"damage":19.0,"enemies":"Giant Head","floor":46.0,"turns":5.0},{"damage":10.0,"enemies":"4 Shapes","floor":47.0,"turns":3.0},{"damage":33.0,"enemies":"Reptomancer","floor":48.0,"turns":3.0},{"damage":56,"enemies":"Awakened One","floor":50,"turns":2}],"seed_played":"2877430023162128312","potions_obtained":[{"floor":1.0,"key":"ColorlessPotion"},{"floor":2.0,"key":"Weak Potion"},{"floor":8.0,"key":"Swift Potion"},{"floor":14.0,"key":"LiquidMemories"},{"floor":18.0,"key":"PowerPotion"},{"floor":25.0,"key":"Fire Potion"},{"floor":30.0,"key":"Block Potion"},{"floor":48.0,"key":"Regen Potion"}],"is_trial":false,"path_per_floor":["M","M","?","$","M","R","E","M","T","E","M","E","M","M","R","B",null,"M","$","?","M","?","E","R","M","T","R","E","$","M","M","R","B",null,"M","?","$","?","M","E","M","R","T","R","?","E","M","E","R","B"],"character_chosen":"DEFECT","items_purchased":["Defragment","Capacitor","Heatsinks","Capacitor","Storm","Storm","Storm+1","Storm+1","Membership Card","Lockon","Bandage Up","Centennial Puzzle","Art of War","Orichalcum"],"campfire_rested":2,"item_purchase_floors":[4,19,19,19,19,19,29,29,37,37,37,37,37,37],"current_hp_per_floor":[61,61,61,61,52,52,43,47,47,24,29,15,13,15,36,36,62,35,35,47,27,27,23,44,52,52,52,29,44,44,36,36,42,64,54,54,69,54,38,39,50,50,50,50,50,43,37,20,44,0,0],"gold":191,"neow_bonus":"HUNDRED_GOLD","is_daily":false,"chose_seed":false,"campfire_upgraded":5,"win_rate":0.0,"timestamp":1610263547,"path_taken":["M","M","?","$","M","R","E","M","T","E","?","E","M","M","R","BOSS","M","$","?","M","?","E","R","M","T","R","E","$","M","M","R","BOSS","M","?","$","?","M","E","M","R","T","R","?","E","?","E","R","BOSS"],"items_purchased_type":["Card","Card","Card","Card","Card","Card","Card","Card","Relic","Card","Card","Relic","Relic","Relic"],"build_version":"2020-12-22","purchased_purges":1,"victory":false,"max_hp_per_floor":[71,71,71,71,71,71,71,71,71,71,71,71,71,71,71,71,71,71,71,71,71,71,71,71,71,71,71,71,71,71,71,71,71,71,71,71,71,71,71,71,71,71,71,71,71,71,71,71,71,71,71],"card_choices":[{"not_picked":["Tempest","Go for the Eyes"],"picked":"Beam Cell","floor":1.0},{"not_picked":["Melter","Sweeping Beam"],"picked":"Ball Lightning","floor":2.0},{"not_picked":["Aggregate","Undo"],"picked":"Streamline","floor":5.0},{"not_picked":["Loop","Chaos"],"picked":"Thunder Strike","floor":7.0},{"not_picked":["Leap","Double Energy"],"picked":"Gash","floor":8.0},{"not_picked":["Biased Cognition","Scrape","Force Field"],"picked":"SKIP","floor":10.0},{"not_picked":["Sweeping Beam","Doom and Gloom"],"picked":"Leap","floor":11.0},{"not_picked":["Compile Driver","Sweeping Beam"],"picked":"Coolheaded","floor":12.0},{"not_picked":["Doom and Gloom","Darkness","Melter"],"picked":"SKIP","floor":13.0},{"not_picked":["Streamline","Turbo"],"picked":"Barrage","floor":14.0},{"not_picked":["Seek","Fission"],"picked":"Machine Learning","floor":16.0},{"not_picked":["Steam","Darkness","Rip and Tear"],"picked":"SKIP","floor":18.0},{"not_picked":["Auto Shields","Gash"],"picked":"Self Repair","floor":20.0},{"not_picked":["Compile Driver","Beam Cell"],"picked":"Coolheaded","floor":21.0},{"not_picked":["Consume+1","Steam"],"picked":"Heatsinks","floor":23.0},{"not_picked":["Steam","Gash"],"picked":"Glacier","floor":25.0},{"not_picked":["White Noise","Coolheaded"],"picked":"Double Energy+1","floor":28.0},{"not_picked":["Turbo","Barrage"],"picked":"Loop+1","floor":30.0},{"not_picked":["Coolheaded","Steam"],"picked":"Thunder Strike","floor":31.0},{"not_picked":["Rainbow","Biased Cognition+1"],"picked":"Creative AI+1","floor":33.0},{"not_picked":["Compile Driver","Sunder"],"picked":"Static Discharge+1","floor":35.0},{"not_picked":["Hologram","Rebound"],"picked":"Gash","floor":38.0},{"not_picked":["BootSequence","Go for the Eyes"],"picked":"Coolheaded+1","floor":39.0},{"not_picked":["Consume","Steam"],"picked":"Ball Lightning+1","floor":40.0},{"not_picked":["Coolheaded","Streamline"],"picked":"Double Energy","floor":41.0},{"not_picked":["Hyperbeam","White Noise"],"picked":"Gash","floor":46.0},{"not_picked":["Barrage","Undo"],"picked":"Static Discharge+1","floor":47.0},{"not_picked":["Steam Power","Ball Lightning"],"picked":"Barrage","floor":48.0}],"player_experience":154727,"relics_obtained":[{"floor":7.0,"key":"Meat on the Bone"},{"floor":9.0,"key":"The Courier"},{"floor":10.0,"key":"Matryoshka"},{"floor":12.0,"key":"Mummified Hand"},{"floor":20.0,"key":"Red Mask"},{"floor":23.0,"key":"Lantern"},{"floor":26.0,"key":"Frozen Egg 2"},{"floor":26.0,"key":"Ancient Tea Set"},{"floor":28.0,"key":"MealTicket"},{"floor":38.0,"key":"Pocketwatch"},{"floor":40.0,"key":"Darkstone Periapt"},{"floor":43.0,"key":"Nunchaku"},{"floor":46.0,"key":"InkBottle"},{"floor":48.0,"key":"Eternal Feather"}],"event_choices":[{"cards_removed":["Strike_B"],"damage_healed":0.0,"max_hp_gain":0.0,"max_hp_loss":0.0,"gold_gain":0.0,"event_name":"Purifier","player_choice":"Purged","floor":3.0,"gold_loss":0.0,"damage_taken":0.0},{"damage_healed":0.0,"max_hp_gain":0.0,"max_hp_loss":0.0,"gold_gain":0.0,"event_name":"Masked Bandits","player_choice":"Fought Bandits","floor":20.0,"gold_loss":0.0,"damage_taken":0.0},{"damage_healed":0.0,"max_hp_gain":0.0,"max_hp_loss":0.0,"gold_gain":0.0,"event_name":"Drug Dealer","player_choice":"Inject Mutagens","floor":22.0,"gold_loss":0.0,"damage_taken":0.0,"relics_obtained":["MutagenicStrength"]},{"damage_healed":0.0,"max_hp_gain":0.0,"max_hp_loss":0.0,"gold_gain":222.0,"event_name":"Tomb of Lord Red Mask","player_choice":"Wore Mask","floor":36.0,"gold_loss":0.0,"damage_taken":0.0},{"damage_healed":0.0,"max_hp_gain":0.0,"max_hp_loss":0.0,"gold_gain":0.0,"event_name":"Mysterious Sphere","player_choice":"Fight","floor":38.0,"gold_loss":0.0,"damage_taken":0.0},{"damage_healed":0.0,"max_hp_gain":0.0,"max_hp_loss":0.0,"gold_gain":0.0,"cards_transformed":["Defend_B"],"event_name":"Transmorgrifier","player_choice":"Transformed","floor":45.0,"gold_loss":0.0,"damage_taken":0.0,"cards_obtained":["Multi-Cast"]}],"is_beta":false,"boss_relics":[{"not_picked":["SacredBark","Velvet Choker"],"picked":"Runic Pyramid"},{"not_picked":["Nuclear Battery","Snecko Eye"],"picked":"Empty Cage"}],"items_purged_floors":[4],"is_endless":false,"potions_floor_spawned":[1,2,8,14,18,25,30,33,35,38,39,48],"killed_by":"Awakened One","ascension_level":19}}