{"host":"ip2nojeflv39cgzz","time":1610306739,"event":{"mods":["BaseMod","Colored Powertips","Downfall","Infinite Spire","Minty Spire (QoL Compilation)","StSLib","The Servant 0.9.4"],"gold_per_floor":[119,119,136,149,159,159,194,204,229,248,248,195,214,229,229,325,325,343,95,95,108,128,128,128,153,206,63,63,75,75,75,75,75,75],"floor_reached":33,"playtime":1584,"items_purged":[],"score":296,"play_id":"9b6dec73-f04a-42ab-99ab-ff4d29384b01","local_time":"20210110202539","is_ascension_mode":false,"campfire_choices":[{"data":"Exchange","floor":6,"key":"SMITH"},{"floor":15,"key":"REST"},{"data":"BottledTime","floor":23,"key":"SMITH"},{"data":"TheWorld","floor":28,"key":"SMITH"},{"data":"RitualDagger","floor":32,"key":"SMITH"}],"circlet_count":0,"master_deck":["Strike_S","Strike_S","Strike_S","Strike_S","Defend_S","Defend_S","Defend_S","Defend_S","KidneyShot","Exchange+1","GearUp","Starlight","Starlight","FanOfKnives","Dilation","Ricochet","BottledTime+1","InstantArmor","MurderousAura","Starlight+1","RitualDagger+1","TheWorld+1","Ricochet+1","Read+1","Starlight"],"relics":["Uniform","NeowsBlessing","Bag of Marbles","Vajra","Pen Nib","Sozu","Bottled Tornado","PreservedInsect","Blood Vial","Orrery","Singing Bowl"],"acts_visited":["Exordium","TheCity"],"potions_floor_usage":[7,10,13,13,14,25,31],"damage_taken":[{"damage":0,"enemies":"2 Louse","floor":1,"turns":1},{"damage":0,"enemies":"Cultist","floor":3,"turns":1},{"damage":0,"enemies":"Small Slimes","floor":4,"turns":1},{"damage":13,"enemies":"2 Fungi Beasts","floor":5,"turns":3},{"damage":38,"enemies":"Lagavulin","floor":7,"turns":6},{"damage":13,"enemies":"Red Slaver","floor":8,"turns":3},{"damage":0,"enemies":"Looter","floor":10,"turns":3},{"damage":0,"enemies":"Blue Slaver","floor":13,"turns":1},{"damage":0,"enemies":"Exordium Wildlife","floor":14,"turns":1},{"damage":18,"enemies":"The Guardian","floor":16,"turns":14},{"damage":0,"enemies":"3 Byrds","floor":18,"turns":6},{"damage":0,"enemies":"2 Thieves","floor":21,"turns":2},{"damage":7,"enemies":"Shelled Parasite and Fungi","floor":22,"turns":4},{"damage":29,"enemies":"Book of Stabbing","floor":25,"turns":5},{"damage":0,"enemies":"Centurion and Healer","floor":29,"turns":2},{"damage":0,"enemies":"Snake Plant","floor":31,"turns":1},{"damage":71,"enemies":"Automaton","floor":33,"turns":6}],"seed_played":"-8471400850733702342","potions_obtained":[{"floor":1,"key":"SpeedPotion"},{"floor":2,"key":"SmokeBomb"},{"floor":2,"key":"EntropicBrew"},{"floor":2,"key":"hexamod:EctoCoolerPotion"},{"floor":8,"key":"Energy Potion"},{"floor":13,"key":"Block Potion"}],"is_trial":false,"path_per_floor":["M","?","M","M","M","R","E","M","T","M","?","?","M","M","R","B",null,"M","$","?","M","M","R","?","E","T","$","R","M","T","M","R","B"],"character_chosen":"THE_SERVANT","items_purchased":["Bottled Tornado","Orrery"],"campfire_rested":1,"item_purchase_floors":[19,27],"current_hp_per_floor":[65,65,65,65,52,52,14,1,1,1,1,1,1,1,20,2,65,65,65,59,59,52,52,52,23,23,23,23,25,25,27,27,0,0],"gold":75,"neow_bonus":"THREE_ENEMY_KILL","is_daily":false,"chose_seed":false,"campfire_upgraded":4,"win_rate":0.0,"timestamp":1610306739,"path_taken":["M","?","M","?","?","R","E","M","T","?","?","?","?","M","R","BOSS","M","$","?","M","M","R","?","E","T","$","R","M","?","M","R","BOSS"],"items_purchased_type":["Relic","Relic"],"build_version":"2020-12-22","purchased_purges":0,"victory":false,"max_hp_per_floor":[65,65,65,65,65,65,65,65,65,65,65,65,65,65,65,65,65,65,65,65,65,65,65,65,65,65,65,65,65,65,65,65,65,65],"card_choices":[{"not_picked":["Luminosity","Potential"],"picked":"GearUp","floor":1},{"not_picked":["BottledTime","Revamp"],"picked":"Starlight","floor":3},{"not_picked":["InstantArmor","Replace"],"picked":"Starlight","floor":4},{"not_picked":["Potential","BestPractice"],"picked":"FanOfKnives","floor":5},{"not_picked":["Defy","Revamp"],"picked":"Dilation","floor":7},{"not_picked":["TimeWarp","FanOfKnives"],"picked":"Ricochet","floor":8},{"not_picked":["Spin","Replace"],"picked":"BottledTime","floor":10},{"not_picked":["Rewind","Unruled","FastForward"],"picked":"SKIP","floor":13},{"not_picked":["DoubleEdge","FanOfKnives"],"picked":"InstantArmor","floor":14},{"not_picked":["PendulumOfEternity","ForgedInTime"],"picked":"MurderousAura","floor":16},{"not_picked":["Desolation","Defy"],"picked":"Starlight+1","floor":18},{"not_picked":["Alleviate+1","Starlight","Revamp"],"picked":"SKIP","floor":21},{"not_picked":["DoubleEdge+1","Defy","StarChef"],"picked":"SKIP","floor":22},{"not_picked":["Advance+1","Unruled"],"picked":"TheWorld","floor":25},{"not_picked":["Unruled","Spin"],"picked":"Ricochet+1","floor":27},{"not_picked":["Rewind","Hightail"],"picked":"Read+1","floor":27},{"not_picked":["Spin","Ricochet"],"picked":"Starlight","floor":27},{"not_picked":["DoubleEdge","ShatteredReality","Revamp"],"picked":"SKIP","floor":29}],"player_experience":160117,"relics_obtained":[{"floor":7,"key":"Bag of Marbles"},{"floor":9,"key":"Vajra"},{"floor":25,"key":"PreservedInsect"},{"floor":26,"key":"Blood Vial"},{"floor":30,"key":"Singing Bowl"}],"event_choices":[{"damage_healed":0,"gold_gain":0,"player_choice":"Got Potions","damage_taken":0,"max_hp_gain":0,"max_hp_loss":0,"event_name":"Lab","floor":2,"gold_loss":0},{"damage_healed":0,"gold_gain":0,"player_choice":"Paid Gold","damage_taken":0,"relics_obtained":["Pen Nib"],"max_hp_gain":0,"max_hp_loss":0,"event_name":"WeMeetAgain","floor":12,"gold_loss":53},{"damage_healed":0,"gold_gain":0,"player_choice":"Joined the Cult","damage_taken":6,"max_hp_gain":0,"max_hp_loss":0,"event_name":"Nest","floor":20,"gold_loss":0,"cards_obtained":["RitualDagger"]}],"is_beta":false,"boss_relics":[{"not_picked":["Snecko Eye","Coffee Dripper"],"picked":"Sozu"}],"items_purged_floors":[],"is_endless":false,"potions_floor_spawned":[1,3,4,8,13,21,25],"killed_by":"Automaton","ascension_level":0}}