{"host":"nptej036rrbiurf5","time":1610249863,"event":{"mods":["BaseMod","Colored Map","Colored Powertips","DeckTracker","Minty Spire (QoL Compilation)","StSLib","SuperFastMode"],"gold_per_floor":[117,117,132,151,101,101,26,42,42,42,56,74,105,116,116,116,116],"floor_reached":16,"playtime":336,"items_purged":["Strike_R"],"score":104,"play_id":"9405d38f-b78b-4e7b-bf7b-d7ae847e6da8","local_time":"20210110123743","is_ascension_mode":false,"campfire_choices":[{"data":"Body Slam","floor":6.0,"key":"SMITH"},{"data":"1","floor":15.0,"key":"LIFT"}],"circlet_count":0,"master_deck":["Strike_R","Strike_R","Strike_R","Defend_R","Defend_R","Defend_R","Defend_R","Bash","Body Slam+1","Madness","Second Wind","Entrench","Power Through","Inflame"],"relics":["Burning Blood","NeowsBlessing","Girya","SsserpentHead","Bird Faced Urn"],"acts_visited":["Exordium"],"potions_floor_usage":[16],"damage_taken":[{"damage":0.0,"enemies":"2 Louse","floor":1.0,"turns":1.0},{"damage":0.0,"enemies":"Cultist","floor":3.0,"turns":1.0},{"damage":0.0,"enemies":"Small Slimes","floor":4.0,"turns":1.0},{"damage":4.0,"enemies":"2 Fungi Beasts","floor":8.0,"turns":4.0},{"damage":23.0,"enemies":"Exordium Thugs","floor":11.0,"turns":5.0},{"damage":10.0,"enemies":"Looter","floor":12.0,"turns":3.0},{"damage":30.0,"enemies":"3 Sentries","floor":13.0,"turns":13.0},{"damage":12.0,"enemies":"Exordium Wildlife","floor":14.0,"turns":5.0},{"damage":20,"enemies":"Slime Boss","floor":16,"turns":5}],"seed_played":"-2759352300774021603","potions_obtained":[{"floor":8.0,"key":"Explosive Potion"},{"floor":11.0,"key":"ElixirPotion"}],"is_trial":false,"path_per_floor":["M","?","M","M","?","R","$","M","T","?","M","M","E","M","R","B"],"character_chosen":"IRONCLAD","items_purchased":[],"campfire_rested":0,"item_purchase_floors":[],"current_hp_per_floor":[80,80,80,80,80,80,80,80,80,80,63,59,35,31,31,13,13],"gold":116,"neow_bonus":"THREE_ENEMY_KILL","is_daily":false,"chose_seed":false,"campfire_upgraded":1,"win_rate":0.0,"timestamp":1610249863,"path_taken":["M","?","?","M","?","R","$","M","T","?","M","M","E","M","R","BOSS"],"items_purchased_type":[],"build_version":"2020-12-22","purchased_purges":1,"victory":false,"max_hp_per_floor":[80,80,80,80,80,80,80,80,80,80,80,80,80,80,80,80,80],"card_choices":[{"not_picked":["Warcry","Clash"],"picked":"Body Slam","floor":1.0},{"not_picked":["Flex","Perfected Strike","Iron Wave"],"picked":"SKIP","floor":3.0},{"not_picked":["Anger","Pummel","Clash"],"picked":"SKIP","floor":4.0},{"not_picked":["Twin Strike","Havoc"],"picked":"Second Wind","floor":8.0},{"not_picked":["Flex","Perfected Strike"],"picked":"Entrench","floor":11.0},{"not_picked":["Blood for Blood","Infernal Blade"],"picked":"Power Through","floor":12.0},{"not_picked":["Armaments","Thunderclap"],"picked":"Inflame","floor":13.0},{"not_picked":["Clothesline","Rupture","Bludgeon"],"picked":"SKIP","floor":14.0}],"player_experience":884905,"relics_obtained":[{"floor":9.0,"key":"Girya"},{"floor":13.0,"key":"Bird Faced Urn"}],"event_choices":[{"damage_healed":0.0,"max_hp_gain":0.0,"max_hp_loss":0.0,"gold_gain":0.0,"event_name":"Match and Keep!","player_choice":"1 cards matched","floor":2.0,"gold_loss":0.0,"damage_taken":0.0,"cards_obtained":["Madness"]},{"cards_removed":["Strike_R"],"damage_healed":0.0,"max_hp_gain":0.0,"max_hp_loss":0.0,"gold_gain":0.0,"event_name":"The Cleric","player_choice":"Card Removal","floor":5.0,"gold_loss":50.0,"damage_taken":0.0},{"damage_healed":0.0,"max_hp_gain":0.0,"max_hp_loss":0.0,"gold_gain":0.0,"event_name":"FaceTrader","player_choice":"Trade","floor":10.0,"gold_loss":0.0,"damage_taken":0.0,"relics_obtained":["SsserpentHead"]}],"is_beta":false,"boss_relics":[],"items_purged_floors":[7],"is_endless":false,"potions_floor_spawned":[8,11],"killed_by":"Slime Boss","ascension_level":0}}