{"host":"vzkpoqyw8ea6g4k2","time":1610247896,"event":{"mods":["AchievementEnabler","BaseMod","Colored Map","Colored Powertips","Lobotomy","Minty Spire (QoL Compilation)","Permanent Neow","Quick Restart","StSLib"],"gold_per_floor":[109,109,59,74,94,94,112,112,136,61,80,102,102,117,117,117,117],"floor_reached":16,"playtime":368,"items_purged":["Defend_R"],"score":92,"play_id":"cdeb465f-90f0-4215-b844-56635d2ff4af","local_time":"20210110120456","is_ascension_mode":false,"campfire_choices":[{"data":"Sword Boomerang","floor":6,"key":"SMITH"},{"data":"Twin Strike","floor":8,"key":"SMITH"},{"data":"Rampage","floor":13,"key":"SMITH"},{"floor":15,"key":"REST"}],"circlet_count":0,"master_deck":["Strike_R","Strike_R","Strike_R","Strike_R","Strike_R","Defend_R","Defend_R","Bash","CrumblingArmor","Sword Boomerang+1","BlackSwan","Laetitia","Twin Strike+1","Porccubus","Rampage+1","Spot Weakness","QueenOfHatred","Headbutt"],"relics":["Burning Blood","CogitoBucket","Toy Ornithopter","Odd Mushroom","BackwardClock"],"acts_visited":["Exordium"],"potions_floor_usage":[16,16],"damage_taken":[{"damage":10,"enemies":"Small Slimes","floor":1,"turns":4},{"damage":0,"enemies":"2 Louse","floor":4,"turns":2},{"damage":7,"enemies":"Jaw Worm","floor":5,"turns":3},{"damage":10,"enemies":"Looter","floor":7,"turns":3},{"damage":24,"enemies":"Large Slime","floor":11,"turns":3},{"damage":27,"enemies":"The Mushroom Lair","floor":12,"turns":3},{"damage":38,"enemies":"2 Fungi Beasts","floor":14,"turns":3},{"damage":48,"enemies":"Slime Boss","floor":16,"turns":5}],"seed_played":"-6221396041203437944","potions_obtained":[{"floor":4,"key":"Explosive Potion"},{"floor":5,"key":"SteroidPotion"}],"is_trial":false,"path_per_floor":["M","?","?","M","M","R","M","R","T","$","M","?","R","M","R","B"],"character_chosen":"IRONCLAD","items_purchased":[],"campfire_rested":1,"item_purchase_floors":[],"current_hp_per_floor":[76,81,81,85,84,84,80,80,80,80,62,41,41,9,34,0,0],"gold":117,"neow_bonus":"","is_daily":false,"chose_seed":false,"campfire_upgraded":3,"win_rate":0.0,"timestamp":1610247896,"path_taken":["M","?","?","M","M","R","M","R","T","$","M","?","R","M","R","BOSS"],"items_purchased_type":[],"build_version":"2020-12-22","purchased_purges":1,"victory":false,"max_hp_per_floor":[80,85,85,85,85,85,85,85,85,85,85,85,85,85,85,85,85],"card_choices":[{"not_picked":["LongBird","MeatLantern"],"picked":"CrumblingArmor","floor":1},{"not_picked":["Anger","Heavy Blade"],"picked":"Sword Boomerang","floor":1},{"not_picked":["Wellcheers","OldLady"],"picked":"BlackSwan","floor":4},{"not_picked":["True Grit","Ghostly Armor","Spot Weakness"],"picked":"SKIP","floor":4},{"not_picked":["PunishingBird","WallGazer"],"picked":"Laetitia","floor":5},{"not_picked":["Armaments","Iron Wave"],"picked":"Twin Strike","floor":5},{"not_picked":["LaLuna","PunishingBird"],"picked":"Porccubus","floor":7},{"not_picked":["Anger","Sentinel","Second Wind"],"picked":"SKIP","floor":7},{"not_picked":["Exhume","Sever Soul"],"picked":"Rampage","floor":11},{"not_picked":["Rage","Clothesline"],"picked":"Spot Weakness","floor":12},{"not_picked":["BeautyBeast","Freischutz"],"picked":"QueenOfHatred","floor":14},{"not_picked":["Clothesline","Feel No Pain"],"picked":"Headbutt","floor":14}],"player_experience":16482,"relics_obtained":[{"floor":9,"key":"Toy Ornithopter"},{"floor":12,"key":"Odd Mushroom"}],"event_choices":[{"damage_healed":0,"gold_gain":0,"player_choice":"Donut","damage_taken":0,"max_hp_gain":5,"max_hp_loss":0,"event_name":"Big Fish","floor":2,"gold_loss":0},{"cards_removed":["Defend_R"],"damage_healed":0,"gold_gain":0,"player_choice":"Card Removal","damage_taken":0,"max_hp_gain":0,"max_hp_loss":0,"event_name":"The Cleric","floor":3,"gold_loss":50},{"damage_healed":0,"gold_gain":0,"player_choice":"Fought Mushrooms","damage_taken":0,"max_hp_gain":0,"max_hp_loss":0,"event_name":"Mushrooms","floor":12,"gold_loss":0}],"is_beta":false,"boss_relics":[],"items_purged_floors":[10],"is_endless":false,"potions_floor_spawned":[4,5],"killed_by":"Slime Boss","ascension_level":0}}