{"host":"sc0o2qwpf9j16a4i","time":1610273818,"event":{"mods":["AchievementEnabler","BaseMod","BetterRewards","Block Reminder","Colored Map","Colored Powertips","Custom Start","Highlight Path","Minty Spire (QoL Compilation)","Relic Stats"],"gold_per_floor":[118,129,129,143,42,42,54,85,85,95,107,107,27,27,27,104,104,121,138,138,0,0,0,0,0],"floor_reached":24,"playtime":828,"items_purged":["Strike_R","Writhe"],"score":442,"play_id":"3c151c65-09ab-4afe-9312-b3c6f7eb416a","local_time":"20210110121658","is_ascension_mode":true,"campfire_choices":[{"floor":6,"key":"REST"},{"data":"Armaments","floor":15,"key":"SMITH"},{"floor":23,"key":"REST"}],"circlet_count":0,"master_deck":["AscendersBane","Strike_R","Strike_R","Strike_R","Strike_R","Defend_R","Defend_R","Defend_R","Defend_R","Bash","Sword Boomerang","Armaments+1","Clothesline","Shrug It Off","Metallicize","Pommel Strike","Inflame","Disarm","Limit Break","Headbutt","Doubt","Ghostly","Ghostly","Ghostly"],"relics":["Cursed Key","Tiny Chest","The Courier","Pantograph","Runic Pyramid","Gremlin Horn"],"acts_visited":["Exordium","TheCity"],"potions_floor_usage":[8,18,19],"damage_taken":[{"damage":3,"enemies":"2 Louse","floor":1,"turns":3},{"damage":7,"enemies":"Jaw Worm","floor":2,"turns":2},{"damage":10,"enemies":"Small Slimes","floor":4,"turns":3},{"damage":9,"enemies":"Blue Slaver","floor":7,"turns":4},{"damage":0,"enemies":"Lagavulin","floor":8,"turns":10},{"damage":23,"enemies":"Exordium Wildlife","floor":10,"turns":5},{"damage":1,"enemies":"Looter","floor":11,"turns":3},{"damage":3,"enemies":"The Guardian","floor":16,"turns":11},{"damage":15,"enemies":"Chosen","floor":18,"turns":6},{"damage":41,"enemies":"3 Byrds","floor":19,"turns":8},{"damage":25,"enemies":"Gremlin Leader","floor":24,"turns":7}],"seed_played":"-5354677145102998489","potions_obtained":[{"floor":1,"key":"Dexterity Potion"},{"floor":2,"key":"SpeedPotion"},{"floor":8,"key":"EssenceOfSteel"}],"is_trial":false,"path_per_floor":["M","M","?","M","$","R","M","E","T","M","M","T","$","?","R","B",null,"M","M","T","?","?","R","E"],"character_chosen":"IRONCLAD","items_purchased":["Shrug It Off"],"campfire_rested":2,"item_purchase_floors":[5],"current_hp_per_floor":[65,58,58,48,48,70,61,61,61,38,37,37,37,26,26,48,68,53,12,12,12,12,23,0,0],"gold":0,"neow_bonus":"BOSS_RELIC","is_daily":false,"chose_seed":false,"campfire_upgraded":1,"win_rate":0.0,"timestamp":1610273818,"path_taken":["M","M","?","M","$","R","M","E","T","M","M","?","?","?","R","BOSS","M","M","?","?","?","R","E"],"items_purchased_type":["Card"],"build_version":"2020-12-22","purchased_purges":2,"victory":false,"max_hp_per_floor":[75,75,75,75,75,75,75,75,75,75,75,75,75,75,75,75,75,75,75,75,75,37,37,37,37],"relic_stats":{"Gremlin Horn":[4,5],"counters":[11,62],"Pantograph":25,"Tiny Chest":1,"Cursed Key":2,"obtain_stats":[{"Gremlin Horn":20,"Pantograph":14,"Tiny Chest":8,"The Courier":9,"Cursed Key":0,"Burning Blood":0,"Runic Pyramid":17},{"Gremlin Horn":10,"Pantograph":7,"Tiny Chest":5,"The Courier":5,"Cursed Key":0,"Burning Blood":0,"Runic Pyramid":8},{"Gremlin Horn":55,"Pantograph":30,"Tiny Chest":22,"The Courier":22,"Cursed Key":0,"Burning Blood":0,"Runic Pyramid":41}]},"card_choices":[{"not_picked":["Rupture","Infernal Blade"],"picked":"Sword Boomerang","floor":1},{"not_picked":["Headbutt","True Grit"],"picked":"Armaments","floor":2},{"not_picked":["Searing Blow","Second Wind"],"picked":"Clothesline","floor":4},{"not_picked":["Perfected Strike","Clash"],"picked":"Metallicize","floor":7},{"not_picked":["Havoc","Perfected Strike"],"picked":"Pommel Strike","floor":8},{"not_picked":["Evolve","Armaments"],"picked":"Inflame","floor":10},{"not_picked":["Thunderclap","Shrug It Off"],"picked":"Disarm","floor":11},{"not_picked":["Berserk","Brutality"],"picked":"Limit Break","floor":16},{"not_picked":["Pummel","Carnage+1","Sword Boomerang"],"picked":"SKIP","floor":18},{"not_picked":["Power Through","Dual Wield"],"picked":"Headbutt","floor":19}],"player_experience":579320,"relics_obtained":[{"floor":8,"key":"Tiny Chest"},{"floor":9,"key":"The Courier"},{"floor":20,"key":"Gremlin Horn"}],"event_choices":[{"damage_healed":0,"gold_gain":0,"player_choice":"Leave","damage_taken":0,"max_hp_gain":0,"max_hp_loss":0,"event_name":"The Cleric","floor":3,"gold_loss":0},{"damage_healed":0,"gold_gain":0,"player_choice":"Success","damage_taken":11,"relics_obtained":["Pantograph"],"max_hp_gain":0,"max_hp_loss":0,"event_name":"Scrap Ooze","floor":14,"gold_loss":0},{"damage_healed":0,"gold_gain":0,"player_choice":"Paid Fearfully","damage_taken":0,"max_hp_gain":0,"max_hp_loss":0,"event_name":"Masked Bandits","floor":21,"gold_loss":138},{"damage_healed":0,"gold_gain":0,"player_choice":"Became a Ghost","damage_taken":0,"max_hp_gain":0,"max_hp_loss":38,"event_name":"Ghosts","floor":22,"gold_loss":0,"cards_obtained":["Ghostly","Ghostly","Ghostly"]}],"is_beta":false,"boss_relics":[{"not_picked":["Calling Bell","SacredBark"],"picked":"Runic Pyramid"}],"items_purged_floors":[5,13],"is_endless":false,"potions_floor_spawned":[1,2,4,8,16],"killed_by":"Gremlin Leader","ascension_level":20}}