{"host":"x7xd4wkamhrqrrvw","time":1610313639,"event":{"mods":["BaseMod","Minty Spire (QoL Compilation)","StSLib"],"gold_per_floor":[119,134,84,94,107,135,135,135,135,135,187,199,179,217,217,302,302,316,27,27,127,141,179,179,64,64,64,84,84,84,84,84,168,195,215,215,17,31,31,31,0,0,0,12,12,65,65,93,93,93,93],"floor_reached":50,"playtime":2605,"items_purged":["Strike_B","Defend_B","All For One+1"],"score":927,"play_id":"3b7fdf0d-1d9d-447e-aaf9-0d9746dd5c29","local_time":"20210110192039","is_ascension_mode":true,"campfire_choices":[{"data":"Fission","floor":7,"key":"SMITH"},{"data":"Zap","floor":10,"key":"SMITH"},{"floor":15,"key":"REST"},{"data":"Reinforced Body","floor":24,"key":"SMITH"},{"floor":27,"key":"REST"},{"floor":29,"key":"REST"},{"data":"Darkness","floor":32,"key":"SMITH"},{"data":"Good Instincts","floor":40,"key":"SMITH"},{"data":"Conserve Battery","floor":42,"key":"SMITH"},{"data":"Glacier","floor":45,"key":"SMITH"},{"data":"Reboot","floor":49,"key":"SMITH"}],"circlet_count":0,"master_deck":["AscendersBane","Defend_B","Defend_B","Fission+1","Auto Shields","Darkness+1","Reboot+1","Reinforced Body+1","Self Repair","Conserve Battery+1","Glacier+1","Echo Form+1","Lockon+1","Fission+1","Coolheaded+1","Good Instincts+1"],"relics":["Cracked Core","Matryoshka","Juzu Bracelet","Letter Opener","Tiny Chest","CeramicFish","Empty Cage","Oddly Smooth Stone","White Beast Statue","Emotion Chip","Frozen Egg 2","Astrolabe","Red Mask","Ornamental Fan","Ancient Tea Set","Question Card"],"acts_visited":["Exordium","TheCity","TheBeyond"],"potions_floor_usage":[14,16,23,30,33,48,48],"damage_taken":[{"damage":4,"enemies":"2 Louse","floor":1,"turns":3},{"damage":8,"enemies":"Small Slimes","floor":2,"turns":4},{"damage":4,"enemies":"Jaw Worm","floor":4,"turns":3},{"damage":7,"enemies":"Red Slaver","floor":5,"turns":4},{"damage":25,"enemies":"Lagavulin","floor":6,"turns":7},{"damage":0,"enemies":"Gremlin Gang","floor":12,"turns":3},{"damage":0,"enemies":"Gremlin Nob","floor":14,"turns":3},{"damage":15,"enemies":"The Guardian","floor":16,"turns":11},{"damage":8,"enemies":"Spheric Guardian","floor":18,"turns":4},{"damage":0,"enemies":"Chosen","floor":22,"turns":5},{"damage":37,"enemies":"Slavers","floor":23,"turns":6},{"damage":31,"enemies":"Centurion and Healer","floor":28,"turns":8},{"damage":0,"enemies":"Gremlin Leader","floor":30,"turns":1},{"damage":17,"enemies":"Champ","floor":33,"turns":17},{"damage":32,"enemies":"3 Darklings","floor":35,"turns":9},{"damage":11,"enemies":"3 Shapes","floor":38,"turns":5},{"damage":17,"enemies":"Writhing Mass","floor":44,"turns":8},{"damage":9,"enemies":"Reptomancer","floor":48,"turns":12},{"damage":36,"enemies":"Awakened One","floor":50,"turns":22}],"seed_played":"3605890982616616734","potions_obtained":[{"floor":12,"key":"LiquidBronze"},{"floor":13,"key":"SkillPotion"},{"floor":14,"key":"SmokeBomb"},{"floor":22,"key":"LiquidBronze"},{"floor":28,"key":"PotionOfCapacity"},{"floor":33,"key":"SteroidPotion"},{"floor":35,"key":"LiquidMemories"},{"floor":38,"key":"Fire Potion"},{"floor":44,"key":"LiquidMemories"},{"floor":48,"key":"SteroidPotion"}],"is_trial":false,"path_per_floor":["M","M","?","M","M","E","R","?","T","R","T","M","?","E","R","B",null,"M","$","?","?","M","E","R","$","T","R","M","R","E","T","R","B",null,"M","?","$","M","$","R","?","R","T","M","R","T","$","E","R","B"],"character_chosen":"DEFECT","items_purchased":["Oddly Smooth Stone","Reinforced Body","Conserve Battery","Good Instincts"],"campfire_rested":3,"item_purchase_floors":[19,19,25,37],"current_hp_per_floor":[64,56,56,52,45,20,20,13,13,13,13,13,13,13,35,20,61,53,53,53,53,53,16,16,16,16,38,14,36,43,43,43,33,65,40,40,40,43,43,43,43,43,43,40,40,40,40,38,38,2,2],"gold":93,"neow_bonus":"ONE_RANDOM_RARE_CARD","is_daily":false,"chose_seed":false,"campfire_upgraded":8,"win_rate":0.0,"timestamp":1610313639,"path_taken":["M","M","?","M","M","E","R","?","T","R","?","M","?","E","R","BOSS","M","$","?","?","M","E","R","$","T","R","M","R","E","?","R","BOSS","M","?","$","M","?","R","?","R","T","M","R","?","$","E","R","BOSS"],"items_purchased_type":["Relic","Card","Card","Card"],"build_version":"2020-12-22","purchased_purges":3,"victory":false,"max_hp_per_floor":[75,75,75,75,75,75,75,75,75,75,75,75,75,75,75,75,75,75,75,75,75,75,75,75,75,75,75,75,75,75,75,75,75,75,75,75,75,75,75,75,75,75,75,75,75,75,75,75,75,75,75],"card_choices":[{"not_picked":["Beam Cell","Sweeping Beam"],"picked":"Ball Lightning","floor":1},{"not_picked":["Lockon","Sweeping Beam","Compile Driver"],"picked":"SKIP","floor":2},{"not_picked":["Turbo","Leap","Barrage"],"picked":"SKIP","floor":4},{"not_picked":["Force Field","Hologram","Leap"],"picked":"SKIP","floor":5},{"not_picked":["Melter","Stack"],"picked":"Auto Shields","floor":6},{"not_picked":["Go for the Eyes","Skim","Streamline"],"picked":"SKIP","floor":12},{"not_picked":["Echo Form","Sunder"],"picked":"Darkness","floor":14},{"not_picked":["Meteor Strike","Rainbow"],"picked":"Reboot","floor":16},{"not_picked":["Lockon","Coolheaded","Melter"],"picked":"SKIP","floor":18},{"not_picked":["Reprogram","Leap","Stack"],"picked":"SKIP","floor":22},{"not_picked":["Beam Cell","Rip and Tear"],"picked":"Self Repair","floor":23},{"not_picked":["Leap","Ball Lightning"],"picked":"Glacier","floor":28},{"not_picked":["Thunder Strike","Seek"],"picked":"Echo Form+1","floor":33},{"not_picked":["Ball Lightning+1","Streamline+1"],"picked":"Coolheaded","floor":35},{"not_picked":["Lockon+1","Coolheaded","Sweeping Beam+1"],"picked":"SKIP","floor":38},{"not_picked":["Steam Power","Leap+1","Barrage+1"],"picked":"SKIP","floor":44},{"not_picked":["Go for the Eyes","Tempest","Heatsinks+1"],"picked":"SKIP","floor":48}],"player_experience":288638,"relics_obtained":[{"floor":6,"key":"Matryoshka"},{"floor":9,"key":"Juzu Bracelet"},{"floor":11,"key":"Letter Opener"},{"floor":11,"key":"Tiny Chest"},{"floor":14,"key":"CeramicFish"},{"floor":23,"key":"White Beast Statue"},{"floor":26,"key":"Emotion Chip"},{"floor":31,"key":"Frozen Egg 2"},{"floor":43,"key":"Ornamental Fan"},{"floor":46,"key":"Ancient Tea Set"},{"floor":48,"key":"Question Card"}],"event_choices":[{"cards_removed":["Dualcast"],"damage_healed":0,"gold_gain":0,"player_choice":"Card Removal","damage_taken":0,"max_hp_gain":0,"max_hp_loss":0,"event_name":"The Cleric","floor":3,"gold_loss":50},{"cards_removed":["Strike_B"],"damage_healed":0,"gold_gain":0,"player_choice":"Card Removal","damage_taken":7,"max_hp_gain":0,"max_hp_loss":0,"event_name":"Golden Wing","floor":8,"gold_loss":0},{"damage_healed":0,"gold_gain":0,"player_choice":"Bought 1 Potion","damage_taken":0,"max_hp_gain":0,"max_hp_loss":0,"event_name":"The Woman in Blue","floor":13,"gold_loss":0},{"damage_healed":0,"gold_gain":0,"player_choice":"Ignored","damage_taken":0,"max_hp_gain":0,"max_hp_loss":0,"event_name":"Ghosts","floor":20,"gold_loss":0},{"damage_healed":0,"gold_gain":100,"player_choice":"Pray","damage_taken":0,"max_hp_gain":0,"max_hp_loss":0,"event_name":"Golden Shrine","floor":21,"gold_loss":0},{"damage_healed":0,"gold_gain":0,"player_choice":"Upgraded","damage_taken":0,"max_hp_gain":0,"max_hp_loss":0,"event_name":"Upgrade Shrine","floor":36,"gold_loss":0,"cards_upgraded":["Coolheaded"]},{"damage_healed":0,"gold_gain":0,"player_choice":"Paid","damage_taken":0,"relics_obtained":["Red Mask"],"max_hp_gain":0,"max_hp_loss":0,"event_name":"Tomb of Lord Red Mask","floor":41,"gold_loss":31}],"is_beta":false,"boss_relics":[{"not_picked":["Ectoplasm","Sozu"],"picked":"Empty Cage"},{"not_picked":["Pandora\u0027s Box","FrozenCore"],"picked":"Astrolabe"}],"items_purged_floors":[19,25,37],"is_endless":false,"potions_floor_spawned":[12,14,22,28,30,33,35,38,44,48],"killed_by":"Awakened One","ascension_level":13}}