{"host":"7aiyotzenyrjguht","time":1610289553,"event":{"mods":["AchievementEnabler","BaseMod","BetterRewards","Colored Map","Colored Powertips","Downfall","Highlight Path","Hubris","Infinite Spire","Minty Spire (QoL Compilation)","Replay The Spire","StSLib"],"gold_per_floor":[119,119,130,130,130,130,146,146,146,63,63,93,165,193,193,288,288,307,323,323,337,252,279,297,328,352,352,372,405,405,417,417,518,518,531,542,557,557,627,654,665,196,196,196,196,196,206,222,222,222],"floor_reached":51,"playtime":3349,"items_purged":["Strike_R+1"],"score":1551,"play_id":"262e0f36-e84e-40e1-8eaf-362907a52ab4","local_time":"20210110143913","is_ascension_mode":true,"campfire_choices":[{"data":"Blood for Blood","floor":6,"key":"SMITH"},{"data":"Bash","floor":8,"key":"SMITH"},{"data":"Replay:SS_hec_2","floor":11,"key":"SMITH"},{"data":"Infernal Blade","floor":15,"key":"SMITH"},{"floor":27,"key":"REST"},{"floor":30,"key":"REST"},{"data":"Double Tap","floor":32,"key":"SMITH"},{"data":"Brutality","floor":44,"key":"SMITH"},{"data":"infinitespire:UltimateForm","floor":46,"key":"SMITH"},{"data":"Heavy Blade","floor":49,"key":"SMITH"}],"circlet_count":0,"master_deck":["AscendersBane","Strike_R+1","Strike_R+1","Strike_R+1","Strike_R+1","Defend_R+1","Defend_R+1","Defend_R+1","Defend_R+1","Bash+1","Blood for Blood+1","Thunderclap","ReplayTheSpireMod:Haul","Spot Weakness","Replay:SS_hec_2+1","Infernal Blade+1","ReplayTheSpireMod:Stacked","Brutality+1","Double Tap+1","Heavy Blade+1","Havoc+1","Whirlwind","Clothesline+1","Carnage+1","Hemogenesis+1","Battle Trance+1","Shrug It Off","Pommel Strike+1","Perfected Strike+1","infinitespire:UltimateForm+1","Impervious","Ghostly Armor+1"],"relics":["Burning Blood","hubris:BundleOfHerbs","Tiny Chest","Letter Opener","Potion Belt","Garlic","Pen Nib","Ooze Armor","hubris:BottledRain","infinitespire:PuzzleCube","StrikeDummy","Bag of Preparation","Molten Egg 2","hubris:VirtuousBlindfold","Darkstone Periapt","InkBottle","infinitespire:Bottled Soul","Medical Kit","Replay:Mystery Machine","hubris:DeckOfHolding"],"acts_visited":["Exordium","TheCity","TheBeyond"],"potions_floor_usage":[12,23,29,33,33,50,50,50],"damage_taken":[{"damage":7,"enemies":"2 Louse","floor":1,"turns":4},{"damage":5,"enemies":"Jaw Worm","floor":3,"turns":3},{"damage":3,"enemies":"Small Slimes","floor":7,"turns":3},{"damage":30,"enemies":"3 Sentries","floor":12,"turns":10},{"damage":16,"enemies":"Gremlin Nob","floor":14,"turns":5},{"damage":18,"enemies":"Hexaghost","floor":16,"turns":10},{"damage":0,"enemies":"Chosen","floor":18,"turns":3},{"damage":10,"enemies":"2 Thieves","floor":19,"turns":4},{"damage":3,"enemies":"3 Cultists","floor":21,"turns":5},{"damage":14,"enemies":"Slavers","floor":23,"turns":4},{"damage":2,"enemies":"Chosen and Byrds","floor":24,"turns":4},{"damage":60,"enemies":"Nightmare","floor":25,"turns":8},{"damage":3,"enemies":"Centurion and Healer","floor":28,"turns":5},{"damage":6,"enemies":"Slavers","floor":29,"turns":5},{"damage":3,"enemies":"Sentry and Sphere","floor":31,"turns":4},{"damage":58,"enemies":"Champ","floor":33,"turns":7},{"damage":16,"enemies":"3 Darklings","floor":35,"turns":3},{"damage":0,"enemies":"Orb Walker","floor":36,"turns":3},{"damage":2,"enemies":"4 Shapes","floor":37,"turns":4},{"damage":21,"enemies":"Giant Head","floor":40,"turns":6},{"damage":3,"enemies":"Sphere and 2 Shapes","floor":41,"turns":3},{"damage":3,"enemies":"Spire Growth","floor":47,"turns":4},{"damage":27,"enemies":"Maw","floor":48,"turns":7},{"damage":79,"enemies":"Donu and Deca","floor":50,"turns":9}],"seed_played":"-3736181133491969410","potions_obtained":[{"floor":1,"key":"Adrenaline Potion"},{"floor":3,"key":"Venom Potion"},{"floor":16,"key":"Cursed Concoction"},{"floor":18,"key":"Explosive Potion"},{"floor":21,"key":"BlessingOfTheForge"},{"floor":24,"key":"sneckomod:MuddlingPotion"},{"floor":29,"key":"SteroidPotion"},{"floor":33,"key":"EssenceOfSteel"},{"floor":35,"key":"Explosive Potion"},{"floor":40,"key":"Explosive Potion"}],"is_trial":false,"path_per_floor":["M","?","M","?","?","R","M","R","T","$","R","E","T","E","R","B",null,"M","M","?","M","?","E","M","NM","T","R","M","E","R","M","R_BF","B",null,"M","M","M","?","T","E","M","$","T","R","AVR","R","M","M","R","B",null],"character_chosen":"IRONCLAD","items_purchased":["Replay:SS_hec_2","infinitespire:Bottled Soul","Medical Kit"],"campfire_rested":2,"item_purchase_floors":[10,42,42],"current_hp_per_floor":[61,61,62,55,35,35,38,38,38,38,38,80,80,70,70,58,75,80,76,76,79,79,71,75,21,21,45,48,48,72,75,75,23,66,56,70,74,74,74,80,80,80,80,80,80,80,80,80,80,80],"gold":222,"neow_bonus":"","is_daily":false,"chose_seed":false,"campfire_upgraded":8,"win_rate":0.0,"timestamp":1610289553,"path_taken":["M","?","M","?","?","R","M","R","T","?","R","E","?","E","R","BOSS","M","M","?","M","?","E","M","NM","T","R","M","E","R","M","R_BF","BOSS","M","M","M","?","?","E","?","?","T","R","AVR","R","M","M","R","BOSS"],"items_purchased_type":["Card","Relic","Relic"],"build_version":"2020-12-22","purchased_purges":1,"victory":true,"max_hp_per_floor":[80,80,80,80,80,80,80,80,80,80,80,80,80,80,80,80,80,80,80,80,80,80,80,80,80,80,80,80,80,80,80,80,80,80,80,80,80,80,80,80,80,80,80,80,80,80,80,80,80,80],"card_choices":[{"not_picked":["Twin Strike","Abandon"],"picked":"Blood for Blood","floor":1},{"not_picked":["hubris:SharpeningStone","Searing Blow"],"picked":"Thunderclap","floor":3},{"not_picked":["infinitespire:FutureSight","ReplayTheSpireMod:Book of Names"],"picked":"ReplayTheSpireMod:Haul","floor":5},{"not_picked":["Body Slam","Twin Strike"],"picked":"Spot Weakness","floor":7},{"not_picked":["Fire Breathing","Heavy Blade"],"picked":"Infernal Blade","floor":12},{"not_picked":["Heavy Blade","Armaments"],"picked":"ReplayTheSpireMod:Stacked","floor":14},{"not_picked":["Immolate","Bludgeon"],"picked":"Brutality","floor":16},{"not_picked":["ReplayTheSpireMod:Strike From Hell+1","Dark Embrace","Flex"],"picked":"SKIP","floor":18},{"not_picked":["Anger+1","Havoc"],"picked":"Double Tap","floor":19},{"not_picked":["hubris:CleavingFinish","Headbutt"],"picked":"Heavy Blade","floor":21},{"not_picked":["Cleave+1","Blood for Blood"],"picked":"Havoc+1","floor":23},{"not_picked":["Rage","Reckless Charge","Sword Boomerang"],"picked":"SKIP","floor":24},{"not_picked":["Second Wind","ReplayTheSpireMod:Strike From Hell+1"],"picked":"Whirlwind","floor":25},{"not_picked":["Iron Wave","Reckless Charge","Metallicize"],"picked":"SKIP","floor":28},{"not_picked":["Flex+1","Thunderclap+1"],"picked":"Clothesline+1","floor":29},{"not_picked":["hubris:ReadiedAction","Evolve"],"picked":"Carnage+1","floor":31},{"not_picked":["Corruption","Fiend Fire+1"],"picked":"Hemogenesis+1","floor":33},{"not_picked":["Seeing Red+1","Run Through+1"],"picked":"Battle Trance+1","floor":35},{"not_picked":["Abandon+1","Cleave+1"],"picked":"Shrug It Off","floor":36},{"not_picked":["Replay:Undeath\u0027s Touch+1","Wild Strike+1"],"picked":"Pommel Strike+1","floor":37},{"not_picked":["Burning Pact","Uppercut+1"],"picked":"Perfected Strike+1","floor":40},{"not_picked":["Replay:Undeath\u0027s Touch+1","Anger+1","Clothesline+1"],"picked":"SKIP","floor":41},{"not_picked":["Entrench+1","Rampage+1"],"picked":"Impervious","floor":47},{"not_picked":["Replay:Undeath\u0027s Touch+1","Wild Strike+1"],"picked":"Ghostly Armor+1","floor":48}],"player_experience":519225,"relics_obtained":[{"floor":9,"key":"Letter Opener"},{"floor":12,"key":"Potion Belt"},{"floor":13,"key":"Garlic"},{"floor":14,"key":"Pen Nib"},{"floor":23,"key":"infinitespire:PuzzleCube"},{"floor":25,"key":"StrikeDummy"},{"floor":26,"key":"Bag of Preparation"},{"floor":29,"key":"Molten Egg 2"},{"floor":39,"key":"Darkstone Periapt"},{"floor":40,"key":"InkBottle"},{"floor":43,"key":"Replay:Mystery Machine"}],"event_choices":[{"damage_healed":0,"gold_gain":0,"player_choice":"Box","damage_taken":0,"relics_obtained":["Tiny Chest"],"max_hp_gain":0,"max_hp_loss":0,"event_name":"Big Fish","floor":2,"gold_loss":0,"cards_obtained":["Regret"]},{"cards_removed":["Regret"],"damage_healed":0,"gold_gain":0,"player_choice":"Card Removal","damage_taken":7,"max_hp_gain":0,"max_hp_loss":0,"event_name":"Golden Wing","floor":4,"gold_loss":0},{"damage_healed":0,"gold_gain":0,"player_choice":"Simplicity","damage_taken":0,"max_hp_gain":0,"max_hp_loss":0,"event_name":"Back to Basics","floor":20,"gold_loss":0,"cards_upgraded":["Strike_R","Strike_R","Strike_R","Strike_R","Strike_R","Defend_R","Defend_R","Defend_R","Defend_R"]},{"damage_healed":0,"gold_gain":0,"player_choice":"Obtained Relic","damage_taken":0,"relics_obtained":["hubris:BottledRain"],"max_hp_gain":0,"max_hp_loss":0,"event_name":"Addict","floor":22,"gold_loss":85}],"is_beta":false,"boss_relics":[{"not_picked":["Pandora\u0027s Box","hubris:BlackHole"],"picked":"Ooze Armor"},{"not_picked":["hubris:CrackedHourglass","Electric Blood"],"picked":"hubris:VirtuousBlindfold"}],"items_purged_floors":[42],"is_endless":false,"potions_floor_spawned":[1,3,16,18,21,24,25,29,33,35,40],"ascension_level":11}}