{"host":"vmxy2afdayjnzud2","time":1610309158,"event":{"mods":["BaseMod","Minty Spire (QoL Compilation)","Quick Restart","Random Character Button","Relic Sorter","StSLib"],"gold_per_floor":[119,119,119,139,155,186,186,201,224,224,239,251,284,297,297,402,402,413,413,429,445,462,494,507,507,532,546,572,572,584,603,603,701,701,721,721,117,117,128,158,171,184,184,202,202,202,218,43,43,43],"floor_reached":51,"playtime":4228,"items_purged":["Strike_B"],"score":687,"play_id":"8128b8e6-4666-42c9-b92f-6e77ef9f8112","local_time":"20210110120558","is_ascension_mode":false,"campfire_choices":[{"data":"Streamline","floor":7.0,"key":"SMITH"},{"data":"Beam Cell","floor":10.0,"key":"SMITH"},{"data":"Defragment","floor":15.0,"key":"SMITH"},{"floor":25.0,"key":"REST"},{"floor":29.0,"key":"REST"},{"floor":32.0,"key":"REST"},{"floor":46,"key":"REST"},{"floor":49,"key":"REST"}],"circlet_count":0,"master_deck":["Strike_B","Defend_B","Defend_B","Defend_B+1","Defend_B","Zap","Dualcast+1","Streamline+1","Cold Snap+1","Glacier","Loop","Beam Cell+1","Hologram","Biased Cognition","Defragment+1","Leap","Biased Cognition","Sweeping Beam","FTL+1","Heatsinks","Creative AI","Tempest+1","Cold Snap+1","Fusion+1","Compile Driver+1","Creative AI","Good Instincts+1","Leap+1","Conserve Battery+1","Conserve Battery+1","Capacitor"],"relics":["Cracked Core","Ornamental Fan","Thread and Needle","Anchor","Dream Catcher","Blood Vial","Busted Crown","Whetstone","Toy Ornithopter","Toxic Egg 2","Empty Cage","HandDrill","Juzu Bracelet","War Paint","Lantern","TungstenRod"],"acts_visited":["Exordium","TheCity","TheBeyond"],"potions_floor_usage":[33,38,50,50],"damage_taken":[{"damage":1.0,"enemies":"Jaw Worm","floor":1.0,"turns":4.0},{"damage":0.0,"enemies":"2 Louse","floor":4.0,"turns":2.0},{"damage":0.0,"enemies":"Small Slimes","floor":5.0,"turns":2.0},{"damage":6.0,"enemies":"Lagavulin","floor":6.0,"turns":9.0},{"damage":0.0,"enemies":"Looter","floor":8.0,"turns":3.0},{"damage":0.0,"enemies":"Exordium Thugs","floor":11.0,"turns":4.0},{"damage":0.0,"enemies":"Exordium Wildlife","floor":12.0,"turns":2.0},{"damage":8.0,"enemies":"Gremlin Nob","floor":13.0,"turns":4.0},{"damage":0.0,"enemies":"3 Louse","floor":14.0,"turns":2.0},{"damage":6.0,"enemies":"The Guardian","floor":16.0,"turns":11.0},{"damage":0.0,"enemies":"Spheric Guardian","floor":18.0,"turns":4.0},{"damage":0.0,"enemies":"3 Byrds","floor":20.0,"turns":4.0},{"damage":14.0,"enemies":"Snake Plant","floor":21.0,"turns":3.0},{"damage":0.0,"enemies":"Shelled Parasite and Fungi","floor":22.0,"turns":5.0},{"damage":1.0,"enemies":"Book of Stabbing","floor":23.0,"turns":7.0},{"damage":13.0,"enemies":"Centurion and Healer","floor":24.0,"turns":4.0},{"damage":6.0,"enemies":"Snake Plant","floor":27.0,"turns":4.0},{"damage":65.0,"enemies":"Gremlin Leader","floor":28.0,"turns":8.0},{"damage":0.0,"enemies":"Shelled Parasite and Fungi","floor":30.0,"turns":4.0},{"damage":13.0,"enemies":"Sentry and Sphere","floor":31.0,"turns":6.0},{"damage":24,"enemies":"Automaton","floor":33,"turns":9},{"damage":13,"enemies":"3 Shapes","floor":35,"turns":4},{"damage":14,"enemies":"Orb Walker","floor":39,"turns":4},{"damage":43,"enemies":"Giant Head","floor":40,"turns":15},{"damage":2,"enemies":"Spire Growth","floor":41,"turns":6},{"damage":0,"enemies":"4 Shapes","floor":42,"turns":5},{"damage":22,"enemies":"Jaw Worm Horde","floor":44,"turns":5},{"damage":3,"enemies":"Sphere and 2 Shapes","floor":47,"turns":6},{"damage":14,"enemies":"Donu and Deca","floor":50,"turns":9}],"seed_played":"-6320532180644839307","potions_obtained":[{"floor":11.0,"key":"Energy Potion"},{"floor":12.0,"key":"SkillPotion"},{"floor":13.0,"key":"PotionOfCapacity"},{"floor":14.0,"key":"LiquidBronze"},{"floor":22.0,"key":"DistilledChaos"},{"floor":30.0,"key":"Regen Potion"},{"floor":33,"key":"SteroidPotion"},{"floor":38,"key":"Fruit Juice"},{"floor":38,"key":"FearPotion"}],"is_trial":false,"path_per_floor":["M","?","T","M","M","E","R","M","T","R","M","M","E","M","R","B",null,"M","?","M","M","M","E","M","R","T","M","E","R","M","M","R","B",null,"M","?","$","?","M","E","M","M","T","M","?","R","M","$","R","B",null],"character_chosen":"DEFECT","items_purchased":["HandDrill","Juzu Bracelet","Good Instincts+1","War Paint","Capacitor","CultistPotion"],"campfire_rested":5,"item_purchase_floors":[37,37,37,37,48,48],"current_hp_per_floor":[81,56,56,56,56,50,50,50,50,50,50,50,42,44,44,40,82,82,66,68,56,58,59,48,74,74,70,7,33,35,44,70,53,87,74,74,74,84,72,31,31,33,33,13,13,39,38,38,64,62],"gold":43,"neow_bonus":"TEN_PERCENT_HP_BONUS","is_daily":false,"chose_seed":false,"campfire_upgraded":3,"win_rate":0.0,"timestamp":1610309158,"path_taken":["M","?","?","M","M","E","R","M","T","R","M","M","E","M","R","BOSS","M","?","M","M","M","E","M","R","T","M","E","R","M","M","R","BOSS","M","?","$","?","M","E","M","M","T","M","?","R","M","$","R","BOSS"],"items_purchased_type":["Relic","Relic","Card","Relic","Card","Potion"],"build_version":"2020-12-22","purchased_purges":1,"victory":true,"max_hp_per_floor":[82,82,82,82,82,82,82,82,82,82,82,82,82,82,82,82,82,82,87,87,87,87,87,87,87,87,87,87,87,87,87,87,87,87,87,83,83,88,88,88,88,88,88,88,88,88,88,88,88,88],"card_choices":[{"not_picked":["Gash","Hologram"],"picked":"Streamline","floor":1.0},{"not_picked":["Beam Cell","Go for the Eyes"],"picked":"Cold Snap","floor":4.0},{"not_picked":["Redo","Go for the Eyes"],"picked":"Glacier","floor":5.0},{"not_picked":["Hello World","Ball Lightning"],"picked":"Loop","floor":6.0},{"not_picked":["Ball Lightning","Compile Driver"],"picked":"Beam Cell","floor":8.0},{"not_picked":["Streamline","Steam"],"picked":"Hologram","floor":11.0},{"not_picked":["Barrage","Tempest"],"picked":"Biased Cognition","floor":12.0},{"not_picked":["Ball Lightning","Melter"],"picked":"Defragment","floor":13.0},{"not_picked":["BootSequence","Conserve Battery"],"picked":"Leap","floor":14.0},{"not_picked":["Fission","Rainbow"],"picked":"Biased Cognition","floor":16.0},{"not_picked":[],"picked":"Sweeping Beam","floor":18.0},{"not_picked":["Consume"],"picked":"SKIP","floor":20.0},{"not_picked":["Cold Snap"],"picked":"SKIP","floor":21.0},{"not_picked":[],"picked":"FTL","floor":22.0},{"not_picked":[],"picked":"Heatsinks","floor":23.0},{"not_picked":["Hologram"],"picked":"SKIP","floor":24.0},{"not_picked":[],"picked":"Creative AI","floor":25.0},{"not_picked":[],"picked":"Tempest+1","floor":27.0},{"not_picked":[],"picked":"Cold Snap+1","floor":28.0},{"not_picked":[],"picked":"Fusion+1","floor":30.0},{"not_picked":[],"picked":"Compile Driver+1","floor":31.0},{"not_picked":[],"picked":"Creative AI","floor":33},{"not_picked":["Go for the Eyes+1"],"picked":"SKIP","floor":35},{"not_picked":[],"picked":"Leap+1","floor":39},{"not_picked":[],"picked":"Conserve Battery+1","floor":40},{"not_picked":["Sweeping Beam"],"picked":"SKIP","floor":41},{"not_picked":["Steam+1"],"picked":"SKIP","floor":42},{"not_picked":["Cold Snap+1"],"picked":"SKIP","floor":44},{"not_picked":[],"picked":"Conserve Battery+1","floor":46},{"not_picked":["Sweeping Beam+1"],"picked":"SKIP","floor":47}],"player_experience":5504,"relics_obtained":[{"floor":3.0,"key":"Thread and Needle"},{"floor":6.0,"key":"Anchor"},{"floor":9.0,"key":"Dream Catcher"},{"floor":13.0,"key":"Blood Vial"},{"floor":23.0,"key":"Whetstone"},{"floor":26.0,"key":"Toy Ornithopter"},{"floor":28.0,"key":"Toxic Egg 2"},{"floor":40,"key":"Lantern"},{"floor":43,"key":"TungstenRod"}],"event_choices":[{"damage_healed":0.0,"max_hp_gain":0.0,"max_hp_loss":0.0,"gold_gain":0.0,"event_name":"Scrap Ooze","player_choice":"Success","floor":2.0,"gold_loss":0.0,"damage_taken":25.0,"relics_obtained":["Ornamental Fan"]},{"damage_healed":0.0,"max_hp_gain":5.0,"max_hp_loss":0.0,"gold_gain":0.0,"event_name":"Forgotten Altar","player_choice":"Shed Blood","floor":19.0,"gold_loss":0.0,"damage_taken":21.0},{"damage_healed":0,"gold_gain":0,"player_choice":"Max HP","damage_taken":0,"max_hp_gain":0,"max_hp_loss":4,"event_name":"Winding Halls","floor":36,"gold_loss":0},{"damage_healed":0,"gold_gain":0,"player_choice":"Got Potions","damage_taken":0,"max_hp_gain":0,"max_hp_loss":0,"event_name":"Lab","floor":38,"gold_loss":0},{"damage_healed":0,"gold_gain":0,"player_choice":"Ignored","damage_taken":0,"max_hp_gain":0,"max_hp_loss":0,"event_name":"Tomb of Lord Red Mask","floor":45,"gold_loss":0}],"is_beta":false,"boss_relics":[{"not_picked":["SacredBark","Velvet Choker"],"picked":"Busted Crown"},{"not_picked":["Snecko Eye","Black Star"],"picked":"Empty Cage"}],"items_purged_floors":[37],"is_endless":false,"potions_floor_spawned":[11,12,13,14,16,18,22,30,33,40,44],"ascension_level":0}}