{"host":"ljavmhyz2e552xgo","time":1610241371,"event":{"mods":["BaseMod","Better Third Choice","Downfall","Friendly Minions","Minty Spire (QoL Compilation)","Permanent Neow","Spicy Shops","StSLib"],"gold_per_floor":[99,119,119,137,137,62,62,72,72,84,113,127,52,65,82,180,180,180,180,180,180],"floor_reached":19,"playtime":1763,"items_purged":[],"score":169,"play_id":"84233e76-9c70-4822-b10b-b94befc4491c","local_time":"20210109191611","is_ascension_mode":false,"campfire_choices":[{"floor":1,"key":"RECALL"},{"data":"hexamod:Strike","floor":6,"key":"SMITH"},{"data":"hexamod:RainOfEmbers","floor":13,"key":"SMITH"},{"data":"hexamod:VolcanoVisage","floor":18,"key":"SMITH"}],"circlet_count":0,"master_deck":["hexamod:Strike+1","hexamod:Strike+1","hexamod:Defend","hexamod:Defend","hexamod:Defend+1","hexamod:Defend","hexamod:Sear","hexamod:Float+1","hexamod:PhantomCloak+1","hexamod:FirstSeal","hexamod:FourthSeal","hexamod:PowerFromBeyond","hexamod:RainOfEmbers+1","hexamod:SpectralAdrenaline","hexamod:AdvancingGuard","hexamod:CrushingStance","hexamod:VolcanoVisage+1"],"relics":["hexamod:SpiritBrand","downfall:HeartBlessingRed","hexamod:InflammatoryLetter","Centennial Puzzle","downfall:HeartBlessingGreen","Empty Cage"],"acts_visited":["Exordium","TheCity"],"potions_floor_usage":[14],"damage_taken":[{"damage":1,"enemies":"Jaw Worm","floor":2,"turns":5},{"damage":4,"enemies":"Small Slimes","floor":4,"turns":3},{"damage":0,"enemies":"2 Louse","floor":8,"turns":3},{"damage":2,"enemies":"Red Slaver","floor":10,"turns":4},{"damage":15,"enemies":"3 Sentries","floor":11,"turns":10},{"damage":8,"enemies":"Large Slime","floor":12,"turns":6},{"damage":0,"enemies":"2 Fungi Beasts","floor":14,"turns":4},{"damage":0,"enemies":"3 Louse","floor":15,"turns":4},{"damage":11,"enemies":"downfall:Watcher","floor":16,"turns":9},{"damage":0,"enemies":"3 Byrds","floor":19,"turns":3}],"seed_played":"2643752965053836492","potions_obtained":[{"floor":4,"key":"AttackPotion"},{"floor":8,"key":"PowerPotion"},{"floor":8,"key":"LiquidBronze"},{"floor":10,"key":"sneckomod:MuddlingPotion"},{"floor":11,"key":"Fire Potion"},{"floor":12,"key":"Dexterity Potion"},{"floor":14,"key":"PowerPotion"},{"floor":15,"key":"Block Potion"}],"is_trial":false,"path_per_floor":["R","M","?","M","?","R","T","M","?","M","E","M","R","M","M","B",null,"R","M"],"character_chosen":"THE_SPIRIT","items_purchased":[],"campfire_rested":0,"item_purchase_floors":[],"current_hp_per_floor":[70,69,69,65,65,65,65,70,70,70,62,61,61,68,70,59,70,70,70,70,70],"gold":180,"neow_bonus":"UPGRADE_CARD","is_daily":false,"chose_seed":false,"campfire_upgraded":3,"win_rate":0.0,"timestamp":1610241371,"path_taken":["R","M","?","M","?","R","T","M","?","M","E","M","R","M","M","BOSS","R","M"],"items_purchased_type":[],"build_version":"2020-12-22","purchased_purges":0,"victory":false,"max_hp_per_floor":[70,70,70,70,70,70,70,70,70,70,70,70,70,70,70,70,70,70,70,70,70],"card_choices":[{"not_picked":["hexamod:HauntingEcho","hexamod:BurningTouch"],"picked":"hexamod:PhantomCloak","floor":2},{"not_picked":["hexamod:NightmareGuise","hexamod:SecondSeal"],"picked":"hexamod:FirstSeal","floor":4},{"not_picked":["hexamod:GhostLash","hexamod:CatchUp"],"picked":"hexamod:PowerFromBeyond","floor":8},{"not_picked":["hexamod:BacktrackSmack","hexamod:FastForward"],"picked":"hexamod:RainOfEmbers","floor":10},{"not_picked":["hexamod:GhostflameInferno","hexamod:GhostLash"],"picked":"hexamod:SpectralAdrenaline","floor":11},{"not_picked":["hexamod:HeatCrush","hexamod:FourthSeal"],"picked":"hexamod:AdvancingGuard","floor":12},{"not_picked":["hexamod:BacktrackSmack","hexamod:GhostShield","hexamod:SwordOfDarkness"],"picked":"SKIP","floor":14},{"not_picked":["hexamod:PowerFromBeyond","hexamod:FourthSeal"],"picked":"hexamod:CrushingStance","floor":15},{"not_picked":["hexamod:TurnItUp","hexamod:WildfireWeapon"],"picked":"hexamod:VolcanoVisage","floor":16}],"player_experience":1471743,"relics_obtained":[{"floor":7,"key":"hexamod:InflammatoryLetter"},{"floor":11,"key":"Centennial Puzzle"}],"event_choices":[{"cards_removed":["Regret"],"damage_healed":0,"gold_gain":0,"player_choice":"Card Removal","damage_taken":0,"max_hp_gain":0,"max_hp_loss":0,"event_name":"Wheel of Change","floor":9,"gold_loss":0}],"is_beta":false,"boss_relics":[{"not_picked":["Fusion Hammer","Velvet Choker"],"picked":"Empty Cage"}],"items_purged_floors":[],"is_endless":false,"potions_floor_spawned":[4,8,12,14],"killed_by":"3 Byrds","ascension_level":0}}