{"host":"dhlnk6yox2l1s6up","time":1610311675,"event":{"mods":["BaseMod","Colored Map","Highlight Path","Minty Spire (QoL Compilation)","Relic Stats","StSLib"],"gold_per_floor":[117,117,134,149,2,2,2,34,34,34,63,63,80,106,106,106,106],"floor_reached":16,"playtime":1105,"items_purged":[],"score":176,"play_id":"cd56a0ae-ae06-42e2-a337-7a591f045689","local_time":"20210110144755","is_ascension_mode":true,"campfire_choices":[{"data":"Armaments","floor":6,"key":"SMITH"},{"data":"Sword Boomerang","floor":10,"key":"SMITH"},{"data":"Bash","floor":12,"key":"SMITH"},{"data":"Sword Boomerang","floor":15,"key":"SMITH"}],"circlet_count":0,"master_deck":["Strike_R","Strike_R","Strike_R","Strike_R","Defend_R","Defend_R","Defend_R","Bash+1","Sword Boomerang+1","Power Through","Sword Boomerang+1","Metallicize","Armaments+1","Pommel Strike","Shrug It Off","Twin Strike"],"relics":["Burning Blood","Membership Card","Question Card","Pear","Tiny Chest","Odd Mushroom"],"acts_visited":["Exordium"],"potions_floor_usage":[14,16,16],"damage_taken":[{"damage":0,"enemies":"Small Slimes","floor":1,"turns":4},{"damage":6,"enemies":"Cultist","floor":3,"turns":3},{"damage":7,"enemies":"Jaw Worm","floor":4,"turns":4},{"damage":29,"enemies":"Lagavulin","floor":8,"turns":7},{"damage":47,"enemies":"3 Sentries","floor":11,"turns":9},{"damage":0,"enemies":"Looter","floor":13,"turns":3},{"damage":16,"enemies":"The Mushroom Lair","floor":14,"turns":5},{"damage":42,"enemies":"Hexaghost","floor":16,"turns":9}],"seed_played":"60528491335554388","potions_obtained":[{"floor":1,"key":"Fruit Juice"},{"floor":3,"key":"Regen Potion"},{"floor":13,"key":"Weak Potion"}],"is_trial":false,"path_per_floor":["M","?","M","M","$","R","$","E","T","R","E","R","M","?","R","B"],"character_chosen":"IRONCLAD","items_purchased":["Membership Card"],"campfire_rested":0,"item_purchase_floors":[5],"current_hp_per_floor":[57,80,80,79,79,79,79,56,66,66,25,25,31,21,21,0,0],"gold":106,"neow_bonus":"TRANSFORM_TWO_CARDS","is_daily":false,"chose_seed":false,"campfire_upgraded":4,"win_rate":0.0,"timestamp":1610311675,"path_taken":["M","?","M","M","$","R","?","E","T","R","E","R","M","?","R","BOSS"],"items_purchased_type":["Relic"],"build_version":"2020-12-22","purchased_purges":0,"victory":false,"max_hp_per_floor":[80,80,80,80,80,80,80,80,90,90,90,90,90,90,90,95,95],"relic_stats":{"counters":[8,44],"Tiny Chest":0,"Question Card":3,"obtain_stats":[{"Pear":9,"Tiny Chest":11,"Membership Card":5,"Odd Mushroom":14,"Question Card":8,"Burning Blood":0},{"Pear":4,"Tiny Chest":5,"Membership Card":3,"Odd Mushroom":7,"Question Card":4,"Burning Blood":0},{"Pear":18,"Tiny Chest":27,"Membership Card":11,"Odd Mushroom":35,"Question Card":18,"Burning Blood":0}],"Burning Blood":42},"card_choices":[{"not_picked":["Sentinel","Shrug It Off"],"picked":"Sword Boomerang","floor":1},{"not_picked":["Iron Wave","Dropkick"],"picked":"Metallicize","floor":3},{"not_picked":["Seeing Red","Entrench"],"picked":"Armaments","floor":4},{"not_picked":["Rupture","Immolate"],"picked":"Pommel Strike","floor":8},{"not_picked":["True Grit","Searing Blow","Clash"],"picked":"Shrug It Off","floor":11},{"not_picked":["Iron Wave","Infernal Blade","Heavy Blade","Thunderclap"],"picked":"SKIP","floor":13},{"not_picked":["Dual Wield","Sentinel","Carnage"],"picked":"Twin Strike","floor":14}],"player_experience":5752943,"relics_obtained":[{"floor":8,"key":"Question Card"},{"floor":9,"key":"Pear"},{"floor":11,"key":"Tiny Chest"},{"floor":14,"key":"Odd Mushroom"}],"event_choices":[{"damage_healed":23,"gold_gain":0,"player_choice":"Full Heal","damage_taken":0,"max_hp_gain":0,"max_hp_loss":0,"event_name":"Wheel of Change","floor":2,"gold_loss":0},{"damage_healed":0,"gold_gain":0,"player_choice":"Fought Mushrooms","damage_taken":0,"max_hp_gain":0,"max_hp_loss":0,"event_name":"Mushrooms","floor":14,"gold_loss":0}],"is_beta":false,"boss_relics":[],"items_purged_floors":[],"is_endless":false,"potions_floor_spawned":[1,3,13],"killed_by":"Hexaghost","ascension_level":8}}