{"host":"6h0diz2ap0m56grs","time":1610306225,"event":{"mods":["2.2 Compatiblity","BaseMod","Colored Map","Marisa????????","Minty Spire (QoL Compilation)","Quick Restart","Replay The Spire","Shop Mod","StSLib","The Servant 0.9.4"],"gold_per_floor":[112,131,131,206,45,72,105,135,211,237,237,268,299,359,359,460,460,470,470,470],"floor_reached":19,"playtime":785,"items_purged":[],"score":353,"play_id":"ea738f09-5943-4876-8c8c-4d0ed0349889","local_time":"20210110131705","daily_mods":["SealedDeck","Heirloom","Time Dilation","Flight"],"is_ascension_mode":true,"campfire_choices":[{"data":"Protect","floor":15,"key":"SMITH"}],"circlet_count":0,"master_deck":["Wallop+1","Evaluate","Consecrate","LikeWater","Protect+1","Replay:BluntJabs+1","FearNoEvil","WheelKick+1","Tantrum","Replay:BluntJabs+1","LessonLearned+1","Wallop","FlurryOfBlows","EmptyMind","Establishment+1"],"relics":["replay:Trail_Library","GoldenEye","Torii","Damaru","Replay:Baseball","Eternal Feather","Pet Ghost","Replay:M_SmolderingBlood","ReplayTheSpireMod:TigerMarble","Happy Flower","Coffee Dripper"],"acts_visited":["Exordium","TheCity"],"potions_floor_usage":[18],"damage_taken":[{"damage":0,"enemies":"Small Slimes","floor":1,"turns":3},{"damage":0,"enemies":"Jaw Worm","floor":2,"turns":3},{"damage":6,"enemies":"Lagavulin","floor":6,"turns":5},{"damage":1,"enemies":"3 Sentries","floor":7,"turns":6},{"damage":0,"enemies":"Gremlin Nob","floor":8,"turns":3},{"damage":0,"enemies":"Lagavulin","floor":10,"turns":6},{"damage":0,"enemies":"3 Sentries","floor":12,"turns":3},{"damage":10,"enemies":"Gremlin Nob","floor":13,"turns":3},{"damage":0,"enemies":"The Guardian","floor":16,"turns":6},{"damage":1,"enemies":"Chosen","floor":18,"turns":5}],"seed_played":"-8828455646929234474","potions_obtained":[{"floor":1,"key":"DuplicationPotion"},{"floor":12,"key":"LiquidMemories"},{"floor":13,"key":"Elixir"}],"is_trial":true,"path_per_floor":["M","M","?","?","$","E","E","E","T","E","?","E","E","?","R","B",null,"M","?"],"character_chosen":"WATCHER","items_purchased":["LessonLearned"],"campfire_rested":0,"item_purchase_floors":[5],"current_hp_per_floor":[72,72,77,66,66,60,59,59,59,59,59,59,49,49,58,58,77,76,76,76],"gold":470,"neow_bonus":"","is_daily":false,"chose_seed":false,"campfire_upgraded":1,"win_rate":0.0,"timestamp":1610306225,"path_taken":["M","M","?","?","$","E","E","E","T","E","?","E","E","?","R","BOSS","M","?"],"items_purchased_type":["Card"],"build_version":"2020-12-22","purchased_purges":0,"victory":false,"max_hp_per_floor":[72,72,77,77,77,77,77,77,77,77,77,77,77,77,77,77,77,77,77,77],"card_choices":[{"not_picked":["Replay:AtTheReady","BowlingBash"],"picked":"Replay:BluntJabs","floor":1},{"not_picked":["ThirdEye","Replay:AtTheReady","CrushJoints"],"picked":"SKIP","floor":2},{"not_picked":["CrushJoints","ConjureBlade"],"picked":"Wallop","floor":6},{"not_picked":["PathToVictory","SashWhip","CrushJoints"],"picked":"SKIP","floor":7},{"not_picked":["MentalFortress","Fasting2"],"picked":"FlurryOfBlows","floor":8},{"not_picked":["ThirdEye","FollowUp","BattleHymn"],"picked":"SKIP","floor":10},{"not_picked":["Replay:BluntJabs","BowlingBash","EmptyBody"],"picked":"SKIP","floor":12},{"not_picked":["Replay:ManipulateFuture","Replay:DivineShield","Replay:Battleflow"],"picked":"SKIP","floor":13},{"not_picked":["Ragnarok","Wish"],"picked":"Establishment","floor":16},{"not_picked":["Crescendo","Replay:Vibes+1","Replay:BluntJabs"],"picked":"SKIP","floor":18}],"player_experience":157279,"relics_obtained":[{"floor":6,"key":"Torii"},{"floor":7,"key":"Damaru"},{"floor":8,"key":"Replay:Baseball"},{"floor":9,"key":"Eternal Feather"},{"floor":10,"key":"Pet Ghost"},{"floor":12,"key":"ReplayTheSpireMod:TigerMarble"},{"floor":13,"key":"Happy Flower"}],"event_choices":[{"damage_healed":0,"gold_gain":0,"player_choice":"Donut","damage_taken":0,"max_hp_gain":5,"max_hp_loss":0,"event_name":"Big Fish","floor":3,"gold_loss":0},{"damage_healed":0,"gold_gain":75,"player_choice":"Gather Gold","damage_taken":11,"max_hp_gain":0,"max_hp_loss":0,"event_name":"World of Goop","floor":4,"gold_loss":0},{"damage_healed":0,"gold_gain":60,"player_choice":"Gained Gold","damage_taken":0,"max_hp_gain":0,"max_hp_loss":0,"event_name":"Golden Wing","floor":14,"gold_loss":0},{"cards_removed":["TalkToTheHand"],"damage_healed":0,"gold_gain":0,"player_choice":"Purged","damage_taken":0,"max_hp_gain":0,"max_hp_loss":0,"event_name":"Purifier","floor":19,"gold_loss":0}],"is_beta":false,"boss_relics":[{"not_picked":["Velvet Choker","SacredBark"],"picked":"Coffee Dripper"}],"items_purged_floors":[],"is_endless":false,"potions_floor_spawned":[1,12,13],"ascension_level":1}}