{"host":"duxoyu97j36znyap","time":1610251094,"event":{"mods":["AlwaysNeverKeys","BaseMod","Bestiary","BetterRewards","Colored Map","DeckTracker","Filter the Spire","Googly Eyes","Minty Spire (QoL Compilation)","Permanent Neow","Rare Cards Sparkle","Relic Stats","StSLib"],"gold_per_floor":[113,123,198,198,208,235,250,250,318,318,353,353,383,333,333,430,430,441,453,65,80,80,106,124,157,157,188,263,282,282,299,299,396,396,412,430,55,70,19,53,67,102,129,157,157,157,184,194,194,194,194,194,0,25,25],"floor_reached":56,"playtime":3082,"items_purged":["Decay"],"score":2193,"play_id":"13c198c7-4545-4d00-aac5-6af0dda8c2e5","local_time":"20210109225814","is_ascension_mode":true,"campfire_choices":[{"data":"Streamline","floor":8.0,"key":"SMITH"},{"data":"Genetic Algorithm","floor":15.0,"key":"SMITH"},{"data":"Biased Cognition","floor":30,"key":"SMITH"},{"data":"Defragment","floor":32,"key":"SMITH"},{"data":"Creative AI","floor":46,"key":"SMITH"},{"data":"Seek","floor":49,"key":"SMITH"},{"data":"Capacitor","floor":52,"key":"SMITH"}],"circlet_count":0,"master_deck":["Leap","Turbo","Leap","FTL","Steam Power","Glacier","Go for the Eyes","Undo","Barrage","Electrodynamics","Cold Snap","Streamline+1","Coolheaded","Multi-Cast","Genetic Algorithm+1","Creative AI+1","Storm+1","Biased Cognition+1","Chaos","Defragment+1","Reboot","Tempest","Rainbow","Storm","Capacitor","Skim","Reboot","Steam Power","All For One","Steam Power+1","Turbo+1","Undo+1","Recycle+1","Seek+1","Capacitor+1","Turbo","Glacier","Double Energy"],"relics":["Pandora\u0027s Box","Turnip","Shuriken","Centennial Puzzle","InkBottle","Thread and Needle","Runic Dome","OrangePellets","Mercury Hourglass","Bag of Marbles","Orichalcum","Emotion Chip","Calling Bell","DataDisk","Eternal Feather","Calipers","Membership Card","Art of War","Chemical X","Juzu Bracelet","Potion Belt","Bag of Preparation","Mummified Hand","Nunchaku","Bottled Tornado","Toy Ornithopter","Ice Cream"],"acts_visited":["Exordium","TheCity","TheBeyond","TheEnding"],"potions_floor_usage":[55],"damage_taken":[{"damage":0.0,"enemies":"2 Louse","floor":1.0,"turns":3.0},{"damage":0.0,"enemies":"Small Slimes","floor":2.0,"turns":6.0},{"damage":0.0,"enemies":"Jaw Worm","floor":5.0,"turns":2.0},{"damage":0.0,"enemies":"3 Sentries","floor":6.0,"turns":3.0},{"damage":4.0,"enemies":"Gremlin Gang","floor":7.0,"turns":2.0},{"damage":9.0,"enemies":"Gremlin Nob","floor":11.0,"turns":5.0},{"damage":1.0,"enemies":"3 Sentries","floor":13.0,"turns":5.0},{"damage":0.0,"enemies":"Hexaghost","floor":16.0,"turns":12.0},{"damage":0.0,"enemies":"Spheric Guardian","floor":18.0,"turns":4.0},{"damage":0.0,"enemies":"Chosen","floor":19.0,"turns":6.0},{"damage":0.0,"enemies":"Centurion and Healer","floor":21.0,"turns":9.0},{"damage":2.0,"enemies":"Book of Stabbing","floor":23.0,"turns":5.0},{"damage":1.0,"enemies":"Snecko","floor":24.0,"turns":4.0},{"damage":27.0,"enemies":"Slavers","floor":25.0,"turns":3.0},{"damage":4.0,"enemies":"Book of Stabbing","floor":27.0,"turns":3.0},{"damage":0,"enemies":"Chosen and Byrds","floor":29,"turns":4},{"damage":0,"enemies":"Shelled Parasite and Fungi","floor":31,"turns":4},{"damage":0,"enemies":"Collector","floor":33,"turns":6},{"damage":0,"enemies":"Orb Walker","floor":35,"turns":3},{"damage":0,"enemies":"3 Shapes","floor":36,"turns":3},{"damage":0,"enemies":"3 Darklings","floor":38,"turns":4},{"damage":0,"enemies":"4 Shapes","floor":39,"turns":3},{"damage":3,"enemies":"Giant Head","floor":40,"turns":6},{"damage":5,"enemies":"Spire Growth","floor":41,"turns":3},{"damage":9,"enemies":"Nemesis","floor":42,"turns":5},{"damage":0,"enemies":"Giant Head","floor":44,"turns":4},{"damage":0,"enemies":"Reptomancer","floor":47,"turns":2},{"damage":0,"enemies":"Maw","floor":48,"turns":3},{"damage":0,"enemies":"Awakened One","floor":50,"turns":5},{"damage":0,"enemies":"Shield and Spear","floor":54,"turns":3},{"damage":0,"enemies":"The Heart","floor":55,"turns":5}],"seed_played":"635565823453639400","potions_obtained":[{"floor":1.0,"key":"SteroidPotion"},{"floor":5.0,"key":"SkillPotion"},{"floor":6.0,"key":"Dexterity Potion"},{"floor":16.0,"key":"EntropicBrew"},{"floor":24.0,"key":"LiquidBronze"},{"floor":29,"key":"SkillPotion"},{"floor":31,"key":"PowerPotion"},{"floor":41,"key":"SpeedPotion"},{"floor":42,"key":"LiquidBronze"},{"floor":47,"key":"Strength Potion"},{"floor":54,"key":"BlessingOfTheForge"}],"is_trial":false,"path_per_floor":["M","M","?","?","M","E","M","R","T","?","E","?","E","?","R","B",null,"M","M","$","M","?","E","M","E","T","E","?","M","R","M","R","B",null,"M","M","$","M","M","E","M","E","T","E","?","R","E","M","R","B",null,"R","$","E","B",null],"character_chosen":"DEFECT","items_purchased":["OrangePellets","Biased Cognition","Chaos","All For One","Bottled Tornado","Turbo","Glacier"],"campfire_rested":0,"item_purchase_floors":[20,20,20,37,53,53,53],"current_hp_per_floor":[68,68,57,57,57,57,53,53,53,50,41,34,33,33,33,33,65,65,65,65,65,65,63,62,35,35,31,24,24,24,24,24,24,62,62,62,62,62,62,59,54,45,45,45,45,66,66,66,75,75,75,75,75,75,75],"gold":25,"neow_bonus":"BOSS_RELIC","is_daily":false,"chose_seed":false,"campfire_upgraded":7,"win_rate":0.0,"timestamp":1610251094,"path_taken":["M","M","?","?","M","E","M","R","T","?","E","?","E","?","R","BOSS","M","M","$","M","?","E","M","E","T","E","?","M","R","M","R","BOSS","M","M","$","M","M","E","M","E","T","E","?","R","E","M","R","BOSS","R","$","E","BOSS"],"items_purchased_type":["Relic","Card","Card","Card","Relic","Card","Card"],"build_version":"2020-12-22","purchased_purges":1,"victory":true,"max_hp_per_floor":[75,75,75,75,75,75,75,75,75,75,75,75,75,75,75,75,75,75,75,75,75,75,75,75,75,75,75,75,75,75,75,75,75,75,75,75,75,75,75,75,75,75,75,75,75,75,75,75,75,75,75,75,75,75,75],"relic_stats":{"counters":[31,134],"Eternal Feather":30,"Juzu Bracelet":1,"Bag of Preparation":[12],"Orichalcum":[36],"Mercury Hourglass":[307],"OrangePellets":[29],"Centennial Puzzle":[27],"Emotion Chip":[10,10,0,0,0],"Nunchaku":[3],"Shuriken":[18],"Mummified Hand":[74],"Pandora\u0027s Box":["Leap","Turbo","Aggregate","Leap","FTL","Steam Power","Glacier","Go for the Eyes"],"Turnip":[19],"Art of War":[4],"Chemical X":[14],"obtain_stats":[{"Ice Cream":55,"Calipers":34,"Juzu Bracelet":40,"Bag of Preparation":43,"Bottled Tornado":53,"Centennial Puzzle":10,"Emotion Chip":27,"Lizard Tail":44,"Nunchaku":47,"Mummified Hand":47,"Chemical X":39,"Cracked Core":0,"InkBottle":11,"Potion Belt":42,"Thread and Needle":13,"Eternal Feather":34,"Orichalcum":26,"Mercury Hourglass":23,"Calling Bell":34,"Runic Dome":17,"OrangePellets":20,"DataDisk":34,"Shuriken":9,"Pandora\u0027s Box":0,"Turnip":6,"Bag of Marbles":25,"Art of War":37,"Membership Card":37,"Toy Ornithopter":54},{"Ice Cream":31,"Calipers":18,"Juzu Bracelet":23,"Bag of Preparation":25,"Bottled Tornado":29,"Centennial Puzzle":5,"Emotion Chip":15,"Lizard Tail":26,"Nunchaku":27,"Mummified Hand":27,"Chemical X":22,"Cracked Core":0,"InkBottle":6,"Potion Belt":25,"Thread and Needle":7,"Eternal Feather":18,"Orichalcum":14,"Mercury Hourglass":12,"Calling Bell":18,"Runic Dome":8,"OrangePellets":10,"DataDisk":18,"Shuriken":5,"Pandora\u0027s Box":0,"Turnip":4,"Bag of Marbles":14,"Art of War":20,"Membership Card":20,"Toy Ornithopter":30},{"Ice Cream":132,"Calipers":86,"Juzu Bracelet":104,"Bag of Preparation":112,"Bottled Tornado":126,"Centennial Puzzle":16,"Emotion Chip":72,"Lizard Tail":116,"Nunchaku":118,"Mummified Hand":117,"Chemical X":97,"Cracked Core":0,"InkBottle":21,"Potion Belt":112,"Thread and Needle":26,"Eternal Feather":86,"Orichalcum":69,"Mercury Hourglass":62,"Calling Bell":86,"Runic Dome":38,"OrangePellets":48,"DataDisk":86,"Shuriken":16,"Pandora\u0027s Box":0,"Turnip":14,"Bag of Marbles":69,"Art of War":91,"Membership Card":91,"Toy Ornithopter":129}],"InkBottle":[65],"Toy Ornithopter":0},"card_choices":[{"not_picked":["Redo","Go for the Eyes"],"picked":"Undo","floor":1.0},{"not_picked":["Compile Driver","Go for the Eyes"],"picked":"Barrage","floor":2.0},{"not_picked":["Redo","Skim"],"picked":"Cold Snap","floor":5.0},{"not_picked":["Conserve Battery","Rip and Tear"],"picked":"Streamline","floor":6.0},{"not_picked":["Stack","Conserve Battery"],"picked":"Coolheaded","floor":7.0},{"not_picked":["Sweeping Beam","Turbo"],"picked":"Multi-Cast","floor":11.0},{"not_picked":["Fission","BootSequence"],"picked":"Genetic Algorithm","floor":13.0},{"not_picked":["Echo Form","Multi-Cast"],"picked":"Creative AI","floor":16.0},{"not_picked":["Blizzard","Beam Cell"],"picked":"Storm+1","floor":18.0},{"not_picked":["Conserve Battery+1","Ball Lightning","Beam Cell"],"picked":"SKIP","floor":19.0},{"not_picked":["Steam","Sunder+1"],"picked":"Defragment","floor":21.0},{"not_picked":["Ball Lightning","Static Discharge"],"picked":"Tempest","floor":23.0},{"not_picked":["Redo+1","BootSequence"],"picked":"Rainbow","floor":24.0},{"not_picked":["Ball Lightning","Hologram"],"picked":"Storm","floor":25.0},{"not_picked":["Rebound","Redo"],"picked":"Capacitor","floor":27.0},{"not_picked":["Double Energy","Beam Cell"],"picked":"Skim","floor":29},{"not_picked":["Cold Snap+1","Go for the Eyes","Hello World"],"picked":"SKIP","floor":31},{"not_picked":["Creative AI","Hyperbeam"],"picked":"Reboot","floor":33},{"not_picked":["Gash","Melter+1","Rebound+1"],"picked":"SKIP","floor":35},{"not_picked":["Gash+1","Sweeping Beam"],"picked":"Steam Power","floor":36},{"not_picked":["Steam+1","Sunder","Barrage"],"picked":"SKIP","floor":38},{"not_picked":["Barrage+1","Coolheaded"],"picked":"Steam Power+1","floor":39},{"not_picked":["Leap+1","Chaos"],"picked":"Turbo+1","floor":40},{"not_picked":["Force Field+1","Beam Cell+1"],"picked":"Undo+1","floor":41},{"not_picked":["Self Repair","Ball Lightning"],"picked":"Recycle+1","floor":42},{"not_picked":["Steam+1","Hologram+1"],"picked":"Seek","floor":44},{"not_picked":["FTL","Seek"],"picked":"Capacitor","floor":47},{"not_picked":["Go for the Eyes+1","Self Repair","Stack"],"picked":"SKIP","floor":48},{"not_picked":["Reinforced Body","Tempest+1"],"picked":"Double Energy","floor":54}],"player_experience":557542,"relics_obtained":[{"floor":6.0,"key":"Turnip"},{"floor":9.0,"key":"Shuriken"},{"floor":11.0,"key":"InkBottle"},{"floor":13.0,"key":"Thread and Needle"},{"floor":23.0,"key":"Mercury Hourglass"},{"floor":25.0,"key":"Bag of Marbles"},{"floor":26.0,"key":"Orichalcum"},{"floor":27.0,"key":"Emotion Chip"},{"floor":34,"key":"DataDisk"},{"floor":34,"key":"Eternal Feather"},{"floor":34,"key":"Calipers"},{"floor":40,"key":"Juzu Bracelet"},{"floor":42,"key":"Potion Belt"},{"floor":43,"key":"Bag of Preparation"},{"floor":44,"key":"Lizard Tail"},{"floor":47,"key":"Nunchaku"},{"floor":54,"key":"Toy Ornithopter"}],"event_choices":[{"damage_healed":0.0,"max_hp_gain":0.0,"max_hp_loss":0.0,"gold_gain":75.0,"event_name":"World of Goop","player_choice":"Gather Gold","floor":3.0,"gold_loss":0.0,"damage_taken":11.0},{"damage_healed":0.0,"max_hp_gain":0.0,"max_hp_loss":0.0,"gold_gain":0.0,"cards_transformed":["Aggregate"],"event_name":"Living Wall","player_choice":"Change","floor":4.0,"gold_loss":0.0,"damage_taken":0.0,"cards_obtained":["Electrodynamics"]},{"damage_healed":0.0,"max_hp_gain":0.0,"max_hp_loss":0.0,"gold_gain":0.0,"event_name":"Scrap Ooze","player_choice":"Success","floor":10.0,"gold_loss":0.0,"damage_taken":3.0,"relics_obtained":["Centennial Puzzle"]},{"cards_removed":["Dualcast"],"damage_healed":0.0,"max_hp_gain":0.0,"max_hp_loss":0.0,"gold_gain":0.0,"event_name":"Golden Wing","player_choice":"Card Removal","floor":12.0,"gold_loss":0.0,"damage_taken":7.0},{"cards_removed":["Zap"],"damage_healed":0.0,"max_hp_gain":0.0,"max_hp_loss":0.0,"gold_gain":0.0,"event_name":"The Cleric","player_choice":"Card Removal","floor":14.0,"gold_loss":50.0,"damage_taken":0.0},{"damage_healed":0.0,"max_hp_gain":0.0,"max_hp_loss":0.0,"gold_gain":0.0,"event_name":"The Library","player_choice":"Read","floor":22.0,"gold_loss":0.0,"damage_taken":0.0,"cards_obtained":["Reboot"]},{"damage_healed":0,"gold_gain":75,"player_choice":"Touch","damage_taken":7,"max_hp_gain":0,"max_hp_loss":0,"event_name":"FaceTrader","floor":28,"gold_loss":0},{"damage_healed":0,"gold_gain":0,"player_choice":"Cursed","damage_taken":0,"max_hp_gain":0,"max_hp_loss":0,"event_name":"Wheel of Change","floor":45,"gold_loss":0,"cards_obtained":["Decay"]}],"is_beta":false,"boss_relics":[{"not_picked":["Cursed Key","Busted Crown"],"picked":"Runic Dome"},{"not_picked":["Fusion Hammer","Empty Cage"],"picked":"Calling Bell"}],"items_purged_floors":[53],"is_endless":false,"potions_floor_spawned":[1,5,6,16,18,21,24,29,31,36,41,42,47,54],"ascension_level":7}}