{"host":"pgqkv8mh62pnrbci","time":1610296397,"event":{"mods":["2.2 Compatiblity","AchievementEnabler","BaseMod","Custom Start","DeckTracker","Minty Spire (QoL Compilation)","Replay The Spire","StSLib","SuperFastMode","¡¼?Úª?ø«¡½REMEMod"],"gold_per_floor":[113,5885,5296,4708,4708,4108,4108],"floor_reached":6,"playtime":913,"items_purged":[],"score":446,"play_id":"3b1457a3-15bc-4dfb-95db-cf76a1b5b322","local_time":"20210111013317","is_ascension_mode":false,"campfire_choices":[],"circlet_count":0,"master_deck":["Strike_R+1","Strike_R","Strike_R+1","Strike_R","Strike_R","Defend_R","Defend_R","Defend_R+1","Defend_R","Bash+1","Replay:Battleflow","REME_FearOfPain","ReplayTheSpireMod:IOU","ReplayTheSpireMod:IOU","ReplayTheSpireMod:IOU","ReplayTheSpireMod:IOU","ReplayTheSpireMod:IOU","ReplayTheSpireMod:IOU","ReplayTheSpireMod:IOU","ReplayTheSpireMod:IOU","ReplayTheSpireMod:IOU","ReplayTheSpireMod:IOU","ReplayTheSpireMod:IOU","ReplayTheSpireMod:IOU","ReplayTheSpireMod:IOU","ReplayTheSpireMod:IOU","ReplayTheSpireMod:IOU","ReplayTheSpireMod:IOU","REME_Flogging","Flash of Steel","Mind Blast","ReplayTheSpireMod:IOU","ReplayTheSpireMod:IOU","ReplayTheSpireMod:IOU","ReplayTheSpireMod:IOU","ReplayTheSpireMod:IOU","ReplayTheSpireMod:IOU","ReplayTheSpireMod:IOU","ReplayTheSpireMod:IOU","ReplayTheSpireMod:IOU","ReplayTheSpireMod:IOU","ReplayTheSpireMod:IOU","ReplayTheSpireMod:IOU","ReplayTheSpireMod:IOU","ReplayTheSpireMod:IOU","ReplayTheSpireMod:IOU","ReplayTheSpireMod:IOU","ReplayTheSpireMod:IOU","ReplayTheSpireMod:IOU","ReplayTheSpireMod:IOU","ReplayTheSpireMod:IOU","ReplayTheSpireMod:IOU","ReplayTheSpireMod:IOU","ReplayTheSpireMod:IOU","ReplayTheSpireMod:IOU","ReplayTheSpireMod:IOU","ReplayTheSpireMod:IOU","ReplayTheSpireMod:IOU","ReplayTheSpireMod:IOU","ReplayTheSpireMod:IOU","ReplayTheSpireMod:IOU","ReplayTheSpireMod:IOU","ReplayTheSpireMod:IOU","ReplayTheSpireMod:IOU","ReplayTheSpireMod:IOU","ReplayTheSpireMod:IOU","ReplayTheSpireMod:IOU","Pot Of Greed+1","Pot Of Greed+1","Pot Of Greed+1","Pot Of Greed+1","Pot Of Greed+1","Pot Of Greed+1","Pot Of Greed+1","Pot Of Greed+1"],"relics":["Burning Blood","REME_ComplimentaryCards","Snecko Heart","REME_DemonsWealth","Replay:Wax Seal","The Courier","ReplayTheSpireMod:ShopPack","Counterbalance","Pet Ghost","ReplayFunnel","Bag of Preparation","Peace Pipe","Lizard Tail","Blood Vial","Centennial Puzzle","Charon\u0027s Ashes","Anchor","Red Skull","Gremlin Horn","Regal Pillow","Strawberry","Ice Cream","Omamori","REME_HourglassOfDeath","Lantern","Replay:WaspNest","ReplayTheSpireMod:Spearhead","REME_LimitBreaker","Onion Ring","Replay:Accelerometer","Iron Hammer","ReplayTheSpireMod:TigerMarble","Pocketwatch","Replay:Towering Pillar of Hats","Matryoshka","Akabeko","Oddly Smooth Stone","Golden Egg","Chameleon Ring","HornCleat","FossilizedHelix","CaptainsWheel","Self Forming Clay","Sundial","Toy Ornithopter","ReplayTheSpireMod:Lightbulb","Potion Belt","Paper Frog","Replay:Bottled Steam","Bronze Scales","Nunchaku","Toxic Egg 2","Bag of Marbles","Prayer Wheel","Shuriken","Champion Belt","Another Sword","Mango","Garlic","Frozen Egg 2","Juzu Bracelet","Replay:Mystery Machine","TungstenRod","Vajra","CeramicFish","Ancient Tea Set","Magic Flower","PreservedInsect","Blue Candle","Replay:Bottled Snecko","Singing Bowl","REME_IWantAll","Happy Flower","Thread and Needle","Orichalcum","Calipers","Eternal Feather","Replay:Baseball","Replay:Bottled Flurry","Darkstone Periapt","Gambling Chip","Turnip","Boot","Gremlin Food","Art of War","Dream Catcher","Whetstone","Bottled Flame","Dead Branch","King of Hearts","Replay:Kaleidoscope","Bird Faced Urn","Bottled Lightning","Grinning Jar"],"acts_visited":["Exordium"],"potions_floor_usage":[1],"damage_taken":[{"damage":6,"enemies":"2 Louse","floor":1,"turns":3},{"damage":0,"enemies":"Small Slimes","floor":3,"turns":1},{"damage":0,"enemies":"Cultist","floor":4,"turns":1},{"damage":0,"enemies":"Lagavulin","floor":6,"turns":1}],"seed_played":"7856291382707455644","potions_obtained":[{"floor":1,"key":"REME_GoldPotion"},{"floor":4,"key":"Dexterity Potion"}],"is_trial":true,"path_per_floor":["M","$","M","M","?","E"],"character_chosen":"IRONCLAD","items_purchased":["ReplayTheSpireMod:ShopPack","Counterbalance","Pet Ghost","ReplayFunnel","Bag of Preparation","Peace Pipe","Lizard Tail","Blood Vial","Centennial Puzzle","Charon\u0027s Ashes","Anchor","Red Skull","Gremlin Horn","Regal Pillow","Strawberry","Ice Cream","Omamori","REME_HourglassOfDeath","Lantern","Replay:WaspNest","ReplayTheSpireMod:Spearhead","REME_LimitBreaker","Onion Ring","Replay:Accelerometer","Iron Hammer","ReplayTheSpireMod:TigerMarble","Pocketwatch","Replay:Towering Pillar of Hats","Matryoshka","Akabeko","Oddly Smooth Stone","Golden Egg","Chameleon Ring","HornCleat","FossilizedHelix","CaptainsWheel","Self Forming Clay","Sundial","Toy Ornithopter","ReplayTheSpireMod:Lightbulb","Potion Belt","Paper Frog","Replay:Bottled Steam","Bronze Scales","Nunchaku","Toxic Egg 2","Bag of Marbles","Prayer Wheel","Shuriken","Champion Belt","Another Sword","Mango","Garlic","Frozen Egg 2","Juzu Bracelet","Replay:Mystery Machine","TungstenRod","Vajra","CeramicFish","Ancient Tea Set","Magic Flower","PreservedInsect","Blue Candle","Replay:Bottled Snecko","Singing Bowl","REME_IWantAll","Happy Flower","Thread and Needle","Orichalcum","Calipers","Eternal Feather","Replay:Baseball","Replay:Bottled Flurry","Darkstone Periapt","Gambling Chip","Turnip","Boot","Gremlin Food","Art of War","Dream Catcher","Whetstone","Bottled Flame","Dead Branch","King of Hearts","Replay:Kaleidoscope","Bird Faced Urn","Bottled Lightning","Grinning Jar"],"campfire_rested":0,"item_purchase_floors":[2,2,2,2,2,2,2,2,2,2,2,2,2,2,2,2,2,2,2,2,2,2,2,2,2,2,2,2,2,2,2,2,2,2,2,2,2,2,2,2,2,2,2,2,2,2,2,2,2,2,2,2,2,2,2,2,2,2,2,2,2,2,2,2,2,2,2,2,2,2,2,2,2,2,2,2,2,2,2,2,2,2,2,2,2,2,2,2],"current_hp_per_floor":[80,101,105,109,88,100,100],"gold":4108,"neow_bonus":"","is_daily":false,"chose_seed":false,"campfire_upgraded":0,"win_rate":0.0,"timestamp":1610296397,"path_taken":["M","$","M","M","?","E"],"items_purchased_type":["Relic","Relic","Relic","Relic","Relic","Relic","Relic","Relic","Relic","Relic","Relic","Relic","Relic","Relic","Relic","Relic","Relic","Relic","Relic","Relic","Relic","Relic","Relic","Relic","Relic","Relic","Relic","Relic","Relic","Relic","Relic","Relic","Relic","Relic","Relic","Relic","Relic","Relic","Relic","Relic","Relic","Relic","Relic","Relic","Relic","Relic","Relic","Relic","Relic","Relic","Relic","Relic","Relic","Relic","Relic","Relic","Relic","Relic","Relic","Relic","Relic","Relic","Relic","Relic","Relic","Relic","Relic","Relic","Relic","Relic","Relic","Relic","Relic","Relic","Relic","Relic","Relic","Relic","Relic","Relic","Relic","Relic","Relic","Relic","Relic","Relic","Relic","Relic"],"build_version":"2020-12-22","purchased_purges":0,"victory":false,"max_hp_per_floor":[80,101,105,109,109,109,109],"card_choices":[{"not_picked":["Replay:Undeath\u0027s Touch","Iron Wave","Shame"],"picked":"REME_FearOfPain","floor":1},{"not_picked":["Secret Technique","REME_BodyOfCthun","The Bomb"],"picked":"REME_Flogging","floor":2},{"not_picked":["Purity","ReplayTheSpireMod:Trickstab","PanicButton"],"picked":"Flash of Steel","floor":2},{"not_picked":["REME_Flogging","Mayhem","Blind"],"picked":"Mind Blast","floor":2},{"not_picked":["Ghostly Armor+1","REME_SingleHolding+1","ReplayTheSpireMod:Muscle Training+1","Writhe"],"picked":"Singing Bowl","floor":3},{"not_picked":["Clash","Body Slam","Shockwave+1","Parasite"],"picked":"Singing Bowl","floor":3},{"not_picked":["Replay:Undeath\u0027s Touch","Metallicize+1","Rage+1","Pain"],"picked":"Singing Bowl","floor":4},{"not_picked":["Iron Wave","Twin Strike","REME_TheLastStrike","Replay:Hysterical Blindness"],"picked":"Singing Bowl","floor":4}],"player_experience":620736,"relics_obtained":[],"event_choices":[{"damage_healed":0,"gold_gain":0,"player_choice":"Entered Light","damage_taken":22,"max_hp_gain":0,"max_hp_loss":0,"event_name":"Shining Light","floor":5,"gold_loss":0,"cards_upgraded":["Strike_R","Defend_R"]}],"is_beta":false,"boss_relics":[],"items_purged_floors":[],"is_endless":false,"potions_floor_spawned":[1,4],"killed_by":"Lagavulin","ascension_level":0}}