{"host":"a1eatafr7pisesky","time":1610285595,"event":{"mods":["AchievementEnabler","BaseMod","Colored Map","Keyboard Shortcuts","Minty Spire (QoL Compilation)","Say the Spire","StSLib","SuperFastMode","everything is the same but u backflip on backflip"],"gold_per_floor":[12,12,36,60,74,74,74,109,164,164,164,205,63,63,63,188,251,270,286,286,286],"floor_reached":20,"playtime":496,"items_purged":["Strike_R"],"score":282,"play_id":"a2a8b30b-3412-46b4-a644-584239bac962","local_time":"20210110223315","is_ascension_mode":true,"campfire_choices":[{"floor":6.0,"key":"REST"},{"data":"Cleave","floor":11.0,"key":"SMITH"},{"data":"Flex","floor":15.0,"key":"SMITH"}],"circlet_count":0,"master_deck":["AscendersBane","Strike_R","Strike_R","Defend_R+1","Defend_R+1","Defend_R","Bash","Thunderclap","Flex+1","Cleave+1","Inflame","Carnage","Flex+1","Offering","Twin Strike"],"relics":["Burning Blood","Golden Idol","The Courier","Nunchaku","PreservedInsect","Tiny House"],"acts_visited":["Exordium","TheCity"],"potions_floor_usage":[16,16,16,16,18,20,20],"damage_taken":[{"damage":9.0,"enemies":"2 Louse","floor":1.0,"turns":3.0},{"damage":18.0,"enemies":"Small Slimes","floor":3.0,"turns":5.0},{"damage":7.0,"enemies":"Jaw Worm","floor":4.0,"turns":3.0},{"damage":4.0,"enemies":"2 Fungi Beasts","floor":5.0,"turns":3.0},{"damage":16.0,"enemies":"Gremlin Nob","floor":8.0,"turns":3.0},{"damage":21.0,"enemies":"3 Sentries","floor":12.0,"turns":6.0},{"damage":24,"enemies":"Hexaghost","floor":16,"turns":6},{"damage":39,"enemies":"3 Byrds","floor":18,"turns":5},{"damage":26,"enemies":"Shell Parasite","floor":19,"turns":5},{"damage":21,"enemies":"Snake Plant","floor":20,"turns":2}],"seed_played":"-4016815888069491962","potions_obtained":[{"floor":1.0,"key":"Block Potion"},{"floor":4.0,"key":"Energy Potion"},{"floor":8.0,"key":"SkillPotion"},{"floor":16,"key":"Weak Potion"},{"floor":17,"key":"LiquidBronze"},{"floor":19,"key":"Fire Potion"}],"is_trial":false,"path_per_floor":["M","?","M","M","M","R","?","E","T","?","R","E","$","?","R","B",null,"M","M","M"],"character_chosen":"IRONCLAD","items_purchased":["EntropicBrew"],"campfire_rested":1,"item_purchase_floors":[13],"current_hp_per_floor":[69,49,37,36,38,62,46,36,36,41,41,26,26,26,26,8,71,38,18,0,0],"gold":286,"neow_bonus":"REMOVE_TWO","is_daily":false,"chose_seed":false,"campfire_upgraded":2,"win_rate":0.0,"timestamp":1610285595,"path_taken":["M","?","M","M","M","R","?","E","T","?","R","E","$","?","R","BOSS","M","M","M"],"items_purchased_type":["Potion"],"build_version":"2020-12-22","purchased_purges":1,"victory":false,"max_hp_per_floor":[80,80,80,80,80,80,80,80,80,85,85,85,85,85,85,85,90,90,90,90,90],"card_choices":[{"not_picked":["Bloodletting","Heavy Blade"],"picked":"Thunderclap","floor":1.0},{"not_picked":["Pummel","Uppercut"],"picked":"Flex","floor":3.0},{"not_picked":["Heavy Blade","Wild Strike"],"picked":"Cleave","floor":4.0},{"not_picked":["Rampage","Anger"],"picked":"Inflame","floor":5.0},{"not_picked":["Power Through","Cleave"],"picked":"Carnage","floor":8.0},{"not_picked":["Warcry","Perfected Strike"],"picked":"Flex","floor":12.0},{"not_picked":["Immolate","Corruption"],"picked":"Offering","floor":16},{"not_picked":["Havoc","Rage","Fire Breathing+1"],"picked":"SKIP","floor":18},{"not_picked":["Infernal Blade","Hemokinesis"],"picked":"Twin Strike","floor":19}],"player_experience":300977,"relics_obtained":[{"floor":8.0,"key":"The Courier"},{"floor":9.0,"key":"Nunchaku"},{"floor":12.0,"key":"PreservedInsect"}],"event_choices":[{"damage_healed":0.0,"max_hp_gain":0.0,"max_hp_loss":0.0,"gold_gain":0.0,"event_name":"Golden Idol","player_choice":"Take Damage","floor":2.0,"gold_loss":0.0,"damage_taken":20.0,"relics_obtained":["Golden Idol"]},{"damage_healed":0.0,"max_hp_gain":0.0,"max_hp_loss":0.0,"gold_gain":0.0,"event_name":"Shining Light","player_choice":"Entered Light","floor":7.0,"gold_loss":0.0,"damage_taken":16.0,"cards_upgraded":["Defend_R","Flex"]},{"damage_healed":0.0,"max_hp_gain":5.0,"max_hp_loss":0.0,"gold_gain":0.0,"event_name":"Big Fish","player_choice":"Donut","floor":10.0,"gold_loss":0.0,"damage_taken":0.0},{"cards_removed":["Strike_R"],"damage_healed":0.0,"max_hp_gain":0.0,"max_hp_loss":0.0,"gold_gain":0.0,"event_name":"Living Wall","player_choice":"Forget","floor":14.0,"gold_loss":0.0,"damage_taken":0.0}],"is_beta":false,"boss_relics":[{"not_picked":["Calling Bell","Busted Crown"],"picked":"Tiny House"}],"items_purged_floors":[13],"is_endless":false,"potions_floor_spawned":[1,4,8,16,19],"killed_by":"Snake Plant","ascension_level":11}}