{"host":"k67zwea37tbl4jhz","time":1610268345,"event":{"mods":["AchievementEnabler","Act Like it!","Aspiration","BaseMod","Better Altar","Better Match","Better Note","Better Sensory Stone","Better Skull","Better Third Choice","BetterRewards","CCEM","Clawfect","Colored Map","Conspire","Downfall","GifTheSpireLib","Googly Eyes","Halation","Highlight Path","Hubris","Mimic Mod","Minty Spire (QoL Compilation)","Permanent Neow","Replay The Spire","Shop Mod","Spicy Shops","StSLib","Stuff the Spire","Unceasing Turn Reminder","everything is the same but u backflip on backflip"],"gold_per_floor":[99,118,118,133,133,161,161,161,18,18,31,31,48,79,99,99,99,99],"floor_reached":16,"playtime":883,"items_purged":[],"score":110,"play_id":"d69531b6-4ba2-4d49-9583-177342ef0c23","local_time":"20210110034545","is_ascension_mode":false,"campfire_choices":[{"data":"hexamod:Float","floor":1,"key":"SMITH"},{"floor":8,"key":"RECALL"},{"floor":12,"key":"REST"}],"circlet_count":0,"master_deck":["hexamod:Strike","hexamod:Strike","hexamod:Strike","hexamod:Strike","hexamod:Defend","hexamod:Defend","hexamod:Defend+1","hexamod:Sear","hexamod:Float+1","hexamod:PowerFromBeyond","hexamod:GhostOfSpireFuture","hexamod:RadiantFlame+1","hexamod:AdvancingGuard","hexamod:ExtraCrispy","hexamod:ThermalTransfer","hexamod:FastForward","hexamod:FifthSeal","hexamod:ThirdSeal","hexamod:GhostOfSpireFuture","hexamod:SixthSeal","hexamod:SecondSeal","hexamod:FirstSeal","hexamod:HeatMetal"],"relics":["hexamod:SpiritBrand","CCEMRelics:PorcelainBowl","halation:YellowSoulGem","Dream Catcher","CCEMRelics:CocoNut","conspire:Dentures"],"acts_visited":["Exordium"],"potions_floor_usage":[],"damage_taken":[{"damage":0,"enemies":"Cultist","floor":2,"turns":3},{"damage":0,"enemies":"Small Slimes","floor":4,"turns":3},{"damage":20,"enemies":"Gremlin Nob","floor":6,"turns":6},{"damage":0,"enemies":"downfall:FleeingMerchant","floor":9,"turns":4},{"damage":5,"enemies":"2 Louse","floor":11,"turns":2},{"damage":7,"enemies":"Large Slime","floor":13,"turns":4},{"damage":31,"enemies":"3 Sentries","floor":14,"turns":9},{"damage":10,"enemies":"2 Fungi Beasts","floor":15,"turns":5},{"damage":24,"enemies":"downfall:Ironclad","floor":16,"turns":3}],"seed_played":"-5290057272868800575","potions_obtained":[{"floor":6,"key":"Elixir"},{"floor":14,"key":"Cursed Concoction"},{"floor":15,"key":"Dexterity Potion"}],"is_trial":false,"path_per_floor":["R","M","?","M","?","E","T","R","$","?","M","R","M","E","M","B"],"character_chosen":"THE_SPIRIT","items_purchased":["hexamod:ExtraCrispy","hexamod:ThermalTransfer"],"campfire_rested":1,"item_purchase_floors":[9,9],"current_hp_per_floor":[70,70,70,70,70,50,55,55,55,55,50,72,65,34,24,0,0,0],"gold":99,"neow_bonus":"RANDOM_COMMON_RELIC","is_daily":false,"chose_seed":false,"campfire_upgraded":1,"win_rate":0.0,"timestamp":1610268345,"path_taken":["R","M","?","M","?","E","T","R","$","?","M","R","M","E","M","BOSS"],"items_purchased_type":["Card","Card"],"build_version":"2020-12-22","purchased_purges":0,"victory":false,"max_hp_per_floor":[70,70,70,70,70,70,75,75,75,75,75,75,75,75,75,75,75,75],"card_choices":[{"not_picked":["hexamod:RainOfEmbers","hexamod:GhostLash"],"picked":"hexamod:PowerFromBeyond","floor":2},{"not_picked":["hexamod:Hexaguard","hexamod:GhostShield"],"picked":"hexamod:GhostOfSpireFuture","floor":4},{"not_picked":["hexamod:SpectersWail","hexamod:SwordOfDarkness","hexamod:TurnItUp"],"picked":"SKIP","floor":6},{"not_picked":["hexamod:SpectersWail","hexamod:InspiringFlames"],"picked":"hexamod:AdvancingGuard","floor":9},{"not_picked":["hexamod:HeatCrush","hexamod:Hexaguard"],"picked":"hexamod:FastForward","floor":11},{"not_picked":["hexamod:DynamicBlow","hexamod:FastForward"],"picked":"hexamod:FifthSeal","floor":12},{"not_picked":["hexamod:FourthSeal","hexamod:SecondSeal"],"picked":"hexamod:ThirdSeal","floor":13},{"not_picked":["hexamod:RecurringNightmare","hexamod:AdvancingGuard"],"picked":"hexamod:GhostOfSpireFuture","floor":13},{"not_picked":["hexamod:SecondSeal","hexamod:FirstSeal"],"picked":"hexamod:SixthSeal","floor":14},{"not_picked":["hexamod:SwordOfDarkness","hexamod:BacktrackSmack"],"picked":"hexamod:SecondSeal","floor":14},{"not_picked":["hexamod:SecondSeal","hexamod:ThirdSeal"],"picked":"hexamod:FirstSeal","floor":15},{"not_picked":["hexamod:Rewind","hexamod:InspiringFlames"],"picked":"hexamod:HeatMetal","floor":15}],"player_experience":171454,"relics_obtained":[{"floor":6,"key":"Dream Catcher"},{"floor":7,"key":"CCEMRelics:CocoNut"},{"floor":14,"key":"conspire:Dentures"}],"event_choices":[{"damage_healed":0,"gold_gain":1,"player_choice":"4","damage_taken":0,"max_hp_gain":0,"max_hp_loss":0,"event_name":"betterStone:BetterStone","floor":5,"gold_loss":0,"cards_obtained":["hexamod:RadiantFlame"]},{"cards_removed":["hexamod:Defend"],"damage_healed":0,"gold_gain":0,"player_choice":"Card Removal","damage_taken":0,"max_hp_gain":0,"max_hp_loss":0,"event_name":"The Cleric","floor":10,"gold_loss":0}],"is_beta":false,"boss_relics":[],"items_purged_floors":[],"is_endless":false,"potions_floor_spawned":[6,14,15],"killed_by":"downfall:Ironclad","ascension_level":0}}