{"host":"cv77zuuuekizn3ic","time":1610285026,"event":{"mods":["AchievementEnabler","BaseMod","Marisa£®ÏF”Í°°ƒß¿Ì…≥£©","Minty Spire (QoL Compilation)","StSLib","Waifu the Spire","everything is the same but u backflip on backflip","slay the spire mod where everything is the same but ironclad has a cowboy hat"],"gold_per_floor":[112,112,124,138,138,138,228,228,228,228,95,107,121,151,151,230,230,247,257,307,52,52,83,83,121,145,180,196,196,196,215,215,301,301,312,325,341,366,366,401,401,436,436,446,457,466,102,134,134,134,134,134,134,134,173,173],"floor_reached":57,"playtime":3378,"items_purged":["Strike_R","Strike_R","Defend_R"],"score":3191,"play_id":"2aee93be-6cb0-4c1b-b364-67b0ac0ea10f","local_time":"20210110212346","is_ascension_mode":true,"campfire_choices":[{"data":"Hemokinesis","floor":6.0,"key":"SMITH"},{"data":"Offering","floor":8.0,"key":"SMITH"},{"data":"Evolve","floor":10.0,"key":"SMITH"},{"data":"Power Through","floor":15.0,"key":"SMITH"},{"data":"Corruption","floor":24.0,"key":"SMITH"},{"data":"Fire Breathing","floor":30.0,"key":"SMITH"},{"data":"Fire Breathing","floor":32.0,"key":"SMITH"},{"floor":41.0,"key":"RECALL"},{"data":"Juggernaut","floor":49.0,"key":"SMITH"},{"data":"Burning Pact","floor":53.0,"key":"SMITH"}],"circlet_count":0,"master_deck":["AscendersBane","Defend_R","Defend_R","Defend_R","Doubt","Corruption+1","Offering+1","Hemokinesis+1","Evolve+1","Power Through+1","Fire Breathing+1","Shrug It Off","Burning Pact+1","Offering+1","Fire Breathing+1","Barricade+1","Burning Pact+1","Bloodletting+1","Second Wind+1","Shrug It Off+1","Impervious+1","Disarm+1","Whirlwind","Seeing Red+1","Juggernaut+1","Dark Embrace+1"],"relics":["Burning Blood","Bird Faced Urn","StoneCalendar","Toxic Egg 2","Runic Cube","CeramicFish","Shuriken","Vajra","Bottled Lightning","Coffee Dripper","Girya","Whetstone","Lizard Tail","Bottled Tornado","Red Skull","Art of War"],"acts_visited":["Exordium","TheCity","TheBeyond","TheEnding"],"potions_floor_usage":[56],"damage_taken":[{"damage":13.0,"enemies":"2 Louse","floor":1.0,"turns":4.0},{"damage":8.0,"enemies":"Cultist","floor":3.0,"turns":3.0},{"damage":14.0,"enemies":"Jaw Worm","floor":4.0,"turns":4.0},{"damage":28.0,"enemies":"3 Sentries","floor":7.0,"turns":10.0},{"damage":9.0,"enemies":"3 Louse","floor":12.0,"turns":3.0},{"damage":9.0,"enemies":"Exordium Thugs","floor":13.0,"turns":3.0},{"damage":32.0,"enemies":"Gremlin Nob","floor":14.0,"turns":4.0},{"damage":20.0,"enemies":"Hexaghost","floor":16.0,"turns":7.0},{"damage":6.0,"enemies":"Chosen","floor":18.0,"turns":4.0},{"damage":22.0,"enemies":"Shell Parasite","floor":19.0,"turns":4.0},{"damage":38.0,"enemies":"Book of Stabbing","floor":23.0,"turns":4.0},{"damage":20.0,"enemies":"Gremlin Leader","floor":25.0,"turns":4.0},{"damage":12.0,"enemies":"Book of Stabbing","floor":27.0,"turns":4.0},{"damage":17.0,"enemies":"Shelled Parasite and Fungi","floor":28.0,"turns":3.0},{"damage":6.0,"enemies":"Centurion and Healer","floor":31.0,"turns":7.0},{"damage":15.0,"enemies":"Champ","floor":33.0,"turns":7.0},{"damage":6.0,"enemies":"3 Darklings","floor":35.0,"turns":3.0},{"damage":16.0,"enemies":"3 Shapes","floor":36.0,"turns":3.0},{"damage":17.0,"enemies":"Transient","floor":37.0,"turns":6.0},{"damage":12.0,"enemies":"Mind Bloom Boss Battle","floor":38.0,"turns":5.0},{"damage":12.0,"enemies":"Giant Head","floor":40.0,"turns":9.0},{"damage":18.0,"enemies":"Nemesis","floor":42.0,"turns":7.0},{"damage":9.0,"enemies":"Spire Growth","floor":44.0,"turns":7.0},{"damage":12.0,"enemies":"Writhing Mass","floor":45.0,"turns":5.0},{"damage":15.0,"enemies":"Giant Head","floor":48.0,"turns":6.0},{"damage":49.0,"enemies":"Time Eater","floor":50.0,"turns":8.0},{"damage":21.0,"enemies":"Donu and Deca","floor":51.0,"turns":4.0},{"damage":15.0,"enemies":"Shield and Spear","floor":55.0,"turns":4.0},{"damage":22,"enemies":"The Heart","floor":56,"turns":7}],"seed_played":"2230105785441443564","potions_obtained":[{"floor":1.0,"key":"ColorlessPotion"},{"floor":4.0,"key":"Fruit Juice"},{"floor":12.0,"key":"Regen Potion"},{"floor":13.0,"key":"Explosive Potion"},{"floor":19.0,"key":"FearPotion"},{"floor":27.0,"key":"Energy Potion"},{"floor":33.0,"key":"PowerPotion"},{"floor":36.0,"key":"DistilledChaos"}],"is_trial":false,"path_per_floor":["M","?","M","M","?","R","E","R","T","R","$","M","M","E","R","B",null,"M","M","?","$","?","E","R","E","T","E","M","?","R","M","R","B",null,"M","M","M","?","?","E","R","E","T","M","M","?","$","E","R","B","B",null,"R","$","E","B",null],"character_chosen":"IRONCLAD","items_purchased":["Shrug It Off","Barricade","Burning Pact+1","Seeing Red+1","Juggernaut"],"campfire_rested":0,"item_purchase_floors":[11,21,21,47,47],"current_hp_per_floor":[61,75,73,65,54,54,39,39,39,39,39,40,41,33,33,25,66,72,62,62,62,62,40,40,36,36,40,39,39,39,47,47,46,72,80,76,73,77,76,74,74,70,70,75,76,76,76,76,76,41,36,66,66,66,67,65],"gold":173,"neow_bonus":"TRANSFORM_TWO_CARDS","is_daily":false,"chose_seed":false,"campfire_upgraded":9,"win_rate":0.0,"timestamp":1610285026,"path_taken":["M","?","M","?","?","R","E","R","T","R","$","M","M","E","R","BOSS","M","M","?","$","?","E","R","E","T","E","?","?","R","?","R","BOSS","M","M","?","?","?","E","R","E","T","M","M","?","$","E","R","BOSS","BOSS","R","$","E","BOSS"],"items_purchased_type":["Card","Card","Card","Card","Card"],"build_version":"2020-12-22","purchased_purges":3,"victory":true,"max_hp_per_floor":[75,75,75,75,75,75,80,80,80,80,80,80,80,80,80,80,80,80,80,80,80,80,80,80,80,80,80,80,80,80,80,80,80,80,80,80,80,80,76,76,76,76,76,76,76,76,76,76,76,76,76,76,76,76,76,76],"card_choices":[{"not_picked":["Body Slam","Iron Wave"],"picked":"Hemokinesis","floor":1.0},{"not_picked":["Cleave","Havoc"],"picked":"Evolve","floor":3.0},{"not_picked":["Perfected Strike","Spot Weakness"],"picked":"Power Through","floor":4.0},{"not_picked":["Havoc","Brutality"],"picked":"Fire Breathing","floor":7.0},{"not_picked":["Armaments","Anger"],"picked":"Burning Pact","floor":12.0},{"not_picked":["Warcry","Rage","Blood for Blood"],"picked":"SKIP","floor":13.0},{"not_picked":["Cleave","Pummel","Ghostly Armor+1"],"picked":"SKIP","floor":14.0},{"not_picked":["Double Tap+1","Fiend Fire"],"picked":"Offering+1","floor":16.0},{"not_picked":["Clash","Dropkick","Body Slam"],"picked":"SKIP","floor":18.0},{"not_picked":["Clothesline+1","Spot Weakness+1"],"picked":"Fire Breathing","floor":19.0},{"not_picked":["Clothesline","Rage+1","Blood for Blood"],"picked":"SKIP","floor":23.0},{"not_picked":["Metallicize","Whirlwind"],"picked":"Bloodletting+1","floor":25.0},{"not_picked":["Pummel+1","Battle Trance+1"],"picked":"Second Wind+1","floor":27.0},{"not_picked":["Clash","Burning Pact+1","Immolate"],"picked":"SKIP","floor":28.0},{"not_picked":["Whirlwind","Havoc+1"],"picked":"Shrug It Off+1","floor":31.0},{"not_picked":["Corruption","Exhume+1"],"picked":"Impervious+1","floor":33.0},{"not_picked":["Pommel Strike+1","Flex+1","Sever Soul"],"picked":"SKIP","floor":35.0},{"not_picked":["Heavy Blade","Inflame","Flex+1"],"picked":"SKIP","floor":36.0},{"not_picked":["Intimidate+1","Flex+1","Sword Boomerang"],"picked":"SKIP","floor":37.0},{"not_picked":["Thunderclap","Flex+1"],"picked":"Disarm+1","floor":40.0},{"not_picked":["Headbutt","Sever Soul","Clothesline"],"picked":"SKIP","floor":42.0},{"not_picked":["Armaments+1","Rupture+1","Intimidate+1"],"picked":"SKIP","floor":44.0},{"not_picked":["Pommel Strike","Reckless Charge+1","Twin Strike"],"picked":"SKIP","floor":45.0},{"not_picked":["Combust+1","Demon Form","Anger+1"],"picked":"SKIP","floor":48.0},{"not_picked":["Combust+1","Demon Form","Anger+1"],"picked":"SKIP","floor":48.0},{"not_picked":["Fire Breathing","Twin Strike+1"],"picked":"Dark Embrace+1","floor":55.0}],"player_experience":837047,"relics_obtained":[{"floor":7.0,"key":"StoneCalendar"},{"floor":14.0,"key":"Toxic Egg 2"},{"floor":23.0,"key":"CeramicFish"},{"floor":25.0,"key":"Shuriken"},{"floor":26.0,"key":"Vajra"},{"floor":27.0,"key":"Bottled Lightning"},{"floor":38.0,"key":"Girya"},{"floor":40.0,"key":"Whetstone"},{"floor":42.0,"key":"Lizard Tail"},{"floor":43.0,"key":"Bottled Tornado"},{"floor":48.0,"key":"Red Skull"},{"floor":55.0,"key":"Art of War"}],"event_choices":[{"damage_healed":14.0,"max_hp_gain":0.0,"max_hp_loss":0.0,"gold_gain":0.0,"event_name":"Wheel of Change","player_choice":"Full Heal","floor":2.0,"gold_loss":0.0,"damage_taken":0.0},{"damage_healed":0.0,"max_hp_gain":0.0,"max_hp_loss":0.0,"gold_gain":0.0,"event_name":"Scrap Ooze","player_choice":"Success","floor":5.0,"gold_loss":0.0,"damage_taken":11.0,"relics_obtained":["Bird Faced Urn"]},{"damage_healed":0.0,"max_hp_gain":0.0,"max_hp_loss":0.0,"gold_gain":50.0,"event_name":"Nest","player_choice":"Stole From Cult","floor":20.0,"gold_loss":0.0,"damage_taken":0.0},{"damage_healed":0.0,"max_hp_gain":0.0,"max_hp_loss":0.0,"gold_gain":0.0,"event_name":"Accursed Blacksmith","player_choice":"Forge","floor":22.0,"gold_loss":0.0,"damage_taken":0.0,"cards_upgraded":["Barricade"]},{"cards_removed":["Strike_R"],"damage_healed":0.0,"max_hp_gain":0.0,"max_hp_loss":0.0,"gold_gain":0.0,"event_name":"Purifier","player_choice":"Purged","floor":29.0,"gold_loss":0.0,"damage_taken":0.0},{"damage_healed":0.0,"max_hp_gain":0.0,"max_hp_loss":0.0,"gold_gain":0.0,"event_name":"MindBloom","player_choice":"Fight","floor":38.0,"gold_loss":0.0,"damage_taken":0.0},{"damage_healed":0.0,"max_hp_gain":0.0,"max_hp_loss":4.0,"gold_gain":0.0,"event_name":"Winding Halls","player_choice":"Max HP","floor":39.0,"gold_loss":0.0,"damage_taken":0.0},{"damage_healed":0.0,"max_hp_gain":0.0,"max_hp_loss":0.0,"gold_gain":0.0,"cards_transformed":["Bash"],"event_name":"Transmorgrifier","player_choice":"Transformed","floor":46.0,"gold_loss":0.0,"damage_taken":0.0,"cards_obtained":["Whirlwind"]}],"is_beta":false,"boss_relics":[{"not_picked":["Astrolabe","Velvet Choker"],"picked":"Runic Cube"},{"not_picked":["Fusion Hammer","Runic Dome"],"picked":"Coffee Dripper"}],"items_purged_floors":[11,21,47],"is_endless":false,"potions_floor_spawned":[1,4,12,13,19,27,33,36,37,38,40,45],"ascension_level":20}}