{"host":"49c2zf0lajbcs427","time":1610251470,"event":{"mods":["AchievementEnabler","BaseMod","Colored Map","Colored Powertips","Highlight Path","Key Reminder","Minty Spire (QoL Compilation)","Relic Stats","StSLib"],"gold_per_floor":[167,182,16,81,81,81,185,185,209,222,282,282,369,432,432,555,555,622,622,633,360,395,395,452,452,452,511,548,548,23,84,84,187,187,202,131,131,131,32,32,32,32,32,77,77,77,124,153,153,153,153,153,27,61,61,61],"floor_reached":55,"playtime":4038,"items_purged":["Pain"],"score":1159,"play_id":"f378f225-9f37-438a-88a9-fba35b6f98eb","local_time":"20210110170430","is_ascension_mode":true,"campfire_choices":[{"data":"HandOfGreed","floor":6,"key":"SMITH"},{"floor":8,"key":"REST"},{"data":"Bouncing Flask","floor":12,"key":"SMITH"},{"floor":15,"key":"REST"},{"floor":23,"key":"REST"},{"floor":25,"key":"REST"},{"floor":32,"key":"REST"},{"floor":40,"key":"REST"},{"floor":42,"key":"RECALL"},{"floor":46,"key":"REST"},{"floor":49,"key":"REST"},{"floor":52,"key":"REST"}],"circlet_count":0,"master_deck":["AscendersBane","Survivor","Blade Dance","Flechettes","Escape Plan","HandOfGreed+1","Backflip+1","Bouncing Flask+1","Die Die Die","Tools of the Trade","Deadly Poison","Noxious Fumes","Backflip","Escape Plan","Well Laid Plans","After Image","Outmaneuver","Catalyst","Catalyst","Deadly Poison+1","Burst","Poisoned Stab","Skewer","Bouncing Flask","PiercingWail","Venomology","Tools of the Trade","Masterful Stab","Caltrops","Distraction","Noxious Fumes+1","Footwork","Footwork","Backflip","Noxious Fumes","Wraith Form v2"],"relics":["Tiny House","Vajra","War Paint","Lantern","Mummified Hand","Fusion Hammer","WarpedTongs","Blood Vial","Bottled Tornado","Akabeko","DollysMirror","The Specimen","Pandora\u0027s Box","InkBottle","Girya","Omamori","Pantograph"],"acts_visited":["Exordium","TheCity","TheBeyond","TheEnding"],"potions_floor_usage":[7,11,22,24,27,33,41,44,47,47,48,50,54,55,55,55,55,55],"damage_taken":[{"damage":1,"enemies":"Small Slimes","floor":1,"turns":5},{"damage":0,"enemies":"Jaw Worm","floor":2,"turns":4},{"damage":26,"enemies":"3 Sentries","floor":7,"turns":8},{"damage":0,"enemies":"Cultist","floor":10,"turns":4},{"damage":11,"enemies":"Lagavulin","floor":11,"turns":7},{"damage":9,"enemies":"Gremlin Gang","floor":13,"turns":7},{"damage":0,"enemies":"Exordium Wildlife","floor":14,"turns":4},{"damage":16,"enemies":"The Guardian","floor":16,"turns":10},{"damage":17,"enemies":"2 Thieves","floor":18,"turns":5},{"damage":4,"enemies":"Spheric Guardian","floor":20,"turns":3},{"damage":17,"enemies":"Snecko","floor":22,"turns":5},{"damage":46,"enemies":"Slavers","floor":24,"turns":6},{"damage":0,"enemies":"Gremlin Leader","floor":27,"turns":5},{"damage":9,"enemies":"Snake Plant","floor":28,"turns":4},{"damage":9,"enemies":"Centurion and Healer","floor":31,"turns":5},{"damage":29,"enemies":"Champ","floor":33,"turns":7},{"damage":7,"enemies":"Orb Walker","floor":35,"turns":3},{"damage":13,"enemies":"3 Shapes","floor":44,"turns":5},{"damage":9,"enemies":"2 Orb Walkers","floor":47,"turns":3},{"damage":30,"enemies":"Reptomancer","floor":48,"turns":3},{"damage":45,"enemies":"Donu and Deca","floor":50,"turns":7},{"damage":72,"enemies":"Shield and Spear","floor":54,"turns":6},{"damage":76,"enemies":"The Heart","floor":55,"turns":6}],"seed_played":"5421228563247848181","potions_obtained":[{"floor":0,"key":"LiquidMemories"},{"floor":7,"key":"Fire Potion"},{"floor":13,"key":"GhostInAJar"},{"floor":18,"key":"Weak Potion"},{"floor":22,"key":"PowerPotion"},{"floor":31,"key":"Strength Potion"},{"floor":35,"key":"AttackPotion"},{"floor":41,"key":"LiquidMemories"},{"floor":41,"key":"Fruit Juice"},{"floor":41,"key":"DistilledChaos"}],"is_trial":false,"path_per_floor":["M","M","$","?","?","R","E","R","T","M","E","R","M","M","R","B",null,"M","?","M","$","M","R","E","R","T","E","M","?","$","M","R","B",null,"M","$","?","T","$","R","?","R","T","M","$","R","?","E","R","B",null,"R","$","E","B"],"character_chosen":"THE_SILENT","items_purchased":["HandOfGreed","CultistPotion","Noxious Fumes","Backflip","Catalyst","DollysMirror","The Specimen","Footwork","Footwork","Backflip","Strength Potion","Regen Potion"],"campfire_rested":9,"item_purchase_floors":[3,21,21,21,30,30,30,36,39,39,53,53],"current_hp_per_floor":[67,67,67,67,49,49,23,45,45,45,34,34,25,25,47,31,64,47,47,43,43,26,48,2,24,24,26,19,19,19,12,34,7,58,53,53,53,53,53,75,80,80,80,67,67,80,71,43,67,24,66,80,80,17,0,0],"gold":61,"neow_bonus":"BOSS_RELIC","is_daily":false,"chose_seed":false,"campfire_upgraded":2,"win_rate":0.0,"timestamp":1610251470,"path_taken":["M","M","$","?","?","R","E","R","T","M","E","R","M","?","R","BOSS","M","?","?","$","M","R","E","R","T","E","M","?","$","M","R","BOSS","M","?","?","?","$","R","?","R","T","?","$","R","?","E","R","BOSS","R","$","E","BOSS"],"items_purchased_type":["Card","Potion","Card","Card","Card","Relic","Relic","Card","Card","Card","Potion","Potion"],"build_version":"2020-12-22","purchased_purges":1,"victory":false,"max_hp_per_floor":[75,75,75,75,75,75,75,75,75,75,75,75,75,75,75,75,75,75,75,75,75,75,75,75,75,75,75,75,75,75,75,75,75,75,75,75,75,75,75,75,80,80,80,80,80,80,80,80,80,80,80,80,80,80,80,80],"relic_stats":{"Blood Vial":16,"counters":[23,122],"Mummified Hand":[81],"Pantograph":25,"Pandora\u0027s Box":["Poisoned Stab","Skewer","Bouncing Flask","PiercingWail","Venomology","Tools of the Trade","Masterful Stab","Caltrops","Distraction"],"War Paint":["Backflip","Defend_G"],"obtain_stats":[{"Girya":47,"Lantern":9,"Tiny House":0,"The Specimen":30,"Vajra":5,"Omamori":48,"War Paint":7,"Bottled Tornado":26,"Akabeko":27,"WarpedTongs":19,"Blood Vial":24,"keyreminder:keyreminder":24,"Mummified Hand":11,"DollysMirror":30,"Pantograph":54,"Pandora\u0027s Box":34,"Fusion Hammer":17,"InkBottle":43,"Ring of the Snake":0},{"Girya":19,"Lantern":3,"Tiny House":0,"The Specimen":14,"Vajra":2,"Omamori":20,"War Paint":3,"Bottled Tornado":12,"Akabeko":13,"WarpedTongs":9,"Blood Vial":12,"keyreminder:keyreminder":12,"Mummified Hand":5,"DollysMirror":14,"Pantograph":22,"Pandora\u0027s Box":16,"Fusion Hammer":8,"InkBottle":17,"Ring of the Snake":0},{"Girya":100,"Lantern":17,"Tiny House":0,"The Specimen":77,"Vajra":9,"Omamori":103,"War Paint":17,"Bottled Tornado":68,"Akabeko":73,"WarpedTongs":54,"Blood Vial":68,"keyreminder:keyreminder":68,"Mummified Hand":28,"DollysMirror":77,"Pantograph":116,"Pandora\u0027s Box":89,"Fusion Hammer":49,"InkBottle":92,"Ring of the Snake":0}],"InkBottle":[20],"WarpedTongs":[68]},"card_choices":[{"not_picked":["Quick Slash","Caltrops"],"picked":"Blade Dance","floor":0},{"not_picked":["Blur","Bane"],"picked":"Flechettes","floor":1},{"not_picked":["Deflect","Flechettes"],"picked":"Escape Plan","floor":2},{"not_picked":["Flechettes","Flying Knee"],"picked":"Backflip","floor":7},{"not_picked":["Cloak And Dagger","Bane"],"picked":"Bouncing Flask","floor":10},{"not_picked":["Cloak And Dagger","Eviscerate"],"picked":"Die Die Die","floor":11},{"not_picked":["Setup","Slice","Blade Dance"],"picked":"SKIP","floor":13},{"not_picked":["Flying Knee","Flechettes","Quick Slash"],"picked":"SKIP","floor":14},{"not_picked":["Malaise","Corpse Explosion"],"picked":"Tools of the Trade","floor":16},{"not_picked":["Skewer","Distraction"],"picked":"Deadly Poison","floor":18},{"not_picked":["Expertise","Dagger Spray+1","Sucker Punch"],"picked":"SKIP","floor":20},{"not_picked":["Dagger Spray","Outmaneuver"],"picked":"Escape Plan","floor":22},{"not_picked":["Setup+1","Heel Hook","Flying Knee"],"picked":"SKIP","floor":24},{"not_picked":["Cloak And Dagger","Crippling Poison+1"],"picked":"Well Laid Plans","floor":27},{"not_picked":["Deflect","Eviscerate"],"picked":"After Image","floor":28},{"not_picked":["Sucker Punch+1","Calculated Gamble"],"picked":"Deadly Poison+1","floor":31},{"not_picked":["Unload","Bullet Time"],"picked":"Burst","floor":33},{"not_picked":["Quick Slash","Backstab+1"],"picked":"Noxious Fumes+1","floor":35},{"not_picked":["Quick Slash+1","Sucker Punch+1","Prepared"],"picked":"SKIP","floor":44},{"not_picked":["Reflex","Terror"],"picked":"Noxious Fumes","floor":47},{"not_picked":["Caltrops","Acrobatics+1"],"picked":"Wraith Form v2","floor":48},{"not_picked":["Infinite Blades+1","Prepared","Outmaneuver+1"],"picked":"SKIP","floor":54}],"player_experience":2280088,"relics_obtained":[{"floor":7,"key":"War Paint"},{"floor":9,"key":"Lantern"},{"floor":11,"key":"Mummified Hand"},{"floor":24,"key":"Blood Vial"},{"floor":26,"key":"Bottled Tornado"},{"floor":27,"key":"Akabeko"},{"floor":43,"key":"InkBottle"},{"floor":47,"key":"Girya"},{"floor":48,"key":"Omamori"},{"floor":54,"key":"Pantograph"}],"event_choices":[{"damage_healed":0,"gold_gain":65,"player_choice":"Gained Gold","damage_taken":0,"max_hp_gain":0,"max_hp_loss":0,"event_name":"Golden Wing","floor":4,"gold_loss":0},{"damage_healed":0,"gold_gain":0,"player_choice":"Success","damage_taken":18,"relics_obtained":["Vajra"],"max_hp_gain":0,"max_hp_loss":0,"event_name":"Scrap Ooze","floor":5,"gold_loss":0},{"damage_healed":0,"gold_gain":0,"player_choice":"Rummage","damage_taken":0,"relics_obtained":["WarpedTongs"],"max_hp_gain":0,"max_hp_loss":0,"event_name":"Accursed Blacksmith","floor":19,"gold_loss":0,"cards_obtained":["Pain"]},{"damage_healed":0,"gold_gain":0,"cards_transformed":["Strike_G"],"player_choice":"Transformed","damage_taken":0,"max_hp_gain":0,"max_hp_loss":0,"event_name":"Transmorgrifier","floor":29,"gold_loss":0,"cards_obtained":["Outmaneuver"]},{"cards_removed":["Neutralize"],"damage_healed":0,"gold_gain":0,"player_choice":"Removed Attack","damage_taken":0,"max_hp_gain":0,"max_hp_loss":0,"event_name":"Falling","floor":37,"gold_loss":0},{"damage_healed":0,"gold_gain":0,"player_choice":"Got Potions","damage_taken":0,"max_hp_gain":0,"max_hp_loss":0,"event_name":"Lab","floor":41,"gold_loss":0},{"damage_healed":0,"gold_gain":0,"player_choice":"Fight","damage_taken":0,"max_hp_gain":0,"max_hp_loss":0,"event_name":"Mysterious Sphere","floor":47,"gold_loss":0}],"is_beta":false,"boss_relics":[{"not_picked":["Astrolabe","Runic Dome"],"picked":"Fusion Hammer"},{"not_picked":["Snecko Eye","Empty Cage"],"picked":"Pandora\u0027s Box"}],"items_purged_floors":[21],"is_endless":false,"potions_floor_spawned":[7,13,18,22,31,35],"killed_by":"The Heart","ascension_level":10}}