{"host":"l12hrjjiowxu1z6t","time":1610314124,"event":{"mods":["100% Spire Juice","2.2 Compatiblity","AlwaysNeverKeys","Arknights The Spire","Aspiration","BaseMod","Better Third Choice","BetterRewards","CapriCore","ChefMod","Colored Powertips","Conspire","Dark Map","Ekko","Evolution","Googly Eyes","Hubris","Jedi Mod","Minty Spire (QoL Compilation)","Permanent Neow","Quick Restart","Remove Card Discount Mod","Replay The Spire","Robot Space Explorer","Shop Mod","StSLib","TheWitcher","Yakumo Yukari mod","[IsaacMod]????","vexMod"],"gold_per_floor":[235,43,18,29,48,48,58,70,70,81,107,2,15,15,15,111,111,124,124,143,143,163,190,190,190,190,206,49,68,82,97,97,194,194,211,223,223,223,223],"floor_reached":38,"playtime":3627,"items_purged":["Burn"],"score":402,"play_id":"71f40eb9-9d99-4642-b846-c0b2db197543","local_time":"20210110212844","is_ascension_mode":false,"campfire_choices":[{"data":"AdvanceAttack_purple","floor":6.0,"key":"SMITH"},{"floor":15.0,"key":"REST"},{"floor":24,"key":"REST"},{"floor":32,"key":"REST"}],"circlet_count":0,"master_deck":["AT_purpleEX","AT_purpleEX","AT_purpleEX","Defend_purpleEX","Defend_purpleEX","Defend_purpleEX","Defend_purpleEX","Observe_purple_1","Observe_purple_2","AdvanceAttack_purple+1","MonsterNeedle_purple+1","CommonSense_AntiCommonSense_purple+1","ContainerChange_purple+1","WeekHit_purple","Erosivefilter_purple","Line_surface_state_purple","D_absorption_purple+1","Worldmountain_purple","Fancifulhole_purple+1","Charmbait_purple+1","Bait_Toxicbait_purple+1","Fantasy_PerpetualMotionMachine_purple","Umbrella_purple","MeetDecomposer_purple","Apotheosis+1","WangLiang_LineAndCurveDreams_purple+1","BarrageBoundary_PipeDream_purple+1","Yakumo_Ran_purple+1","RealityDreamConfluencek_purple+1","Boundary_DreamRealityDamnation_purple+1"],"relics":["Boundary_crack","Memoryfragments_purpleEX","EVO:Axolotl","HushsDoor","SteamSale","Golden Egg","Replay:WaspNest","PillsDrop","vexMod:BigBerry","BelialBook","Bottled Flame","SnafuTest:CatRelic","jedi:archwizardhat","TheBattery","Busted Crown","Damocles","BlankCard","TheBean"],"acts_visited":["Exordium","TheCity","TheBeyond"],"potions_floor_usage":[23,33,33],"damage_taken":[{"damage":6.0,"enemies":"Small Slimes","floor":1.0,"turns":4.0},{"damage":4.0,"enemies":"2 Louse","floor":4.0,"turns":3.0},{"damage":0.0,"enemies":"Cultist","floor":5.0,"turns":5.0},{"damage":6.0,"enemies":"Exordium Wildlife","floor":7.0,"turns":4.0},{"damage":0.0,"enemies":"3 Louse","floor":8.0,"turns":3.0},{"damage":0.0,"enemies":"Large Slime","floor":10.0,"turns":7.0},{"damage":41.0,"enemies":"Gremlin Nob","floor":11.0,"turns":5.0},{"damage":0.0,"enemies":"Blue Slaver","floor":13.0,"turns":3.0},{"damage":8.0,"enemies":"Fading Forest","floor":16.0,"turns":11.0},{"damage":7.0,"enemies":"3 Byrds","floor":18.0,"turns":2.0},{"damage":11.0,"enemies":"Spheric Guardian","floor":20.0,"turns":5.0},{"damage":16.0,"enemies":"Snecko","floor":22.0,"turns":7.0},{"damage":41,"enemies":"Gremlin Leader","floor":23,"turns":6},{"damage":9,"enemies":"Chosen and Byrds","floor":27,"turns":5},{"damage":21,"enemies":"Snake Plant","floor":29,"turns":2},{"damage":7,"enemies":"Sentry and Sphere","floor":30,"turns":4},{"damage":18,"enemies":"3 Cultists","floor":31,"turns":5},{"damage":1,"enemies":"Champ","floor":33,"turns":9},{"damage":1,"enemies":"3 Shapes","floor":35,"turns":5},{"damage":0,"enemies":"Orb Walker","floor":36,"turns":2},{"damage":4,"enemies":"Transient","floor":38,"turns":4}],"seed_played":"-4498815866800346020","potions_obtained":[{"floor":4.0,"key":"Flashbang"},{"floor":5.0,"key":"Regen Potion"},{"floor":7.0,"key":"AttackPotion"},{"floor":16.0,"key":"Dexterity Potion"},{"floor":27,"key":"jedi:wingpotion"},{"floor":30,"key":"Adrenaline Potion"},{"floor":33,"key":"Doom Potion"},{"floor":35,"key":"Dexterity Potion"}],"is_trial":false,"path_per_floor":["M","$","?","M","M","R","M","M","T","M","E","$","M","?","R","B",null,"M","?","M","T","M","E","R","?","T","M","$","M","M","M","R","B",null,"M","M","?","M"],"character_chosen":"Youkari","items_purchased":["Golden Egg","MonsterNeedle_purple","CommonSense_AntiCommonSense_purple","Fancifulhole_purple","Charmbait_purple","BelialBook","Bait_Toxicbait_purple","TheBattery","BarrageBoundary_PipeDream_purple","Damocles"],"campfire_rested":3,"item_purchase_floors":[2,2,2,12,12,17,17,28,28,34],"current_hp_per_floor":[66,66,66,63,68,68,67,67,67,70,29,29,29,29,50,57,87,85,85,79,79,63,32,58,58,58,52,52,32,25,11,38,45,83,83,78,78,0,0],"gold":223,"neow_bonus":"HUNDRED_GOLD","is_daily":false,"chose_seed":false,"campfire_upgraded":1,"win_rate":0.0,"timestamp":1610314124,"path_taken":["M","$","?","M","M","R","M","M","T","M","E","$","M","?","R","BOSS","M","?","M","?","M","E","R","?","T","M","$","M","M","M","R","BOSS","M","M","?","M"],"items_purchased_type":["Relic","Card","Card","Card","Card","Relic","Card","Relic","Card","Relic"],"build_version":"2020-12-22","purchased_purges":1,"victory":false,"max_hp_per_floor":[70,70,70,70,70,70,70,70,70,70,70,70,70,70,70,70,87,87,87,87,87,87,87,87,87,87,90,90,90,90,90,90,93,83,83,78,78,78,78],"card_choices":[{"not_picked":["Shallow_ocean_purpleEX","Bait_HighSpeedFlying_purple"],"picked":"AdvanceAttack_purple","floor":1.0},{"not_picked":["Photoelasticity_Doppler_Effect_purple","ExistenceContinue_purple"],"picked":"ContainerChange_purple","floor":4.0},{"not_picked":["StateDuplicate_purple","RealityDreamConfluencek_purple"],"picked":"WeekHit_purple","floor":5.0},{"not_picked":["Mirror_FormAndEmptin_purple","OmniscientAndOmnipotent_Monster_purple"],"picked":"Erosivefilter_purple","floor":7.0},{"not_picked":["Bomb","Boundary_DynamicStaticEquilibrium_purple"],"picked":"Line_surface_state_purple","floor":8.0},{"not_picked":["SfantasyHide_purple","Realm_recovery_purpleEX"],"picked":"D_absorption_purple","floor":10.0},{"not_picked":["RuleDissolution_purple","Line_surface_state_purple"],"picked":"Worldmountain_purple","floor":11.0},{"not_picked":["MetroBOOM_purple","StateDuplicate_purple","Yakumo_Ran_purple"],"picked":"SKIP","floor":13.0},{"not_picked":["SfantasyHide_purple+1","StateDuplicate_purple"],"picked":"Fantasy_PerpetualMotionMachine_purple","floor":18.0},{"not_picked":["Realm_recovery_purpleEX","MeetDecomposer_purple"],"picked":"Umbrella_purple","floor":20.0},{"not_picked":["Mirror_Drifter_purple+1","OmniscientAndOmnipotent_Monster_purple"],"picked":"MeetDecomposer_purple","floor":22},{"not_picked":["Boundary_ObjectiveBoundary_purple","Mirror_TwoAndThreeElementRealm_purple","AdvanceAttack_purple"],"picked":"SKIP","floor":23},{"not_picked":["Line_surface_state_purple","RuleDissolution_purple"],"picked":"WangLiang_LineAndCurveDreams_purple","floor":27},{"not_picked":["PositiveMatter_Antimatter_Universe_purple","SharpContractionReality_purple"],"picked":"Yakumo_Ran_purple+1","floor":29},{"not_picked":["MonsterNeedle_purple","Extrememeaning_purpleEX"],"picked":"RealityDreamConfluencek_purple+1","floor":30},{"not_picked":["RuleDissolution_purple","Boundary_DynamicStaticEquilibrium_purple","Realm_recovery_purpleEX"],"picked":"SKIP","floor":31},{"not_picked":[],"picked":"Boundary_DreamRealityDamnation_purple+1","floor":35},{"not_picked":["WorldDissolvedintheRealm_purple"],"picked":"SKIP","floor":36}],"player_experience":75844,"relics_obtained":[{"floor":9.0,"key":"Replay:WaspNest"},{"floor":11.0,"key":"PillsDrop"},{"floor":21.0,"key":"Bottled Flame"},{"floor":23,"key":"SnafuTest:CatRelic"},{"floor":26,"key":"jedi:archwizardhat"},{"floor":35,"key":"BlankCard"},{"floor":36,"key":"TheBean"}],"event_choices":[{"damage_healed":29.0,"max_hp_gain":0.0,"max_hp_loss":70.0,"gold_gain":0.0,"event_name":"betterThird:BetterShining","player_choice":"Embrace Burn","floor":14.0,"gold_loss":0.0,"damage_taken":0.0},{"cards_removed":["AT_purpleEX"],"damage_healed":0,"gold_gain":0,"player_choice":"Card Removal","damage_taken":0,"max_hp_gain":0,"max_hp_loss":0,"event_name":"Wheel of Change","floor":37,"gold_loss":0}],"is_beta":false,"boss_relics":[{"not_picked":["Ectoplasm","Velvet Choker"],"picked":"vexMod:BigBerry"},{"not_picked":[]},{"not_picked":["Runic Pyramid","Replay:Wanted Poster"],"picked":"Busted Crown"},{"not_picked":[]}],"items_purged_floors":[28],"is_endless":false,"potions_floor_spawned":[4,5,7,10,16,18,20,27,30,33,35,36],"killed_by":"Transient","ascension_level":0}}