{"host":"tiwza2kisyyrpq7h","time":1610297822,"event":{"mods":["BaseMod","BetterRewards","Colored Powertips","Minty Spire (QoL Compilation)","Quick Restart","Rare Cards Sparkle","StSLib","SuperFastMode","The Servant 0.9.4","óô»ðÖ¸ÄÏ"],"gold_per_floor":[111,186,198,51,51,78,78,96,166,166,185,200,200,230,230,327,327,341,341,361,361,392,392,421,421,448,448,468,494,505,515,515,619,619,637,617,634,29,29,29,29,60,83,83,94,94,6,36,36,36,36,36,36,68,68,68],"floor_reached":55,"playtime":2241,"items_purged":["Strike_B+1"],"score":1379,"play_id":"24a6a779-b59b-4593-aad8-f3595cb087ad","local_time":"20210111005702","is_ascension_mode":true,"campfire_choices":[{"data":"Defragment","floor":7.0,"key":"SMITH"},{"data":"Loop","floor":10.0,"key":"SMITH"},{"data":"Heatsinks","floor":13.0,"key":"SMITH"},{"data":"Force Field","floor":15.0,"key":"SMITH"},{"data":"Creative AI","floor":23.0,"key":"SMITH"},{"data":"Aggregate","floor":25.0,"key":"SMITH"},{"data":"Heatsinks","floor":27.0,"key":"SMITH"},{"data":"Buffer","floor":32.0,"key":"SMITH"},{"data":"Capacitor","floor":40.0,"key":"SMITH"},{"data":"Double Energy","floor":44.0,"key":"SMITH"},{"floor":46.0,"key":"RECALL"},{"data":"Hologram","floor":49.0,"key":"SMITH"},{"data":"Capacitor","floor":52.0,"key":"SMITH"}],"circlet_count":0,"master_deck":["AscendersBane","Strike_B+1","Strike_B+1","Defend_B+1","Defend_B+1","Defend_B+1","Defend_B+1","Zap","Dualcast","Defragment+1","Loop+1","Turbo","Force Field+1","Heatsinks+1","Streamline+1","Cold Snap+1","Storm","Buffer+1","Creative AI+1","Cold Snap","Heatsinks+1","Hello World","Static Discharge","Aggregate+1","Ball Lightning","Coolheaded","Thunder Strike","Double Energy+1","Reboot","CurseOfTheBell","Hologram","Capacitor+1","Hello World","Madness","Madness","Panache","Deep Breath","Master of Strategy","Conserve Battery","Capacitor+1","Turbo","Hologram+1","Meteor Strike"],"relics":["Cracked Core","Orichalcum","Eternal Feather","StrikeDummy","Sozu","Red Mask","Oddly Smooth Stone","Whetstone","Mercury Hourglass","Calling Bell","Omamori","Darkstone Periapt","Mango","Gambling Chip","Frozen Eye","Nunchaku","Happy Flower"],"acts_visited":["Exordium","TheCity","TheBeyond","TheEnding"],"potions_floor_usage":[],"damage_taken":[{"damage":7.0,"enemies":"Small Slimes","floor":1.0,"turns":3.0},{"damage":14.0,"enemies":"Jaw Worm","floor":3.0,"turns":4.0},{"damage":6.0,"enemies":"Gremlin Nob","floor":6.0,"turns":3.0},{"damage":0.0,"enemies":"2 Louse","floor":8.0,"turns":3.0},{"damage":7.0,"enemies":"Looter","floor":11.0,"turns":3.0},{"damage":4.0,"enemies":"Red Slaver","floor":12.0,"turns":4.0},{"damage":10.0,"enemies":"3 Sentries","floor":14.0,"turns":7.0},{"damage":18.0,"enemies":"The Guardian","floor":16.0,"turns":11.0},{"damage":15.0,"enemies":"2 Thieves","floor":18.0,"turns":5.0},{"damage":12.0,"enemies":"3 Byrds","floor":20.0,"turns":4.0},{"damage":23.0,"enemies":"Masked Bandits","floor":22.0,"turns":4.0},{"damage":10.0,"enemies":"Book of Stabbing","floor":24.0,"turns":5.0},{"damage":22.0,"enemies":"Cultist and Chosen","floor":28.0,"turns":5.0},{"damage":12.0,"enemies":"Slavers","floor":29.0,"turns":6.0},{"damage":1.0,"enemies":"Centurion and Healer","floor":30.0,"turns":4.0},{"damage":5.0,"enemies":"Sentry and Sphere","floor":31.0,"turns":3.0},{"damage":0.0,"enemies":"Automaton","floor":33.0,"turns":5.0},{"damage":27.0,"enemies":"3 Darklings","floor":35.0,"turns":4.0},{"damage":0.0,"enemies":"3 Shapes","floor":37.0,"turns":5.0},{"damage":0.0,"enemies":"Giant Head","floor":42.0,"turns":6.0},{"damage":0.0,"enemies":"Transient","floor":45.0,"turns":5.0},{"damage":0.0,"enemies":"Reptomancer","floor":48.0,"turns":4.0},{"damage":31.0,"enemies":"Time Eater","floor":50.0,"turns":9.0},{"damage":46.0,"enemies":"Shield and Spear","floor":54.0,"turns":5.0},{"damage":45,"enemies":"The Heart","floor":55,"turns":5}],"seed_played":"-8384411368160591448","potions_obtained":[{"floor":1.0,"key":"AttackPotion"},{"floor":3.0,"key":"Fire Potion"},{"floor":14.0,"key":"Weak Potion"}],"is_trial":false,"path_per_floor":["M","?","M","$","?","E","R","M","T","R","M","M","R","E","R","B",null,"M","?","M","?","?","R","E","R","T","R","M","E","M","M","R","B",null,"M","?","M","$","?","R","?","E","T","R","M","R","$","E","R","B",null,"R","$","E","B"],"character_chosen":"DEFECT","items_purchased":["Defragment","Force Field","Heatsinks","Gambling Chip","Frozen Eye","Hello World","Capacitor","Turbo"],"campfire_rested":0,"item_purchase_floors":[0,4,4,38,38,38,47,47],"current_hp_per_floor":[61,50,36,36,29,23,23,23,23,32,25,21,30,20,29,11,59,44,44,32,32,9,21,11,26,26,41,19,7,6,1,16,16,74,47,47,47,47,36,57,47,47,47,68,68,89,89,89,89,58,81,89,89,43,0,0],"gold":68,"neow_bonus":"","is_daily":false,"chose_seed":false,"campfire_upgraded":12,"win_rate":0.0,"timestamp":1610297822,"path_taken":["M","?","M","$","?","E","R","M","T","R","M","M","R","E","R","BOSS","M","?","M","?","?","R","E","R","T","R","M","E","M","M","R","BOSS","M","?","?","$","?","R","?","E","T","R","M","R","?","E","R","BOSS","R","$","E","BOSS"],"items_purchased_type":["Card","Card","Card","Relic","Relic","Card","Card","Card"],"build_version":"2020-12-22","purchased_purges":1,"victory":false,"max_hp_per_floor":[75,75,75,75,75,75,75,75,75,75,75,75,75,75,75,75,75,75,75,75,75,75,75,75,75,75,75,75,75,75,75,75,75,89,89,89,89,89,89,89,89,89,89,89,89,89,89,89,89,89,89,89,89,89,89,89],"card_choices":[{"not_picked":["Darkness","Storm"],"picked":"Loop","floor":1.0},{"not_picked":["Aggregate","Scrape"],"picked":"Turbo","floor":3.0},{"not_picked":["Turbo","Hologram","Compile Driver"],"picked":"SKIP","floor":6.0},{"not_picked":["Cold Snap","Turbo"],"picked":"Streamline","floor":8.0},{"not_picked":["Gash","Turbo"],"picked":"Cold Snap","floor":11.0},{"not_picked":["Go for the Eyes","Tempest"],"picked":"Storm","floor":12.0},{"not_picked":["Beam Cell","Conserve Battery"],"picked":"Buffer","floor":14.0},{"not_picked":["Multi-Cast","Reboot"],"picked":"Creative AI","floor":16.0},{"not_picked":["Reinforced Body","Go for the Eyes"],"picked":"Cold Snap","floor":18.0},{"not_picked":["Redo","Scrape"],"picked":"Heatsinks","floor":20.0},{"not_picked":["Gash","Hologram"],"picked":"Static Discharge","floor":22.0},{"not_picked":["Rebound+1","Rip and Tear"],"picked":"Aggregate","floor":24.0},{"not_picked":["Reprogram","Rebound"],"picked":"Ball Lightning","floor":28.0},{"not_picked":["Fusion","Barrage"],"picked":"Coolheaded","floor":29.0},{"not_picked":["Tempest","Redo"],"picked":"Thunder Strike","floor":30.0},{"not_picked":["Barrage","Stack"],"picked":"Double Energy","floor":31.0},{"not_picked":["Seek","All For One"],"picked":"Reboot","floor":33.0},{"not_picked":["Chill","Doom and Gloom"],"picked":"Hologram","floor":35.0},{"not_picked":["Coolheaded","Leap"],"picked":"Capacitor","floor":37.0},{"not_picked":["Blind","Good Instincts"],"picked":"Panache","floor":41.0},{"not_picked":["Metamorphosis","Impatience"],"picked":"Deep Breath","floor":41.0},{"not_picked":["Deep Breath","Purity"],"picked":"Master of Strategy","floor":41.0},{"not_picked":["Hologram","Scrape"],"picked":"Conserve Battery","floor":42.0},{"not_picked":["Ball Lightning+1","Go for the Eyes+1","Steam"],"picked":"SKIP","floor":45.0},{"not_picked":["Hello World","Go for the Eyes"],"picked":"Hologram","floor":48.0},{"not_picked":["Coolheaded+1","Conserve Battery"],"picked":"Meteor Strike","floor":54.0}],"player_experience":956140,"relics_obtained":[{"floor":6.0,"key":"Orichalcum"},{"floor":9.0,"key":"Eternal Feather"},{"floor":14.0,"key":"StrikeDummy"},{"floor":22.0,"key":"Red Mask"},{"floor":24.0,"key":"Oddly Smooth Stone"},{"floor":26.0,"key":"Whetstone"},{"floor":29.0,"key":"Mercury Hourglass"},{"floor":34.0,"key":"Omamori"},{"floor":34.0,"key":"Darkstone Periapt"},{"floor":34.0,"key":"Mango"},{"floor":42.0,"key":"Nunchaku"},{"floor":54.0,"key":"Happy Flower"}],"event_choices":[{"damage_healed":0.0,"max_hp_gain":0.0,"max_hp_loss":0.0,"gold_gain":75.0,"event_name":"World of Goop","player_choice":"Gather Gold","floor":2.0,"gold_loss":0.0,"damage_taken":11.0},{"cards_removed":["Strike_B"],"damage_healed":0.0,"max_hp_gain":0.0,"max_hp_loss":0.0,"gold_gain":0.0,"event_name":"Golden Wing","player_choice":"Card Removal","floor":5.0,"gold_loss":0.0,"damage_taken":7.0},{"damage_healed":0.0,"max_hp_gain":0.0,"max_hp_loss":0.0,"gold_gain":0.0,"event_name":"Back to Basics","player_choice":"Simplicity","floor":19.0,"gold_loss":0.0,"damage_taken":0.0,"cards_upgraded":["Strike_B","Strike_B","Strike_B","Defend_B","Defend_B","Defend_B","Defend_B"]},{"damage_healed":0.0,"max_hp_gain":0.0,"max_hp_loss":0.0,"gold_gain":0.0,"event_name":"The Library","player_choice":"Read","floor":21.0,"gold_loss":0.0,"damage_taken":0.0,"cards_obtained":["Hello World"]},{"damage_healed":0.0,"max_hp_gain":0.0,"max_hp_loss":0.0,"gold_gain":0.0,"event_name":"Masked Bandits","player_choice":"Fought Bandits","floor":22.0,"gold_loss":0.0,"damage_taken":0.0},{"damage_healed":0.0,"max_hp_gain":0.0,"max_hp_loss":0.0,"gold_gain":0.0,"event_name":"The Woman in Blue","player_choice":"Bought 1 Potion","floor":36.0,"gold_loss":0.0,"damage_taken":0.0},{"damage_healed":0.0,"max_hp_gain":0.0,"max_hp_loss":0.0,"gold_gain":0.0,"event_name":"Winding Halls","player_choice":"Embrace Madness","floor":39.0,"gold_loss":0.0,"damage_taken":11.0,"cards_obtained":["Madness","Madness"]},{"damage_healed":0.0,"max_hp_gain":0.0,"max_hp_loss":0.0,"gold_gain":0.0,"event_name":"SensoryStone","player_choice":"Memory 3","floor":41.0,"gold_loss":0.0,"damage_taken":10.0}],"is_beta":false,"boss_relics":[{"not_picked":["Ectoplasm","Tiny House"],"picked":"Sozu"},{"not_picked":["Busted Crown","Nuclear Battery"],"picked":"Calling Bell"}],"items_purged_floors":[38],"is_endless":false,"potions_floor_spawned":[1,3,14,20,28,29,30,35,37,42],"killed_by":"The Heart","ascension_level":12}}