{"host":"gf95gjygaqy6b70i","time":1610273836,"event":{"mods":["BaseMod","Colored Map","Colored Powertips","Minty Spire (QoL Compilation)"],"gold_per_floor":[110,120,130,130,140,165,194,194,245,257,257,269,19,89,89,191,191,202,202,202,212,264,264,283,303,303,303,317,54,79,4,4,109,109,126,179,189,189,206,206,35,35,35,52,52,52,52,65,65,65,65,65,65,92,92,92],"floor_reached":55,"playtime":3094,"items_purged":[],"score":687,"play_id":"5ec82b2f-251f-48b5-8594-a66da3758567","local_time":"20210110111716","is_ascension_mode":false,"campfire_choices":[{"floor":11.0,"key":"REST"},{"floor":15.0,"key":"REST"},{"floor":23.0,"key":"REST"},{"floor":27.0,"key":"REST"},{"floor":32.0,"key":"REST"},{"floor":40,"key":"REST"},{"floor":42,"key":"RECALL"},{"floor":47,"key":"REST"},{"data":"Noxious Fumes","floor":49,"key":"SMITH"},{"data":"Infinite Blades","floor":52,"key":"SMITH"}],"circlet_count":0,"master_deck":["Strike_G","Strike_G","Strike_G","Defend_G+1","Defend_G","Defend_G+1","Defend_G","Survivor","Neutralize","Noxious Fumes+1","Footwork+1","Sucker Punch","Bane","PiercingWail","Infinite Blades+1","Escape Plan","Footwork","Noxious Fumes","Backflip","After Image+1","Quick Slash","Catalyst+1","Poisoned Stab","Escape Plan","Blade Dance","Sadistic Nature+1","Blur","Noxious Fumes+1","Unload","Choke+1","Backflip","Leg Sweep","Enlightenment","Infinite Blades+1","Caltrops+1","Dramatic Entrance","Poisoned Stab","Blade Dance+1"],"relics":["Sozu","Ninja Scroll","Odd Mushroom","War Paint","Tiny Chest","Vajra","Frozen Egg 2","SlaversCollar","Enchiridion","Pear","Ancient Tea Set","Empty Cage","FossilizedHelix","Snake Skull","Pantograph","Bronze Scales"],"acts_visited":["Exordium","TheCity","TheBeyond","TheEnding"],"potions_floor_usage":[],"damage_taken":[{"damage":2.0,"enemies":"Jaw Worm","floor":1.0,"turns":4.0},{"damage":0.0,"enemies":"2 Louse","floor":2.0,"turns":3.0},{"damage":1.0,"enemies":"Small Slimes","floor":3.0,"turns":4.0},{"damage":2.0,"enemies":"Blue Slaver","floor":5.0,"turns":4.0},{"damage":26.0,"enemies":"Gremlin Nob","floor":6.0,"turns":6.0},{"damage":6.0,"enemies":"The Mushroom Lair","floor":7.0,"turns":5.0},{"damage":2.0,"enemies":"Looter","floor":10.0,"turns":3.0},{"damage":5.0,"enemies":"3 Louse","floor":12.0,"turns":5.0},{"damage":2.0,"enemies":"The Guardian","floor":16.0,"turns":11.0},{"damage":14.0,"enemies":"2 Thieves","floor":18.0,"turns":4.0},{"damage":5.0,"enemies":"Spheric Guardian","floor":21.0,"turns":5.0},{"damage":12.0,"enemies":"Snecko","floor":24.0,"turns":6.0},{"damage":0.0,"enemies":"Centurion and Healer","floor":25.0,"turns":6.0},{"damage":2.0,"enemies":"Snake Plant","floor":28.0,"turns":5.0},{"damage":12.0,"enemies":"Gremlin Leader","floor":30.0,"turns":7.0},{"damage":4.0,"enemies":"Champ","floor":33.0,"turns":8.0},{"damage":0.0,"enemies":"3 Shapes","floor":35.0,"turns":5.0},{"damage":40.0,"enemies":"2 Orb Walkers","floor":36.0,"turns":6.0},{"damage":1.0,"enemies":"3 Darklings","floor":37.0,"turns":5.0},{"damage":5,"enemies":"Transient","floor":39,"turns":5},{"damage":7,"enemies":"Writhing Mass","floor":44,"turns":6},{"damage":1,"enemies":"Maw","floor":48,"turns":8},{"damage":55,"enemies":"Awakened One","floor":50,"turns":12},{"damage":75,"enemies":"Shield and Spear","floor":54,"turns":6},{"damage":36,"enemies":"The Heart","floor":55,"turns":2}],"seed_played":"-2103194166071605032","potions_obtained":[],"is_trial":false,"path_per_floor":["M","M","M","?","M","E","?","?","T","M","R","M","$","T","R","B",null,"M","?","?","M","T","R","M","M","T","R","M","$","E","?","R","B",null,"M","?","M","?","M","R","$","R","T","M","T","?","R","M","R","B",null,"R","$","E","B"],"character_chosen":"THE_SILENT","items_purchased":["Vajra","Noxious Fumes","Backflip","Sadistic Nature+1","Blur","Caltrops+1","Dramatic Entrance"],"campfire_rested":7,"item_purchase_floors":[13,13,13,29,29,41,41],"current_hp_per_floor":[68,68,67,67,65,39,33,33,33,31,52,47,47,47,68,66,70,56,40,27,22,22,44,32,32,42,67,65,65,53,53,78,74,85,85,45,44,44,39,64,64,64,64,57,57,57,82,81,81,30,85,85,85,10,0,0],"gold":92,"neow_bonus":"BOSS_RELIC","is_daily":false,"chose_seed":false,"campfire_upgraded":2,"win_rate":0.0,"timestamp":1610273836,"path_taken":["M","M","M","?","M","E","?","?","T","M","R","M","$","?","R","BOSS","M","?","?","M","?","R","M","M","T","R","M","$","E","?","R","BOSS","M","?","M","?","M","R","$","R","T","M","?","?","R","M","R","BOSS","R","$","E","BOSS"],"items_purchased_type":["Relic","Card","Card","Card","Card","Card","Card"],"build_version":"2020-12-22","purchased_purges":0,"victory":false,"max_hp_per_floor":[70,70,70,70,70,70,70,70,70,70,70,70,70,70,70,70,70,70,70,75,75,75,75,75,75,85,85,85,85,85,85,85,85,85,85,85,85,85,85,85,85,85,85,85,85,85,85,85,85,85,85,85,85,85,85,85],"card_choices":[{"not_picked":["Outmaneuver","Sucker Punch"],"picked":"Noxious Fumes","floor":1.0},{"not_picked":["Flechettes","Prepared"],"picked":"Footwork","floor":2.0},{"not_picked":["Catalyst","Slice"],"picked":"Sucker Punch","floor":3.0},{"not_picked":["Distraction","Flying Knee"],"picked":"Bane","floor":5.0},{"not_picked":["Skewer","Flying Knee"],"picked":"PiercingWail","floor":6.0},{"not_picked":["Distraction","Choke"],"picked":"Infinite Blades","floor":7.0},{"not_picked":["Malaise","PiercingWail"],"picked":"Escape Plan","floor":10.0},{"not_picked":["Bane","Flechettes"],"picked":"Footwork","floor":12.0},{"not_picked":["Die Die Die","Tools of the Trade+1"],"picked":"After Image+1","floor":16.0},{"not_picked":["Expertise","Acrobatics+1"],"picked":"Quick Slash","floor":18.0},{"not_picked":["Backflip","Endless Agony+1"],"picked":"Catalyst+1","floor":21.0},{"not_picked":["Footwork+1","Terror"],"picked":"Poisoned Stab","floor":24.0},{"not_picked":["Dagger Throw","Outmaneuver+1"],"picked":"Escape Plan","floor":25.0},{"not_picked":["Catalyst","Bane+1"],"picked":"Blade Dance","floor":28.0},{"not_picked":["Terror","Eviscerate"],"picked":"Noxious Fumes+1","floor":30.0},{"not_picked":["Burst","Malaise"],"picked":"Unload","floor":33.0},{"not_picked":["Dodge and Roll","Flying Knee+1"],"picked":"Choke+1","floor":35.0},{"not_picked":["Deadly Poison+1","Bane"],"picked":"Backflip","floor":36.0},{"not_picked":["Quick Slash+1","Dodge and Roll+1"],"picked":"Leg Sweep","floor":37},{"not_picked":["Prepared","Calculated Gamble+1","Backflip"],"picked":"SKIP","floor":39},{"not_picked":["Quick Slash+1","Dagger Throw+1"],"picked":"Poisoned Stab","floor":44},{"not_picked":["Dagger Throw+1","Bane"],"picked":"Blade Dance+1","floor":48},{"not_picked":["Outmaneuver","Infinite Blades+1","Choke"],"picked":"SKIP","floor":54}],"player_experience":21499,"relics_obtained":[{"floor":6.0,"key":"Ninja Scroll"},{"floor":7.0,"key":"Odd Mushroom"},{"floor":9.0,"key":"Tiny Chest"},{"floor":14.0,"key":"Frozen Egg 2"},{"floor":19.0,"key":"Enchiridion"},{"floor":26.0,"key":"Pear"},{"floor":30.0,"key":"Ancient Tea Set"},{"floor":36.0,"key":"FossilizedHelix"},{"floor":43,"key":"Snake Skull"},{"floor":45,"key":"Pantograph"},{"floor":54,"key":"Bronze Scales"}],"event_choices":[{"damage_healed":0.0,"max_hp_gain":0.0,"max_hp_loss":0.0,"gold_gain":0.0,"event_name":"Living Wall","player_choice":"Grow","floor":4.0,"gold_loss":0.0,"damage_taken":0.0,"cards_upgraded":["Footwork"]},{"damage_healed":0.0,"max_hp_gain":0.0,"max_hp_loss":0.0,"gold_gain":0.0,"event_name":"Mushrooms","player_choice":"Fought Mushrooms","floor":7.0,"gold_loss":0.0,"damage_taken":0.0},{"damage_healed":0.0,"max_hp_gain":0.0,"max_hp_loss":0.0,"gold_gain":0.0,"event_name":"Dead Adventurer","player_choice":"Searched \u00271\u0027 times","floor":8.0,"gold_loss":0.0,"damage_taken":0.0,"relics_obtained":["War Paint"]},{"damage_healed":0.0,"max_hp_gain":0.0,"max_hp_loss":0.0,"gold_gain":0.0,"event_name":"Cursed Tome","player_choice":"Obtained Book","floor":19.0,"gold_loss":0.0,"damage_taken":16.0},{"damage_healed":0.0,"max_hp_gain":5.0,"max_hp_loss":0.0,"gold_gain":0.0,"event_name":"Forgotten Altar","player_choice":"Shed Blood","floor":20.0,"gold_loss":0.0,"damage_taken":18.0},{"cards_removed":["Strike_G"],"damage_healed":0.0,"max_hp_gain":0.0,"max_hp_loss":0.0,"gold_gain":0.0,"event_name":"Beggar","player_choice":"Gave Gold","floor":31.0,"gold_loss":75.0,"damage_taken":0.0},{"damage_healed":0.0,"max_hp_gain":0.0,"max_hp_loss":0.0,"gold_gain":0.0,"event_name":"Mysterious Sphere","player_choice":"Fight","floor":36.0,"gold_loss":0.0,"damage_taken":0.0},{"damage_healed":0,"gold_gain":0,"player_choice":"2 cards matched","damage_taken":0,"max_hp_gain":0,"max_hp_loss":0,"event_name":"Match and Keep!","floor":38,"gold_loss":0,"cards_obtained":["Enlightenment","Infinite Blades"]},{"damage_healed":0,"gold_gain":0,"player_choice":"Got Potions","damage_taken":0,"max_hp_gain":0,"max_hp_loss":0,"event_name":"Lab","floor":46,"gold_loss":0}],"is_beta":false,"boss_relics":[{"not_picked":["Ectoplasm","Velvet Choker"],"picked":"SlaversCollar"},{"not_picked":["Cursed Key","Runic Pyramid"],"picked":"Empty Cage"}],"items_purged_floors":[],"is_endless":false,"potions_floor_spawned":[3,5,7,10,12,21,25,35,36,37,44,54],"killed_by":"The Heart","ascension_level":0}}