{"host":"4qin5krp9hszysdc","time":1610256454,"event":{"mods":["AchievementEnabler","BaseMod","BetterRewards","Infinite Spire","Minty Spire (QoL Compilation)","Quick Restart","StSLib"],"gold_per_floor":[109,124,136,136,136,168,233,266,266,18,18,18,18,129,129,207,207,222,233,246,296,308,320,361,373,385,431,443,466,490,529,541,630,642,673,696,727,759,419,419,447,463,463,489,489,47,79,94,94,172,172,185,185,189,255,255,255,255,259,259,280,355,365,365,363,363,413,413,412,414,431,425,421,421],"floor_reached":73,"playtime":6117,"items_purged":["Strike_P","JustLucky"],"score":2722,"play_id":"2c4a9848-bc5e-4a53-8a05-081ed6df9938","local_time":"20210110002734","is_ascension_mode":true,"campfire_choices":[{"floor":11.0,"key":"REST"},{"data":"TalkToTheHand","floor":13.0,"key":"SMITH"},{"data":"SashWhip","floor":15.0,"key":"SMITH"},{"data":"Trip","floor":23.0,"key":"SMITH"},{"data":"CrushJoints","floor":25.0,"key":"SMITH"},{"floor":28.0,"key":"REST"},{"data":"Flash of Steel","floor":32.0,"key":"SMITH"},{"data":"Wallop","floor":40,"key":"SMITH"},{"floor":45,"key":"REST"},{"data":"Scrawl","floor":45,"key":"SMITH"},{"data":"WaveOfTheHand","floor":49,"key":"SMITH"},{"floor":57,"key":"REST"},{"data":"Meditate","floor":57,"key":"SMITH"},{"floor":64,"key":"REST"},{"data":"SpiritShield","floor":64,"key":"SMITH"},{"floor":66,"key":"REST"},{"data":"Prostrate","floor":66,"key":"SMITH"}],"circlet_count":0,"master_deck":["AscendersBane","Eruption+1","Vigilance+1","Protect+1","Trip+1","CrushJoints+1","CutThroughFate+1","Protect+1","ReachHeaven+1","TalkToTheHand+1","SashWhip+1","DeusExMachina+1","Sadistic Nature+1","Flash of Steel+1","LessonLearned+1","Prostrate+1","Protect+1","Indignation+1","Evaluate+1","JustLucky+1","MasterReality+1","Pray+1","Vengeance+1","Protect+1","Blasphemy","Adaptation+1","PathToVictory+1","Wallop+1","Halt+1","FlurryOfBlows+1","Protect+1","Consecrate+1","Injury","Scrawl+1","SpiritShield+1","WaveOfTheHand+1","Brilliance+1","Establishment+1","Meditate+1","Devotion+1","DevaForm+1","Shame","Omniscience+1","WaveOfTheHand+1","Dramatic Entrance+1","DeceiveReality+1","infinitespire:TheBestDefense","EmptyBody"],"relics":["Runic Dome","Ginger","Lantern","Lee\u0027s Waffle","PreservedInsect","Nloth\u0027s Gift","infinitespire:DarkRift","Cursed Key","Frozen Egg 2","infinitespire:EmpoweringShard","infinitespire:Beetle Shell","infinitespire:Magic Flask","Cracked Core","infinitespire:Lucky Rock","Emotion Chip","Red Skull","infinitespire:Chaos","White Beast Statue","Bottled Tornado","Letter Opener","OrangePellets","infinitespire:Lychee Nut","Bag of Preparation","Coffee Dripper","Centennial Puzzle","Du-Vu Doll","infinitespire:Bottled Soul","Happy Flower","infinitespire:Midas Blood","Astrolabe"],"acts_visited":["Exordium","TheCity","TheBeyond","Exordium","TheCity"],"potions_floor_usage":[38,38,47],"damage_taken":[{"damage":4.0,"enemies":"Jaw Worm","floor":1.0,"turns":3.0},{"damage":0.0,"enemies":"Cultist","floor":2.0,"turns":1.0},{"damage":8.0,"enemies":"2 Louse","floor":3.0,"turns":3.0},{"damage":20.0,"enemies":"3 Sentries","floor":6.0,"turns":7.0},{"damage":0.0,"enemies":"Looter","floor":7.0,"turns":3.0},{"damage":18.0,"enemies":"Lagavulin","floor":8.0,"turns":5.0},{"damage":3.0,"enemies":"The Guardian","floor":16.0,"turns":8.0},{"damage":0.0,"enemies":"3 Byrds","floor":18.0,"turns":5.0},{"damage":12.0,"enemies":"2 Thieves","floor":19.0,"turns":4.0},{"damage":0.0,"enemies":"Snecko","floor":20.0,"turns":4.0},{"damage":17.0,"enemies":"Book of Stabbing","floor":24.0,"turns":5.0},{"damage":27.0,"enemies":"Slavers","floor":27.0,"turns":4.0},{"damage":7.0,"enemies":"Shelled Parasite and Fungi","floor":29.0,"turns":5.0},{"damage":0.0,"enemies":"Snake Plant","floor":30.0,"turns":5.0},{"damage":0.0,"enemies":"Book of Stabbing","floor":31.0,"turns":5.0},{"damage":29.0,"enemies":"Champ","floor":33.0,"turns":11.0},{"damage":2.0,"enemies":"Orb Walker","floor":35.0,"turns":4.0},{"damage":6.0,"enemies":"3 Darklings","floor":36.0,"turns":5.0},{"damage":12,"enemies":"Writhing Mass","floor":37,"turns":3},{"damage":12,"enemies":"Maw","floor":38,"turns":6},{"damage":12,"enemies":"Giant Head","floor":41,"turns":5},{"damage":36,"enemies":"3 Darklings","floor":42,"turns":7},{"damage":25,"enemies":"Nightmare","floor":44,"turns":6},{"damage":0,"enemies":"Giant Head","floor":47,"turns":5},{"damage":0,"enemies":"4 Shapes","floor":48,"turns":7},{"damage":68,"enemies":"Awakened One","floor":50,"turns":12},{"damage":7,"enemies":"2 Louse","floor":52,"turns":2},{"damage":0,"enemies":"Small Slimes","floor":54,"turns":2},{"damage":12,"enemies":"Jaw Worm","floor":58,"turns":2},{"damage":18,"enemies":"Lagavulin","floor":59,"turns":3},{"damage":0,"enemies":"Gremlin Nob","floor":61,"turns":1},{"damage":0,"enemies":"3 Louse","floor":63,"turns":2},{"damage":66,"enemies":"Nightmare","floor":65,"turns":4},{"damage":3,"enemies":"The Guardian","floor":67,"turns":5},{"damage":11,"enemies":"Chosen","floor":69,"turns":5},{"damage":15,"enemies":"3 Byrds","floor":71,"turns":2},{"damage":30,"enemies":"Centurion and Healer","floor":72,"turns":4},{"damage":14,"enemies":"Snake Plant","floor":73,"turns":1}],"seed_played":"-6339006606918704445","potions_obtained":[{"floor":2.0,"key":"Energy Potion"},{"floor":3.0,"key":"Explosive Potion"},{"floor":8.0,"key":"Ancient Potion"},{"floor":20.0,"key":"Block Potion"},{"floor":27.0,"key":"Fruit Juice"},{"floor":33.0,"key":"Regen Potion"},{"floor":35.0,"key":"Fruit Juice"},{"floor":38,"key":"Energy Potion"},{"floor":42,"key":"GamblersBrew"},{"floor":47,"key":"GamblersBrew"},{"floor":50,"key":"LiquidBronze"},{"floor":52,"key":"EssenceOfSteel"}],"is_trial":false,"path_per_floor":["M","M","M","?","?","E","M","E","T","$","R","AVR","R","?","R","B",null,"M","M","M","?","$","R","E","R","T","E","R","M","M","E","R","B",null,"M","M","M","M","$","R","E","M","T","NM","R","$","E","M","R","B",null,"M","?","M","?","?","R","M","E","T","E","?","M","R","NM","R","B",null,"M","?","M","M","M"],"character_chosen":"WATCHER","items_purchased":["ClockworkSouvenir","Protect","Trip","Omamori","CrushJoints","Sadistic Nature","Flash of Steel","infinitespire:Chaos","Finesse","FlurryOfBlows","OrangePellets","infinitespire:Lychee Nut"],"campfire_rested":6,"item_purchase_floors":[0,0,0,0,0,10,10,39,39,39,46,46],"current_hp_per_floor":[42,42,34,39,39,19,19,1,1,1,22,29,29,29,29,26,67,67,55,55,55,55,55,38,38,48,21,48,41,41,41,41,19,76,76,72,62,71,107,107,95,59,59,34,66,66,72,78,78,12,63,59,41,44,44,49,74,65,52,52,52,41,44,69,9,34,37,73,68,46,34,10,0,0],"gold":421,"neow_bonus":"","is_daily":false,"chose_seed":false,"campfire_upgraded":11,"win_rate":0.0,"timestamp":1610256454,"path_taken":["M","M","M","?","?","E","?","E","T","$","R","AVR","R","?","R","BOSS","M","M","M","?","$","R","E","R","T","E","R","M","M","E","R","BOSS","M","M","M","M","$","R","E","M","T","NM","R","$","E","M","R","BOSS","M","?","M","?","?","R","M","E","T","E","?","M","R","NM","R","BOSS","M","?","M","M","M"],"items_purchased_type":["Relic","Card","Card","Relic","Card","Card","Card","Relic","Card","Card","Relic","Relic"],"build_version":"2020-12-22","purchased_purges":2,"victory":false,"max_hp_per_floor":[68,68,68,73,73,73,73,73,73,73,73,80,80,80,80,80,80,80,80,80,80,80,80,80,80,90,90,90,90,90,90,90,95,95,95,95,95,100,107,107,107,107,107,107,107,80,80,80,80,80,80,80,80,80,80,85,85,85,85,85,85,85,85,85,85,85,85,85,85,85,85,85,85,85],"card_choices":[{"not_picked":["EmptyFist","Conclude"],"picked":"CutThroughFate","floor":1.0},{"not_picked":["Halt","EmptyFist"],"picked":"Protect","floor":2.0},{"not_picked":["WindmillStrike","Prostrate"],"picked":"ReachHeaven","floor":3.0},{"not_picked":["Adaptation","CrushJoints"],"picked":"TalkToTheHand","floor":6.0},{"not_picked":["JustLucky","MentalFortress"],"picked":"SashWhip","floor":7.0},{"not_picked":["Adaptation","FollowUp"],"picked":"DeusExMachina","floor":8.0},{"not_picked":["Scrawl","Omniscience"],"picked":"LessonLearned","floor":16.0},{"not_picked":[],"picked":"Prostrate","floor":18.0},{"not_picked":[],"picked":"Protect+1","floor":19.0},{"not_picked":[],"picked":"Indignation+1","floor":20.0},{"not_picked":[],"picked":"Evaluate","floor":24.0},{"not_picked":[],"picked":"JustLucky","floor":27.0},{"not_picked":["CarveReality"],"picked":"SKIP","floor":29.0},{"not_picked":["Evaluate"],"picked":"SKIP","floor":30.0},{"not_picked":["SashWhip"],"picked":"SKIP","floor":31.0},{"not_picked":[],"picked":"MasterReality+1","floor":33.0},{"not_picked":[],"picked":"Adaptation+1","floor":35.0},{"not_picked":[],"picked":"PathToVictory+1","floor":36.0},{"not_picked":[],"picked":"Wallop","floor":37},{"not_picked":[],"picked":"Halt","floor":38},{"not_picked":["Alpha","Protect+1","Worship"],"picked":"SKIP","floor":41},{"not_picked":["Alpha","Worship"],"picked":"Protect+1","floor":41},{"not_picked":["Swivel","FlyingSleeves"],"picked":"Consecrate+1","floor":42},{"not_picked":["WreathOfFlame","SashWhip"],"picked":"Scrawl","floor":44},{"not_picked":["Weave","Protect+1"],"picked":"SpiritShield","floor":47},{"not_picked":["Collect","Study+1"],"picked":"WaveOfTheHand","floor":48},{"not_picked":["Scrawl","MasterReality+1"],"picked":"Brilliance","floor":50},{"not_picked":["WheelKick","FlurryOfBlows"],"picked":"Establishment+1","floor":52},{"not_picked":["Study+1","EmptyBody"],"picked":"Meditate","floor":54},{"not_picked":["Vengeance","Halt"],"picked":"Devotion+1","floor":58},{"not_picked":["Prostrate","Judgement"],"picked":"DevaForm+1","floor":59},{"not_picked":["ConjureBlade","BowlingBash","Establishment+1"],"picked":"SKIP","floor":61},{"not_picked":["CrushJoints","DeusExMachina","ThirdEye"],"picked":"SKIP","floor":63},{"not_picked":["Indignation","ClearTheMind","InnerPeace"],"picked":"SKIP","floor":65},{"not_picked":["DevaForm+1","Blasphemy"],"picked":"Omniscience","floor":67},{"not_picked":["Collect","Crescendo+1","Consecrate+1"],"picked":"SKIP","floor":69},{"not_picked":["infinitespire:UltimateForm","infinitespire:Menacing"],"picked":"infinitespire:TheBestDefense","floor":70},{"not_picked":["Prostrate","CrushJoints","InnerPeace"],"picked":"SKIP","floor":71},{"not_picked":["ThirdEye","Evaluate"],"picked":"EmptyBody","floor":72}],"player_experience":2773087,"relics_obtained":[{"floor":6.0,"key":"infinitespire:Beetle Shell"},{"floor":8.0,"key":"Sundial"},{"floor":9.0,"key":"Unceasing Top"},{"floor":24.0,"key":"Frozen Egg 2"},{"floor":26.0,"key":"Pear"},{"floor":27.0,"key":"infinitespire:FocusingShard"},{"floor":31.0,"key":"Blood Vial"},{"floor":41,"key":"White Beast Statue"},{"floor":43,"key":"Bottled Tornado"},{"floor":44,"key":"Letter Opener"},{"floor":47,"key":"Bag of Preparation"},{"floor":59,"key":"Du-Vu Doll"},{"floor":60,"key":"infinitespire:Bottled Soul"},{"floor":61,"key":"Happy Flower"},{"floor":65,"key":"infinitespire:Midas Blood"}],"event_choices":[{"damage_healed":0.0,"max_hp_gain":5.0,"max_hp_loss":0.0,"gold_gain":0.0,"event_name":"Big Fish","player_choice":"Donut","floor":4.0,"gold_loss":0.0,"damage_taken":0.0},{"damage_healed":0.0,"max_hp_gain":0.0,"max_hp_loss":0.0,"gold_gain":0.0,"event_name":"FaceTrader","player_choice":"Trade","floor":5.0,"gold_loss":0.0,"damage_taken":0.0,"relics_obtained":["SsserpentHead"]},{"damage_healed":0.0,"max_hp_gain":0.0,"max_hp_loss":0.0,"gold_gain":61.0,"event_name":"Golden Wing","player_choice":"Gained Gold","floor":14.0,"gold_loss":0.0,"damage_taken":0.0},{"damage_healed":0.0,"max_hp_gain":0.0,"max_hp_loss":0.0,"gold_gain":0.0,"event_name":"Addict","player_choice":"Stole Relic","floor":21.0,"gold_loss":0.0,"damage_taken":0.0,"relics_obtained":["MawBank"],"cards_obtained":["Shame"]},{"damage_healed":0,"gold_gain":0,"player_choice":"Success","damage_taken":18,"relics_obtained":["Centennial Puzzle"],"max_hp_gain":0,"max_hp_loss":0,"event_name":"Scrap Ooze","floor":53,"gold_loss":0},{"damage_healed":0,"gold_gain":66,"player_choice":"Gained Gold","damage_taken":0,"max_hp_gain":0,"max_hp_loss":0,"event_name":"Golden Wing","floor":55,"gold_loss":0},{"damage_healed":0,"gold_gain":0,"player_choice":"Donut","damage_taken":0,"max_hp_gain":5,"max_hp_loss":0,"event_name":"Big Fish","floor":56,"gold_loss":0},{"damage_healed":0,"gold_gain":75,"player_choice":"Gather Gold","damage_taken":11,"max_hp_gain":0,"max_hp_loss":0,"event_name":"World of Goop","floor":62,"gold_loss":0}],"is_beta":false,"boss_relics":[{"not_picked":["Snecko Eye","Philosopher\u0027s Stone"],"picked":"Busted Crown"},{"not_picked":["infinitespire:Cupcake","Empty Cage"],"picked":"Pandora\u0027s Box"},{"not_picked":["SacredBark","Sozu"],"picked":"Coffee Dripper"},{"not_picked":["Pandora\u0027s Box","Philosopher\u0027s Stone"],"picked":"Astrolabe"}],"items_purged_floors":[12,39],"is_endless":true,"potions_floor_spawned":[2,3,8,20,24,27,33,35,38,42,44,47,48,50,52,54,58,59,61,63,65,67,69,71,72],"killed_by":"Snake Plant","ascension_level":15}}