{"host":"b2ids4d091ugj8o6","time":1610245656,"event":{"mods":["BaseMod","Downfall","JesterMod","Marisa????????","Minty Spire (QoL Compilation)","Spicy Shops","StSLib","The Cursed","The Disciple","The Exalted","The Necromancer","The Runesmith","The Servant 0.9.4","TheHeartMod"],"gold_per_floor":[113,123,136,13,188,188,200,200,224,235,235,252,267,278,278,375,375,387,401,24,44,59,59,59,59],"floor_reached":24,"playtime":2221,"items_purged":[],"score":194,"play_id":"2b8d4e2d-46d8-4a32-8c20-e44f2a057b08","local_time":"20210109212736","is_ascension_mode":false,"campfire_choices":[{"data":"Blood_Curse","floor":6.0,"key":"SMITH"},{"data":"Negative_Energy_Mist","floor":8.0,"key":"SMITH"},{"data":"Necrotic_Claws","floor":11.0,"key":"SMITH"},{"floor":15.0,"key":"REST"},{"floor":23,"key":"REST"}],"circlet_count":0,"master_deck":["Strike_W","Strike_W","Strike_W","Strike_W","Defend_W","Defend_W","Defend_W","Defend_W","Negative_Energy_Arrows","Bone_Wall","Hellfire","Toxic_Smoke_Screen","Negative_Energy_Mist+1","Negative_Energy_Sphere","Blood_Curse+1","Corrupt","Doubt","Negative_Energy_Sphere","Necrotic_Claws+1","Death_Knell","Consume_Illness","Negative_Energy_Mist","Summon_Vampire_Lady","Finger_Of_Death","Summon_Undead","Summon_Undead_Army","Negative_Energy_Sphere"],"relics":["Vampire_Amulet","Bag of Marbles","Philosopher\u0027s Stone","Mercury Hourglass","Gremlin Horn"],"acts_visited":["Exordium","TheCity"],"potions_floor_usage":[22],"damage_taken":[{"damage":5.0,"enemies":"Jaw Worm","floor":1.0,"turns":3.0},{"damage":0.0,"enemies":"Small Slimes","floor":2.0,"turns":3.0},{"damage":0.0,"enemies":"2 Louse","floor":3.0,"turns":4.0},{"damage":15.0,"enemies":"Large Slime","floor":7.0,"turns":5.0},{"damage":0.0,"enemies":"3 Louse","floor":10.0,"turns":2.0},{"damage":14.0,"enemies":"Exordium Thugs","floor":12.0,"turns":4.0},{"damage":26.0,"enemies":"Large Slime","floor":13.0,"turns":6.0},{"damage":3.0,"enemies":"3 Louse","floor":14.0,"turns":3.0},{"damage":53.0,"enemies":"The Guardian","floor":16.0,"turns":13.0},{"damage":21.0,"enemies":"3 Byrds","floor":18.0,"turns":4.0},{"damage":24.0,"enemies":"Spheric Guardian","floor":19.0,"turns":5.0},{"damage":30,"enemies":"Centurion and Healer","floor":21,"turns":4},{"damage":8,"enemies":"3 Cultists","floor":22,"turns":4},{"damage":40,"enemies":"Slavers","floor":24,"turns":3}],"seed_played":"-8684204637338140537","potions_obtained":[{"floor":2.0,"key":"PowerPotion"},{"floor":7.0,"key":"AttackPotion"},{"floor":10.0,"key":"hexamod:EctoCoolerPotion"},{"floor":22,"key":"hexamod:EctoCoolerPotion"}],"is_trial":false,"path_per_floor":["M","M","M","$","?","R","M","R","T","M","R","M","M","M","R","B",null,"M","M","$","M","M","R","E"],"character_chosen":"NECROMANCER","items_purchased":["Blood_Curse","Corrupt","Mercury Hourglass","Gremlin Horn"],"campfire_rested":2,"item_purchase_floors":[4,4,20,20],"current_hp_per_floor":[65,68,68,68,68,68,57,57,57,63,63,53,31,34,54,3,68,62,43,43,17,15,35,0,0],"gold":59,"neow_bonus":"THREE_RARE_CARDS","is_daily":false,"chose_seed":false,"campfire_upgraded":3,"win_rate":0.0,"timestamp":1610245656,"path_taken":["M","M","M","$","?","R","M","R","T","M","R","M","M","M","R","BOSS","M","M","$","M","M","R","E"],"items_purchased_type":["Card","Card","Relic","Relic"],"build_version":"2020-12-22","purchased_purges":0,"victory":false,"max_hp_per_floor":[68,68,68,68,68,68,68,68,68,68,68,68,68,68,68,68,68,68,68,68,68,68,68,68,68],"card_choices":[{"not_picked":["Detonate_Bones","Skeleton_Dragon"],"picked":"Hellfire","floor":0.0},{"not_picked":["Death_Coil","Negative_Energy_Javelin"],"picked":"Toxic_Smoke_Screen","floor":1.0},{"not_picked":["Bones_to_Steel","Exploit"],"picked":"Negative_Energy_Mist","floor":2.0},{"not_picked":["Summon_Undead_Army","Consume_Illness"],"picked":"Negative_Energy_Sphere","floor":3.0},{"not_picked":["Scare","Spectral_Walk"],"picked":"Negative_Energy_Sphere","floor":7.0},{"not_picked":["Summon_Undead","Bones_to_Steel"],"picked":"Necrotic_Claws","floor":10.0},{"not_picked":["Reap_The_Weak","Death_March_Dance"],"picked":"Death_Knell","floor":12.0},{"not_picked":["Necromantic_Selection","Negative_Energy_Shield"],"picked":"Consume_Illness","floor":13.0},{"not_picked":["Negative_Energy_Sphere","Life_Tap"],"picked":"Negative_Energy_Mist","floor":14.0},{"not_picked":["Cloudkill","Skeleton_Dragon"],"picked":"Summon_Vampire_Lady","floor":16.0},{"not_picked":["Death_Coil","Chill_Blood"],"picked":"Finger_Of_Death","floor":18.0},{"not_picked":["Necromantic_Selection","Finger_Of_Death"],"picked":"Summon_Undead","floor":19},{"not_picked":["Death_Coil","Death_Knell"],"picked":"Summon_Undead_Army","floor":21},{"not_picked":["Bone_Spikes","Hellfire"],"picked":"Negative_Energy_Sphere","floor":22}],"player_experience":474525,"relics_obtained":[{"floor":9.0,"key":"Bag of Marbles"}],"event_choices":[{"damage_healed":0.0,"max_hp_gain":0.0,"max_hp_loss":0.0,"gold_gain":175.0,"event_name":"Liars Game","player_choice":"AGREE","floor":5.0,"gold_loss":0.0,"damage_taken":0.0,"cards_obtained":["Doubt"]}],"is_beta":false,"boss_relics":[{"not_picked":["SlaversCollar","Busted Crown"],"picked":"Philosopher\u0027s Stone"}],"items_purged_floors":[],"is_endless":false,"potions_floor_spawned":[2,7,10,12,16,18,22],"killed_by":"Slavers","ascension_level":0}}