{"host":"1mv6gj0zv8k9e9tz","time":1610270184,"event":{"mods":["AchievementEnabler","BaseMod","Better Third Choice","Colored Map","KOR Keyword Fix","Minty Spire (QoL Compilation)","Permanent Neow","Rare Cards Sparkle","StSLib"],"gold_per_floor":[411,426,445,445,370,403,413,440,440,197,208,227,227,289,289,289,289],"floor_reached":16,"playtime":798,"items_purged":["Defend_P","Defend_P"],"score":123,"play_id":"1d9e9281-f924-4f6d-91bf-09986c1a6cc0","local_time":"20210110181624","is_ascension_mode":true,"campfire_choices":[{"floor":13,"key":"REST"},{"data":"Eruption","floor":15,"key":"SMITH"}],"circlet_count":0,"master_deck":["Strike_P","Strike_P","Strike_P","Defend_P","Defend_P","Eruption+1","Vigilance","Consecrate","DeusExMachina","Meditate","Judgement"],"relics":["PureWater","Old Coin","Potion Belt","Gremlin Horn","TungstenRod","Mango"],"acts_visited":["Exordium"],"potions_floor_usage":[11,12,14,16],"damage_taken":[{"damage":0,"enemies":"Cultist","floor":1,"turns":2},{"damage":6,"enemies":"Jaw Worm","floor":2,"turns":6},{"damage":0,"enemies":"Small Slimes","floor":3,"turns":4},{"damage":31,"enemies":"3 Sentries","floor":6,"turns":6},{"damage":14,"enemies":"Exordium Wildlife","floor":7,"turns":6},{"damage":10,"enemies":"Gremlin Nob","floor":8,"turns":3},{"damage":0,"enemies":"Red Slaver","floor":11,"turns":2},{"damage":0,"enemies":"Exordium Thugs","floor":12,"turns":2},{"damage":0,"enemies":"3 Sentries","floor":14,"turns":3},{"damage":31,"enemies":"Hexaghost","floor":16,"turns":10}],"seed_played":"2457840859338587158","potions_obtained":[{"floor":1,"key":"Ancient Potion"},{"floor":6,"key":"FearPotion"},{"floor":8,"key":"Fire Potion"},{"floor":11,"key":"ColorlessPotion"},{"floor":14,"key":"SneckoOil"}],"is_trial":false,"path_per_floor":["M","M","M","?","$","E","M","E","T","$","M","M","R","?","R","B"],"character_chosen":"WATCHER","items_purchased":["Judgement"],"campfire_rested":1,"item_purchase_floors":[10],"current_hp_per_floor":[65,59,59,59,59,28,14,4,4,4,4,4,23,37,37,6,6],"gold":289,"neow_bonus":"ONE_RARE_RELIC","is_daily":false,"chose_seed":false,"campfire_upgraded":1,"win_rate":0.0,"timestamp":1610270184,"path_taken":["M","M","?","?","$","E","M","E","T","$","?","M","R","?","R","BOSS"],"items_purchased_type":["Card"],"build_version":"2020-12-22","purchased_purges":2,"victory":false,"max_hp_per_floor":[65,65,65,65,65,65,65,65,65,65,65,65,65,79,79,79,79],"card_choices":[{"not_picked":["Swivel","Nirvana"],"picked":"Consecrate","floor":1},{"not_picked":["CutThroughFate","Consecrate","Wireheading"],"picked":"SKIP","floor":2},{"not_picked":["TalkToTheHand","CutThroughFate","Protect"],"picked":"SKIP","floor":3},{"not_picked":["CarveReality","WaveOfTheHand"],"picked":"Meditate","floor":6},{"not_picked":["CutThroughFate","Perseverance","Prostrate"],"picked":"SKIP","floor":7},{"not_picked":["EmptyMind","ThirdEye","CutThroughFate"],"picked":"SKIP","floor":8},{"not_picked":["BowlingBash","Fasting2","ForeignInfluence"],"picked":"SKIP","floor":11},{"not_picked":["Consecrate","MasterReality","Protect"],"picked":"SKIP","floor":12}],"player_experience":503150,"relics_obtained":[{"floor":6,"key":"Potion Belt"},{"floor":8,"key":"Gremlin Horn"},{"floor":9,"key":"TungstenRod"}],"event_choices":[{"damage_healed":0,"gold_gain":0,"cards_transformed":["Strike_P"],"player_choice":"Transformed","damage_taken":0,"max_hp_gain":0,"max_hp_loss":0,"event_name":"Transmorgrifier","floor":4,"gold_loss":0,"cards_obtained":["DeusExMachina"]},{"damage_healed":0,"gold_gain":0,"player_choice":"Searched \u00272\u0027 times","damage_taken":0,"relics_obtained":["Mango"],"max_hp_gain":0,"max_hp_loss":0,"event_name":"Dead Adventurer","floor":14,"gold_loss":0}],"is_beta":false,"boss_relics":[],"items_purged_floors":[5,10],"is_endless":false,"potions_floor_spawned":[1,6,8,11,14],"killed_by":"Hexaghost","ascension_level":2}}