{"host":"58syw52hqfl22t9m","time":1610255126,"event":{"mods":["2.2 Compatiblity","AchievementEnabler","BaseMod","Better Altar","Better Match","Better Note","Better Sensory Stone","Better Skull","Better Third Choice","BetterRewards","Block Reminder","Colored Map","Colored Powertips","Dark Map","GifTheSpireLib","Highlight Path","Hubris","Minty Spire (QoL Compilation)","Permanent Neow","Poor People Problems","Random Character Button","Rare Cards Sparkle","Relic Stats","Replay The Spire","Shop Mod","Spicy Shops","StSLib","The Blue Laboratory"],"gold_per_floor":[216,233,233,35,49,49,68,84,84,95,95,106,106,6,6,6,6],"floor_reached":16,"playtime":1308,"items_purged":["Defend_G","Strike_G"],"score":113,"play_id":"f24c2f25-a9cf-4f0f-9a42-57e2cfbbcff2","local_time":"20210109210526","is_ascension_mode":true,"campfire_choices":[{"data":"Caltrops","floor":6,"key":"SMITH"},{"floor":11,"key":"REST"},{"data":"Poisoned Stab","floor":13,"key":"SMITH"},{"floor":15,"key":"REST"}],"circlet_count":0,"master_deck":["Strike_G","Strike_G","Strike_G","Defend_G","Defend_G","Defend_G","Defend_G","Survivor","Neutralize","Quick Slash","Poisoned Stab+1","Backflip","Caltrops+1","Slice","Bane","ReplayTheSpireMod:Speed Training"],"relics":["Ring of the Snake","BranchBurnRelic"],"acts_visited":["Exordium"],"potions_floor_usage":[16],"damage_taken":[{"damage":4,"enemies":"Jaw Worm","floor":1,"turns":5},{"damage":2,"enemies":"Cultist","floor":2,"turns":5},{"damage":0,"enemies":"Small Slimes","floor":5,"turns":3},{"damage":1,"enemies":"Red Slaver","floor":7,"turns":4},{"damage":18,"enemies":"Large Slime","floor":8,"turns":8},{"damage":3,"enemies":"Looter","floor":10,"turns":3},{"damage":16,"enemies":"Lots of Slimes","floor":12,"turns":4},{"damage":82,"enemies":"Slime Boss","floor":16,"turns":7}],"seed_played":"-2594949131492225743","potions_obtained":[{"floor":5,"key":"blueLaboratory:FrostheartPotion"},{"floor":8,"key":"blueLaboratory:CorrosionFlask"},{"floor":12,"key":"blueLaboratory:EmptyBottle"}],"is_trial":false,"path_per_floor":["M","M","?","$","M","R","M","M","T","M","R","M","R","$","R","B"],"character_chosen":"THE_SILENT","items_purchased":["Backflip","Caltrops"],"campfire_rested":2,"item_purchase_floors":[4,4],"current_hp_per_floor":[66,64,64,64,64,64,63,45,45,42,63,59,59,59,70,0,0],"gold":6,"neow_bonus":"HUNDRED_GOLD","is_daily":false,"chose_seed":false,"campfire_upgraded":2,"win_rate":0.0,"timestamp":1610255126,"path_taken":["M","M","?","$","M","R","M","M","T","?","R","M","R","$","R","BOSS"],"items_purchased_type":["Card","Card"],"build_version":"2020-12-22","purchased_purges":2,"victory":false,"max_hp_per_floor":[70,70,70,70,70,70,70,70,70,70,70,70,70,70,70,70,70],"relic_stats":{"counters":[68,309],"obtain_stats":[{"TwistedFunnel":24,"ReplayFunnel":9,"Golden Egg":37,"Regal Pillow":46,"Gremlin Horn":48,"Mango":0,"Blue Doll":44,"hubris:SlimyHat":26,"Whetstone":39,"Smiling Mask":28,"Sling":46,"Pet Ghost":19,"BranchBurnRelic":11,"Replay:Bandana":9,"WristBlade":17,"Ninja Scroll":50,"Pantograph":0,"Strawberry":21,"hubris:ScarierMask":19,"Tiny Chest":0,"Red Mask":33,"HandDrill":48,"Ring of the Snake":0,"Replay:Bottled Steam":43,"Gremlin Food":22,"Pear":0,"Dead Branch":9,"Paper Crane":9,"White Beast Statue":6,"Mercury Hourglass":41,"SlaversCollar":36,"Strange Spoon":48,"betterThird:SlimedRelic":4,"Membership Card":0,"Meat on the Bone":45},{"TwistedFunnel":35,"ReplayFunnel":53,"Golden Egg":18,"Regal Pillow":46,"Gremlin Horn":47,"Mango":0,"Blue Doll":46,"hubris:SlimyHat":13,"Whetstone":43,"Smiling Mask":14,"Sling":46,"Pet Ghost":10,"BranchBurnRelic":66,"Replay:Bandana":30,"WristBlade":9,"Ninja Scroll":49,"Pantograph":0,"Strawberry":11,"hubris:ScarierMask":34,"Tiny Chest":0,"Red Mask":40,"HandDrill":47,"Ring of the Snake":0,"Replay:Bottled Steam":20,"Gremlin Food":35,"Pear":50,"Dead Branch":65,"Paper Crane":5,"White Beast Statue":3,"Mercury Hourglass":20,"SlaversCollar":41,"Strange Spoon":47,"betterThird:SlimedRelic":28,"Membership Card":26,"Meat on the Bone":46},{"TwistedFunnel":165,"ReplayFunnel":240,"Golden Egg":89,"Regal Pillow":211,"Gremlin Horn":212,"Mango":0,"Blue Doll":211,"hubris:SlimyHat":65,"Whetstone":193,"Smiling Mask":71,"Sling":211,"Pet Ghost":51,"BranchBurnRelic":298,"Replay:Bandana":143,"WristBlade":47,"Ninja Scroll":218,"Pantograph":0,"Strawberry":56,"hubris:ScarierMask":163,"Tiny Chest":0,"Red Mask":181,"HandDrill":212,"Ring of the Snake":0,"Replay:Bottled Steam":100,"Gremlin Food":165,"Pear":231,"Dead Branch":295,"Paper Crane":24,"White Beast Statue":16,"Mercury Hourglass":100,"SlaversCollar":188,"Strange Spoon":212,"betterThird:SlimedRelic":135,"Membership Card":128,"Meat on the Bone":211}],"Ring of the Snake":[136]},"card_choices":[{"not_picked":["Backflip","Slice"],"picked":"Quick Slash","floor":1},{"not_picked":["Bane","Cloak And Dagger"],"picked":"Poisoned Stab","floor":2},{"not_picked":["Cloak And Dagger","hubris:TrickCloak","Unload"],"picked":"SKIP","floor":5},{"not_picked":["Toxin Wave","Well Laid Plans","PiercingWail"],"picked":"SKIP","floor":7},{"not_picked":["Prepared","Dodge and Roll"],"picked":"Slice","floor":8},{"not_picked":["PiercingWail","Phantasmal Killer"],"picked":"Bane","floor":10},{"not_picked":["Flying Knee","Backflip"],"picked":"ReplayTheSpireMod:Speed Training","floor":12}],"player_experience":422895,"relics_obtained":[{"floor":9,"key":"Dead Branch"}],"event_choices":[{"cards_removed":["Strike_G"],"damage_healed":0,"gold_gain":0,"player_choice":"Purged","damage_taken":0,"max_hp_gain":0,"max_hp_loss":0,"event_name":"Purifier","floor":3,"gold_loss":0}],"is_beta":false,"boss_relics":[],"items_purged_floors":[4,14],"is_endless":false,"potions_floor_spawned":[5,8,12],"killed_by":"Slime Boss","ascension_level":4}}