{"host":"3y2rtlgteqp2nuo3","time":1610245738,"event":{"mods":["2.2 Compatiblity","AchievementEnabler","BaseMod","Colored Map","DeckTracker","Highlight Path","Keyboard Shortcuts","Minty Spire (QoL Compilation)","Permanent Neow","Quick Restart","StSLib","SuperFastMode","everything is the same but u backflip on backflip"],"gold_per_floor":[114,114,125,75,0,0,13,13,13,26,43,43,60,74,74,177,177,196,215,80,98,125,125,125,145,171,171,171],"floor_reached":27,"playtime":619,"items_purged":["Strike_G","Strike_G"],"score":269,"play_id":"162570e6-a314-4a27-9bd4-7d7ca1959d9a","local_time":"20210110112858","is_ascension_mode":true,"campfire_choices":[{"data":"Neutralize","floor":6.0,"key":"SMITH"},{"data":"Terror","floor":12.0,"key":"SMITH"},{"data":"Accuracy","floor":15.0,"key":"SMITH"},{"floor":23,"key":"REST"}],"circlet_count":0,"master_deck":["Strike_G","Defend_G","Defend_G","Defend_G","Defend_G","Defend_G","Survivor","Neutralize+1","Blur","Blade Dance+1","Dagger Spray","PiercingWail","Backstab","Terror+1","Deadly Poison","Accuracy+1","Blade Dance","Prepared+1","Calculated Gamble","Poisoned Stab+1","Bane"],"relics":["Ring of the Snake","SacredBark","Red Mask","Vajra"],"acts_visited":["Exordium","TheCity"],"potions_floor_usage":[21],"damage_taken":[{"damage":4.0,"enemies":"Small Slimes","floor":1.0,"turns":5.0},{"damage":1.0,"enemies":"Jaw Worm","floor":3.0,"turns":5.0},{"damage":0.0,"enemies":"Cultist","floor":7.0,"turns":3.0},{"damage":0.0,"enemies":"Looter","floor":10.0,"turns":3.0},{"damage":0.0,"enemies":"Gremlin Gang","floor":11.0,"turns":2.0},{"damage":0.0,"enemies":"Blue Slaver","floor":13.0,"turns":3.0},{"damage":0.0,"enemies":"Exordium Wildlife","floor":14.0,"turns":2.0},{"damage":9.0,"enemies":"Hexaghost","floor":16.0,"turns":9.0},{"damage":5.0,"enemies":"3 Byrds","floor":18.0,"turns":4.0},{"damage":13,"enemies":"Spheric Guardian","floor":19,"turns":5},{"damage":8,"enemies":"Snecko","floor":21,"turns":3},{"damage":28,"enemies":"Masked Bandits","floor":22,"turns":4},{"damage":24,"enemies":"Snake Plant","floor":25,"turns":6},{"damage":11,"enemies":"Centurion and Healer","floor":27,"turns":2}],"seed_played":"2699335588193758509","potions_obtained":[{"floor":7.0,"key":"Strength Potion"},{"floor":10.0,"key":"Explosive Potion"},{"floor":11.0,"key":"Poison Potion"},{"floor":14.0,"key":"Fruit Juice"}],"is_trial":false,"path_per_floor":["M","?","M","?","$","R","M","?","T","M","M","R","M","M","R","B",null,"M","M","$","M","?","R","?","M","T","M"],"character_chosen":"THE_SILENT","items_purchased":["Calculated Gamble"],"campfire_rested":1,"item_purchase_floors":[20],"current_hp_per_floor":[59,59,58,58,58,58,58,58,58,58,58,58,58,63,63,54,70,65,52,52,44,16,38,31,7,7,0,0],"gold":171,"neow_bonus":"THREE_CARDS","is_daily":false,"chose_seed":false,"campfire_upgraded":3,"win_rate":0.0,"timestamp":1610245738,"path_taken":["M","?","M","?","$","R","M","?","T","M","M","R","M","M","R","BOSS","BOSS","M","M","$","M","?","R","?","M","T","?"],"items_purchased_type":["Card"],"build_version":"2020-12-22","purchased_purges":2,"victory":false,"max_hp_per_floor":[70,70,70,70,70,70,70,70,70,70,70,70,70,75,75,75,75,75,75,75,75,75,75,75,75,75,75,75],"card_choices":[{"not_picked":["Slice","Endless Agony"],"picked":"Blur","floor":0.0},{"not_picked":["Sucker Punch","Quick Slash"],"picked":"Blade Dance","floor":1.0},{"not_picked":["Footwork","Well Laid Plans"],"picked":"Dagger Spray","floor":3.0},{"not_picked":["Sucker Punch","Setup"],"picked":"PiercingWail","floor":7.0},{"not_picked":["Prepared","Blur"],"picked":"Backstab","floor":10.0},{"not_picked":["Escape Plan","Corpse Explosion"],"picked":"Terror","floor":11.0},{"not_picked":["Outmaneuver","Well Laid Plans"],"picked":"Deadly Poison","floor":13.0},{"not_picked":["Dagger Spray","Reflex"],"picked":"Accuracy","floor":14.0},{"not_picked":["All Out Attack","Concentrate"],"picked":"Blade Dance","floor":18.0},{"not_picked":["Bane+1","Dagger Throw"],"picked":"Prepared+1","floor":19},{"not_picked":["Riddle With Holes+1","Flying Knee","Predator"],"picked":"SKIP","floor":21},{"not_picked":["Eviscerate+1","Calculated Gamble"],"picked":"Poisoned Stab+1","floor":22},{"not_picked":["Outmaneuver+1","Blur"],"picked":"Bane","floor":25}],"player_experience":664829,"relics_obtained":[{"floor":22,"key":"Red Mask"},{"floor":26,"key":"Vajra"}],"event_choices":[{"damage_healed":0.0,"max_hp_gain":0.0,"max_hp_loss":0.0,"gold_gain":0.0,"event_name":"Living Wall","player_choice":"Grow","floor":2.0,"gold_loss":0.0,"damage_taken":0.0,"cards_upgraded":["Blade Dance"]},{"cards_removed":["Strike_G"],"damage_healed":0.0,"max_hp_gain":0.0,"max_hp_loss":0.0,"gold_gain":0.0,"event_name":"The Cleric","player_choice":"Card Removal","floor":4.0,"gold_loss":50.0,"damage_taken":0.0},{"cards_removed":["Strike_G"],"damage_healed":0.0,"max_hp_gain":0.0,"max_hp_loss":0.0,"gold_gain":0.0,"event_name":"Purifier","player_choice":"Purged","floor":8.0,"gold_loss":0.0,"damage_taken":0.0},{"damage_healed":0,"gold_gain":0,"player_choice":"Fought Bandits","damage_taken":0,"max_hp_gain":0,"max_hp_loss":0,"event_name":"Masked Bandits","floor":22,"gold_loss":0},{"damage_healed":0,"gold_gain":0,"player_choice":"Damaged","damage_taken":7,"max_hp_gain":0,"max_hp_loss":0,"event_name":"Wheel of Change","floor":24,"gold_loss":0}],"is_beta":false,"boss_relics":[{"not_picked":["Tiny House","Runic Pyramid"],"picked":"SacredBark"}],"items_purged_floors":[5,20],"is_endless":false,"potions_floor_spawned":[7,10,11,14],"killed_by":"Centurion and Healer","ascension_level":6}}