{"host":"t3nmszc7fx0d6552","time":1610300534,"event":{"mods":["AchievementEnabler","BaseMod","Colored Map","Minty Spire (QoL Compilation)","Permanent Neow","StSLib","SuperFastMode"],"gold_per_floor":[109,129,129,129,146,146,177,196,196,196,210,210,2,37,37,115,115,130,140,159,82,82,82],"floor_reached":22,"playtime":889,"items_purged":[],"score":392,"play_id":"174423b7-3fe5-49d5-84d6-43f67badd87a","local_time":"20210111024214","is_ascension_mode":true,"campfire_choices":[{"data":"Sword Boomerang","floor":6.0,"key":"SMITH"},{"data":"Berserk","floor":10,"key":"SMITH"},{"floor":15,"key":"REST"}],"circlet_count":0,"master_deck":["AscendersBane","Strike_R","Strike_R","Strike_R","Defend_R","Defend_R","Defend_R","Defend_R","Bash+1","Hemokinesis","Anger","Pain","Sword Boomerang+1","Berserk+1","Rupture","Ghostly Armor","Evolve","Metallicize","Offering","Shrug It Off","Armaments+1","Shockwave"],"relics":["Runic Cube","WarpedTongs","Incense Burner","Mango","Toolbox","Pantograph","Empty Cage"],"acts_visited":["Exordium","TheCity"],"potions_floor_usage":[14,14,20],"damage_taken":[{"damage":4.0,"enemies":"2 Louse","floor":1.0,"turns":4.0},{"damage":11.0,"enemies":"Jaw Worm","floor":2.0,"turns":4.0},{"damage":4.0,"enemies":"Cultist","floor":5.0,"turns":3.0},{"damage":14.0,"enemies":"Gremlin Nob","floor":7.0,"turns":3.0},{"damage":11,"enemies":"3 Louse","floor":8,"turns":2},{"damage":30,"enemies":"Exordium Thugs","floor":11,"turns":4},{"damage":21,"enemies":"3 Sentries","floor":14,"turns":6},{"damage":35,"enemies":"The Guardian","floor":16,"turns":9},{"damage":24,"enemies":"Shell Parasite","floor":18,"turns":3},{"damage":14,"enemies":"Chosen","floor":19,"turns":4},{"damage":22,"enemies":"Sentry and Sphere","floor":20,"turns":4},{"damage":14,"enemies":"Masked Bandits","floor":22,"turns":2}],"seed_played":"3670187880782279681","potions_obtained":[{"floor":1.0,"key":"BlessingOfTheForge"},{"floor":2.0,"key":"SmokeBomb"},{"floor":12,"key":"BloodPotion"},{"floor":16,"key":"BlessingOfTheForge"},{"floor":19,"key":"SneckoOil"}],"is_trial":false,"path_per_floor":["M","M","?","?","M","R","E","M","T","R","M","?","$","E","R","B",null,"M","M","M","$","?"],"character_chosen":"IRONCLAD","items_purchased":["Toolbox","Evolve","Shockwave"],"campfire_rested":1,"item_purchase_floors":[13,13,21],"current_hp_per_floor":[64,53,53,53,49,49,35,24,38,38,8,8,8,4,30,20,72,48,34,12,12,0,0],"gold":82,"neow_bonus":"BOSS_RELIC","is_daily":false,"chose_seed":false,"campfire_upgraded":2,"win_rate":0.0,"timestamp":1610300534,"path_taken":["M","M","?","?","?","R","E","M","T","R","M","?","?","E","R","BOSS","M","?","M","$","?"],"items_purchased_type":["Relic","Card","Card"],"build_version":"2020-12-22","purchased_purges":0,"victory":false,"max_hp_per_floor":[75,75,75,75,75,75,75,75,89,89,89,89,89,89,89,89,89,89,89,89,89,89,89],"card_choices":[{"not_picked":["Rampage","Body Slam"],"picked":"Hemokinesis","floor":1.0},{"not_picked":["Pommel Strike","Rampage"],"picked":"Anger","floor":2.0},{"not_picked":["Pommel Strike","Clash"],"picked":"Sword Boomerang","floor":5.0},{"not_picked":["Flex","Havoc"],"picked":"Berserk","floor":7.0},{"not_picked":["Fire Breathing","Intimidate"],"picked":"Rupture","floor":8},{"not_picked":["Clothesline","Anger"],"picked":"Ghostly Armor","floor":11},{"not_picked":["Thunderclap","Impervious"],"picked":"Metallicize","floor":14},{"not_picked":["Barricade","Immolate"],"picked":"Offering","floor":16},{"not_picked":["Clothesline","Iron Wave"],"picked":"Shrug It Off","floor":18},{"not_picked":["Blood for Blood","Sword Boomerang"],"picked":"Armaments+1","floor":19},{"not_picked":["Carnage","Clothesline","Heavy Blade"],"picked":"SKIP","floor":20}],"player_experience":1376483,"relics_obtained":[{"floor":7.0,"key":"Incense Burner"},{"floor":9,"key":"Mango"},{"floor":14,"key":"Pantograph"}],"event_choices":[{"damage_healed":0.0,"max_hp_gain":0.0,"max_hp_loss":0.0,"gold_gain":0.0,"event_name":"Living Wall","player_choice":"Grow","floor":3.0,"gold_loss":0.0,"damage_taken":0.0,"cards_upgraded":["Bash"]},{"damage_healed":0.0,"max_hp_gain":0.0,"max_hp_loss":0.0,"gold_gain":0.0,"event_name":"Accursed Blacksmith","player_choice":"Rummage","floor":4.0,"gold_loss":0.0,"damage_taken":0.0,"relics_obtained":["WarpedTongs"],"cards_obtained":["Pain"]},{"damage_healed":0,"gold_gain":0,"player_choice":"Got Potions","damage_taken":0,"max_hp_gain":0,"max_hp_loss":0,"event_name":"Lab","floor":12,"gold_loss":0},{"damage_healed":0,"gold_gain":0,"player_choice":"Fought Bandits","damage_taken":0,"max_hp_gain":0,"max_hp_loss":0,"event_name":"Masked Bandits","floor":22,"gold_loss":0}],"is_beta":false,"boss_relics":[{"not_picked":["Tiny House","Coffee Dripper"],"picked":"Empty Cage"}],"items_purged_floors":[],"is_endless":false,"potions_floor_spawned":[1,2,11,16,19],"killed_by":"Masked Bandits","ascension_level":20}}