{"host":"5m2js577gj4e7pak","time":1610298615,"event":{"mods":["AchievementEnabler","BaseMod","Better Match","BetterRewards","Colored Map","Colored Powertips","Googly Eyes","Highlight Path","Lobotomy","LobotomyExtend","Minty Spire (QoL Compilation)","Quick Restart","Relic Filter","StSLib"],"gold_per_floor":[118,138,151,151,426,426,445,457,457,469,434,152,152,179,179,279,279,291,291,309,309,309,309,340,340,421,421,421,440,440,467,467,572,572,586,635,605,617,160,160,186,186,186,186,186],"floor_reached":44,"playtime":1378,"items_purged":[],"score":522,"play_id":"2cdfc6ae-08e8-45d6-838c-9207ed1a3601","local_time":"20210110181015","is_ascension_mode":true,"campfire_choices":[{"floor":15,"key":"REST"}],"circlet_count":0,"master_deck":["SpecialBullet","SpecialBullet","SpecialBullet","SpecialBullet","SpecialBullet","SpecialBullet","SpecialBullet","SpecialBullet","InformationCode","SecurityCode","TrainingCode","Horn","LaLuna","Noise","Horn","Logging","FeatherOfHonor","SomewhereSpear","WristCuter","Penitence","Justitia","GreenStem","Soda","Horn","Beak","ParadiseLost","QueenOfHatred","Tough","RapturousDream","LittleHelper","ShedSkin","BigBird","Twilight","ControlCode","ShyLook","Beak","Soda+1","Noise","TT2Protocol","Penitence+1"],"relics":["CogitoBucket","NeowsBlessing","LetterFromLob","Gremlin Horn","FleshIdol","Orrery","Ice Cream","Cursed Key","Pantograph","Calipers","Matryoshka","Theresia","Blood Vial","Omamori","SlaversCollar","Girya","Ornamental Fan","ClockworkSouvenir","Juzu Bracelet","Lantern","HornCleat"],"acts_visited":["Exordium","TheCity","TheBeyond"],"potions_floor_usage":[14,16,24,24,41,41,41],"damage_taken":[{"damage":0,"enemies":"Small Slimes","floor":1,"turns":1},{"damage":0,"enemies":"2 Louse","floor":2,"turns":1},{"damage":0,"enemies":"Cultist","floor":3,"turns":1},{"damage":32,"enemies":"Exordium Thugs","floor":7,"turns":4},{"damage":15,"enemies":"2 Fungi Beasts","floor":8,"turns":3},{"damage":45,"enemies":"Large Slime","floor":10,"turns":5},{"damage":38,"enemies":"Gremlin Nob","floor":14,"turns":4},{"damage":38,"enemies":"Slime Boss","floor":16,"turns":7},{"damage":16,"enemies":"Chosen","floor":18,"turns":3},{"damage":14,"enemies":"Spheric Guardian","floor":20,"turns":3},{"damage":48,"enemies":"Book of Stabbing","floor":24,"turns":4},{"damage":18,"enemies":"Book of Stabbing","floor":27,"turns":7},{"damage":26,"enemies":"Centurion and Healer","floor":29,"turns":4},{"damage":76,"enemies":"Automaton","floor":33,"turns":10},{"damage":55,"enemies":"3 Shapes","floor":35,"turns":4},{"damage":34,"enemies":"2 Orb Walkers","floor":36,"turns":3},{"damage":13,"enemies":"Orb Walker","floor":38,"turns":3},{"damage":76,"enemies":"Nemesis","floor":41,"turns":5},{"damage":6,"enemies":"Transient","floor":44,"turns":18}],"seed_played":"6377073909698346335","potions_obtained":[{"floor":2,"key":"BlessingOfTheForge"},{"floor":10,"key":"SneckoOil"},{"floor":16,"key":"AttackPotion"},{"floor":20,"key":"SkillPotion"},{"floor":36,"key":"Explosive Potion"},{"floor":37,"key":"ColorlessPotion"},{"floor":37,"key":"AttackPotion"}],"is_trial":false,"path_per_floor":["M","M","M","?","?","R","M","M","T","M","?","$","R","E","R","B",null,"M","?","M","?","?","R","E","R","T","?","?","M","R","T","R","B",null,"M","?","?","M","$","R","E","R","T","M"],"character_chosen":"Angela","items_purchased":["SomewhereSpear","Orrery","Soda","Horn","Ornamental Fan","ClockworkSouvenir","Noise"],"campfire_rested":1,"item_purchase_floors":[12,12,12,12,39,39,39],"current_hp_per_floor":[70,70,70,70,70,70,56,59,59,32,49,49,49,29,50,41,70,70,70,70,70,70,70,41,41,41,70,70,70,70,70,70,73,74,45,43,43,59,59,59,33,33,33,78,78],"gold":186,"neow_bonus":"THREE_ENEMY_KILL","is_daily":false,"chose_seed":false,"campfire_upgraded":0,"win_rate":0.0,"timestamp":1610298615,"path_taken":["M","M","M","?","?","R","?","M","T","M","?","$","R","E","R","BOSS","M","?","M","?","?","R","E","R","T","?","?","M","R","?","R","BOSS","M","?","?","M","$","R","E","R","T","M"],"items_purchased_type":["Card","Relic","Card","Card","Relic","Relic","Card"],"build_version":"2020-12-22","purchased_purges":0,"victory":false,"max_hp_per_floor":[70,70,70,70,70,70,70,70,70,70,70,70,70,70,70,70,70,70,70,70,70,70,70,70,70,70,70,70,70,70,70,70,74,74,74,78,78,78,78,78,78,78,78,78,78],"card_choices":[{"not_picked":["FourthMatchFlame"],"picked":"Horn","floor":1},{"not_picked":["UniverseFragment","OldLady"],"picked":"LaLuna","floor":2},{"not_picked":["WristCuter"],"picked":"Noise","floor":2},{"not_picked":["CUTE"],"picked":"Horn","floor":3},{"not_picked":["Hornet"],"picked":"Logging","floor":7},{"not_picked":["Moonlight"],"picked":"FeatherOfHonor","floor":8},{"not_picked":["SwordSharpenedByTears","Moonlight"],"picked":"SKIP","floor":10},{"not_picked":["Lantern"],"picked":"WristCuter","floor":12},{"not_picked":["SomewhereSpear"],"picked":"Penitence","floor":12},{"not_picked":["Reverberation"],"picked":"Justitia","floor":12},{"not_picked":["RedEyes"],"picked":"GreenStem","floor":12},{"not_picked":["Pleasure"],"picked":"Beak","floor":14},{"not_picked":["Twilight"],"picked":"ParadiseLost","floor":16},{"not_picked":["Regret_ego","CherryBlossom"],"picked":"SKIP","floor":18},{"not_picked":["MHz","Yin"],"picked":"QueenOfHatred","floor":20},{"not_picked":["CUTE+1"],"picked":"Tough","floor":20},{"not_picked":["FourthMatchFlame"],"picked":"RapturousDream","floor":24},{"not_picked":["Yin","LittlePrince"],"picked":"LittleHelper","floor":29},{"not_picked":["CrimsonScar"],"picked":"ShedSkin","floor":29},{"not_picked":["NakedNest","BlackSwan"],"picked":"BigBird","floor":33},{"not_picked":["Pinks"],"picked":"Twilight","floor":33},{"not_picked":["Reverberation+1","Regret_ego+1"],"picked":"SKIP","floor":35},{"not_picked":["BigBadWolf","CherryBlossoms"],"picked":"ShyLook","floor":36},{"not_picked":["FourthMatchFlame"],"picked":"Beak","floor":36},{"not_picked":["Penitence"],"picked":"Soda+1","floor":38},{"not_picked":["Galaxy+1"],"picked":"Penitence+1","floor":41}],"player_experience":41823,"relics_obtained":[{"floor":1,"key":"LetterFromLob"},{"floor":9,"key":"Gremlin Horn"},{"floor":14,"key":"Ice Cream"},{"floor":24,"key":"Calipers"},{"floor":26,"key":"Matryoshka"},{"floor":31,"key":"Blood Vial"},{"floor":31,"key":"Omamori"},{"floor":36,"key":"Girya"},{"floor":41,"key":"Juzu Bracelet"},{"floor":43,"key":"Lantern"},{"floor":43,"key":"HornCleat"}],"event_choices":[{"damage_healed":0,"gold_gain":0,"player_choice":"Ignored","damage_taken":0,"max_hp_gain":0,"max_hp_loss":0,"event_name":"Golden Wing","floor":4,"gold_loss":0},{"damage_healed":0,"gold_gain":275,"player_choice":"Desecrate","damage_taken":0,"max_hp_gain":0,"max_hp_loss":0,"event_name":"Golden Shrine","floor":5,"gold_loss":0,"cards_obtained":["Regret"]},{"damage_healed":17,"gold_gain":0,"player_choice":"Healed","damage_taken":0,"max_hp_gain":0,"max_hp_loss":0,"event_name":"The Cleric","floor":11,"gold_loss":35},{"damage_healed":0,"gold_gain":0,"player_choice":"Stole Relic","damage_taken":0,"relics_obtained":["Pantograph"],"max_hp_gain":0,"max_hp_loss":0,"event_name":"Addict","floor":19,"gold_loss":0,"cards_obtained":["Shame"]},{"damage_healed":0,"gold_gain":0,"player_choice":"Ignored","damage_taken":0,"max_hp_gain":0,"max_hp_loss":0,"event_name":"Vampires","floor":21,"gold_loss":0},{"damage_healed":0,"gold_gain":0,"player_choice":"Ignored","damage_taken":0,"max_hp_gain":0,"max_hp_loss":0,"event_name":"Ghosts","floor":28,"gold_loss":0},{"damage_healed":0,"gold_gain":0,"player_choice":"Fight","damage_taken":0,"max_hp_gain":0,"max_hp_loss":0,"event_name":"Mysterious Sphere","floor":36,"gold_loss":0},{"damage_healed":0,"gold_gain":0,"player_choice":"Bought 2 Potions","damage_taken":0,"max_hp_gain":0,"max_hp_loss":0,"event_name":"The Woman in Blue","floor":37,"gold_loss":0}],"is_beta":false,"boss_relics":[{"not_picked":["Busted Crown","Sozu"],"picked":"Cursed Key"},{"not_picked":["Snecko Eye","SacredBark"],"picked":"SlaversCollar"}],"items_purged_floors":[],"is_endless":false,"potions_floor_spawned":[2,10,16,20,36],"killed_by":"Transient","ascension_level":2}}