{"host":"sc0o2qwpf9j16a4i","time":1610272668,"event":{"mods":["AchievementEnabler","BaseMod","BetterRewards","Block Reminder","Colored Map","Colored Powertips","Custom Start","Highlight Path","Minty Spire (QoL Compilation)","Relic Stats"],"gold_per_floor":[109,119,119,132,282,282,282,282,282],"floor_reached":8,"playtime":188,"items_purged":[],"score":92,"play_id":"9f7cef30-36cd-4f2a-8767-bb9b5f591316","local_time":"20210110115748","is_ascension_mode":true,"campfire_choices":[{"data":"True Grit","floor":6,"key":"SMITH"}],"circlet_count":0,"master_deck":["AscendersBane","Strike_R","Strike_R","Strike_R","Strike_R","Strike_R","Defend_R","Defend_R","Defend_R","Defend_R","Bash","Rampage+1","True Grit+1","Shockwave","Metallicize","Doubt"],"relics":["Burning Blood","Molten Egg 2","Bag of Preparation","Golden Idol"],"acts_visited":["Exordium"],"potions_floor_usage":[8],"damage_taken":[{"damage":0,"enemies":"Cultist","floor":1,"turns":3},{"damage":3,"enemies":"Small Slimes","floor":2,"turns":3},{"damage":2,"enemies":"Jaw Worm","floor":4,"turns":4},{"damage":43,"enemies":"3 Sentries","floor":8,"turns":9}],"seed_played":"4259547276448884277","potions_obtained":[{"floor":2,"key":"DistilledChaos"}],"is_trial":false,"path_per_floor":["M","M","?","M","?","R","?","E"],"character_chosen":"IRONCLAD","items_purchased":["Molten Egg 2","Bag of Preparation","Rampage+1"],"campfire_rested":0,"item_purchase_floors":[0,0,0],"current_hp_per_floor":[53,56,61,65,65,65,37,0,0],"gold":282,"neow_bonus":"","is_daily":false,"chose_seed":false,"campfire_upgraded":1,"win_rate":0.0,"timestamp":1610272668,"path_taken":["M","M","?","M","?","R","?","E"],"items_purchased_type":["Relic","Relic","Card"],"build_version":"2020-12-22","purchased_purges":0,"victory":false,"max_hp_per_floor":[75,75,80,80,80,80,80,80,80],"relic_stats":{"counters":[71,329],"Golden Idol":122,"Bag of Preparation":[8],"obtain_stats":[{"Regal Pillow":12,"Vajra":9,"Mango":11,"Bag of Preparation":6,"Sling":14,"Smiling Mask":24,"Empty Cage":34,"Burning Blood":0,"Sozu":17,"Nunchaku":9,"Dream Catcher":8,"Centennial Puzzle":9,"Mummified Hand":46,"Strawberry":12,"Toolbox":42,"MealTicket":7,"Tiny Chest":0,"InkBottle":9,"Golden Idol":2,"Dead Branch":0,"Eternal Feather":47,"PreservedInsect":11,"Omamori":0,"Frozen Egg 2":9,"Orichalcum":22,"Medical Kit":47,"Akabeko":7,"White Beast Statue":0,"Mercury Hourglass":26,"OrangePellets":0,"CaptainsWheel":37,"Anchor":28,"Snecko Eye":17,"Molten Egg 2":0,"Mark of Pain":17,"Black Star":17,"Art of War":19,"Bag of Marbles":42,"StrikeDummy":29,"TungstenRod":20},{"Regal Pillow":61,"Vajra":60,"Mango":19,"Bag of Preparation":17,"Sling":7,"Smiling Mask":23,"Empty Cage":26,"Burning Blood":0,"Sozu":53,"Nunchaku":5,"Dream Catcher":18,"Centennial Puzzle":48,"Mummified Hand":32,"Strawberry":50,"Toolbox":30,"MealTicket":4,"Tiny Chest":43,"InkBottle":38,"Golden Idol":44,"Dead Branch":33,"Eternal Feather":32,"PreservedInsect":6,"Omamori":33,"Frozen Egg 2":18,"Orichalcum":22,"Medical Kit":32,"Akabeko":47,"White Beast Statue":58,"Mercury Hourglass":23,"OrangePellets":33,"CaptainsWheel":28,"Anchor":57,"Snecko Eye":21,"Molten Egg 2":67,"Mark of Pain":63,"Black Star":8,"Art of War":9,"Bag of Marbles":30,"StrikeDummy":24,"TungstenRod":55},{"Regal Pillow":286,"Vajra":282,"Mango":83,"Bag of Preparation":71,"Sling":29,"Smiling Mask":106,"Empty Cage":124,"Burning Blood":0,"Sozu":251,"Nunchaku":23,"Dream Catcher":77,"Centennial Puzzle":226,"Mummified Hand":151,"Strawberry":233,"Toolbox":140,"MealTicket":18,"Tiny Chest":207,"InkBottle":178,"Golden Idol":211,"Dead Branch":155,"Eternal Feather":151,"PreservedInsect":27,"Omamori":155,"Frozen Egg 2":77,"Orichalcum":101,"Medical Kit":151,"Akabeko":222,"White Beast Statue":275,"Mercury Hourglass":106,"OrangePellets":155,"CaptainsWheel":131,"Anchor":271,"Snecko Eye":98,"Molten Egg 2":310,"Mark of Pain":294,"Black Star":36,"Art of War":40,"Bag of Marbles":140,"StrikeDummy":111,"TungstenRod":260}],"Burning Blood":390},"card_choices":[{"not_picked":["Rage","Armaments"],"picked":"True Grit","floor":1},{"not_picked":["Iron Wave+1","Metallicize"],"picked":"Shockwave","floor":2},{"not_picked":["Power Through","Hemokinesis+1"],"picked":"Metallicize","floor":4}],"player_experience":578826,"relics_obtained":[],"event_choices":[{"damage_healed":0,"gold_gain":0,"player_choice":"Donut","damage_taken":0,"max_hp_gain":5,"max_hp_loss":0,"event_name":"Big Fish","floor":3,"gold_loss":0},{"damage_healed":0,"gold_gain":150,"player_choice":"AGREE","damage_taken":0,"max_hp_gain":0,"max_hp_loss":0,"event_name":"Liars Game","floor":5,"gold_loss":0,"cards_obtained":["Doubt"]},{"damage_healed":0,"gold_gain":0,"player_choice":"Take Damage","damage_taken":28,"relics_obtained":["Golden Idol"],"max_hp_gain":0,"max_hp_loss":0,"event_name":"Golden Idol","floor":7,"gold_loss":0}],"is_beta":false,"boss_relics":[],"items_purged_floors":[],"is_endless":false,"potions_floor_spawned":[2],"killed_by":"3 Sentries","ascension_level":20}}