{"host":"bplbr8uekuotory4","time":1610286127,"event":{"mods":["Act Like it!","BaseMod","Custom Start","Gensokyo","GungeonMod","Hermit","KinomotoSakuraMod(木之本樱)","Koishi","Marisa（F雨　魔理沙）","Minty Spire (QoL Compilation)","Prisma Mod","Quick Restart","Reimu（博丽灵梦）","SOS（斯巴达之子）","Spicy Shops","StSLib","TestMod","The Alterego","The Blackbeard","The Cursed","The Marked","The Mystic","The Runesmith","The Saiyan","The Servant 0.9.4","Yuri Mod","[IsaacMod]以撒尖塔","vexMod"],"gold_per_floor":[119,519,519,519,539,567,587,587,587,617,317,333,363,363,363,466,466,476,488,538,538,8,8,21,41,67,67,67,92,106,106,106,210,210,220,220,71,71,2,27,42,57,57,73,73,73],"floor_reached":44,"playtime":1204,"items_purged":["blackbeard:BlackbeardStrike","blackbeard:BlackbeardDefend","blackbeard:SwordDance","blackbeard:BlackbeardDefend","blackbeard:BlackbeardStrike"],"score":799,"play_id":"be487ee4-8423-40b7-8619-beee82b8603a","local_time":"20210110214207","is_ascension_mode":false,"campfire_choices":[{"data":"blackbeard:Cutlass","floor":8.0,"key":"SMITH"},{"data":"blackbeard:TheDrunkenSailor","floor":15,"key":"SMITH"},{"data":"blackbeard:GoldenRain","floor":23,"key":"SMITH"},{"data":"blackbeard:BeatUp","floor":32,"key":"SMITH"}],"circlet_count":0,"master_deck":["blackbeard:IntimidatingStrike","blackbeard:Cutlass+1","blackbeard:BeatUp+1","blackbeard:PirateEarring","blackbeard:GoldenDefense","blackbeard:TheDrunkenSailor+1","blackbeard:GoldenRain+1","blackbeard:WiseDefense+1","blackbeard:HumongousCannonball","blackbeard:CaptainsCabin+1","blackbeard:FinalBarrage","blackbeard:CloakAndCannonball+1","blackbeard:GoldenCannonball+1"],"relics":["blackbeard:LoadTheCannons","HushsDoor","testmod-SaigiyounoYou","NeowsBlessing","Bag of Marbles","Strawberry","Dream Catcher","DemoMod:GreenGuonStone","DemoMod:GlassGuonStoneRelic","Bronze Scales","Dead Branch","testmod-AssaultLearning","testmod-Antiphasic","blackbeard:GoldenRing","MealTicket","Pantograph","Centennial Puzzle","DemoMod:WaxWing","BelialBook","Ornamental Fan","testmod-TurbochargingSystem","Sundial","Oddly Smooth Stone","Anchor","Mastiff:ReiMu","Orichalcum","blackbeard:Spearhead","Nunchaku","blackbeard:Penknife","blackbeard:CannonballsOfSteel","Bottled Flame","Runesmith:UraniumAnvil","GuppysTail","GuppysCollar","Molten Egg 2","blackbeard:HipFlask","StrikeDummy","vexMod:BarristanHead","Tea:ReiMu","BloodDonationMachine","StoneCalendar"],"acts_visited":["Exordium","TheCity","TheBeyond"],"potions_floor_usage":[13,16,16,20,33],"damage_taken":[{"damage":0.0,"enemies":"Small Slimes","floor":1.0,"turns":1.0},{"damage":0.0,"enemies":"Cultist","floor":5.0,"turns":1.0},{"damage":0.0,"enemies":"3 Sentries","floor":6.0,"turns":1.0},{"damage":9.0,"enemies":"Jaw Worm","floor":7.0,"turns":2.0},{"damage":0.0,"enemies":"Gremlin Nob","floor":10.0,"turns":1.0},{"damage":0.0,"enemies":"2 Fungi Beasts","floor":12.0,"turns":2.0},{"damage":0,"enemies":"3 Sentries","floor":13,"turns":2},{"damage":0,"enemies":"The Guardian","floor":16,"turns":5},{"damage":0,"enemies":"Chosen","floor":18,"turns":3},{"damage":0,"enemies":"3 Byrds","floor":19,"turns":3},{"damage":0,"enemies":"Hiden Room Battle","floor":20,"turns":4},{"damage":0,"enemies":"Cultist and Chosen","floor":24,"turns":3},{"damage":0,"enemies":"Centurion and Healer","floor":25,"turns":3},{"damage":0,"enemies":"Slavers","floor":29,"turns":1},{"damage":0,"enemies":"Chosen and Byrds","floor":30,"turns":2},{"damage":0,"enemies":"Champ","floor":33,"turns":2},{"damage":0,"enemies":"3 Shapes","floor":35,"turns":1},{"damage":0,"enemies":"Giant Head","floor":40,"turns":4},{"damage":0,"enemies":"3 Darklings","floor":41,"turns":2},{"damage":0,"enemies":"Maw","floor":42,"turns":3}],"seed_played":"1538031068391510474","potions_obtained":[{"floor":12.0,"key":"BlessingOfTheForge"},{"floor":13,"key":"PowerPotion"},{"floor":16,"key":"FearPotion"},{"floor":19,"key":"Strength Potion"},{"floor":24,"key":"Dexterity Potion"},{"floor":36,"key":"EssenceOfSteel"}],"is_trial":false,"path_per_floor":["M","?","?","?","M","E","M","R","T","E","$","M","E","?","R","B",null,"M","M","?","?","$","R","M","M","T","?","?","E","M","?","R","B",null,"M","?","$","?","$","E","M","M","T","$"],"character_chosen":"BLACKBEARD_CLASS","items_purchased":["blackbeard:GoldenRing","ColorlessPotion","BelialBook","Mastiff:ReiMu","Orichalcum","GuppysTail","GuppysCollar","blackbeard:HipFlask","blackbeard:GoldenCannonball+1"],"campfire_rested":0,"item_purchase_floors":[11,11,17,22,22,34,34,37,39],"current_hp_per_floor":[75,75,60,60,68,71,68,68,68,70,70,78,82,87,87,87,72,72,72,69,69,72,72,72,72,72,72,72,72,72,72,72,72,42,42,42,42,40,40,40,40,40,40,0,0,0],"gold":73,"neow_bonus":"THREE_ENEMY_KILL","is_daily":false,"chose_seed":false,"campfire_upgraded":4,"win_rate":0.0,"timestamp":1610286127,"path_taken":["M","?","?","?","M","E","?","R","T","E","$","M","E","?","R","BOSS","M","?","?","?","$","R","M","M","T","?","?","E","M","?","R","BOSS","M","?","$","?","?","E","M","M","T","$"],"items_purchased_type":["Relic","Potion","Relic","Relic","Relic","Relic","Relic","Relic","Card"],"build_version":"2020-12-22","purchased_purges":5,"victory":false,"max_hp_per_floor":[75,75,75,75,82,82,82,82,82,82,82,82,82,87,87,87,72,72,72,72,72,72,72,72,72,72,72,72,72,72,72,72,72,42,42,42,42,40,40,40,40,40,40,40,40,40],"card_choices":[{"not_picked":[],"picked":"ChaosCard","floor":0.0},{"not_picked":["blackbeard:Scrap","blackbeard:BlindAttacks"],"picked":"blackbeard:BeatUp","floor":1.0},{"not_picked":["blackbeard:DangerousBlow","blackbeard:Sword"],"picked":"blackbeard:PirateEarring","floor":5.0},{"not_picked":["blackbeard:RearmingStrike","blackbeard:Fencing","blackbeard:Murder"],"picked":"SKIP","floor":6.0},{"not_picked":["blackbeard:DangerousBlow","blackbeard:PiratesWill"],"picked":"blackbeard:GoldenDefense","floor":7.0},{"not_picked":["blackbeard:Shrapnel","blackbeard:PiratesWill","blackbeard:Sword"],"picked":"SKIP","floor":10.0},{"not_picked":["blackbeard:BeatUp","blackbeard:Rum"],"picked":"Bomb","floor":12.0},{"not_picked":["blackbeard:SmithingHammer","blackbeard:FieryDefense"],"picked":"blackbeard:TheDrunkenSailor","floor":13},{"not_picked":["blackbeard:ReapersScythe","blackbeard:TheDrunkenSailor"],"picked":"blackbeard:GoldenRain","floor":16},{"not_picked":["blackbeard:Shrapnel+1","blackbeard:RearmingStrike","blackbeard:Sword"],"picked":"SKIP","floor":18},{"not_picked":["blackbeard:GoldenDefense","blackbeard:BoostMorale"],"picked":"blackbeard:WiseDefense+1","floor":19},{"not_picked":["blackbeard:TacticalRetreat+1","blackbeard:Recklessness","blackbeard:GoldenDefense"],"picked":"SKIP","floor":24},{"not_picked":["blackbeard:AgileStrike","blackbeard:DeadlyArsenal+1","blackbeard:Revenge+1"],"picked":"SKIP","floor":25},{"not_picked":["blackbeard:GoldenDefense","blackbeard:ArmorUp+1"],"picked":"blackbeard:CaptainsCabin+1","floor":29},{"not_picked":["blackbeard:TacticalRetreat","blackbeard:PirateHook","blackbeard:CloakAndCannonball+1"],"picked":"SKIP","floor":30},{"not_picked":["blackbeard:WeaponMastery","blackbeard:GoldenGuillotine"],"picked":"blackbeard:FinalBarrage","floor":33},{"not_picked":["blackbeard:Shrapnel+1","blackbeard:BlindAttacks+1"],"picked":"blackbeard:CloakAndCannonball+1","floor":35},{"not_picked":["blackbeard:TacticalRetreat+1","blackbeard:PowderKeg+1","blackbeard:GoldenDefense+1"],"picked":"SKIP","floor":40},{"not_picked":["blackbeard:GoldenRain+1","blackbeard:GoldenDefense","blackbeard:Fencing+1"],"picked":"SKIP","floor":41},{"not_picked":["blackbeard:BlindAttacks+1","blackbeard:GoldenDefense","blackbeard:Revenge+1"],"picked":"SKIP","floor":42}],"player_experience":1180463,"relics_obtained":[{"floor":1.0,"key":"Bag of Marbles"},{"floor":5.0,"key":"Strawberry"},{"floor":6.0,"key":"Dream Catcher"},{"floor":6.0,"key":"DemoMod:GreenGuonStone"},{"floor":7.0,"key":"Bronze Scales"},{"floor":9.0,"key":"Dead Branch"},{"floor":10.0,"key":"testmod-AssaultLearning"},{"floor":10.0,"key":"testmod-Antiphasic"},{"floor":12.0,"key":"MealTicket"},{"floor":13,"key":"Pantograph"},{"floor":13,"key":"Centennial Puzzle"},{"floor":18,"key":"Ornamental Fan"},{"floor":19,"key":"testmod-TurbochargingSystem"},{"floor":20,"key":"Sundial"},{"floor":20,"key":"Oddly Smooth Stone"},{"floor":20,"key":"Anchor"},{"floor":24,"key":"blackbeard:Spearhead"},{"floor":25,"key":"Nunchaku"},{"floor":29,"key":"blackbeard:Penknife"},{"floor":29,"key":"blackbeard:CannonballsOfSteel"},{"floor":30,"key":"Bottled Flame"},{"floor":35,"key":"Molten Egg 2"},{"floor":40,"key":"StrikeDummy"},{"floor":40,"key":"vexMod:BarristanHead"},{"floor":41,"key":"Tea:ReiMu"},{"floor":42,"key":"BloodDonationMachine"},{"floor":43,"key":"StoneCalendar"}],"event_choices":[{"damage_healed":0.0,"max_hp_gain":0.0,"max_hp_loss":0.0,"gold_gain":400.0,"event_name":"恩洛斯的盘子","player_choice":"Sell","floor":2.0,"relics_lost":["testmod-TestBox"],"gold_loss":0.0,"damage_taken":0.0},{"cards_removed":["blackbeard:BlackbeardStrike"],"damage_healed":0.0,"max_hp_gain":0.0,"max_hp_loss":0.0,"gold_gain":0.0,"event_name":"Living Wall","player_choice":"Forget","floor":4.0,"gold_loss":0.0,"damage_taken":0.0},{"damage_healed":0,"gold_gain":0,"player_choice":"Donut","damage_taken":0,"max_hp_gain":5,"max_hp_loss":0,"event_name":"Big Fish","floor":14,"gold_loss":0},{"damage_healed":0,"gold_gain":0,"player_choice":"Fight","damage_taken":0,"max_hp_gain":0,"max_hp_loss":0,"event_name":"HidenRoomEvent","floor":20,"gold_loss":0},{"damage_healed":0,"gold_gain":0,"cards_transformed":["blackbeard:BlackbeardDefend","blackbeard:BlackbeardStrike"],"player_choice":"Became Test Subject","damage_taken":0,"max_hp_gain":0,"max_hp_loss":0,"event_name":"Drug Dealer","floor":21,"gold_loss":0,"cards_obtained":["blackbeard:HumongousCannonball","blackbeard:SwordDance"]},{"cards_removed":["blackbeard:BlackbeardDefend"],"damage_healed":0,"gold_gain":0,"player_choice":"Offered Basic","damage_taken":0,"max_hp_gain":0,"max_hp_loss":0,"event_name":"Bonfire Elementals","floor":27,"gold_loss":0},{"damage_healed":0,"gold_gain":0,"player_choice":"Bought 0 Potions","damage_taken":0,"max_hp_gain":0,"max_hp_loss":0,"event_name":"The Woman in Blue","floor":28,"gold_loss":0},{"damage_healed":0,"gold_gain":0,"player_choice":"Got Potions","damage_taken":0,"max_hp_gain":0,"max_hp_loss":0,"event_name":"Lab","floor":36,"gold_loss":0},{"damage_healed":0,"gold_gain":0,"player_choice":"Max HP","damage_taken":0,"max_hp_gain":0,"max_hp_loss":2,"event_name":"Winding Halls","floor":38,"gold_loss":0}],"is_beta":false,"boss_relics":[{"not_picked":["Tiny House","Coffee Dripper"],"picked":"DemoMod:WaxWing"},{"not_picked":[]},{"not_picked":["Snecko Eye","testmod-EnergyCheck"],"picked":"Runesmith:UraniumAnvil"},{"not_picked":[]}],"items_purged_floors":[11,17,22,22,34],"is_endless":false,"potions_floor_spawned":[12,13,16,19,24,30,41,42],"ascension_level":0}}