{"host":"hspm0s97xpvpwopl","time":1610320351,"event":{"mods":["BaseMod","Better Third Choice","Colored Map","Colored Powertips","Curses Come First","Downfall","Hermit","Minty Spire (QoL Compilation)","Relic Stats","Robot Space Explorer","Shop Mod","Spicy Shops","StSLib","The Cursed","The Runesmith"],"gold_per_floor":[113,113,124,139,139,169,169,169,169,169,185,239,253,253,253,253,253],"floor_reached":16,"playtime":693,"items_purged":[],"score":100,"play_id":"993677d0-a3fd-4ba7-b82f-722e4fc5b2fd","local_time":"20210110171231","is_ascension_mode":false,"campfire_choices":[{"floor":8,"key":"REST"},{"data":"hermit:BlackWind","floor":10,"key":"SMITH"},{"data":"hermit:GoldenBullet","floor":15,"key":"SMITH"}],"circlet_count":0,"master_deck":["hermit:Strike_Hermit","hermit:Strike_Hermit","hermit:Strike_Hermit","hermit:Strike_Hermit","hermit:Defend_Hermit","hermit:Defend_Hermit","hermit:Defend_Hermit","hermit:Defend_Hermit","hermit:Snapshot","hermit:Covet","hermit:GoldenBullet+1","hermit:WideOpen","hermit:DeadMansHand","hermit:BlackWind+1","hermit:Cheat","hermit:Determination"],"relics":["hermit:Momento","MealTicket","Mummified Hand","Letter Opener","Matryoshka"],"acts_visited":["Exordium"],"potions_floor_usage":[],"damage_taken":[{"damage":4,"enemies":"Jaw Worm","floor":1,"turns":4},{"damage":10,"enemies":"Small Slimes","floor":3,"turns":3},{"damage":2,"enemies":"2 Louse","floor":4,"turns":2},{"damage":22,"enemies":"3 Sentries","floor":6,"turns":7},{"damage":5,"enemies":"Looter","floor":11,"turns":2},{"damage":1,"enemies":"2 Fungi Beasts","floor":13,"turns":2},{"damage":68,"enemies":"Hexaghost","floor":16,"turns":9}],"seed_played":"-2192994850687756810","potions_obtained":[{"floor":13,"key":"Dexterity Potion"}],"is_trial":false,"path_per_floor":["M","?","M","M","$","E","?","R","T","R","M","?","M","T","R","B"],"character_chosen":"HERMIT","items_purchased":[],"campfire_rested":1,"item_purchase_floors":[],"current_hp_per_floor":[71,71,61,59,74,52,52,74,74,74,69,69,68,68,68,0,0],"gold":253,"neow_bonus":"RANDOM_COMMON_RELIC","is_daily":false,"chose_seed":false,"campfire_upgraded":2,"win_rate":0.0,"timestamp":1610320351,"path_taken":["M","?","M","M","$","E","?","R","T","R","M","?","M","?","R","BOSS"],"items_purchased_type":[],"build_version":"2020-12-22","purchased_purges":0,"victory":false,"max_hp_per_floor":[75,75,75,75,75,75,75,75,75,75,75,75,75,75,75,75,75],"relic_stats":{"counters":[7,29],"Mummified Hand":[1],"MealTicket":15,"Letter Opener":[10],"obtain_stats":[{"Matryoshka":14,"Mummified Hand":6,"MealTicket":0,"Letter Opener":9,"hermit:Momento":0},{"Matryoshka":6,"Mummified Hand":4,"MealTicket":0,"Letter Opener":4,"hermit:Momento":0},{"Matryoshka":20,"Mummified Hand":16,"MealTicket":0,"Letter Opener":16,"hermit:Momento":0}]},"card_choices":[{"not_picked":["hermit:Misfire","hermit:SprayPray"],"picked":"hermit:GoldenBullet","floor":1},{"not_picked":["hermit:Coalescence","hermit:Vantage"],"picked":"hermit:WideOpen","floor":3},{"not_picked":["hermit:Grudge","hermit:FullyLoaded"],"picked":"hermit:DeadMansHand","floor":4},{"not_picked":["hermit:Snipe","hermit:SprayPray"],"picked":"hermit:BlackWind","floor":6},{"not_picked":["hermit:Dive","hermit:Roulette"],"picked":"hermit:Cheat","floor":11},{"not_picked":["hermit:LowProfile","hermit:ItchyTrigger"],"picked":"hermit:Determination","floor":13}],"player_experience":281476,"relics_obtained":[{"floor":6,"key":"Mummified Hand"},{"floor":9,"key":"Letter Opener"},{"floor":14,"key":"Matryoshka"}],"event_choices":[{"damage_healed":0,"gold_gain":0,"player_choice":"Leave","damage_taken":0,"max_hp_gain":0,"max_hp_loss":0,"event_name":"The Cleric","floor":2,"gold_loss":0},{"damage_healed":52,"gold_gain":0,"player_choice":"Leave","damage_taken":0,"max_hp_gain":0,"max_hp_loss":75,"event_name":"betterThird:BetterShining","floor":7,"gold_loss":0},{"damage_healed":0,"gold_gain":54,"player_choice":"Gained Gold","damage_taken":0,"max_hp_gain":0,"max_hp_loss":0,"event_name":"Golden Wing","floor":12,"gold_loss":0}],"is_beta":false,"boss_relics":[],"items_purged_floors":[],"is_endless":false,"potions_floor_spawned":[13],"killed_by":"Hexaghost","ascension_level":0}}