{"host":"konjmgczbcns2r3g","time":1610304720,"event":{"mods":["AchievementEnabler","BaseMod","Colored Powertips","Hermit","Infinite Spire","Koishi","Marisa????????","Minty Spire (QoL Compilation)","Replay The Spire","StSLib","The Cursed","The Necromancer","The Servant 0.9.4"],"gold_per_floor":[112,112,132,147,47,63,76,76,76,76,106,125,141,151,151,249,249,267,267,287,69,69,69,86,117,117,127,127,127,127,145,145,256,256,284,321,67,67,91,91,111,138,161,184,214,214,214,214,214],"floor_reached":50,"playtime":3599,"items_purged":[],"score":918,"play_id":"760b6686-8ce2-4476-bb15-71c9b9c27218","local_time":"20210110135200","is_ascension_mode":false,"campfire_choices":[{"floor":10,"key":"REST"},{"data":"Koishi:JumpScare","floor":15,"key":"SMITH"},{"floor":23,"key":"DIG"},{"floor":28,"key":"REST"},{"floor":30,"key":"DIG"},{"floor":40,"key":"DIG"},{"floor":46,"key":"DIG"}],"circlet_count":0,"master_deck":["Koishi:BasicStrike+1","Koishi:BasicStrike+1","Koishi:BasicStrike+1","Koishi:BasicStrike+1","Koishi:BasicDefend+1","Koishi:BasicDefend+1","Koishi:BasicDefend+1","Koishi:BasicDefend+1","Koishi:Provoke","Koishi:HauntingSlash","Koishi:JumpScare+1","Koishi:DreadfulBlow","Koishi:SubconsciousSweep","Koishi:SpiritedAway","Koishi:DreadfulBlow","Koishi:PhantomStrike","Koishi:Jaunt","Koishi:MindNumbingTerror","Koishi:MindNumbingTerror","Koishi:ParalyzingFear","Koishi:JumpScare+1","Koishi:TerrifyingSpectre","Koishi:StingingMind","Koishi:Whimsy+1","Koishi:UnconsciousUrges","Koishi:Whimsy","Koishi:VengefulSpirit","Koishi:DNAsFlaw+1","Koishi:JumpScare+1","Koishi:BloodcurdlingScream","Koishi:SilentAndRestless","CurseOfTheBell","Koishi:CatchAndRose+1","Koishi:BramblyRoseGarden","Koishi:LastRemote","Koishi:Prune+1","Koishi:SpiritedAway","Koishi:SpiritedAway+1","infinitespire:Gouge"],"relics":["Koishi:ImaginaryFriend","TungstenRod","Replay:Ringing Soul","SacredBark","Shovel","Lee\u0027s Waffle","Ancient Tea Set","Gremlin Horn","Dream Catcher","Mirror","Matryoshka","infinitespire:EvilPickle","Calling Bell","Lantern","HornCleat","Unceasing Top","infinitespire:BottledMercury","Pet Ghost","War Paint","Pocketwatch","Koishi:AHoleWhereASisterShouldBe","Art of War","Bottled Lightning","infinitespire:Broken Mirror"],"acts_visited":["Exordium","TheCity","TheBeyond"],"potions_floor_usage":[11,12,14,18,20,31,33,36,49],"damage_taken":[{"damage":3,"enemies":"Jaw Worm","floor":1,"turns":5},{"damage":2,"enemies":"Cultist","floor":3,"turns":6},{"damage":0,"enemies":"2 Louse","floor":4,"turns":2},{"damage":20,"enemies":"Lots of Slimes","floor":6,"turns":3},{"damage":7,"enemies":"3 Louse","floor":7,"turns":2},{"damage":26,"enemies":"Gremlin Nob","floor":11,"turns":5},{"damage":4,"enemies":"2 Fungi Beasts","floor":12,"turns":3},{"damage":0,"enemies":"Lots of Slimes","floor":13,"turns":1},{"damage":2,"enemies":"Exordium Wildlife","floor":14,"turns":3},{"damage":37,"enemies":"Hexaghost","floor":16,"turns":10},{"damage":24,"enemies":"Spheric Guardian","floor":18,"turns":4},{"damage":17,"enemies":"3 Byrds","floor":20,"turns":5},{"damage":13,"enemies":"Snake Plant","floor":24,"turns":4},{"damage":80,"enemies":"Gremlin Leader","floor":25,"turns":7},{"damage":11,"enemies":"Centurion and Healer","floor":27,"turns":7},{"damage":20,"enemies":"Snecko","floor":31,"turns":4},{"damage":29,"enemies":"Pondfish","floor":33,"turns":8},{"damage":8,"enemies":"3 Shapes","floor":35,"turns":3},{"damage":9,"enemies":"Orb Walker","floor":36,"turns":4},{"damage":10,"enemies":"4 Shapes","floor":41,"turns":6},{"damage":20,"enemies":"3 Darklings","floor":42,"turns":7},{"damage":31,"enemies":"Jaw Worm Horde","floor":44,"turns":5},{"damage":38,"enemies":"Spire Growth","floor":45,"turns":5},{"damage":43,"enemies":"Donu and Deca","floor":49,"turns":11}],"seed_played":"-8133898690443849811","potions_obtained":[{"floor":3,"key":"BlessingOfTheForge"},{"floor":6,"key":"Swift Potion"},{"floor":7,"key":"Elixir"},{"floor":11,"key":"AttackPotion"},{"floor":13,"key":"DistilledChaos"},{"floor":16,"key":"ColorlessPotion"},{"floor":18,"key":"Fire Potion"},{"floor":27,"key":"Fire Potion"},{"floor":31,"key":"CultistPotion"},{"floor":32,"key":"FairyPotion"},{"floor":32,"key":"SmokeBomb"},{"floor":35,"key":"LiquidBronze"},{"floor":45,"key":"Block Potion"}],"is_trial":false,"path_per_floor":["M","?","M","M","$","M","M","?","T","R","E","M","M","M","R","B",null,"M","?","M","$","?","R","M","E","T","M","R","?","R","M","R","B",null,"M","M","$","?","T","R","M","M","T","M","M","R","AVR","?","B",null],"character_chosen":"KOISHI","items_purchased":["Koishi:SpiritedAway","Koishi:DreadfulBlow","Lee\u0027s Waffle","Koishi:UnconsciousUrges","infinitespire:BottledMercury"],"campfire_rested":2,"item_purchase_floors":[5,5,21,21,37],"current_hp_per_floor":[66,66,66,66,66,52,49,49,49,66,51,59,66,73,73,55,81,63,63,65,97,97,97,98,38,38,42,76,76,76,75,75,54,118,121,124,124,124,124,124,117,116,116,101,84,84,87,87,53],"gold":214,"neow_bonus":"TEN_PERCENT_HP_BONUS","is_daily":false,"chose_seed":false,"campfire_upgraded":1,"win_rate":0.0,"timestamp":1610304720,"path_taken":["M","?","M","M","$","?","M","?","T","R","E","M","M","M","R","BOSS","M","?","?","$","?","R","M","E","T","?","R","?","R","M","R","BOSS","M","M","$","?","?","R","M","M","T","M","M","R","AVR","?","BOSS"],"items_purchased_type":["Card","Card","Relic","Card","Relic"],"build_version":"2020-12-22","purchased_purges":0,"victory":true,"max_hp_per_floor":[66,66,66,66,66,66,66,66,66,66,69,72,75,78,78,81,81,84,84,87,97,97,97,100,103,103,106,109,109,109,112,112,115,118,121,124,124,124,124,124,127,130,130,133,136,136,139,139,139],"card_choices":[{"not_picked":["Koishi:CatchAndRose","Koishi:SubterraneanRose"],"picked":"Koishi:JumpScare","floor":1},{"not_picked":["Koishi:StingingMind","Koishi:Untouchable"],"picked":"Koishi:DreadfulBlow","floor":3},{"not_picked":["Koishi:ReflexRadar","Koishi:FadingMemory"],"picked":"Koishi:SubconsciousSweep","floor":4},{"not_picked":["Koishi:Untouchable","Koishi:JumpScare"],"picked":"Koishi:PhantomStrike","floor":6},{"not_picked":["Koishi:BloodcurdlingScream","Koishi:CatchAndRose"],"picked":"Koishi:Jaunt","floor":7},{"not_picked":["Koishi:IdleWhim","Koishi:UnconsciousUprising"],"picked":"Koishi:MindNumbingTerror","floor":11},{"not_picked":["Koishi:IdleWhim","Koishi:UnconsciousUprising"],"picked":"Koishi:MindNumbingTerror","floor":12},{"not_picked":["Koishi:MindStellarRelief","Koishi:SubconsciousSweep"],"picked":"Koishi:ParalyzingFear","floor":13},{"not_picked":["Koishi:SpiritedAway","Koishi:Whimsy"],"picked":"Koishi:JumpScare","floor":14},{"not_picked":["Koishi:FadingMemory","Koishi:Heartbroken"],"picked":"Koishi:TerrifyingSpectre","floor":16},{"not_picked":["Koishi:Jaunt","Koishi:PhantomBarrier+1"],"picked":"Koishi:StingingMind","floor":18},{"not_picked":["Koishi:DreadfulBlow","Koishi:TraumaticStroke+1"],"picked":"Koishi:Whimsy","floor":20},{"not_picked":["Koishi:MassHysteria","Koishi:Ego"],"picked":"Koishi:Whimsy","floor":24},{"not_picked":["Koishi:Bloodlust","Koishi:Prune"],"picked":"Koishi:VengefulSpirit","floor":25},{"not_picked":["Koishi:ReflexRadar+1","Koishi:UnansweredLove"],"picked":"Koishi:DNAsFlaw","floor":27},{"not_picked":["Koishi:ReleaseOfTheId","Koishi:UnansweredLove+1"],"picked":"Koishi:JumpScare+1","floor":28},{"not_picked":["Koishi:SubconsciousSweep","Koishi:ParalyzingFear"],"picked":"Koishi:BloodcurdlingScream","floor":31},{"not_picked":["Koishi:FadingMemory","Koishi:PerfectMindControl"],"picked":"Koishi:SilentAndRestless","floor":33},{"not_picked":["Koishi:RorschachInDanmaku+1","Koishi:Bloodlust"],"picked":"Koishi:CatchAndRose+1","floor":35},{"not_picked":["Koishi:SubterraneanRose+1","Koishi:JumpScare"],"picked":"Koishi:BramblyRoseGarden","floor":36},{"not_picked":["Koishi:JumpScare+1","Koishi:HeartfeltFancy+1"],"picked":"Koishi:LastRemote","floor":41},{"not_picked":["Koishi:HeartfeltFancy","Koishi:BloodcurdlingScream"],"picked":"Koishi:Prune+1","floor":42},{"not_picked":["Koishi:UnansweredLove+1","Koishi:StrangeCloudFist"],"picked":"Koishi:SpiritedAway","floor":44},{"not_picked":["Koishi:ReflexRadar+1","Koishi:UnansweredLove"],"picked":"Koishi:SpiritedAway+1","floor":45}],"player_experience":304934,"relics_obtained":[{"floor":9,"key":"TungstenRod"},{"floor":11,"key":"Replay:Ringing Soul"},{"floor":23,"key":"Gremlin Horn"},{"floor":25,"key":"Dream Catcher"},{"floor":26,"key":"Mirror"},{"floor":30,"key":"Matryoshka"},{"floor":34,"key":"Lantern"},{"floor":34,"key":"HornCleat"},{"floor":34,"key":"Unceasing Top"},{"floor":39,"key":"Pet Ghost"},{"floor":39,"key":"War Paint"},{"floor":40,"key":"Pocketwatch"},{"floor":43,"key":"Koishi:AHoleWhereASisterShouldBe"},{"floor":43,"key":"Art of War"},{"floor":46,"key":"Bottled Lightning"}],"event_choices":[{"damage_healed":0,"gold_gain":0,"player_choice":"Forge","damage_taken":0,"max_hp_gain":0,"max_hp_loss":0,"event_name":"Accursed Blacksmith","floor":2,"gold_loss":0,"cards_upgraded":["Koishi:JumpScare"]},{"damage_healed":0,"gold_gain":0,"player_choice":"Gave Potion","damage_taken":0,"relics_obtained":["Shovel"],"max_hp_gain":0,"max_hp_loss":0,"event_name":"WeMeetAgain","floor":19,"gold_loss":0},{"damage_healed":0,"gold_gain":0,"player_choice":"Opened","damage_taken":0,"relics_obtained":["Ancient Tea Set"],"max_hp_gain":0,"max_hp_loss":0,"event_name":"The Mausoleum","floor":22,"gold_loss":0},{"damage_healed":0,"gold_gain":0,"player_choice":"Simplicity","damage_taken":0,"max_hp_gain":0,"max_hp_loss":0,"event_name":"Back to Basics","floor":29,"gold_loss":0,"cards_upgraded":["Koishi:BasicStrike","Koishi:BasicStrike","Koishi:BasicStrike","Koishi:BasicDefend","Koishi:BasicDefend","Koishi:BasicDefend","Koishi:BasicDefend"]},{"damage_healed":0,"gold_gain":0,"player_choice":"Took Portal","damage_taken":0,"max_hp_gain":0,"max_hp_loss":0,"event_name":"SecretPortal","floor":48,"gold_loss":0}],"is_beta":false,"boss_relics":[{"not_picked":["Sozu","Philosopher\u0027s Stone"],"picked":"SacredBark"},{"not_picked":["Snecko Eye","Busted Crown"],"picked":"Calling Bell"}],"items_purged_floors":[],"is_endless":false,"potions_floor_spawned":[3,6,7,11,13,16,18,27,31,35,45],"ascension_level":0}}