{"host":"56ghxnzsglgdq727","time":1610292863,"event":{"mods":["AchievementEnabler","BaseMod","Downfall","Duelist Mod","Hermit","Minty Spire (QoL Compilation)","Rare Cards Sparkle","StSLib","The Bug Knight","The Exalted","The Senshi","The Servant 0.9.4","The Wild Card"],"gold_per_floor":[142,218,232,53,70,95,95,125,125,125,136,136,152,163,163,267,267,287,302,302,129,141,168,168,187,212,212,212,212,245,260,260,362,362,378,395,395,16,61,61,73,86,86,97,97,97,111,111,111],"floor_reached":48,"playtime":2828,"items_purged":["theDuelist:CastleWalls","theDuelist:CastleWalls","theDuelist:SummoningCurse"],"score":584,"play_id":"42018c10-a5a7-4b60-a215-40e3e992a4ab","local_time":"20210110103423","is_ascension_mode":false,"campfire_choices":[{"data":"theDuelist:Raigeki","floor":15,"key":"SMITH"},{"data":"theDuelist:SilentDoom","floor":24,"key":"SMITH"},{"floor":32,"key":"REST"},{"data":"theDuelist:WitchBlackRose","floor":40,"key":"SMITH"},{"floor":46,"key":"REST"}],"circlet_count":0,"master_deck":["theDuelist:DarkMagicianGirl","theDuelist:SpellShatteringArrow+1","theDuelist:MythicalBeast","theDuelist:Sparks","theDuelist:DarkMagician","theDuelist:MysticalElf","theDuelist:DarkPaladin","theDuelist:Sparks","theDuelist:RainbowOverdragon","theDuelist:SpellShatteringArrow","theDuelist:MysticalElf","theDuelist:NeoMagic","theDuelist:Polymerization","theDuelist:NeoMagic","theDuelist:Sparks","theDuelist:Raigeki+1","theDuelist:SilentDoom+1","theDuelist:Wildfire","theDuelist:BookSecret","theDuelist:WitchBlackRose+1","theDuelist:SangaEarth+1","theDuelist:SpiritHarp+1","theDuelist:RainbowMagician+1","theDuelist:SwordsBurning+1","theDuelist:GateGuardian+1","theDuelist:CosmoBrain"],"relics":["theDuelist:MillenniumPuzzle","theDuelist:CardPoolRelic","theDuelist:CardPoolBasicRelic","theDuelist:BoosterPackPoolRelic","theDuelist:CardPoolAddRelic","theDuelist:CardPoolMinusRelic","theDuelist:CardPoolSaveRelic","theDuelist:CardPoolOptionsRelic","NeowsBlessing","Bag of Marbles","theDuelist:WhiteBowlRelic","Paper Frog","Mark of Pain","Bromod:ArcaneVictory","Oddly Smooth Stone","theDuelist:MillenniumSymbol","Peace Pipe","Sozu","Cables","StoneCalendar","PreservedInsect"],"acts_visited":["Exordium","TheCity","TheBeyond"],"potions_floor_usage":[6,13,16,25,25,30,31,33,42],"damage_taken":[{"damage":0,"enemies":"Jaw Worm","floor":1,"turns":1},{"damage":0,"enemies":"Small Slimes","floor":3,"turns":1},{"damage":0,"enemies":"2 Louse","floor":5,"turns":2},{"damage":21,"enemies":"3 Sentries","floor":6,"turns":8},{"damage":5,"enemies":"Gremlin Nob","floor":8,"turns":3},{"damage":9,"enemies":"2 Fungi Beasts","floor":11,"turns":2},{"damage":0,"enemies":"Lots of Slimes","floor":13,"turns":5},{"damage":0,"enemies":"Exordium Wildlife","floor":14,"turns":4},{"damage":0,"enemies":"Slime Boss","floor":16,"turns":10},{"damage":12,"enemies":"Spheric Guardian","floor":18,"turns":4},{"damage":11,"enemies":"Centurion and Healer","floor":19,"turns":5},{"damage":5,"enemies":"Chosen and Byrds","floor":22,"turns":6},{"damage":11,"enemies":"HollowMod:Nosk","floor":23,"turns":3},{"damage":10,"enemies":"Cultist and Chosen","floor":25,"turns":3},{"damage":4,"enemies":"Slavers","floor":30,"turns":4},{"damage":9,"enemies":"Centurion and Healer","floor":31,"turns":4},{"damage":0,"enemies":"Collector","floor":33,"turns":10},{"damage":13,"enemies":"Orb Walker","floor":35,"turns":3},{"damage":0,"enemies":"3 Darklings","floor":36,"turns":3},{"damage":33,"enemies":"2 Orb Walkers","floor":39,"turns":4},{"damage":5,"enemies":"Maw","floor":41,"turns":6},{"damage":15,"enemies":"Writhing Mass","floor":42,"turns":3},{"damage":12,"enemies":"Spire Growth","floor":44,"turns":4},{"damage":20,"enemies":"Maw","floor":47,"turns":7},{"damage":25,"enemies":"Writhing Mass","floor":48,"turns":2}],"seed_played":"7937986744424758789","potions_obtained":[{"floor":1,"key":"FocusPotion"},{"floor":6,"key":"theDuelist:CoolBottle"},{"floor":8,"key":"Dexterity Potion"},{"floor":11,"key":"theDuelist:SealedPackE"},{"floor":19,"key":"BlessingOfTheForge"},{"floor":23,"key":"theDuelist:VampireVial"},{"floor":25,"key":"theDuelist:FireBottle"},{"floor":31,"key":"theDuelist:BarricadePotion"},{"floor":33,"key":"theDuelist:WaterBottle"}],"is_trial":false,"path_per_floor":["M","?","M","$","M","E","?","E","T","?","M","?","M","M","R","B",null,"M","M","?","$","M","E","R","M","T","?","?","?","E","M","R","B",null,"M","M","?","$","?","R","M","M","T","M","$","R","M","M"],"character_chosen":"THE_DUELIST","items_purchased":["theDuelist:SpellShatteringArrow","theDuelist:DarkMagicianGirl","theDuelist:BookSecret","Cables"],"campfire_rested":2,"item_purchase_floors":[4,4,21,38],"current_hp_per_floor":[80,80,80,80,80,59,59,54,54,54,45,45,45,45,45,45,80,68,57,57,57,52,41,41,33,33,33,18,18,17,10,35,38,85,73,78,68,68,37,37,33,19,19,8,8,33,14,0,0],"gold":111,"neow_bonus":"THREE_ENEMY_KILL","is_daily":false,"chose_seed":false,"campfire_upgraded":3,"win_rate":0.0,"timestamp":1610292863,"path_taken":["M","?","M","$","M","E","?","E","T","?","M","?","?","M","R","BOSS","M","M","?","$","M","E","R","M","T","?","?","?","E","M","R","BOSS","M","M","?","$","?","R","M","M","T","M","?","R","M","M"],"items_purchased_type":["Card","Card","Card","Relic"],"build_version":"2020-12-22","purchased_purges":3,"victory":false,"max_hp_per_floor":[80,80,80,80,80,80,80,80,80,80,80,80,80,80,80,80,80,80,80,80,80,80,80,80,80,80,80,85,85,85,85,85,85,85,85,85,85,85,85,85,85,85,85,85,85,85,85,85,85],"card_choices":[{"not_picked":["theDuelist:SangaThunder","theDuelist:NeoMagic","theDuelist:InjectionFairy","theDuelist:DarkMagician"],"picked":"theDuelist:MythicalBeast","floor":1},{"not_picked":["theDuelist:DokiDoki","theDuelist:EvilswarmHeliotrope","theDuelist:GraniteLoyalist","theDuelist:LabyrinthWall"],"picked":"theDuelist:RainbowOverdragon","floor":3},{"not_picked":["theDuelist:BlizzardWarrior","theDuelist:NeoMagic","theDuelist:InjectionFairy","theDuelist:ApprenticeIllusionMagician"],"picked":"theDuelist:SpellShatteringArrow","floor":5},{"not_picked":["theDuelist:MagicalBlast","theDuelist:DarkPaladin","theDuelist:BlizzardPrincess"],"picked":"SKIP","floor":6},{"not_picked":["theDuelist:MagicalBlast","theDuelist:BlizzardPrincess"],"picked":"theDuelist:DarkPaladin","floor":6},{"not_picked":["theDuelist:MillenniumGolem","theDuelist:WormApocalypse","theDuelist:GauntletWarrior","theDuelist:JamBreeding","theDuelist:GreyGreedOni"],"picked":"SKIP","floor":8},{"not_picked":["theDuelist:DestroyerGolem","theDuelist:DarkHole","theDuelist:WeepingIdol","theDuelist:BlueBloodedOni"],"picked":"theDuelist:Polymerization","floor":11},{"not_picked":["theDuelist:EarthquakeGiant","theDuelist:GraniteLoyalist","theDuelist:MillenniumGolem","theDuelist:WingedKuriboh"],"picked":"theDuelist:Raigeki","floor":13},{"not_picked":["theDuelist:MagicalBlast","theDuelist:ContractExodia","theDuelist:GiantTrunade","theDuelist:SwordsBurning"],"picked":"theDuelist:SilentDoom","floor":14},{"not_picked":["theDuelist:IrisEarthMother","theDuelist:QueenDragunDjinn","theDuelist:IceQueen","theDuelist:SwordsBurning"],"picked":"theDuelist:Wildfire","floor":16},{"not_picked":["theDuelist:InjectionFairy+1","theDuelist:DarkMagician","theDuelist:ExodiaRL","theDuelist:DarkMagicianGirl","theDuelist:CrystalWingDragon+1"],"picked":"SKIP","floor":18},{"not_picked":["theDuelist:GaiaMidNightSun+1","theDuelist:LightningRodLord","theDuelist:MillenniumGolem","theDuelist:BigFire","theDuelist:RainbowOverdragon"],"picked":"SKIP","floor":19},{"not_picked":["theDuelist:NeoMagic","theDuelist:RainbowOverdragon","theDuelist:TimeWizard","theDuelist:MythicalBeast"],"picked":"theDuelist:WitchBlackRose","floor":22},{"not_picked":["theDuelist:ExodiaLL+1","theDuelist:LordD","theDuelist:MythicalBeast","theDuelist:MysticalElf","theDuelist:BlizzardPrincess"],"picked":"SKIP","floor":23},{"not_picked":["theDuelist:SpellShatteringArrow","theDuelist:NeoMagic","theDuelist:InjectionFairy","theDuelist:DarkMagician"],"picked":"theDuelist:SangaEarth+1","floor":25},{"not_picked":["theDuelist:BattleguardKing","theDuelist:GauntletWarrior","theDuelist:Mudora","theDuelist:WormKing","theDuelist:Blockman"],"picked":"SKIP","floor":30},{"not_picked":["theDuelist:SangaThunder+1","theDuelist:WhiteMagicalHat","theDuelist:AncientElf","theDuelist:BadReaction"],"picked":"theDuelist:SpiritHarp+1","floor":31},{"not_picked":["theDuelist:ExodiaHead","theDuelist:IrisEarthMother+1","theDuelist:VoidVanishment+1","theDuelist:SwordsRevealing"],"picked":"theDuelist:RainbowMagician+1","floor":33},{"not_picked":["theDuelist:ExodiaLL+1","theDuelist:CosmoBrain","theDuelist:ApprenticeIllusionMagician+1","theDuelist:MindAir+1","theDuelist:BlizzardPrincess+1"],"picked":"SKIP","floor":35},{"not_picked":["theDuelist:RainbowMagician","theDuelist:ThousandEyesRestrict+1","theDuelist:WitchBlackRose","theDuelist:SwordsRevealing"],"picked":"theDuelist:SwordsBurning+1","floor":36},{"not_picked":["theDuelist:ExodiaNecross","theDuelist:ExodiaHead","theDuelist:IrisEarthMother+1","theDuelist:QueenDragunDjinn+1"],"picked":"theDuelist:GateGuardian+1","floor":37},{"not_picked":["theDuelist:SkilledDarkMagician+1","theDuelist:MagicalBlast+1","theDuelist:DoomShaman+1","theDuelist:BlueDragonSummoner","theDuelist:ContractExodia+1"],"picked":"SKIP","floor":41},{"not_picked":["theDuelist:CrystalWingDragon","theDuelist:BlueBloodedOni+1","theDuelist:GreenGraveOni","theDuelist:RainbowOverdragon","theDuelist:RedHeadedOni+1"],"picked":"SKIP","floor":42},{"not_picked":["theDuelist:WitchBlackRose","theDuelist:ApprenticeIllusionMagician+1","theDuelist:MindAir+1","theDuelist:BlizzardPrincess+1"],"picked":"theDuelist:CosmoBrain","floor":44},{"not_picked":["theDuelist:SpellShatteringArrow","theDuelist:MysticalElf+1","theDuelist:BlizzardWarrior+1","theDuelist:CallAtlanteans","theDuelist:LordD+1"],"picked":"SKIP","floor":47}],"player_experience":203677,"relics_obtained":[{"floor":6,"key":"Bag of Marbles"},{"floor":8,"key":"theDuelist:WhiteBowlRelic"},{"floor":9,"key":"Paper Frog"},{"floor":23,"key":"Bromod:ArcaneVictory"},{"floor":26,"key":"Oddly Smooth Stone"},{"floor":30,"key":"Peace Pipe"},{"floor":39,"key":"StoneCalendar"},{"floor":43,"key":"PreservedInsect"}],"event_choices":[{"damage_healed":0,"gold_gain":76,"player_choice":"Gained Gold","damage_taken":0,"max_hp_gain":0,"max_hp_loss":0,"event_name":"Golden Wing","floor":2,"gold_loss":0},{"damage_healed":0,"gold_gain":0,"player_choice":"Leave","duelist":true,"damage_taken":0,"max_hp_gain":0,"max_hp_loss":0,"event_name":"Battle City","floor":7,"gold_loss":0},{"damage_healed":0,"gold_gain":0,"player_choice":"Grow","damage_taken":0,"max_hp_gain":0,"max_hp_loss":0,"event_name":"Living Wall","floor":10,"gold_loss":0,"cards_upgraded":["theDuelist:SpellShatteringArrow"]},{"damage_healed":0,"gold_gain":0,"player_choice":"Leave","duelist":true,"damage_taken":0,"max_hp_gain":0,"max_hp_loss":0,"event_name":"Tomb of the Nameless","floor":12,"gold_loss":0},{"damage_healed":0,"gold_gain":0,"player_choice":"Took item - Received: Millennium Symbol","duelist":true,"damage_taken":0,"max_hp_gain":0,"max_hp_loss":0,"event_name":"Millennium Items","floor":27,"gold_loss":0},{"damage_healed":0,"gold_gain":0,"player_choice":"Shed Blood","damage_taken":20,"max_hp_gain":5,"max_hp_loss":0,"event_name":"Forgotten Altar","floor":28,"gold_loss":0},{"damage_healed":0,"gold_gain":0,"player_choice":"Ignored","damage_taken":0,"max_hp_gain":0,"max_hp_loss":0,"event_name":"Vampires","floor":29,"gold_loss":0},{"damage_healed":0,"gold_gain":0,"player_choice":"Memory 3","damage_taken":10,"max_hp_gain":0,"max_hp_loss":0,"event_name":"SensoryStone","floor":37,"gold_loss":0},{"damage_healed":0,"gold_gain":0,"player_choice":"Fight","damage_taken":0,"max_hp_gain":0,"max_hp_loss":0,"event_name":"Mysterious Sphere","floor":39,"gold_loss":0}],"is_beta":false,"boss_relics":[{"not_picked":["SlaversCollar","Ectoplasm"],"picked":"Mark of Pain"},{"not_picked":["theDuelist:HauntedRelic","theDuelist:GamblerChip"],"picked":"Sozu"}],"items_purged_floors":[4,21,38],"is_endless":false,"potions_floor_spawned":[1,6,8,11,19,23,25,31,33,36,39,44],"killed_by":"Writhing Mass","ascension_level":0}}