{"host":"w5vfr18i2ft1pzo2","time":1610295297,"event":{"mods":["AchievementEnabler","Act Like it!","Aspiration","BaseMod","Better Third Choice","BetterRewards","Colored Map","Colored Powertips","Conspire","Curses Come First","DNKmod","Defuse TimeMaze Blight","Dota2Spire","Elementarium","Energized Spire","Evolution","Force Act Four","Fox Events","Friendly Minions","Gensokyo","GifTheSpireLib","Gold Saver","GungeonMod","Halation","Hallownest","Hubris","Hyrulean Relics","Infinite Spire","Jedi Mod","Marisa????????","Minty Spire (QoL Compilation)","MostiFishMod","Poor People Problems","Prisma Mod","Remilia??????","Replay The Spire","SacredBarkPlus","Small Relic Pack","Spicy Shops","Spikes Relics","StSLib","Stuff the Spire","SuperFastMode","Synergy Search","The Blue Laboratory","The Servant 0.9.4","Trackpad","Treasure Hunter","Uncapped","Wandering Minibosses","Yakumo Yukari mod","noobMod","vexMod","??????REMEMod"],"gold_per_floor":[1319,1338,1355,1355,1366,1425,1425,1457,1457,1472,1472,1491,1523,1534,1534,1630,1630,1647,1647,1647,1664,1324,1324,1380,1391,1391,1426,1437,1454,1354,1387,1387,1483,1483,1499,1604,1479,1499,1514,1514,1548,1558,1558,1576,1607,1633,1652,1663,1663,1669,1669,1669,1669,1706,1710],"floor_reached":56,"playtime":1426,"items_purged":["DemoMod:Defend_Huntress","DemoMod:Defend_Huntress","DemoMod:Strike_Huntress"],"score":1707,"play_id":"c119464a-5f77-44cd-aa99-bf64ca890e3d","local_time":"20210111001457","is_ascension_mode":true,"campfire_choices":[{"floor":7,"key":"RECALL"},{"data":"DemoMod:ChanceBullets","floor":15,"key":"SMITH"},{"data":"DemoMod:Polaris","floor":23,"key":"SMITH"},{"floor":32,"key":"DIG"},{"data":"Replay:Fractal Strike","floor":40,"key":"SMITH"},{"data":"MostiFishMod:KingOfFree","floor":49,"key":"SMITH"},{"data":"PrismaMod:MiyuUberDefend","floor":52,"key":"SMITH"}],"circlet_count":0,"master_deck":["DemoMod:Strike_Huntress","DemoMod:Roll","DemoMod:ManualReload","DemoMod:RustySidearm","DemoMod:CrossBow","jedi:forcepush","MostiFishMod:FrostNova","MostiFishMod:WinterMarkForm","PrismaMod:MiyuUberDefend+1","DemoMod:Replace","DemoMod:ChanceBullets+1","DemoMod:SAA","TH:BikiniMail","TH:BikiniMail","DemoMod:Polaris+1","TH:DeckOfManyThings","DemoMod:SAA","TH:BikiniMail","DemoMod:GunstockTap","TH:BikiniMail","DemoMod:Eureka","DemoMod:HungryBullets+1","MostiFishMod:KingOfFree+1","TH:BikiniMail","TH:TreasureMap","TH:CopperCoins","DemoMod:BlankBullets","TH:TreasureMap","TH:CopperCoins","DemoMod:Eureka","DemoMod:PotionOfGunFriendShip+1","Replay:Fractal Strike+1","TH:BikiniMail+1","TH:DeckOfManyThings+1","TH:TreasureMap+1","TH:CopperCoins+1","DemoMod:HungryBullets+1","TH:BikiniMail+1"],"relics":["DemoMod:Dog","EVO:Axolotl","DaveBox","ice","REME_ComplimentaryCards","FrostBlade","SynthV:TestCard","trackpad:Mousetrap","Civilization","relicPack:OneForAll","wanderingMiniBosses:OtherGremlinHorn","hubris:Metronome","hubris:Backtick","Dota2Spire:EyeOfSkadi","MutagenicStrength","infinitespire:Magic Flask","jedi:archwizardhat","aspiration:ChemicalBlood","Tiny Chest","Dota2Spire:EchoSabre","Pocketwatch","Replay:Drink Me","Golden Egg","jedi:arcanewood","Replay:Wax Seal","conspire:DeflatedDodgeball"],"acts_visited":["Exordium","TheCity","TheBeyond","TheEnding"],"potions_floor_usage":[12,12,24,24,24,24,24,24,24,24,24,24],"damage_taken":[{"damage":0,"enemies":"Cultist","floor":1,"turns":2},{"damage":0,"enemies":"Jaw Worm","floor":2,"turns":2},{"damage":0,"enemies":"Small Slimes","floor":3,"turns":2},{"damage":0,"enemies":"conspire:2 RoseBushes","floor":5,"turns":2},{"damage":0,"enemies":"Lagavulin","floor":6,"turns":1},{"damage":0,"enemies":"Gremlin Nob","floor":8,"turns":1},{"damage":0,"enemies":"Red Slaver","floor":10,"turns":1},{"damage":0,"enemies":"Exordium Thugs","floor":12,"turns":5},{"damage":0,"enemies":"3 Sentries","floor":13,"turns":2},{"damage":0,"enemies":"Blue Slaver","floor":14,"turns":1},{"damage":0,"enemies":"Slime Boss","floor":16,"turns":2},{"damage":0,"enemies":"Shell Parasite","floor":18,"turns":1},{"damage":0,"enemies":"2 Thieves","floor":21,"turns":1},{"damage":0,"enemies":"Gremlin Leader","floor":24,"turns":1},{"damage":0,"enemies":"Centurion and Healer","floor":25,"turns":2},{"damage":0,"enemies":"Replay:Snechameleon","floor":27,"turns":1},{"damage":0,"enemies":"Snecko","floor":28,"turns":1},{"damage":0,"enemies":"Snake Plant","floor":29,"turns":1},{"damage":0,"enemies":"Slavers","floor":31,"turns":1},{"damage":0,"enemies":"Champ","floor":33,"turns":1},{"damage":4,"enemies":"3 Shapes","floor":35,"turns":1},{"damage":0,"enemies":"infinitespire:Three Voidlings","floor":36,"turns":1},{"damage":194,"enemies":"Nightmare_Alpha","floor":36,"turns":8},{"damage":0,"enemies":"Orb Walker","floor":38,"turns":1},{"damage":0,"enemies":"Transient","floor":39,"turns":1},{"damage":0,"enemies":"Nemesis","floor":41,"turns":3},{"damage":4,"enemies":"Sphere and 2 Shapes","floor":42,"turns":1},{"damage":0,"enemies":"Maw","floor":44,"turns":2},{"damage":0,"enemies":"Reptomancer","floor":45,"turns":1},{"damage":0,"enemies":"Transient","floor":47,"turns":2},{"damage":0,"enemies":"Spire Growth","floor":48,"turns":1},{"damage":0,"enemies":"Replay:Hell Engine","floor":50,"turns":1},{"damage":9,"enemies":"Shield and Spear","floor":54,"turns":2},{"damage":20,"enemies":"The Heart","floor":55,"turns":3}],"seed_played":"6276731397407473710","potions_obtained":[{"floor":12,"key":"REME_GoldPotion"},{"floor":14,"key":"Weak Potion"},{"floor":25,"key":"jedi:StrikingPotion"},{"floor":36,"key":"blueLaboratory:PyrophylliteBrew"},{"floor":36,"key":"Elixir"},{"floor":55,"key":"blueLaboratory:LouseDecoction"}],"is_trial":false,"path_per_floor":["M","M","M","?","M","E","R","E","T","M","?","M","E","M","R","B",null,"M","?","?","M","$","R","E","M","T","E","M","M","$","E","R_BF","B",null,"M","?","$","M","M","R","E","M","T","M","E","T","M","M","R","B",null,"R","$","E","B",null],"character_chosen":"HUNTRESS","items_purchased":["MostiFishMod:KingOfFree","EntropicBrew"],"campfire_rested":0,"item_purchase_floors":[22,22],"current_hp_per_floor":[70,70,70,70,70,70,70,70,70,71,71,75,82,90,90,99,104,114,114,114,126,126,126,139,154,154,170,187,205,205,226,226,248,186,207,74,74,104,137,137,170,201,201,237,276,276,316,357,357,400,595,595,595,632,660],"gold":1710,"neow_bonus":"RANDOM_COLORLESS","is_daily":false,"chose_seed":false,"campfire_upgraded":5,"win_rate":0.0,"timestamp":1610295297,"path_taken":["M","M","M","?","?","E","R","E","T","M","?","M","E","M","R","BOSS","M","?","?","?","$","R","E","M","T","E","M","M","$","E","R_BF","BOSS","M","?","?","M","?","R","E","M","T","M","E","?","M","?","R","BOSS","R","$","E","BOSS"],"items_purchased_type":["Card","Potion"],"build_version":"2020-12-22","purchased_purges":3,"victory":true,"max_hp_per_floor":[70,70,70,70,70,70,70,70,70,71,71,75,82,90,90,99,104,114,114,114,126,126,126,139,154,154,170,187,205,205,226,226,248,186,211,268,268,298,329,329,361,396,396,432,471,471,511,552,552,595,595,595,595,640,686],"card_choices":[{"not_picked":["PanicButton","Forethought"],"picked":"jedi:forcepush","floor":0},{"not_picked":["DemoMod:FeignSurrender","DemoMod:GunstockTap"],"picked":"DemoMod:Replace","floor":1},{"not_picked":["DemoMod:JK47","DemoMod:Replace","DemoMod:MachoBrace","DemoMod:SniperShot","DemoMod:Unmoved"],"picked":"SKIP","floor":2},{"not_picked":["DemoMod:MegaHand","DemoMod:ZorGun","DemoMod:DirectionalPad","DemoMod:Unmoved"],"picked":"DemoMod:ChanceBullets","floor":3},{"not_picked":["DemoMod:PracticeMakesPerfect","DemoMod:Camera","DemoMod:CombinedRifle","DemoMod:BoxingGlove"],"picked":"DemoMod:SAA","floor":5},{"not_picked":["TH:EnergyPotion","TH:DeckOfManyThings","TH:CopperCoins"],"picked":"TH:BikiniMail","floor":6},{"not_picked":["DemoMod:DirectionalPad","DemoMod:MachoBrace","DemoMod:Unmoved","DemoMod:Replace","DemoMod:Casey"],"picked":"SKIP","floor":6},{"not_picked":["TH:TreasureMap","TH:ArmorSpikes","TH:CursedSword"],"picked":"TH:BikiniMail","floor":8},{"not_picked":["DemoMod:LifeOrb","DemoMod:ConditionalReflex","DemoMod:BoxingGlove","DemoMod:SkilledReload"],"picked":"DemoMod:Polaris","floor":8},{"not_picked":["TH:TreasureMap","TH:EnergyPotion","TH:CopperCoins"],"picked":"TH:DeckOfManyThings","floor":9},{"not_picked":["DemoMod:Unmoved","DemoMod:FastSwitch","DemoMod:MachoBrace","DemoMod:AC15","DemoMod:Ejector"],"picked":"SKIP","floor":10},{"not_picked":["DemoMod:HardPowerCard","DemoMod:CursedBullets","DemoMod:RadGun","DemoMod:Evolver"],"picked":"DemoMod:SAA","floor":12},{"not_picked":["TH:ElvenBoots","TH:CopperCoins","TH:Mimic"],"picked":"TH:BikiniMail","floor":13},{"not_picked":["DemoMod:JK47","DemoMod:DirectionalPad","DemoMod:MachoBrace","DemoMod:HardPowerCard","DemoMod:BoxingGlove"],"picked":"SKIP","floor":13},{"not_picked":["DemoMod:AC15","DemoMod:DirectionalPad","DemoMod:AbyssalTentacle","DemoMod:Purify"],"picked":"DemoMod:GunstockTap","floor":14},{"not_picked":["TH:ElvenBoots","TH:Mimic","TH:ArmorSpikes"],"picked":"TH:BikiniMail","floor":16},{"not_picked":["DemoMod:Elimentaler","DemoMod:DarkMarker","DemoMod:BlackHoleGun","DemoMod:BSG"],"picked":"DemoMod:Eureka","floor":16},{"not_picked":["DemoMod:DirectionalPad","DemoMod:MegaHand","DemoMod:EasyReloadBullets+1","DemoMod:HardPowerCard+1","DemoMod:DoubleSwitch"],"picked":"SKIP","floor":18},{"not_picked":["DemoMod:Ejector","DemoMod:AWP+1","DemoMod:HighKaliber","DemoMod:StickyCrossBow"],"picked":"DemoMod:HungryBullets+1","floor":21},{"not_picked":["TH:Mimic","TH:EnergyPotion","TH:ArmorSpikes"],"picked":"TH:BikiniMail","floor":24},{"not_picked":["DemoMod:Camera+1","DemoMod:Unmoved","DemoMod:SpreadAmmo","DemoMod:FightSabre","DemoMod:DoubleSwitch+1"],"picked":"SKIP","floor":24},{"not_picked":["DemoMod:ProbeStrike","DemoMod:JK47","DemoMod:Purify","DemoMod:HardPowerCard","DemoMod:RadGun"],"picked":"SKIP","floor":25},{"not_picked":["TH:Mimic","TH:ArmorSpikes","TH:PixieDust"],"picked":"TH:TreasureMap","floor":26},{"not_picked":["TH:CursedSword","TH:PixieDust","TH:DeckOfManyThings"],"picked":"TH:CopperCoins","floor":27},{"not_picked":["DemoMod:BSG","DemoMod:BoxingGlove","DemoMod:LifeOrb","DemoMod:MachoBrace","DemoMod:AC15"],"picked":"SKIP","floor":27},{"not_picked":["DemoMod:AbyssalTentacle","DemoMod:Polaris","DemoMod:Replace","DemoMod:FortunesFavor+1","DemoMod:TripleGun+1"],"picked":"SKIP","floor":28},{"not_picked":["DemoMod:HuntsMan","DemoMod:ChanceBullets","DemoMod:BoxingGlove","DemoMod:DirectionalPad"],"picked":"DemoMod:BlankBullets","floor":29},{"not_picked":["TH:ElvenBoots","TH:Mimic","TH:PixieDust"],"picked":"TH:TreasureMap","floor":31},{"not_picked":["DemoMod:AC15+1","DemoMod:Unmoved","DemoMod:Purify","DemoMod:TeaPot","DemoMod:JK47"],"picked":"SKIP","floor":31},{"not_picked":["TH:DeckOfManyThings","TH:TreasureMap","TH:Mimic"],"picked":"TH:CopperCoins","floor":33},{"not_picked":["DemoMod:BalloonGun","DemoMod:Desperate","DemoMod:BlankBullets","DemoMod:ThirdPartyController"],"picked":"DemoMod:Eureka","floor":33},{"not_picked":["DemoMod:BattleInHaste","DemoMod:HuntsMan+1","DemoMod:Casey+1","DemoMod:JK47+1"],"picked":"DemoMod:PotionOfGunFriendShip+1","floor":35},{"not_picked":["infinitespire:DeathsTouch","infinitespire:SevenWalls"],"picked":"Replay:Fractal Strike","floor":36},{"not_picked":["DemoMod:DirectionalPad","DemoMod:StrategicReserve+1","DemoMod:Unmoved","DemoMod:FortunesFavor+1","DemoMod:DoubleSwitch+1"],"picked":"SKIP","floor":38},{"not_picked":["DemoMod:GunShield","DemoMod:Ejector","DemoMod:SkilledReload+1","DemoMod:MegaHand+1","DemoMod:ProbeStrike+1"],"picked":"SKIP","floor":39},{"not_picked":["TH:TreasureMap","TH:DeckOfManyThings","TH:CursedSword"],"picked":"TH:BikiniMail","floor":41},{"not_picked":["DemoMod:TableSutra","DemoMod:Unity","DemoMod:ConditionalReflex+1","DemoMod:GunShield+1","DemoMod:TeaPot"],"picked":"SKIP","floor":41},{"not_picked":["DemoMod:MegaHand+1","DemoMod:HardPowerCard+1","DemoMod:TableSutra","DemoMod:Purify+1","DemoMod:SkilledReload"],"picked":"SKIP","floor":42},{"not_picked":["TH:CopperCoins","TH:ArmorSpikes","TH:CursedSword"],"picked":"TH:DeckOfManyThings","floor":43},{"not_picked":["DemoMod:EasyReloadBullets+1","DemoMod:Casey+1","DemoMod:Rummage","DemoMod:DoubleSwitch+1","DemoMod:Purify"],"picked":"SKIP","floor":44},{"not_picked":["TH:ElvenBoots","TH:Mimic","TH:CopperCoins"],"picked":"TH:TreasureMap","floor":45},{"not_picked":["DemoMod:FeignSurrender","DemoMod:AC15","DemoMod:StickyCrossBow+1","DemoMod:GunstockTap","DemoMod:Ejector+1"],"picked":"SKIP","floor":45},{"not_picked":["TH:PixieDust","TH:ElvenBoots","TH:ArmorSpikes"],"picked":"TH:CopperCoins","floor":46},{"not_picked":["DemoMod:ConditionalReflex+1","DemoMod:HardPowerCard","DemoMod:TripleGun+1","DemoMod:LifeOrb+1","DemoMod:FeignSurrender"],"picked":"SKIP","floor":47},{"not_picked":["DemoMod:FastSwitch","DemoMod:Purify+1","DemoMod:DirectionalPad+1","DemoMod:Replace+1","DemoMod:FeignSurrender+1"],"picked":"SKIP","floor":48},{"not_picked":["DemoMod:StickyCrossBow","DemoMod:AC15","DemoMod:DoubleVision","DemoMod:PotionOfGunFriendShip"],"picked":"DemoMod:HungryBullets+1","floor":54},{"not_picked":["TH:TreasureMap","TH:CursedSword","TH:CopperCoins"],"picked":"TH:BikiniMail","floor":54}],"player_experience":274759,"relics_obtained":[{"floor":1,"key":"SynthV:TestCard"},{"floor":6,"key":"trackpad:Mousetrap"},{"floor":8,"key":"Civilization"},{"floor":12,"key":"wanderingMiniBosses:OtherGremlinHorn"},{"floor":13,"key":"hubris:Metronome"},{"floor":24,"key":"infinitespire:Magic Flask"},{"floor":26,"key":"jedi:archwizardhat"},{"floor":27,"key":"aspiration:ChemicalBlood"},{"floor":27,"key":"Tiny Chest"},{"floor":31,"key":"Dota2Spire:EchoSabre"},{"floor":32,"key":"Pocketwatch"},{"floor":41,"key":"Golden Egg"},{"floor":43,"key":"jedi:arcanewood"},{"floor":46,"key":"Replay:Wax Seal"},{"floor":54,"key":"conspire:DeflatedDodgeball"}],"event_choices":[{"damage_healed":0,"gold_gain":0,"player_choice":"Bought 0 Potions","damage_taken":0,"max_hp_gain":0,"max_hp_loss":0,"event_name":"The Woman in Blue","floor":4,"gold_loss":0},{"damage_healed":0,"gold_gain":0,"player_choice":"Inject Mutagens","damage_taken":0,"relics_obtained":["MutagenicStrength"],"max_hp_gain":0,"max_hp_loss":0,"event_name":"Drug Dealer","floor":19,"gold_loss":0}],"is_beta":false,"boss_relics":[{"not_picked":["StuffTheSpire:ModemDavis","energizedSpire:SpiderWeb"],"picked":"hubris:Backtick"},{"not_picked":["HereWithMe","Ring of Chaos"],"picked":"Replay:Drink Me"}],"items_purged_floors":[22,30,37],"is_endless":false,"potions_floor_spawned":[1,2,5,12,14,25,28,29,33,36,39,44,45,47],"ascension_level":3}}