{"host":"h4lp0eeso8a0ssq0","time":1610299348,"event":{"mods":["2.2 Compatiblity","AchievementEnabler","BaseMod","CapriCore","Colored Map","Minty Spire (QoL Compilation)","StSLib","SuperFastMode"],"gold_per_floor":[114,129,129,144,159,159,174,189,214,229,244,259,334,349,349,449,449,464,464,464,464,479,479,494,509,534,549,648,648,648],"floor_reached":29,"playtime":548,"items_purged":[],"score":275,"play_id":"f13a8bd3-936a-4a36-a7e3-2fdd271fab6c","local_time":"20210111022228","daily_mods":["Specialized","Diverse","Night Terrors"],"is_ascension_mode":false,"campfire_choices":[{"data":"Havoc","floor":6.0,"key":"SMITH"},{"floor":15.0,"key":"REST"},{"floor":23.0,"key":"REST"}],"circlet_count":0,"master_deck":["Strike_P","Strike_P","Strike_P","Strike_P","Defend_P","Defend_P","Defend_P","Defend_P","Eruption+1","Vigilance","Accuracy","Accuracy","Accuracy","Flechettes","Havoc+1","Riddle With Holes","SignatureMove","Hemokinesis","Footwork","Backflip","Immolate","Sunder","Genetic Algorithm","Adaptation","Shockwave+1"],"relics":["PureWater","Strawberry","Fusion Hammer","Enchiridion","Boot"],"acts_visited":["Exordium","TheCity"],"potions_floor_usage":[],"damage_taken":[{"damage":2.0,"enemies":"2 Louse","floor":1.0,"turns":2.0},{"damage":7.0,"enemies":"Cultist","floor":2.0,"turns":3.0},{"damage":2.0,"enemies":"Small Slimes","floor":4.0,"turns":4.0},{"damage":0.0,"enemies":"2 Fungi Beasts","floor":5.0,"turns":2.0},{"damage":6.0,"enemies":"3 Louse","floor":7.0,"turns":4.0},{"damage":2.0,"enemies":"Blue Slaver","floor":8.0,"turns":3.0},{"damage":14.0,"enemies":"Exordium Thugs","floor":10.0,"turns":4.0},{"damage":12.0,"enemies":"Gremlin Gang","floor":11.0,"turns":3.0},{"damage":0.0,"enemies":"Exordium Wildlife","floor":12.0,"turns":2.0},{"damage":14.0,"enemies":"Blue Slaver","floor":14.0,"turns":3.0},{"damage":2.0,"enemies":"Slime Boss","floor":16.0,"turns":5.0},{"damage":17.0,"enemies":"2 Thieves","floor":18.0,"turns":4.0},{"damage":2.0,"enemies":"Chosen","floor":22.0,"turns":3.0},{"damage":36.0,"enemies":"Snake Plant","floor":24.0,"turns":3.0},{"damage":1,"enemies":"Cultist and Chosen","floor":25,"turns":3},{"damage":15,"enemies":"Centurion and Healer","floor":27,"turns":3},{"damage":15,"enemies":"Snake Plant","floor":29,"turns":3}],"seed_played":"-956745095108410897","potions_obtained":[{"floor":1.0,"key":"Fire Potion"},{"floor":4.0,"key":"DuplicationPotion"},{"floor":8.0,"key":"DuplicationPotion"},{"floor":12.0,"key":"Explosive Potion"},{"floor":14.0,"key":"Weak Potion"},{"floor":22.0,"key":"GamblersBrew"},{"floor":27,"key":"AttackPotion"}],"is_trial":false,"path_per_floor":["M","M","?","M","M","R","M","M","T","M","M","M","?","M","R","B",null,"M","?","?","?","M","R","M","M","T","M","?","M"],"character_chosen":"WATCHER","items_purchased":[],"campfire_rested":2,"item_purchase_floors":[],"current_hp_per_floor":[70,63,63,61,61,61,55,53,60,46,34,34,23,9,74,72,74,57,57,41,41,39,69,33,32,32,17,17,2,2],"gold":648,"neow_bonus":"","is_daily":true,"chose_seed":false,"campfire_upgraded":1,"win_rate":0.0,"timestamp":1610299348,"path_taken":["M","M","?","M","M","R","M","M","T","?","M","M","?","M","R","BOSS","M","?","?","?","M","R","M","M","T","M","?","M"],"items_purchased_type":[],"build_version":"2020-12-22","purchased_purges":0,"victory":false,"max_hp_per_floor":[72,72,72,72,72,72,72,72,79,79,79,79,79,79,74,74,74,74,74,74,74,74,69,69,69,69,69,69,69,69],"card_choices":[{"not_picked":["Finisher","Clothesline"],"picked":"Flechettes","floor":1.0},{"not_picked":["Crippling Poison","Poisoned Stab","Steam"],"picked":"SKIP","floor":2.0},{"not_picked":["Underhanded Strike","Fission"],"picked":"Havoc","floor":4.0},{"not_picked":["Sever Soul","Halt"],"picked":"Riddle With Holes","floor":5.0},{"not_picked":["Deflect","Setup","SashWhip"],"picked":"SKIP","floor":7.0},{"not_picked":["Wireheading","ReachHeaven"],"picked":"SignatureMove","floor":8.0},{"not_picked":["Acrobatics","Twin Strike","Prostrate"],"picked":"SKIP","floor":10.0},{"not_picked":["Capacitor","Worship"],"picked":"Hemokinesis","floor":11.0},{"not_picked":["Coolheaded","Flechettes"],"picked":"Footwork","floor":12.0},{"not_picked":["Whirlwind","Deadly Poison"],"picked":"Backflip","floor":14.0},{"not_picked":["Demon Form","All For One"],"picked":"Immolate","floor":16.0},{"not_picked":["Dagger Throw","FlyingSleeves"],"picked":"Sunder","floor":18.0},{"not_picked":["Cold Snap","Rip and Tear+1","True Grit+1"],"picked":"SKIP","floor":22.0},{"not_picked":["Pray","Sword Boomerang","Twin Strike"],"picked":"SKIP","floor":24.0},{"not_picked":["EmptyBody+1","Scrape"],"picked":"Shockwave+1","floor":25},{"not_picked":["Beam Cell","Predator","Steam Power+1"],"picked":"SKIP","floor":27}],"player_experience":123374,"relics_obtained":[{"floor":9.0,"key":"Strawberry"},{"floor":20.0,"key":"Enchiridion"},{"floor":26,"key":"Boot"}],"event_choices":[{"damage_healed":0.0,"max_hp_gain":0.0,"max_hp_loss":0.0,"gold_gain":0.0,"event_name":"Upgrade Shrine","player_choice":"Upgraded","floor":3.0,"gold_loss":0.0,"damage_taken":0.0,"cards_upgraded":["Eruption"]},{"damage_healed":0.0,"max_hp_gain":0.0,"max_hp_loss":0.0,"gold_gain":75.0,"event_name":"World of Goop","player_choice":"Gather Gold","floor":13.0,"gold_loss":0.0,"damage_taken":11.0},{"damage_healed":0.0,"max_hp_gain":0.0,"max_hp_loss":0.0,"gold_gain":0.0,"cards_transformed":["Accuracy","Accuracy"],"event_name":"Drug Dealer","player_choice":"Became Test Subject","floor":19.0,"gold_loss":0.0,"damage_taken":0.0,"cards_obtained":["Genetic Algorithm","Adaptation"]},{"damage_healed":0.0,"max_hp_gain":0.0,"max_hp_loss":0.0,"gold_gain":0.0,"event_name":"Cursed Tome","player_choice":"Obtained Book","floor":20.0,"gold_loss":0.0,"damage_taken":16.0},{"damage_healed":0.0,"max_hp_gain":0.0,"max_hp_loss":0.0,"gold_gain":0.0,"event_name":"Vampires","player_choice":"Ignored","floor":21.0,"gold_loss":0.0,"damage_taken":0.0},{"damage_healed":0,"gold_gain":99,"player_choice":"Stole From Cult","damage_taken":0,"max_hp_gain":0,"max_hp_loss":0,"event_name":"Nest","floor":28,"gold_loss":0}],"is_beta":false,"boss_relics":[{"not_picked":["Runic Pyramid","Velvet Choker"],"picked":"Fusion Hammer"}],"items_purged_floors":[],"is_endless":false,"potions_floor_spawned":[1,4,8,12,14,22,27],"killed_by":"Snake Plant","ascension_level":0}}