{"host":"sum4dy402bbv9y4o","time":1610239104,"event":{"mods":["Aspiration","BaseMod","Conspire","Highlight Path","Minty Spire (QoL Compilation)","StSLib"],"gold_per_floor":[117,25,25,43,43,43,60,75,101,135,135,156,156,176,176,254,281,308,46,46,65,94,129,2,24,49,49,75,75,75],"floor_reached":29,"playtime":664,"items_purged":[],"score":544,"play_id":"26f7d9ba-0862-474e-b285-3e7458a72f81","local_time":"20210110033824","is_ascension_mode":true,"campfire_choices":[{"data":"Eruption","floor":6,"key":"SMITH"},{"data":"TalkToTheHand","floor":11,"key":"SMITH"},{"data":"Weave","floor":13,"key":"SMITH"},{"data":"Conclude","floor":15,"key":"SMITH"},{"floor":27,"key":"REST"}],"circlet_count":0,"master_deck":["AscendersBane","Strike_P","Strike_P","Defend_P","Defend_P","Eruption+1","Vigilance","Conclude+1","FollowUp","Weave+1","EmptyFist","ThirdEye","ClearTheMind","TalkToTheHand+1","Consecrate","ReachHeaven","FlurryOfBlows+1","Adaptation+1","ForeignInfluence+1","FearNoEvil","FlurryOfBlows","FlurryOfBlows","WaveOfTheHand","Wireheading","Perseverance","Protect"],"relics":["PureWater","NeowsBlessing","Toy Ornithopter","CeramicFish","Astrolabe","aspiration:SeaSaltIceCream","Lantern","aspiration:RitualStick","Juzu Bracelet","aspiration:Lifesprig"],"acts_visited":["Exordium","TheCity"],"potions_floor_usage":[10,10,16,21,23,23,23,25,29],"damage_taken":[{"damage":0,"enemies":"2 Louse","floor":1,"turns":1},{"damage":0,"enemies":"Cultist","floor":4,"turns":1},{"damage":0,"enemies":"Small Slimes","floor":7,"turns":1},{"damage":3,"enemies":"Blue Slaver","floor":8,"turns":3},{"damage":0,"enemies":"Lagavulin","floor":10,"turns":2},{"damage":3,"enemies":"Looter","floor":12,"turns":3},{"damage":6,"enemies":"Large Slime","floor":14,"turns":3},{"damage":22,"enemies":"Hexaghost","floor":16,"turns":9},{"damage":6,"enemies":"Chosen","floor":18,"turns":3},{"damage":0,"enemies":"3 Byrds","floor":21,"turns":2},{"damage":35,"enemies":"Snake Plant","floor":22,"turns":4},{"damage":11,"enemies":"Slavers","floor":23,"turns":2},{"damage":15,"enemies":"Snecko","floor":25,"turns":4},{"damage":18,"enemies":"Centurion and Healer","floor":28,"turns":4},{"damage":13,"enemies":"Shelled Parasite and Fungi","floor":29,"turns":1}],"seed_played":"-7266807714386174909","potions_obtained":[{"floor":1,"key":"BlessingOfTheForge"},{"floor":8,"key":"FearPotion"},{"floor":12,"key":"Explosive Potion"},{"floor":14,"key":"AttackPotion"},{"floor":22,"key":"EntropicBrew"},{"floor":25,"key":"PowerPotion"}],"is_trial":false,"path_per_floor":["M","$","?","M","?","R","M","M","T","E","R","M","R","M","R","B",null,"M","$","?","M","M","E","$","M","T","R","M","M"],"character_chosen":"WATCHER","items_purchased":["FollowUp","Weave","aspiration:SeaSaltIceCream","Wireheading","Strength Potion"],"campfire_rested":1,"item_purchase_floors":[2,2,19,24,24],"current_hp_per_floor":[61,61,61,61,57,57,57,54,54,64,64,61,61,55,55,38,61,55,55,38,43,8,12,12,2,2,22,4,0,0],"gold":75,"neow_bonus":"THREE_ENEMY_KILL","is_daily":false,"chose_seed":false,"campfire_upgraded":4,"win_rate":0.0,"timestamp":1610239104,"path_taken":["M","$","?","?","?","R","M","M","T","E","R","M","R","M","R","BOSS","M","$","?","M","M","E","$","M","T","R","M","M"],"items_purchased_type":["Card","Card","Relic","Card","Potion"],"build_version":"2020-12-22","purchased_purges":0,"victory":false,"max_hp_per_floor":[68,68,68,68,68,68,68,68,68,68,68,68,68,68,68,68,68,68,68,68,68,68,68,68,68,68,68,68,68,68],"card_choices":[{"not_picked":["FlyingSleeves","CutThroughFate"],"picked":"Conclude","floor":1},{"not_picked":["CutThroughFate","Scrawl"],"picked":"EmptyFist","floor":4},{"not_picked":["CutThroughFate","CrushJoints"],"picked":"ThirdEye","floor":7},{"not_picked":["Prostrate","Collect"],"picked":"ClearTheMind","floor":8},{"not_picked":["PathToVictory","Protect"],"picked":"TalkToTheHand","floor":10},{"not_picked":["SpiritShield","Sanctity"],"picked":"Consecrate","floor":12},{"not_picked":["Wireheading","PathToVictory"],"picked":"ReachHeaven","floor":14},{"not_picked":["Study","Adaptation+1"],"picked":"FearNoEvil","floor":18},{"not_picked":["EmptyFist","CutThroughFate+1"],"picked":"FlurryOfBlows","floor":21},{"not_picked":["FlyingSleeves","InnerPeace"],"picked":"FlurryOfBlows","floor":22},{"not_picked":["SashWhip","PathToVictory"],"picked":"WaveOfTheHand","floor":23},{"not_picked":["Consecrate","Study"],"picked":"Perseverance","floor":25},{"not_picked":["Adaptation","InnerPeace"],"picked":"Protect","floor":28}],"player_experience":2921308,"relics_obtained":[{"floor":9,"key":"Toy Ornithopter"},{"floor":10,"key":"CeramicFish"},{"floor":23,"key":"Juzu Bracelet"},{"floor":26,"key":"aspiration:Lifesprig"}],"event_choices":[{"cards_removed":["Strike_P"],"damage_healed":0,"gold_gain":0,"player_choice":"Offered Basic","damage_taken":0,"max_hp_gain":0,"max_hp_loss":0,"event_name":"Bonfire Elementals","floor":3,"gold_loss":0},{"damage_healed":0,"gold_gain":0,"player_choice":"Leave","damage_taken":0,"max_hp_gain":0,"max_hp_loss":0,"event_name":"conspire:Investor","floor":5,"gold_loss":0}],"is_beta":false,"boss_relics":[{"not_picked":["conspire:SeveredTorchhead","Tiny House"],"picked":"Astrolabe"}],"items_purged_floors":[],"is_endless":false,"potions_floor_spawned":[1,8,12,14,22,25],"killed_by":"Shelled Parasite and Fungi","ascension_level":20}}