{"host":"3h5qf14xt40jhha0","time":1610249576,"event":{"mods":["AlwaysNeverKeys","BaseMod","Colored Powertips","Minty Spire (QoL Compilation)","Permanent Neow","Relic Stats","StSLib"],"gold_per_floor":[116,130,130,130,14,14,42,42,42,61,61,61,78,105,105,178,178,195,110,110,125,142,142,152,152,152],"floor_reached":25,"playtime":14981,"items_purged":[],"score":472,"play_id":"97eec639-7ac5-49d4-b319-0ffafe9ce5e5","local_time":"20210109223256","is_ascension_mode":true,"campfire_choices":[{"data":"Blade Dance","floor":6.0,"key":"SMITH"},{"floor":8.0,"key":"REST"},{"data":"Neutralize","floor":11.0,"key":"SMITH"},{"floor":15.0,"key":"REST"},{"data":"Tools of the Trade","floor":23,"key":"SMITH"}],"circlet_count":0,"master_deck":["AscendersBane","Strike_G","Strike_G+1","Strike_G","Strike_G","Defend_G+1","Defend_G","Defend_G","Defend_G","Defend_G","Survivor","Neutralize+1","CurseOfTheBell","Cloak And Dagger","Underhanded Strike","Blade Dance+1","Bouncing Flask","Backstab","Underhanded Strike","Dagger Throw","Accuracy","Tools of the Trade+1","Acrobatics","Blade Dance"],"relics":["Calling Bell","Nunchaku","Blue Candle","Tough Bandages","Potion Belt","StrikeDummy","Mummified Hand","SlaversCollar","Singing Bowl"],"acts_visited":["Exordium","TheCity"],"potions_floor_usage":[22],"damage_taken":[{"damage":2.0,"enemies":"Cultist","floor":1.0,"turns":5.0},{"damage":5.0,"enemies":"Small Slimes","floor":2.0,"turns":6.0},{"damage":30.0,"enemies":"3 Sentries","floor":7.0,"turns":11.0},{"damage":0.0,"enemies":"2 Louse","floor":10.0,"turns":3.0},{"damage":5.0,"enemies":"Gremlin Gang","floor":13.0,"turns":3.0},{"damage":0.0,"enemies":"Gremlin Nob","floor":14.0,"turns":2.0},{"damage":21.0,"enemies":"The Guardian","floor":16.0,"turns":12.0},{"damage":14.0,"enemies":"3 Byrds","floor":18.0,"turns":6.0},{"damage":19.0,"enemies":"Spheric Guardian","floor":21.0,"turns":4.0},{"damage":0,"enemies":"Snecko","floor":22,"turns":3},{"damage":1,"enemies":"Centurion and Healer","floor":24,"turns":6},{"damage":24,"enemies":"Slavers","floor":25,"turns":2}],"seed_played":"-5971545319919866924","potions_obtained":[{"floor":7.0,"key":"Energy Potion"},{"floor":13.0,"key":"FearPotion"},{"floor":14.0,"key":"PowerPotion"},{"floor":21.0,"key":"SneckoOil"}],"is_trial":false,"path_per_floor":["M","M","$","?","$","R","E","R","T","M","R","?","M","E","R","B",null,"M","?","?","M","M","R","M","E"],"character_chosen":"THE_SILENT","items_purchased":["Blade Dance","Bouncing Flask"],"campfire_rested":2,"item_purchase_floors":[5,5],"current_hp_per_floor":[57,52,52,32,32,32,2,21,21,21,21,21,16,16,35,14,53,39,39,39,20,22,22,23,0,0],"gold":152,"neow_bonus":"BOSS_RELIC","is_daily":false,"chose_seed":false,"campfire_upgraded":3,"win_rate":0.0,"timestamp":1610249576,"path_taken":["M","M","$","?","$","R","E","R","T","M","R","?","M","E","R","BOSS","M","?","?","M","?","R","M","E"],"items_purchased_type":["Card","Card"],"build_version":"2020-12-22","purchased_purges":0,"victory":false,"max_hp_per_floor":[66,66,66,66,66,66,66,66,66,66,66,66,66,66,66,66,66,66,66,66,66,68,68,70,70,70],"relic_stats":{"Nunchaku":[16],"Tough Bandages":[105],"Singing Bowl":4,"counters":[12,63],"Mummified Hand":[16],"Blue Candle":[2],"obtain_stats":[{"Calling Bell":0,"Potion Belt":7,"SlaversCollar":17,"Nunchaku":0,"Tough Bandages":0,"Singing Bowl":19,"Mummified Hand":14,"Blue Candle":0,"StrikeDummy":9,"Ring of the Snake":0},{"Calling Bell":0,"Potion Belt":3,"SlaversCollar":7,"Nunchaku":0,"Tough Bandages":0,"Singing Bowl":8,"Mummified Hand":6,"Blue Candle":0,"StrikeDummy":3,"Ring of the Snake":0},{"Calling Bell":0,"Potion Belt":22,"SlaversCollar":42,"Nunchaku":0,"Tough Bandages":0,"Singing Bowl":48,"Mummified Hand":30,"Blue Candle":0,"StrikeDummy":22,"Ring of the Snake":0}]},"card_choices":[{"not_picked":["Outmaneuver","Backflip"],"picked":"Cloak And Dagger","floor":1.0},{"not_picked":["Crippling Poison","Escape Plan"],"picked":"Underhanded Strike","floor":2.0},{"not_picked":["Night Terror","Backflip"],"picked":"Backstab","floor":7.0},{"not_picked":["Tactician","Dagger Spray","Well Laid Plans"],"picked":"SKIP","floor":10.0},{"not_picked":["Catalyst","Backflip"],"picked":"Dagger Throw","floor":13.0},{"not_picked":["Finisher","Deflect"],"picked":"Accuracy","floor":14.0},{"not_picked":["Bullet Time","Burst"],"picked":"Tools of the Trade","floor":16.0},{"not_picked":["Dagger Throw","Eviscerate"],"picked":"Acrobatics","floor":18.0},{"not_picked":["Acrobatics","Dodge and Roll"],"picked":"Blade Dance","floor":21.0},{"not_picked":["Well Laid Plans","Predator+1","Deadly Poison"],"picked":"Singing Bowl","floor":22},{"not_picked":["Dagger Throw","Prepared","Concentrate"],"picked":"Singing Bowl","floor":24}],"player_experience":1288702,"relics_obtained":[{"floor":0.0,"key":"Nunchaku"},{"floor":0.0,"key":"Blue Candle"},{"floor":0.0,"key":"Tough Bandages"},{"floor":7.0,"key":"Potion Belt"},{"floor":9.0,"key":"StrikeDummy"},{"floor":14.0,"key":"Mummified Hand"}],"event_choices":[{"damage_healed":0.0,"max_hp_gain":0.0,"max_hp_loss":0.0,"gold_gain":0.0,"event_name":"Shining Light","player_choice":"Entered Light","floor":4.0,"gold_loss":0.0,"damage_taken":20.0,"cards_upgraded":["Defend_G","Strike_G"]},{"damage_healed":0.0,"max_hp_gain":0.0,"max_hp_loss":0.0,"gold_gain":0.0,"cards_transformed":["Strike_G"],"event_name":"Living Wall","player_choice":"Change","floor":12.0,"gold_loss":0.0,"damage_taken":0.0,"cards_obtained":["Underhanded Strike"]},{"damage_healed":0.0,"max_hp_gain":0.0,"max_hp_loss":0.0,"gold_gain":0.0,"event_name":"Addict","player_choice":"Obtained Relic","floor":19.0,"gold_loss":85.0,"damage_taken":0.0,"relics_obtained":["Singing Bowl"]},{"damage_healed":0.0,"max_hp_gain":0.0,"max_hp_loss":0.0,"gold_gain":0.0,"event_name":"Match and Keep!","player_choice":"0 cards matched","floor":20.0,"gold_loss":0.0,"damage_taken":0.0,"cards_obtained":[]}],"is_beta":false,"boss_relics":[{"not_picked":["Sozu","Ectoplasm"],"picked":"SlaversCollar"}],"items_purged_floors":[],"is_endless":false,"potions_floor_spawned":[7,13,14,21],"killed_by":"Slavers","ascension_level":20}}