{"host":"684z1xpuwaoqmmh1","time":1610301417,"event":{"mods":["Bard","BaseMod","Downfall","Hermit","Jorbs\u0027s Wanderer Trilogy","Marisa????????","Minty Spire (QoL Compilation)","Robot Space Explorer","Shade Mod","StSLib","The Hierophant","The Marked","The Mystic"],"gold_per_floor":[112,128,141,141,159,159,186,186,210,210,221,249,262,297,297,395,395,411,411,431,449,463,492,502,530,557,472,516,534,83,8,8,118,118,138,138,162,179,32,76,101,145,193,193,227,248,290,43,43,43,43,43,17,51,51,51],"floor_reached":55,"playtime":2524,"items_purged":["RobotSpaceExplorer:Strike"],"score":1081,"play_id":"e7eb437d-e26c-4d23-9117-29077f373593","local_time":"20210110195657","is_ascension_mode":true,"campfire_choices":[{"data":"RobotSpaceExplorer:RigExplosive","floor":6,"key":"SMITH"},{"data":"RobotSpaceExplorer:Explosion","floor":8,"key":"SMITH"},{"data":"RobotSpaceExplorer:PowerGlove","floor":10,"key":"SMITH"},{"data":"RobotSpaceExplorer:PowerGlove","floor":15,"key":"SMITH"},{"data":"RobotSpaceExplorer:Accelerator","floor":32,"key":"SMITH"},{"floor":44,"key":"RECALL"},{"data":"RobotSpaceExplorer:Explosion","floor":49,"key":"SMITH"},{"data":"RobotSpaceExplorer:PowerCollector","floor":52,"key":"SMITH"}],"circlet_count":0,"master_deck":["RobotSpaceExplorer:Strike","RobotSpaceExplorer:Strike","RobotSpaceExplorer:Defend","RobotSpaceExplorer:Defend+1","RobotSpaceExplorer:Defend","RobotSpaceExplorer:Defend+1","RobotSpaceExplorer:Scan","RobotSpaceExplorer:MiniLasers","RobotSpaceExplorer:Pulsar","RobotSpaceExplorer:ScrapToss","RobotSpaceExplorer:RigExplosive+1","RobotSpaceExplorer:PowerGlove+1","RobotSpaceExplorer:Explosion+1","RobotSpaceExplorer:ScrapShield","RobotSpaceExplorer:PowerGlove+1","RobotSpaceExplorer:Probe","RobotSpaceExplorer:Reload","RobotSpaceExplorer:Accelerator+1","RobotSpaceExplorer:PowerCollector+1","RobotSpaceExplorer:ToxicBomb+1","RobotSpaceExplorer:TurboDodge","RobotSpaceExplorer:Smokescreen+1","RobotSpaceExplorer:ScrapMissile+1","RobotSpaceExplorer:PowerGlove","RobotSpaceExplorer:Comet","RobotSpaceExplorer:Explosion+1","RobotSpaceExplorer:DualCore+1","RobotSpaceExplorer:LuckyStrike+1","RobotSpaceExplorer:Pulsar+1","RobotSpaceExplorer:ScrapToss+1","RobotSpaceExplorer:FreezeRay+1"],"relics":["RobotSpaceExplorer:RoboCore","Regal Pillow","Anchor","Nunchaku","Guardian:PocketSentry","War Paint","Busted Crown","Ice Cream","CeramicFish","Happy Flower","Meat on the Bone","Juzu Bracelet","Vajra","Omamori","Black Star","Bag of Marbles","PreservedInsect","Art of War","Mercury Hourglass","hexamod:BolsterEngine","Centennial Puzzle","Pen Nib","Sundial","Frozen Egg 2","Blood Vial","Shuriken","Akabeko","Mango"],"acts_visited":["Exordium","TheCity","TheBeyond","TheEnding"],"potions_floor_usage":[5,7,7,12,12,13,14,14,20,21,22,22,24,25,25,28,28,33,35,35,41,42,46,46,47,54,54,55,55,55],"damage_taken":[{"damage":1,"enemies":"2 Louse","floor":1,"turns":3},{"damage":0,"enemies":"Cultist","floor":2,"turns":3},{"damage":0,"enemies":"Jaw Worm","floor":3,"turns":3},{"damage":8,"enemies":"Exordium Wildlife","floor":5,"turns":6},{"damage":9,"enemies":"Gremlin Nob","floor":7,"turns":3},{"damage":0,"enemies":"2 Fungi Beasts","floor":11,"turns":3},{"damage":3,"enemies":"Lagavulin","floor":12,"turns":4},{"damage":0,"enemies":"Exordium Thugs","floor":13,"turns":3},{"damage":9,"enemies":"Gremlin Nob","floor":14,"turns":3},{"damage":13,"enemies":"Hexaghost","floor":16,"turns":6},{"damage":5,"enemies":"Shell Parasite","floor":18,"turns":4},{"damage":0,"enemies":"3 Byrds","floor":20,"turns":3},{"damage":0,"enemies":"Sentry and Sphere","floor":21,"turns":3},{"damage":13,"enemies":"3 Cultists","floor":22,"turns":5},{"damage":1,"enemies":"Book of Stabbing","floor":23,"turns":3},{"damage":0,"enemies":"Chosen and Byrds","floor":24,"turns":5},{"damage":5,"enemies":"Slavers","floor":25,"turns":4},{"damage":0,"enemies":"Gremlin Leader","floor":28,"turns":6},{"damage":1,"enemies":"Snake Plant","floor":29,"turns":5},{"damage":3,"enemies":"Champ","floor":33,"turns":7},{"damage":0,"enemies":"3 Shapes","floor":35,"turns":4},{"damage":3,"enemies":"3 Darklings","floor":38,"turns":5},{"damage":33,"enemies":"Nemesis","floor":40,"turns":3},{"damage":5,"enemies":"4 Shapes","floor":41,"turns":3},{"damage":12,"enemies":"Reptomancer","floor":42,"turns":4},{"damage":0,"enemies":"Nemesis","floor":45,"turns":3},{"damage":9,"enemies":"Jaw Worm Horde","floor":46,"turns":3},{"damage":0,"enemies":"Reptomancer","floor":47,"turns":3},{"damage":16,"enemies":"Donu and Deca","floor":50,"turns":6},{"damage":22,"enemies":"Shield and Spear","floor":54,"turns":3},{"damage":92,"enemies":"The Heart","floor":55,"turns":6}],"seed_played":"-1308284412712008361","potions_obtained":[{"floor":1,"key":"ColorlessPotion"},{"floor":3,"key":"PowerPotion"},{"floor":5,"key":"DistilledChaos"},{"floor":12,"key":"hexamod:EctoCoolerPotion"},{"floor":13,"key":"Explosive Potion"},{"floor":23,"key":"AttackPotion"},{"floor":25,"key":"champ:CounterPotion"},{"floor":47,"key":"Guardian:BlockOnCardUsePotion"}],"is_trial":false,"path_per_floor":["M","M","M","?","M","R","E","R","T","R","M","E","M","E","R","B",null,"M","?","M","M","M","E","M","E","T","?","E","M","$","?","R","B",null,"M","?","T","M","$","E","M","E","T","R","E","M","E","$","R","B",null,"R","$","E","B"],"character_chosen":"RobotSpaceExplorer","items_purchased":["Vajra","RobotSpaceExplorer:PowerGlove","Omamori","PreservedInsect","Shuriken","RobotSpaceExplorer:FreezeRay+1"],"campfire_rested":0,"item_purchase_floors":[30,30,30,39,48,53],"current_hp_per_floor":[74,74,74,79,71,71,62,62,62,62,62,59,59,50,50,37,80,75,80,80,80,67,66,66,61,61,61,61,60,60,60,60,57,80,80,80,80,77,77,44,51,51,51,51,51,42,42,42,42,40,80,80,80,72,0,0],"gold":51,"neow_bonus":"RANDOM_COMMON_RELIC","is_daily":false,"chose_seed":false,"campfire_upgraded":7,"win_rate":0.0,"timestamp":1610301417,"path_taken":["M","M","M","?","M","R","E","R","T","R","M","E","M","E","R","BOSS","M","?","M","?","?","E","M","E","T","?","E","M","$","?","R","BOSS","M","?","?","M","?","E","M","E","T","R","E","M","E","$","R","BOSS","R","$","E","BOSS"],"items_purchased_type":["Relic","Card","Relic","Relic","Relic","Card"],"build_version":"2020-12-22","purchased_purges":1,"victory":false,"max_hp_per_floor":[75,75,75,80,80,80,80,80,80,80,80,80,80,80,80,80,80,80,80,80,80,80,80,80,80,80,80,80,80,80,80,80,80,80,80,80,80,80,80,80,80,80,80,80,80,80,80,80,80,80,80,80,80,94,94,94],"card_choices":[{"not_picked":["RobotSpaceExplorer:StunGrenade","RobotSpaceExplorer:MetalStrike"],"picked":"RobotSpaceExplorer:Pulsar","floor":1},{"not_picked":["RobotSpaceExplorer:GlueShot","RobotSpaceExplorer:SlimeMissile"],"picked":"RobotSpaceExplorer:ScrapToss","floor":2},{"not_picked":["RobotSpaceExplorer:Blitz","RobotSpaceExplorer:ToxicBomb"],"picked":"RobotSpaceExplorer:RigExplosive","floor":3},{"not_picked":["RobotSpaceExplorer:Fix","RobotSpaceExplorer:FrostMissile"],"picked":"RobotSpaceExplorer:PowerGlove","floor":5},{"not_picked":["RobotSpaceExplorer:Probe","RobotSpaceExplorer:Fix"],"picked":"RobotSpaceExplorer:Explosion","floor":7},{"not_picked":["RobotSpaceExplorer:FranticSearch","RobotSpaceExplorer:FreezingShield"],"picked":"RobotSpaceExplorer:ScrapShield","floor":11},{"not_picked":["RobotSpaceExplorer:DoubleBlock","RobotSpaceExplorer:ScrapMissile"],"picked":"RobotSpaceExplorer:PowerGlove","floor":12},{"not_picked":["RobotSpaceExplorer:SwiftStep","RobotSpaceExplorer:DoubleFind"],"picked":"RobotSpaceExplorer:Probe","floor":13},{"not_picked":["RobotSpaceExplorer:Electropulse","RobotSpaceExplorer:FreezingShield"],"picked":"RobotSpaceExplorer:Reload","floor":14},{"not_picked":["RobotSpaceExplorer:Scanner","RobotSpaceExplorer:Multitool"],"picked":"RobotSpaceExplorer:Accelerator","floor":16},{"not_picked":[],"picked":"RobotSpaceExplorer:PowerCollector","floor":18},{"not_picked":["RobotSpaceExplorer:Pulsar"],"picked":"SKIP","floor":20},{"not_picked":["RobotSpaceExplorer:FrostMissile"],"picked":"SKIP","floor":21},{"not_picked":[],"picked":"RobotSpaceExplorer:ToxicBomb+1","floor":22},{"not_picked":[],"picked":"RobotSpaceExplorer:TurboDodge","floor":23},{"not_picked":[],"picked":"RobotSpaceExplorer:Smokescreen+1","floor":24},{"not_picked":["RobotSpaceExplorer:MakeshiftVolley"],"picked":"SKIP","floor":25},{"not_picked":[],"picked":"RobotSpaceExplorer:ScrapMissile+1","floor":28},{"not_picked":["RobotSpaceExplorer:StunGrenade+1"],"picked":"SKIP","floor":29},{"not_picked":[],"picked":"RobotSpaceExplorer:Comet","floor":33},{"not_picked":["RobotSpaceExplorer:GlueShot+1"],"picked":"SKIP","floor":35},{"not_picked":["RobotSpaceExplorer:FrostMissile"],"picked":"SKIP","floor":38},{"not_picked":[],"picked":"RobotSpaceExplorer:Explosion","floor":40},{"not_picked":[],"picked":"RobotSpaceExplorer:DualCore+1","floor":41},{"not_picked":[],"picked":"RobotSpaceExplorer:LuckyStrike+1","floor":42},{"not_picked":["RobotSpaceExplorer:Counterblock+1"],"picked":"SKIP","floor":45},{"not_picked":[],"picked":"RobotSpaceExplorer:Pulsar+1","floor":46},{"not_picked":[],"picked":"RobotSpaceExplorer:ScrapToss+1","floor":47},{"not_picked":["RobotSpaceExplorer:GlueSpray+1"],"picked":"SKIP","floor":54}],"player_experience":2473434,"relics_obtained":[{"floor":7,"key":"Anchor"},{"floor":9,"key":"Nunchaku"},{"floor":12,"key":"Guardian:PocketSentry"},{"floor":14,"key":"War Paint"},{"floor":23,"key":"Ice Cream"},{"floor":25,"key":"CeramicFish"},{"floor":26,"key":"Happy Flower"},{"floor":28,"key":"Juzu Bracelet"},{"floor":37,"key":"Bag of Marbles"},{"floor":40,"key":"Art of War"},{"floor":40,"key":"Mercury Hourglass"},{"floor":42,"key":"hexamod:BolsterEngine"},{"floor":42,"key":"Centennial Puzzle"},{"floor":45,"key":"Pen Nib"},{"floor":45,"key":"Sundial"},{"floor":47,"key":"Frozen Egg 2"},{"floor":47,"key":"Blood Vial"},{"floor":54,"key":"Akabeko"},{"floor":54,"key":"Mango"}],"event_choices":[{"damage_healed":0,"gold_gain":0,"player_choice":"Donut","damage_taken":0,"max_hp_gain":5,"max_hp_loss":0,"event_name":"Big Fish","floor":4,"gold_loss":0},{"damage_healed":5,"gold_gain":0,"player_choice":"Full Heal","damage_taken":0,"max_hp_gain":0,"max_hp_loss":0,"event_name":"Wheel of Change","floor":19,"gold_loss":0},{"damage_healed":0,"gold_gain":0,"player_choice":"Obtained Relic","damage_taken":0,"relics_obtained":["Meat on the Bone"],"max_hp_gain":0,"max_hp_loss":0,"event_name":"Addict","floor":27,"gold_loss":85},{"cards_removed":["RobotSpaceExplorer:Strike"],"damage_healed":0,"gold_gain":0,"player_choice":"Gave Gold","damage_taken":0,"max_hp_gain":0,"max_hp_loss":0,"event_name":"Beggar","floor":31,"gold_loss":75},{"damage_healed":0,"gold_gain":0,"player_choice":"Ignored","damage_taken":0,"max_hp_gain":0,"max_hp_loss":0,"event_name":"Tomb of Lord Red Mask","floor":36,"gold_loss":0}],"is_beta":false,"boss_relics":[{"not_picked":["Runic Pyramid","Calling Bell"],"picked":"Busted Crown"},{"not_picked":["Sozu","sneckomod:SneckoTalon"],"picked":"Black Star"}],"items_purged_floors":[30],"is_endless":false,"potions_floor_spawned":[1,3,5,12,13,18,20,21,23,25,38,40,45,47],"killed_by":"The Heart","ascension_level":2}}