{"host":"s4ae7avgknp5vwpe","time":1610313350,"event":{"mods":["BaseMod","Minty Spire (QoL Compilation)"],"gold_per_floor":[117,117,131,131,144,144,155,183,207,47,47,47,58,89,89,190,190,208,220,220,237,267,267,267],"floor_reached":23,"playtime":860,"items_purged":["Strike_B"],"score":241,"play_id":"af6e2898-1d87-4dac-8be8-d1738e0a6281","local_time":"20210110131550","is_ascension_mode":true,"campfire_choices":[{"data":"Zap","floor":6,"key":"SMITH"},{"floor":15,"key":"REST"}],"circlet_count":0,"master_deck":["Strike_B","Strike_B","Defend_B","Defend_B","Defend_B","Defend_B+1","Zap+1","Dualcast","Rebound","Redo+1","Scrape+1","Go for the Eyes","Flash of Steel","Gash","FTL","Steam Power","Self Repair","Go for the Eyes","Go for the Eyes+1"],"relics":["Cracked Core","NeowsBlessing","Blood Vial","Nunchaku","War Paint","Strawberry","Kunai","Sozu","MutagenicStrength","Red Mask"],"acts_visited":["Exordium","TheCity"],"potions_floor_usage":[16],"damage_taken":[{"damage":0,"enemies":"Jaw Worm","floor":1,"turns":1},{"damage":0,"enemies":"Cultist","floor":3,"turns":1},{"damage":0,"enemies":"2 Louse","floor":5,"turns":1},{"damage":10,"enemies":"Exordium Thugs","floor":7,"turns":4},{"damage":35,"enemies":"Lagavulin","floor":8,"turns":5},{"damage":0,"enemies":"2 Fungi Beasts","floor":13,"turns":2},{"damage":12,"enemies":"3 Sentries","floor":14,"turns":4},{"damage":23,"enemies":"Hexaghost","floor":16,"turns":6},{"damage":0,"enemies":"Shell Parasite","floor":18,"turns":2},{"damage":24,"enemies":"2 Thieves","floor":19,"turns":4},{"damage":36,"enemies":"Snecko","floor":21,"turns":6},{"damage":0,"enemies":"Masked Bandits","floor":22,"turns":3},{"damage":37,"enemies":"Slavers","floor":23,"turns":3}],"seed_played":"-5408273596723563529","potions_obtained":[{"floor":3,"key":"Fire Potion"},{"floor":8,"key":"Fire Potion"}],"is_trial":false,"path_per_floor":["M","?","M","?","M","R","M","E","T","$","?","?","M","E","R","B",null,"M","M","?","M","?","E"],"character_chosen":"DEFECT","items_purchased":["Flash of Steel"],"campfire_rested":1,"item_purchase_floors":[10],"current_hp_per_floor":[75,68,68,68,70,70,62,29,29,29,29,33,35,25,49,28,82,82,58,58,31,33,0,0],"gold":267,"neow_bonus":"THREE_ENEMY_KILL","is_daily":false,"chose_seed":false,"campfire_upgraded":1,"win_rate":0.0,"timestamp":1610313350,"path_taken":["M","?","M","?","?","R","M","E","T","$","?","?","?","E","R","BOSS","M","M","?","M","?","E"],"items_purchased_type":["Card"],"build_version":"2020-12-22","purchased_purges":1,"victory":false,"max_hp_per_floor":[75,75,75,75,75,75,75,75,75,75,75,82,82,82,82,82,82,82,82,82,82,82,82,82],"card_choices":[{"not_picked":["Compile Driver","Rip and Tear"],"picked":"Rebound","floor":1},{"not_picked":["Streamline","Compile Driver"],"picked":"Redo","floor":3},{"not_picked":["Barrage","Consume","Redo"],"picked":"SKIP","floor":5},{"not_picked":["Blizzard","Glacier"],"picked":"Scrape","floor":7},{"not_picked":["Genetic Algorithm","Rip and Tear"],"picked":"Go for the Eyes","floor":8},{"not_picked":["Consume","Capacitor"],"picked":"Gash","floor":13},{"not_picked":["Rip and Tear","Machine Learning"],"picked":"FTL","floor":14},{"not_picked":["Reinforced Body","Loop+1"],"picked":"Steam Power","floor":18},{"not_picked":["Darkness","Hologram"],"picked":"Self Repair","floor":19},{"not_picked":["Cold Snap","Streamline"],"picked":"Go for the Eyes","floor":21},{"not_picked":["Rip and Tear","Steam Power"],"picked":"Go for the Eyes+1","floor":22}],"player_experience":242659,"relics_obtained":[{"floor":8,"key":"Nunchaku"},{"floor":9,"key":"War Paint"},{"floor":14,"key":"Kunai"},{"floor":22,"key":"Red Mask"}],"event_choices":[{"cards_removed":["Strike_B"],"damage_healed":0,"gold_gain":0,"player_choice":"Card Removal","damage_taken":7,"max_hp_gain":0,"max_hp_loss":0,"event_name":"Golden Wing","floor":2,"gold_loss":0},{"damage_healed":0,"gold_gain":0,"player_choice":"Gave Potion","damage_taken":0,"relics_obtained":["Blood Vial"],"max_hp_gain":0,"max_hp_loss":0,"event_name":"WeMeetAgain","floor":4,"gold_loss":0},{"damage_healed":0,"gold_gain":0,"player_choice":"Grow","damage_taken":0,"max_hp_gain":0,"max_hp_loss":0,"event_name":"Living Wall","floor":11,"gold_loss":0,"cards_upgraded":["Scrape"]},{"damage_healed":0,"gold_gain":0,"player_choice":"Success","damage_taken":3,"relics_obtained":["Strawberry"],"max_hp_gain":0,"max_hp_loss":0,"event_name":"Scrap Ooze","floor":12,"gold_loss":0},{"damage_healed":0,"gold_gain":0,"player_choice":"Inject Mutagens","damage_taken":0,"relics_obtained":["MutagenicStrength"],"max_hp_gain":0,"max_hp_loss":0,"event_name":"Drug Dealer","floor":20,"gold_loss":0},{"damage_healed":0,"gold_gain":0,"player_choice":"Fought Bandits","damage_taken":0,"max_hp_gain":0,"max_hp_loss":0,"event_name":"Masked Bandits","floor":22,"gold_loss":0}],"is_beta":false,"boss_relics":[{"not_picked":["Cursed Key","Astrolabe"],"picked":"Sozu"}],"items_purged_floors":[10],"is_endless":false,"potions_floor_spawned":[3,8,18,19],"killed_by":"Slavers","ascension_level":4}}