{"host":"l60rmjjsfi0fipmi","time":1610314902,"event":{"mods":["BaseMod","Colored Map","DeckTracker","Highlight Path","Minty Spire (QoL Compilation)"],"gold_per_floor":[116,132,132,64,64,64,97,113,113,113,31,31,31,60,60,163,163,175,100,119,119,119],"floor_reached":21,"playtime":1032,"items_purged":["Strike_R"],"score":204,"play_id":"81fe1ea7-17fd-4b6b-b4ea-e6ed61c022b9","local_time":"20210110164142","is_ascension_mode":true,"campfire_choices":[{"data":"Shrug It Off","floor":6,"key":"SMITH"},{"data":"Anger","floor":10,"key":"SMITH"},{"data":"Iron Wave","floor":12,"key":"SMITH"},{"data":"Immolate","floor":15,"key":"SMITH"}],"circlet_count":0,"master_deck":["Strike_R","Strike_R+1","Strike_R","Defend_R","Defend_R","Defend_R","Defend_R","Bash+1","Shrug It Off+1","Anger+1","Sever Soul","Inflame","Bash","Swift Strike","Corruption","Immolate+1","Iron Wave+1","Rupture+1","Flame Barrier","Demon Form","Evolve+1"],"relics":["Black Blood","Pantograph","Tiny Chest","Bag of Preparation"],"acts_visited":["Exordium","TheCity"],"potions_floor_usage":[21,21],"damage_taken":[{"damage":10,"enemies":"Small Slimes","floor":1,"turns":4},{"damage":1,"enemies":"Cultist","floor":2,"turns":3},{"damage":15,"enemies":"Lagavulin","floor":7,"turns":5},{"damage":0,"enemies":"2 Louse","floor":8,"turns":3},{"damage":17,"enemies":"Gremlin Nob","floor":14,"turns":4},{"damage":31,"enemies":"Slime Boss","floor":16,"turns":8},{"damage":26,"enemies":"Spheric Guardian","floor":18,"turns":5},{"damage":41,"enemies":"3 Byrds","floor":20,"turns":7},{"damage":39,"enemies":"Shelled Parasite and Fungi","floor":21,"turns":5}],"seed_played":"-230433565734372083","potions_obtained":[{"floor":1,"key":"GamblersBrew"},{"floor":2,"key":"ColorlessPotion"},{"floor":7,"key":"DuplicationPotion"}],"is_trial":false,"path_per_floor":["M","M","?","$","?","R","E","M","T","R","$","R","?","E","R","B",null,"M","$","M","M"],"character_chosen":"IRONCLAD","items_purchased":["Inflame","Rupture"],"campfire_rested":0,"item_purchase_floors":[4,11],"current_hp_per_floor":[76,80,64,64,64,64,55,61,61,61,61,61,61,50,50,50,80,66,66,37,0,0],"gold":119,"neow_bonus":"TRANSFORM_CARD","is_daily":false,"chose_seed":false,"campfire_upgraded":4,"win_rate":0.0,"timestamp":1610314902,"path_taken":["M","M","?","$","?","R","E","?","T","R","$","R","?","E","R","BOSS","M","$","M","?"],"items_purchased_type":["Card","Card"],"build_version":"2020-12-22","purchased_purges":1,"victory":false,"max_hp_per_floor":[80,80,80,80,80,80,80,80,80,80,80,80,80,80,80,80,80,80,80,80,80,80],"card_choices":[{"not_picked":["Combust","Headbutt"],"picked":"Anger","floor":1},{"not_picked":["Pummel","Headbutt"],"picked":"Sever Soul","floor":2},{"not_picked":["Hemokinesis","Dropkick"],"picked":"Immolate","floor":7},{"not_picked":["Shrug It Off","Havoc"],"picked":"Iron Wave","floor":8},{"not_picked":["Headbutt","Clash"],"picked":"Flame Barrier","floor":14},{"not_picked":["Corruption","Offering"],"picked":"Demon Form","floor":16},{"not_picked":["Infernal Blade+1","Cleave"],"picked":"Evolve+1","floor":18},{"not_picked":["Wild Strike","Flex","Battle Trance"],"picked":"SKIP","floor":20}],"player_experience":324222,"relics_obtained":[{"floor":7,"key":"Pantograph"},{"floor":9,"key":"Tiny Chest"},{"floor":14,"key":"Bag of Preparation"}],"event_choices":[{"damage_healed":0,"gold_gain":0,"player_choice":"Entered Light","damage_taken":16,"max_hp_gain":0,"max_hp_loss":0,"event_name":"Shining Light","floor":3,"gold_loss":0,"cards_upgraded":["Strike_R","Bash"]},{"damage_healed":0,"gold_gain":0,"player_choice":"3 cards matched","damage_taken":0,"max_hp_gain":0,"max_hp_loss":0,"event_name":"Match and Keep!","floor":5,"gold_loss":0,"cards_obtained":["Bash","Swift Strike","Corruption"]},{"damage_healed":0,"gold_gain":0,"player_choice":"Forge","damage_taken":0,"max_hp_gain":0,"max_hp_loss":0,"event_name":"Accursed Blacksmith","floor":13,"gold_loss":0,"cards_upgraded":["Rupture"]}],"is_beta":false,"boss_relics":[{"not_picked":["Busted Crown","Tiny House"],"picked":"Black Blood"}],"items_purged_floors":[19],"is_endless":false,"potions_floor_spawned":[1,2,7],"killed_by":"Shelled Parasite and Fungi","ascension_level":2}}