{"host":"xsuxkwaivmtd234a","time":1610292006,"event":{"mods":["BaseMod","Colored Map","Filter the Spire","Minty Spire (QoL Compilation)","Relic Stats","StSLib"],"gold_per_floor":[366,366,380,103,117,117,145,145,145,171,171,187,201,236,236,335,335,354,366,386,386,301,301,336,336,360,385,400,434,447,477,477,577,577,597,647,664,664,340,370,370,385,409,409,50,84,84,0,0,0,0,0,0,33,33],"floor_reached":56,"playtime":3813,"items_purged":["Shame","Dagger Throw"],"score":1586,"play_id":"c2d514bd-76d5-4046-8638-e0fe63a5e264","local_time":"20210110102006","is_ascension_mode":true,"campfire_choices":[{"data":"Predator","floor":6.0,"key":"SMITH"},{"data":"Well Laid Plans","floor":8.0,"key":"SMITH"},{"data":"Catalyst","floor":15.0,"key":"SMITH"},{"data":"Deadly Poison","floor":23.0,"key":"SMITH"},{"data":"Neutralize","floor":25.0,"key":"SMITH"},{"data":"Leg Sweep","floor":32,"key":"SMITH"},{"floor":41,"key":"RECALL"},{"data":"Blind","floor":49,"key":"SMITH"},{"data":"PanicButton","floor":52,"key":"SMITH"}],"circlet_count":0,"master_deck":["Defend_G","Defend_G","Defend_G","Defend_G","Defend_G","Survivor","Neutralize+1","Blade Dance+1","Predator+1","Well Laid Plans+1","Catalyst+1","Corpse Explosion","Bullet Time","Deadly Poison+1","Blade Dance+1","Bite","Bite","Bite","Bite","Crippling Poison+1","Leg Sweep+1","Corpse Explosion","Acrobatics+1","After Image","Dash+1","Madness","Madness","Caltrops","Crippling Poison+1","PiercingWail+1","Caltrops","Blur+1","Blind+1","PanicButton+1","Footwork"],"relics":["Ring of the Snake","PreservedInsect","Lizard Tail","CaptainsWheel","Oddly Smooth Stone","Anchor","Snecko Eye","Incense Burner","Lantern","Art of War","StoneCalendar","Dream Catcher","Du-Vu Doll","SacredBark","Unceasing Top","ClockworkSouvenir","Bronze Scales","FossilizedHelix","Juzu Bracelet","Red Mask","Paper Crane"],"acts_visited":["Exordium","TheCity","TheBeyond","TheEnding"],"potions_floor_usage":[33,40,55,55,55],"damage_taken":[{"damage":0.0,"enemies":"2 Louse","floor":1.0,"turns":2.0},{"damage":1.0,"enemies":"Small Slimes","floor":3.0,"turns":4.0},{"damage":6.0,"enemies":"Jaw Worm","floor":5.0,"turns":2.0},{"damage":5.0,"enemies":"3 Sentries","floor":7.0,"turns":4.0},{"damage":0.0,"enemies":"Lagavulin","floor":10.0,"turns":4.0},{"damage":0.0,"enemies":"Large Slime","floor":12.0,"turns":4.0},{"damage":0.0,"enemies":"2 Fungi Beasts","floor":13.0,"turns":2.0},{"damage":9.0,"enemies":"3 Sentries","floor":14.0,"turns":2.0},{"damage":16.0,"enemies":"Slime Boss","floor":16.0,"turns":9.0},{"damage":0.0,"enemies":"3 Byrds","floor":18.0,"turns":1.0},{"damage":6.0,"enemies":"Shell Parasite","floor":19.0,"turns":4.0},{"damage":16.0,"enemies":"3 Cultists","floor":20.0,"turns":3.0},{"damage":6.0,"enemies":"Book of Stabbing","floor":24.0,"turns":4.0},{"damage":0,"enemies":"Gremlin Leader","floor":27,"turns":4},{"damage":5,"enemies":"Snake Plant","floor":28,"turns":3},{"damage":0,"enemies":"Book of Stabbing","floor":29,"turns":3},{"damage":4,"enemies":"Shelled Parasite and Fungi","floor":30,"turns":3},{"damage":0,"enemies":"Gremlin Leader","floor":31,"turns":3},{"damage":0,"enemies":"Champ","floor":33,"turns":5},{"damage":0,"enemies":"3 Shapes","floor":35,"turns":2},{"damage":0,"enemies":"Mind Bloom Boss Battle","floor":36,"turns":5},{"damage":11,"enemies":"Orb Walker","floor":37,"turns":3},{"damage":3,"enemies":"Reptomancer","floor":40,"turns":4},{"damage":21,"enemies":"Writhing Mass","floor":42,"turns":4},{"damage":0,"enemies":"Nemesis","floor":46,"turns":7},{"damage":46,"enemies":"Time Eater","floor":50,"turns":13},{"damage":0,"enemies":"Shield and Spear","floor":54,"turns":4},{"damage":37,"enemies":"The Heart","floor":55,"turns":11}],"seed_played":"-6516516524810945269","potions_obtained":[{"floor":1.0,"key":"Block Potion"},{"floor":5.0,"key":"SmokeBomb"},{"floor":7.0,"key":"GamblersBrew"},{"floor":13.0,"key":"BlessingOfTheForge"},{"floor":18.0,"key":"Strength Potion"},{"floor":20.0,"key":"Regen Potion"},{"floor":29,"key":"Block Potion"},{"floor":35,"key":"Strength Potion"},{"floor":46,"key":"FearPotion"}],"is_trial":false,"path_per_floor":["M","?","M","$","M","R","E","R","T","E","?","M","M","E","R","B",null,"M","M","M","?","?","R","E","R","T","E","M","E","M","E","R","B",null,"M","?","M","?","$","E","R","M","T","?","$","E","?","?","R","B",null,"R","$","E","B",null],"character_chosen":"THE_SILENT","items_purchased":["PreservedInsect","Dagger Throw","Caltrops","ClockworkSouvenir","FossilizedHelix","Caltrops"],"campfire_rested":0,"item_purchase_floors":[4,4,39,39,45,45],"current_hp_per_floor":[70,56,55,55,49,49,44,44,44,44,37,39,41,34,34,20,70,70,64,50,50,50,50,54,54,54,64,65,70,66,70,70,70,70,70,70,63,54,54,63,63,50,50,50,50,64,54,54,54,20,70,70,70,70,54],"gold":33,"neow_bonus":"TWO_FIFTY_GOLD","is_daily":false,"chose_seed":false,"campfire_upgraded":8,"win_rate":0.0,"timestamp":1610292006,"path_taken":["M","?","M","$","M","R","E","R","T","E","?","M","M","E","R","BOSS","M","M","M","?","?","R","E","R","T","E","M","E","M","E","R","BOSS","M","?","M","?","$","E","R","M","T","?","$","E","?","?","R","BOSS","R","$","E","BOSS"],"items_purchased_type":["Relic","Card","Card","Relic","Relic","Card"],"build_version":"2020-12-22","purchased_purges":2,"victory":true,"max_hp_per_floor":[70,70,70,70,70,70,70,70,70,70,70,70,70,70,70,70,70,70,70,70,70,70,70,70,70,70,70,70,70,70,70,70,70,70,70,70,70,70,70,70,70,70,70,70,70,70,70,70,70,70,70,70,70,70,70],"relic_stats":{"Lizard Tail":0,"Dream Catcher":0,"counters":[28,119],"Bronze Scales":[241],"Snecko Eye":[165,166,185,163],"StoneCalendar":[136],"PreservedInsect":435,"Art of War":[15],"Juzu Bracelet":1,"obtain_stats":[{"Lantern":24,"SacredBark":34,"Oddly Smooth Stone":11,"StoneCalendar":27,"PreservedInsect":4,"Incense Burner":22,"Juzu Bracelet":46,"Paper Crane":54,"ClockworkSouvenir":39,"Blood Vial":10,"Du-Vu Doll":31,"Lizard Tail":7,"CaptainsWheel":9,"Anchor":14,"Dream Catcher":29,"Bronze Scales":40,"Snecko Eye":17,"Art of War":26,"Red Mask":48,"Unceasing Top":36,"FossilizedHelix":45,"Ring of the Snake":0},{"Lantern":13,"SacredBark":19,"Oddly Smooth Stone":5,"StoneCalendar":14,"PreservedInsect":2,"Incense Burner":12,"Juzu Bracelet":25,"Paper Crane":27,"ClockworkSouvenir":22,"Blood Vial":5,"Du-Vu Doll":18,"Lizard Tail":4,"CaptainsWheel":4,"Anchor":8,"Dream Catcher":16,"Bronze Scales":23,"Snecko Eye":9,"Art of War":13,"Red Mask":25,"Unceasing Top":21,"FossilizedHelix":24,"Ring of the Snake":0},{"Lantern":45,"SacredBark":66,"Oddly Smooth Stone":16,"StoneCalendar":49,"PreservedInsect":6,"Incense Burner":41,"Juzu Bracelet":91,"Paper Crane":108,"ClockworkSouvenir":76,"Blood Vial":16,"Du-Vu Doll":61,"Lizard Tail":12,"CaptainsWheel":12,"Anchor":24,"Dream Catcher":55,"Bronze Scales":80,"Snecko Eye":33,"Art of War":45,"Red Mask":91,"Unceasing Top":73,"FossilizedHelix":84,"Ring of the Snake":0}],"Unceasing Top":[2],"Ring of the Snake":[56]},"card_choices":[{"not_picked":["Flechettes","Dagger Throw"],"picked":"Blade Dance","floor":1.0},{"not_picked":["Dodge and Roll","Dash"],"picked":"Predator","floor":3.0},{"not_picked":["Dagger Throw","Dodge and Roll","Bane"],"picked":"SKIP","floor":5.0},{"not_picked":["Cloak And Dagger","Setup"],"picked":"Well Laid Plans","floor":7.0},{"not_picked":["Distraction","Infinite Blades","Flechettes"],"picked":"SKIP","floor":10.0},{"not_picked":["Quick Slash","Cloak And Dagger"],"picked":"Catalyst","floor":12.0},{"not_picked":["Masterful Stab","Underhanded Strike"],"picked":"Corpse Explosion","floor":13.0},{"not_picked":["Deflect","Quick Slash","Poisoned Stab"],"picked":"SKIP","floor":14.0},{"not_picked":["Adrenaline","Grand Finale"],"picked":"Bullet Time","floor":16.0},{"not_picked":["Underhanded Strike","All Out Attack"],"picked":"Deadly Poison","floor":18.0},{"not_picked":["Eviscerate","Prepared"],"picked":"Blade Dance+1","floor":19.0},{"not_picked":["Setup","Slice","Heel Hook"],"picked":"SKIP","floor":20.0},{"not_picked":["Flying Knee","Slice","Expertise"],"picked":"SKIP","floor":24.0},{"not_picked":["Malaise","Acrobatics"],"picked":"Crippling Poison+1","floor":27},{"not_picked":["All Out Attack","Masterful Stab","Dodge and Roll"],"picked":"SKIP","floor":28},{"not_picked":["Bane+1","Deadly Poison"],"picked":"Leg Sweep","floor":29},{"not_picked":["Tactician","Poisoned Stab"],"picked":"Corpse Explosion","floor":30},{"not_picked":["Slice","Dagger Spray"],"picked":"Acrobatics+1","floor":31},{"not_picked":["Storm of Steel","Unload"],"picked":"After Image","floor":33},{"not_picked":["Distraction","Setup+1","Dagger Spray"],"picked":"SKIP","floor":35},{"not_picked":["Dagger Spray","Concentrate"],"picked":"Dash+1","floor":36},{"not_picked":["Dodge and Roll+1","Bane","Heel Hook"],"picked":"SKIP","floor":37},{"not_picked":["Doppelganger","PiercingWail"],"picked":"Crippling Poison+1","floor":40},{"not_picked":["Underhanded Strike+1","Slice+1"],"picked":"PiercingWail+1","floor":42},{"not_picked":["All Out Attack","Flechettes+1"],"picked":"Blur+1","floor":46},{"not_picked":["The Bomb","Impatience"],"picked":"Blind","floor":47},{"not_picked":["Violence","Enlightenment"],"picked":"PanicButton","floor":47},{"not_picked":["Slice","Quick Slash"],"picked":"Footwork","floor":54}],"player_experience":1138565,"relics_obtained":[{"floor":7.0,"key":"Lizard Tail"},{"floor":9.0,"key":"CaptainsWheel"},{"floor":10.0,"key":"Blood Vial"},{"floor":14.0,"key":"Anchor"},{"floor":24.0,"key":"Lantern"},{"floor":26.0,"key":"Art of War"},{"floor":27,"key":"StoneCalendar"},{"floor":29,"key":"Dream Catcher"},{"floor":31,"key":"Du-Vu Doll"},{"floor":36,"key":"Unceasing Top"},{"floor":40,"key":"Bronze Scales"},{"floor":46,"key":"Juzu Bracelet"},{"floor":54,"key":"Paper Crane"}],"event_choices":[{"damage_healed":0.0,"max_hp_gain":0.0,"max_hp_loss":0.0,"gold_gain":0.0,"event_name":"Shining Light","player_choice":"Entered Light","floor":2.0,"gold_loss":0.0,"damage_taken":14.0,"cards_upgraded":["Strike_G","Blade Dance"]},{"damage_healed":0.0,"max_hp_gain":0.0,"max_hp_loss":0.0,"gold_gain":0.0,"event_name":"Scrap Ooze","player_choice":"Success","floor":11.0,"gold_loss":0.0,"damage_taken":7.0,"relics_obtained":["Oddly Smooth Stone"]},{"damage_healed":0.0,"max_hp_gain":0.0,"max_hp_loss":0.0,"gold_gain":0.0,"event_name":"Vampires","player_choice":"Became a vampire (Vial)","floor":21.0,"relics_lost":["Blood Vial"],"gold_loss":0.0,"damage_taken":0.0,"cards_obtained":["Bite","Bite","Bite","Bite","Bite"]},{"damage_healed":0.0,"max_hp_gain":0.0,"max_hp_loss":0.0,"gold_gain":0.0,"event_name":"Addict","player_choice":"Obtained Relic","floor":22.0,"gold_loss":85.0,"damage_taken":0.0,"relics_obtained":["Incense Burner"]},{"damage_healed":0,"gold_gain":0,"player_choice":"Fight","damage_taken":0,"max_hp_gain":0,"max_hp_loss":0,"event_name":"MindBloom","floor":36,"gold_loss":0},{"damage_healed":0,"gold_gain":0,"player_choice":"Embrace Madness","damage_taken":9,"max_hp_gain":0,"max_hp_loss":0,"event_name":"Winding Halls","floor":38,"gold_loss":0,"cards_obtained":["Madness","Madness"]},{"cards_removed":["Bite"],"damage_healed":0,"gold_gain":0,"player_choice":"Removed Attack","damage_taken":0,"max_hp_gain":0,"max_hp_loss":0,"event_name":"Falling","floor":44,"gold_loss":0},{"damage_healed":0,"gold_gain":0,"player_choice":"Memory 3","damage_taken":10,"max_hp_gain":0,"max_hp_loss":0,"event_name":"SensoryStone","floor":47,"gold_loss":0},{"damage_healed":0,"gold_gain":0,"player_choice":"Paid","damage_taken":0,"relics_obtained":["Red Mask"],"max_hp_gain":0,"max_hp_loss":0,"event_name":"Tomb of Lord Red Mask","floor":48,"gold_loss":84}],"is_beta":false,"boss_relics":[{"not_picked":["Runic Dome","Empty Cage"],"picked":"Snecko Eye"},{"not_picked":["Ring of the Serpent","Velvet Choker"],"picked":"SacredBark"}],"items_purged_floors":[4,39],"is_endless":false,"potions_floor_spawned":[1,5,7,13,18,20,28,29,35,37,46],"ascension_level":1}}