{"host":"fa35vd3kig5td25x","time":1610271471,"event":{"mods":["BaseMod","Colored Powertips","Minty Spire (QoL Compilation)","Relic Stats","Slay the Relics Exporter"],"gold_per_floor":[116,116,129,129,150,150,194,210,263,343,78,78,78,101,101,197,197,210,230,230,245,268,268,302,302,325,325,325,240,19,39,39,134,134,157,490,507,507,523,558,558,587,611,611,629,629,46,73,73,73,73,73,73,19,46,46],"floor_reached":57,"playtime":4992,"items_purged":["Strike_G","Unload"],"score":2891,"play_id":"92447e72-3c37-48a0-ba4e-4a4bea5924a9","local_time":"20210110103751","is_ascension_mode":true,"campfire_choices":[{"data":"Finisher","floor":6,"key":"SMITH"},{"floor":13,"key":"REST"},{"data":"Noxious Fumes","floor":15,"key":"SMITH"},{"data":"Footwork","floor":23,"key":"SMITH"},{"floor":32,"key":"REST"},{"floor":41,"key":"RECALL"},{"data":"Wraith Form v2","floor":44,"key":"SMITH"},{"data":"Malaise","floor":49,"key":"SMITH"},{"data":"Bane","floor":53,"key":"PURGE"}],"circlet_count":0,"master_deck":["AscendersBane","Survivor","Neutralize+1","Finisher+1","Cloak And Dagger+1","Noxious Fumes+1","Blade Dance+1","Footwork+1","Adrenaline","PiercingWail","Malaise+1","Night Terror","Wraith Form v2+1","Blade Dance","Prepared","Cloak And Dagger","Writhe","After Image","Escape Plan","Backflip","Outmaneuver","PiercingWail","Infinite Blades","Adrenaline","Well Laid Plans+1","Blur","Flash of Steel","PiercingWail","Leg Sweep","Escape Plan"],"relics":["Ring of the Snake","Blue Candle","War Paint","Nunchaku","Thread and Needle","Pandora\u0027s Box","Shuriken","Centennial Puzzle","Regal Pillow","Peace Pipe","OrangePellets","Cursed Key","Lizard Tail","Omamori","Bird Faced Urn","Bag of Preparation","Boot","HornCleat"],"acts_visited":["Exordium","TheCity","TheBeyond","TheEnding"],"potions_floor_usage":[7,7,24,33,40,56,56],"damage_taken":[{"damage":0,"enemies":"2 Louse","floor":1,"turns":3},{"damage":5,"enemies":"Jaw Worm","floor":3,"turns":6},{"damage":0,"enemies":"Cultist","floor":5,"turns":3},{"damage":0,"enemies":"Lagavulin","floor":7,"turns":7},{"damage":6,"enemies":"Exordium Wildlife","floor":8,"turns":4},{"damage":15,"enemies":"3 Sentries","floor":10,"turns":6},{"damage":0,"enemies":"3 Louse","floor":14,"turns":4},{"damage":5,"enemies":"The Guardian","floor":16,"turns":11},{"damage":0,"enemies":"Shell Parasite","floor":18,"turns":3},{"damage":4,"enemies":"Spheric Guardian","floor":19,"turns":5},{"damage":1,"enemies":"Chosen and Byrds","floor":21,"turns":8},{"damage":12,"enemies":"Snake Plant","floor":22,"turns":6},{"damage":18,"enemies":"Gremlin Leader","floor":24,"turns":7},{"damage":7,"enemies":"Centurion and Healer","floor":31,"turns":5},{"damage":6,"enemies":"Collector","floor":33,"turns":8},{"damage":1,"enemies":"3 Shapes","floor":35,"turns":3},{"damage":1,"enemies":"Orb Walker","floor":37,"turns":2},{"damage":2,"enemies":"4 Shapes","floor":39,"turns":7},{"damage":1,"enemies":"Reptomancer","floor":40,"turns":7},{"damage":4,"enemies":"Nemesis","floor":42,"turns":5},{"damage":1,"enemies":"3 Darklings","floor":45,"turns":5},{"damage":1,"enemies":"Giant Head","floor":48,"turns":4},{"damage":20,"enemies":"Awakened One","floor":50,"turns":11},{"damage":1,"enemies":"Time Eater","floor":51,"turns":15},{"damage":16,"enemies":"Shield and Spear","floor":55,"turns":14},{"damage":47,"enemies":"The Heart","floor":56,"turns":13}],"seed_played":"-6547776270074995040","potions_obtained":[{"floor":1,"key":"BlessingOfTheForge"},{"floor":3,"key":"DistilledChaos"},{"floor":7,"key":"Explosive Potion"},{"floor":16,"key":"CultistPotion"},{"floor":33,"key":"Explosive Potion"},{"floor":37,"key":"Fruit Juice"},{"floor":42,"key":"SkillPotion"}],"is_trial":false,"path_per_floor":["M","?","M","?","M","R","E","M","T","?","$","T","R","M","R","B",null,"M","M","?","M","M","R","E","?","T","?","T","?","$","M","R","B",null,"M","?","M","?","M","E","R","E","T","R","M","?","$","E","R","B","B",null,"R","$","E","B",null],"character_chosen":"THE_SILENT","items_purchased":["Adrenaline","PiercingWail","OrangePellets","SteroidPotion","Bird Faced Urn","Bag of Preparation","Swift Potion"],"campfire_rested":2,"item_purchase_floors":[11,11,30,30,47,47,54],"current_hp_per_floor":[59,52,47,47,47,47,47,41,41,26,26,26,44,44,44,39,55,55,51,51,50,38,38,20,20,20,20,20,20,20,13,46,40,55,54,54,53,53,51,55,55,51,51,51,50,50,50,59,59,52,65,65,65,65,64,27],"gold":46,"neow_bonus":"UPGRADE_CARD","is_daily":false,"chose_seed":false,"campfire_upgraded":5,"win_rate":0.0,"timestamp":1610271471,"path_taken":["M","?","M","?","M","R","E","M","T","?","$","?","R","M","R","BOSS","M","M","?","M","?","R","E","?","T","?","?","?","$","M","R","BOSS","M","?","M","?","M","E","R","E","T","R","M","?","?","E","R","BOSS","BOSS","R","$","E","BOSS"],"items_purchased_type":["Card","Card","Relic","Potion","Relic","Relic","Potion"],"build_version":"2020-12-22","purchased_purges":2,"victory":true,"max_hp_per_floor":[66,66,66,60,60,60,60,60,60,60,60,60,60,60,60,60,60,60,60,60,60,60,60,60,60,60,60,60,60,60,60,60,60,60,60,60,60,60,60,65,65,65,65,65,65,65,65,65,65,65,65,65,65,65,65,65],"relic_stats":{"Regal Pillow":15,"counters":[26,172],"Blue Candle":[15],"Bag of Preparation":[10],"War Paint":["Blade Dance","Cloak And Dagger"],"Cursed Key":1,"Boot":[19],"Peace Pipe":2,"OrangePellets":[23],"Nunchaku":[51],"Centennial Puzzle":[36],"Lizard Tail":0,"Shuriken":[92],"Bird Faced Urn":[62],"Pandora\u0027s Box":["Night Terror","Concentrate","Wraith Form v2","Blade Dance","Prepared","Setup","Unload","Dash"],"obtain_stats":[{"Regal Pillow":28,"Golden Idol":4,"Blue Candle":7,"Thread and Needle":12,"Omamori":42,"Bag of Preparation":47,"War Paint":9,"Cursed Key":34,"Boot":48,"Peace Pipe":29,"OrangePellets":30,"Nunchaku":10,"Centennial Puzzle":26,"Lizard Tail":40,"HornCleat":55,"Shuriken":24,"Bird Faced Urn":47,"Pandora\u0027s Box":17,"Ring of the Snake":0},{"Regal Pillow":13,"Golden Idol":2,"Blue Candle":4,"Thread and Needle":6,"Omamori":20,"Bag of Preparation":21,"War Paint":5,"Cursed Key":15,"Boot":22,"Peace Pipe":13,"OrangePellets":13,"Nunchaku":6,"Centennial Puzzle":13,"Lizard Tail":19,"HornCleat":25,"Shuriken":13,"Bird Faced Urn":21,"Pandora\u0027s Box":8,"Ring of the Snake":0},{"Regal Pillow":73,"Golden Idol":9,"Blue Candle":19,"Thread and Needle":29,"Omamori":110,"Bag of Preparation":115,"War Paint":23,"Cursed Key":86,"Boot":119,"Peace Pipe":73,"OrangePellets":73,"Nunchaku":29,"Centennial Puzzle":73,"Lizard Tail":105,"HornCleat":159,"Shuriken":73,"Bird Faced Urn":115,"Pandora\u0027s Box":44,"Ring of the Snake":0}],"Ring of the Snake":[52]},"card_choices":[{"not_picked":["Deflect","Prepared"],"picked":"Finisher","floor":1},{"not_picked":["Caltrops","Setup"],"picked":"Cloak And Dagger","floor":3},{"not_picked":["Skewer","Dagger Throw"],"picked":"Noxious Fumes","floor":5},{"not_picked":["Caltrops","Dodge and Roll"],"picked":"Bane","floor":7},{"not_picked":["All Out Attack","Dagger Spray"],"picked":"Blade Dance","floor":8},{"not_picked":["Dodge and Roll","Predator"],"picked":"Footwork","floor":10},{"not_picked":["Outmaneuver","Poisoned Stab","Blade Dance"],"picked":"SKIP","floor":14},{"not_picked":["Tools of the Trade","Venomology"],"picked":"Malaise","floor":16},{"not_picked":["Outmaneuver","Underhanded Strike"],"picked":"Cloak And Dagger","floor":18},{"not_picked":["Distraction","Outmaneuver","Quick Slash"],"picked":"SKIP","floor":19},{"not_picked":["Deflect","Backflip","Endless Agony"],"picked":"SKIP","floor":21},{"not_picked":["Leg Sweep","Sucker Punch"],"picked":"Escape Plan","floor":22},{"not_picked":["Outmaneuver","Eviscerate"],"picked":"Backflip","floor":24},{"not_picked":["Poisoned Stab","Finisher"],"picked":"Infinite Blades","floor":31},{"not_picked":["Night Terror","After Image"],"picked":"Adrenaline","floor":33},{"not_picked":["Cloak And Dagger","Bouncing Flask+1"],"picked":"Well Laid Plans+1","floor":35},{"not_picked":["Prepared","Dagger Throw"],"picked":"Blur","floor":37},{"not_picked":["Good Instincts","Forethought"],"picked":"Flash of Steel","floor":38},{"not_picked":["Deflect","Dagger Throw","Backstab"],"picked":"SKIP","floor":39},{"not_picked":["Envenom","All Out Attack+1","Bane"],"picked":"SKIP","floor":40},{"not_picked":["Underhanded Strike","Accuracy","All Out Attack"],"picked":"SKIP","floor":42},{"not_picked":["Flying Knee","Outmaneuver"],"picked":"PiercingWail","floor":45},{"not_picked":["Masterful Stab+1","Finisher"],"picked":"Leg Sweep","floor":48},{"not_picked":["Dagger Throw+1","Accuracy"],"picked":"Escape Plan","floor":55}],"player_experience":2885105,"relics_obtained":[{"floor":7,"key":"Blue Candle"},{"floor":9,"key":"War Paint"},{"floor":10,"key":"Nunchaku"},{"floor":12,"key":"Thread and Needle"},{"floor":24,"key":"Shuriken"},{"floor":26,"key":"Centennial Puzzle"},{"floor":28,"key":"Regal Pillow"},{"floor":40,"key":"Lizard Tail"},{"floor":42,"key":"Omamori"},{"floor":48,"key":"Boot"},{"floor":55,"key":"HornCleat"}],"event_choices":[{"cards_removed":["Strike_G"],"damage_healed":0,"gold_gain":0,"player_choice":"Card Removal","damage_taken":7,"max_hp_gain":0,"max_hp_loss":0,"event_name":"Golden Wing","floor":2,"gold_loss":0},{"damage_healed":0,"gold_gain":0,"player_choice":"Lose Max HP","damage_taken":0,"relics_obtained":["Golden Idol"],"max_hp_gain":0,"max_hp_loss":6,"event_name":"Golden Idol","floor":4,"gold_loss":0},{"damage_healed":0,"gold_gain":0,"player_choice":"Searched \u00271\u0027 times","damage_taken":0,"max_hp_gain":0,"max_hp_loss":0,"event_name":"Dead Adventurer","floor":10,"gold_loss":0},{"damage_healed":0,"gold_gain":0,"player_choice":"2 cards matched","damage_taken":0,"max_hp_gain":0,"max_hp_loss":0,"event_name":"Match and Keep!","floor":20,"gold_loss":0,"cards_obtained":["Writhe","After Image"]},{"damage_healed":0,"gold_gain":0,"cards_transformed":["Setup","Concentrate"],"player_choice":"Became Test Subject","damage_taken":0,"max_hp_gain":0,"max_hp_loss":0,"event_name":"Drug Dealer","floor":25,"gold_loss":0,"cards_obtained":["Outmaneuver","PiercingWail"]},{"damage_healed":0,"gold_gain":0,"player_choice":"Ignored","damage_taken":0,"max_hp_gain":0,"max_hp_loss":0,"event_name":"Vampires","floor":27,"gold_loss":0},{"damage_healed":0,"gold_gain":0,"player_choice":"Obtained Relic","damage_taken":0,"relics_obtained":["Peace Pipe"],"max_hp_gain":0,"max_hp_loss":0,"event_name":"Addict","floor":29,"gold_loss":85},{"damage_healed":0,"gold_gain":333,"player_choice":"Gave Idol","damage_taken":0,"max_hp_gain":0,"max_hp_loss":0,"event_name":"The Moai Head","floor":36,"relics_lost":["Golden Idol"],"gold_loss":0},{"damage_healed":0,"gold_gain":0,"player_choice":"Memory 1","damage_taken":0,"max_hp_gain":0,"max_hp_loss":0,"event_name":"SensoryStone","floor":38,"gold_loss":0},{"cards_removed":["Dash"],"damage_healed":0,"gold_gain":0,"player_choice":"Removed Attack","damage_taken":0,"max_hp_gain":0,"max_hp_loss":0,"event_name":"Falling","floor":46,"gold_loss":0}],"is_beta":false,"boss_relics":[{"not_picked":["Sozu","Tiny House"],"picked":"Pandora\u0027s Box"},{"not_picked":["Busted Crown","Coffee Dripper"],"picked":"Cursed Key"}],"items_purged_floors":[11,47],"is_endless":false,"potions_floor_spawned":[1,3,7,16,22,33,37,42,55],"ascension_level":20}}