{"host":"wi1dz5t8299iil0b","time":1610313743,"event":{"mods":["2.2 Compatiblity","Act Like it!","Aspiration","Astrologer","BaseMod","Beaked The Cultist","Better Match","Better Note","Better Sensory Stone","Better Synergies","Better Third Choice","BetterRewards","Colored Map","Colored Powertips","Communication Mod","Conjunction","Conspire","Downfall","Fiend Mod","Fox Events","Friendly Minions","GifTheSpireLib","GungeonMod","Halation","Hallownest","Highlight Path","Hubris","Infinite Spire","Jedi Mod","Lobotomy","Mad Scientist","Minty Spire (QoL Compilation)","Pale of the Ancients","Permanent Neow","Potionbrewer","RNG Fix","Replay The Spire","Shade Mod","Shop Mod","Spikes Relics","StSLib","Stuff the Spire","The Blackbeard","The Bladedancer","The Blue Laboratory","The Bug Knight","The Construct","The Cursed","The Death Knight","The Druid","The Necromancer","The Problem Sleuth","The Sage","TheHeartMod","TheVacant","Trackpad","Wandering Minibosses"],"gold_per_floor":[112,112,36,136,136,170,183,242,268,279,255,255,255,271,271,271,271],"floor_reached":16,"playtime":1173,"items_purged":[],"score":100,"play_id":"588bf24b-71d8-4c37-8ccf-38fb90336385","local_time":"20210110162223","is_ascension_mode":false,"campfire_choices":[{"floor":12,"key":"REST"},{"floor":15,"key":"REST"}],"circlet_count":0,"master_deck":["Strike_G","Strike_G","Strike_G","Strike_G","Strike_G","Defend_G","Defend_G","Defend_G","Defend_G","Defend_G","Survivor","Neutralize","Tools of the Trade","Predator","Fluid Movement+1","Footwork","Backstab","conspire:PoisonWeapons","Prepared"],"relics":["Ring of the Snake","halation:PinkSoulGem","halation:PrussianBluePaint","trackpad:WritersBlock","Blood Vial"],"acts_visited":["Exordium"],"potions_floor_usage":[],"damage_taken":[{"damage":3,"enemies":"2 Louse","floor":1,"turns":4},{"damage":30,"enemies":"Lagavulin","floor":6,"turns":14},{"damage":19,"enemies":"Small Slimes","floor":7,"turns":5},{"damage":2,"enemies":"Cultist","floor":8,"turns":6},{"damage":0,"enemies":"2 Fungi Beasts","floor":10,"turns":4},{"damage":2,"enemies":"Blue Slaver","floor":14,"turns":4},{"damage":39,"enemies":"Slime Boss","floor":16,"turns":19}],"seed_played":"5587881086078073024","potions_obtained":[{"floor":1,"key":"blueLaboratory:SavagePotion"},{"floor":7,"key":"SmokeBomb"}],"is_trial":false,"path_per_floor":["M","?","$","?","?","E","M","M","T","M","$","R","?","M","R","B"],"character_chosen":"THE_SILENT","items_purchased":["Fluid Movement","Prepared"],"campfire_rested":2,"item_purchase_floors":[3,11],"current_hp_per_floor":[60,60,60,60,60,30,11,9,9,9,9,27,15,15,33,0,0],"gold":271,"neow_bonus":"THREE_RARE_CARDS","is_daily":false,"chose_seed":false,"campfire_upgraded":0,"win_rate":0.0,"timestamp":1610313743,"path_taken":["M","?","$","?","?","E","M","M","T","M","?","R","?","?","R","BOSS"],"items_purchased_type":["Card","Card"],"build_version":"2020-12-22","purchased_purges":0,"victory":false,"max_hp_per_floor":[63,63,63,63,63,63,63,63,63,63,63,63,63,63,63,63,63],"card_choices":[{"not_picked":["Atom Bomb","Unload"],"picked":"Tools of the Trade","floor":0},{"not_picked":["StuffTheSpire:ClusterCrunch","Deflect"],"picked":"Predator","floor":1},{"not_picked":["Outmaneuver","Catalyst"],"picked":"Footwork","floor":6},{"not_picked":["Deflect","StuffTheSpire:ClusterCrunch"],"picked":"Backstab","floor":7},{"not_picked":["PiercingWail","Acrobatics"],"picked":"conspire:PoisonWeapons","floor":8},{"not_picked":["StuffTheSpire:Python","Glass Knife","Quick Slash"],"picked":"SKIP","floor":10},{"not_picked":["Infinite Blades","Outmaneuver","ReplayTheSpireMod:Tripwire"],"picked":"SKIP","floor":14}],"player_experience":174355,"relics_obtained":[{"floor":6,"key":"halation:PrussianBluePaint"},{"floor":9,"key":"trackpad:WritersBlock"}],"event_choices":[{"damage_healed":0,"gold_gain":100,"player_choice":"Pray","damage_taken":0,"max_hp_gain":0,"max_hp_loss":0,"event_name":"Golden Shrine","floor":4,"gold_loss":0},{"damage_healed":0,"gold_gain":0,"player_choice":"Grow","damage_taken":0,"max_hp_gain":0,"max_hp_loss":0,"event_name":"Living Wall","floor":5,"gold_loss":0,"cards_upgraded":["Fluid Movement"]},{"damage_healed":0,"gold_gain":0,"player_choice":"Relic ","damage_taken":12,"max_hp_gain":0,"max_hp_loss":0,"event_name":"betterThird:BetterScrap","floor":13,"gold_loss":0,"cards_obtained":["Abandon"]}],"is_beta":false,"boss_relics":[],"items_purged_floors":[],"is_endless":false,"potions_floor_spawned":[1,7],"killed_by":"Slime Boss","ascension_level":0}}