{"host":"o9spzpa23hdobruw","time":1610315610,"event":{"mods":["2.2 Compatiblity","Act Like it!","Aspiration","Astrologer","BaseMod","Beaked The Cultist","Better Note","CapriCore","Elementarium","Friendly Minions","Hermit","Koishi","Luminous","Marisa????????","Minty Spire (QoL Compilation)","Prisma Mod","Reimu??????","Relic Stats","SCP261 Mod","Somnambulant","StSLib","The Administrix","The Bug Knight","The Construct","The Cursed","The Disciple","The Immortal","The Mystic","The Runesmith","The Saiyan","The Servant 0.9.4","TheBandit","TheSwordswoman","WarShipGirlsR/????R mod"],"gold_per_floor":[116,130,147,160,170,202,202,217,241,274,288,288,300,29,29,134,134,147,161,175,175,194,194,527,617,617,637,637,637],"floor_reached":28,"playtime":2896,"items_purged":[],"score":331,"play_id":"29987482-cb63-4bfc-9cb7-d955429092ea","local_time":"20210110235330","is_ascension_mode":false,"campfire_choices":[{"data":"astrologer:CosmicExpanse","floor":7.0,"key":"SMITH"},{"data":"astrologer:Shine","floor":12,"key":"SMITH"},{"data":"astrologer:SpaceDust","floor":15,"key":"SMITH"},{"floor":23,"key":"REST"}],"circlet_count":0,"master_deck":["astrologer:Strike","astrologer:Strike","astrologer:Strike","astrologer:Strike","astrologer:Defend","astrologer:Defend","astrologer:Defend","astrologer:Defend","astrologer:NorthStar","astrologer:TheFool","astrologer:Death","astrologer:Opposition","astrologer:CosmicExpanse+1","astrologer:FrozenStar","astrologer:Still","astrologer:SpaceDust+1","astrologer:Shine+1","astrologer:FrozenStar","astrologer:Fireball","astrologer:BlackHole","astrologer:Prismatic","astrologer:Eclipse","astrologer:Still","astrologer:Trine","astrologer:NeutronStar+1","astrologer:MeteorShower","astrologer:SpaceDust+1","astrologer:Opposition","astrologer:Stardust","astrologer:FrozenStar","astrologer:Opposition"],"relics":["astrologer:SkyMirror","Dream Catcher","HollowMod:QueensCombRelic","aspiration:EmptySkull","RedLine:ReiMu","Old Coin","construct:BoolHorns"],"acts_visited":["Exordium","TheCity"],"potions_floor_usage":[10,10,16,16,28,28],"damage_taken":[{"damage":1.0,"enemies":"Cultist","floor":1.0,"turns":4.0},{"damage":0.0,"enemies":"Small Slimes","floor":2.0,"turns":3.0},{"damage":0.0,"enemies":"2 Louse","floor":3.0,"turns":3.0},{"damage":5.0,"enemies":"Looter","floor":4.0,"turns":3.0},{"damage":14.0,"enemies":"Exordium Thugs","floor":5.0,"turns":6.0},{"damage":0.0,"enemies":"Lagavulin","floor":6.0,"turns":8.0},{"damage":5.0,"enemies":"Gremlin Gang","floor":8.0,"turns":4.0},{"damage":34,"enemies":"Gremlin Nob","floor":10,"turns":5},{"damage":3,"enemies":"3 Louse","floor":11,"turns":5},{"damage":0,"enemies":"Exordium Wildlife","floor":13,"turns":3},{"damage":18,"enemies":"Hexaghost","floor":16,"turns":11},{"damage":10,"enemies":"2 Thieves","floor":18,"turns":3},{"damage":3,"enemies":"Chosen","floor":19,"turns":5},{"damage":11,"enemies":"Shelled Parasite and Fungi","floor":20,"turns":7},{"damage":31,"enemies":"Centurion and Healer","floor":22,"turns":10},{"damage":0,"enemies":"HollowMod:Nosk","floor":24,"turns":4},{"damage":10,"enemies":"Snake Plant","floor":27,"turns":5},{"damage":39,"enemies":"Gremlin Leader","floor":28,"turns":7}],"seed_played":"-303639265441565978","potions_obtained":[{"floor":1.0,"key":"SkillPotion"},{"floor":4.0,"key":"DuplicationPotion"},{"floor":8.0,"key":"CultistPotion"},{"floor":11,"key":"LiquidBronze"},{"floor":16,"key":"ZuzhouPotion:ReiMu"},{"floor":18,"key":"Strength Potion"},{"floor":27,"key":"Block Potion"}],"is_trial":false,"path_per_floor":["M","M","M","M","M","E","R","M","T","E","M","R","M","$","R","B",null,"M","M","M","?","M","R","E","?","T","M","E"],"character_chosen":"ASTROLOGER","items_purchased":["astrologer:Eclipse","astrologer:Still","aspiration:EmptySkull","Block Potion"],"campfire_rested":1,"item_purchase_floors":[14,14,14,14],"current_hp_per_floor":[69,69,69,64,50,50,50,45,45,11,24,24,36,36,36,26,46,36,37,30,30,15,28,44,32,32,30,0,0],"gold":637,"neow_bonus":"ONE_RANDOM_RARE_CARD","is_daily":false,"chose_seed":false,"campfire_upgraded":3,"win_rate":0.0,"timestamp":1610315610,"path_taken":["M","M","M","M","M","E","R","M","T","E","M","R","M","$","R","BOSS","M","M","M","?","M","R","E","?","T","M","E"],"items_purchased_type":["Card","Card","Relic","Potion"],"build_version":"2020-12-22","purchased_purges":0,"victory":false,"max_hp_per_floor":[70,70,70,70,70,70,70,70,70,46,46,46,46,46,46,46,46,46,46,46,46,46,46,46,46,46,46,46,46],"relic_stats":{"Dream Catcher":1,"counters":[18,96],"obtain_stats":[{"construct:BoolHorns":26,"HollowMod:QueensCombRelic":10,"Dream Catcher":6,"aspiration:EmptySkull":14,"astrologer:SkyMirror":0,"RedLine:ReiMu":17,"Old Coin":24},{"construct:BoolHorns":16,"HollowMod:QueensCombRelic":8,"Dream Catcher":6,"aspiration:EmptySkull":10,"astrologer:SkyMirror":0,"RedLine:ReiMu":11,"Old Coin":16},{"construct:BoolHorns":84,"HollowMod:QueensCombRelic":36,"Dream Catcher":27,"aspiration:EmptySkull":44,"astrologer:SkyMirror":0,"RedLine:ReiMu":55,"Old Coin":84}]},"card_choices":[{"not_picked":["astrologer:TheHangedMan","astrologer:FrozenStar"],"picked":"astrologer:Opposition","floor":1.0},{"not_picked":["astrologer:Moonlight","astrologer:Prestidigitation"],"picked":"astrologer:CosmicExpanse","floor":2.0},{"not_picked":["astrologer:CometStrike","astrologer:Opposition"],"picked":"astrologer:FrozenStar","floor":3.0},{"not_picked":["astrologer:TheHighPriestess","astrologer:Quincunx"],"picked":"astrologer:Still","floor":4.0},{"not_picked":["astrologer:LonelyStar","astrologer:Still"],"picked":"astrologer:SpaceDust","floor":5.0},{"not_picked":["astrologer:SolarFlare","astrologer:Cataclysm"],"picked":"astrologer:Shine","floor":6.0},{"not_picked":["astrologer:Stardust","astrologer:Eclipse"],"picked":"astrologer:FrozenStar","floor":8.0},{"not_picked":["astrologer:TheDevil","astrologer:TheHermit"],"picked":"astrologer:Fireball","floor":10},{"not_picked":["astrologer:Conjunction","astrologer:Moonlight"],"picked":"astrologer:BlackHole","floor":11},{"not_picked":["astrologer:Justice","astrologer:TheEmpress"],"picked":"astrologer:Prismatic","floor":13},{"not_picked":["astrologer:Premonition","astrologer:Death"],"picked":"astrologer:Trine","floor":16},{"not_picked":["astrologer:SolarFlare","astrologer:Eclipse"],"picked":"astrologer:NeutronStar+1","floor":18},{"not_picked":["astrologer:Conjunction","astrologer:Eclipse"],"picked":"astrologer:MeteorShower","floor":19},{"not_picked":["astrologer:GlassStar+1","astrologer:FadingStar"],"picked":"astrologer:SpaceDust","floor":20},{"not_picked":["astrologer:Radiance+1","astrologer:TheDevil+1"],"picked":"astrologer:Opposition","floor":22},{"not_picked":["astrologer:Conjunction","astrologer:Observe"],"picked":"astrologer:Stardust","floor":23},{"not_picked":["astrologer:SpaceDust","astrologer:GlassStar"],"picked":"astrologer:FrozenStar","floor":24},{"not_picked":["astrologer:Prismatic","astrologer:TheWorld"],"picked":"astrologer:Opposition","floor":27}],"player_experience":601154,"relics_obtained":[{"floor":6.0,"key":"Dream Catcher"},{"floor":10,"key":"HollowMod:QueensCombRelic"},{"floor":24,"key":"Old Coin"},{"floor":26,"key":"construct:BoolHorns"}],"event_choices":[{"damage_healed":0,"gold_gain":0,"player_choice":"Upgraded","damage_taken":0,"max_hp_gain":0,"max_hp_loss":0,"event_name":"Upgrade Shrine","floor":21,"gold_loss":0,"cards_upgraded":["astrologer:SpaceDust"]},{"damage_healed":0,"gold_gain":90,"player_choice":"GOLD ","damage_taken":12,"max_hp_gain":0,"max_hp_loss":0,"event_name":"Knowing Skull","floor":25,"potions_obtained":[],"gold_loss":0,"cards_obtained":[]}],"is_beta":false,"boss_relics":[{"not_picked":["Black Star","construct:WeddingRing"],"picked":"RedLine:ReiMu"}],"items_purged_floors":[],"is_endless":false,"potions_floor_spawned":[1,4,8,11,16,18,27],"killed_by":"Gremlin Leader","ascension_level":0}}