{"host":"opgesw7sb5n0ordz","time":1610257951,"event":{"mods":["BaseMod","Better Note","Colored Powertips","Minty Spire (QoL Compilation)","Relic Stats","Shedinja","StSLib","Unceasing Turn Reminder"],"gold_per_floor":[112,125,145,162,178,178,178,178,178],"floor_reached":8,"playtime":511,"items_purged":[],"score":55,"play_id":"4ac7a67d-0f8d-4ff1-a3ce-adee38150751","local_time":"20210110005231","is_ascension_mode":true,"campfire_choices":[{"data":"Shedinja:PowerBelt","floor":6,"key":"SMITH"}],"circlet_count":0,"master_deck":["Shedinja:Scratch","Shedinja:Scratch","Shedinja:Scratch","Shedinja:Scratch+1","Shedinja:Endure","Shedinja:Endure","Shedinja:Endure","Shedinja:Endure","Shedinja:Endure","Shedinja:FocusSash","Shedinja:FocusSash","Shedinja:PowerBelt+1","Shedinja:Absorb","Shedinja:Facade","Shedinja:DoubleTeam+1","Shedinja:StringShot","Shedinja:WillOWisp","Burn","Burn"],"relics":["Shedinja:WonderGuard"],"acts_visited":["Exordium"],"potions_floor_usage":[5],"damage_taken":[{"damage":0,"enemies":"2 Louse","floor":1,"turns":6},{"damage":0,"enemies":"Small Slimes","floor":2,"turns":6},{"damage":0,"enemies":"Cultist","floor":3,"turns":5},{"damage":0,"enemies":"Red Slaver","floor":4,"turns":9},{"damage":0,"enemies":"Lots of Slimes","floor":5,"turns":8},{"damage":9,"enemies":"3 Sentries","floor":8,"turns":5}],"seed_played":"-6572646748644319185","potions_obtained":[{"floor":4,"key":"EssenceOfSteel"}],"is_trial":false,"path_per_floor":["M","M","M","M","M","R","?","E"],"character_chosen":"THE_DEFAULT","items_purchased":[],"campfire_rested":0,"item_purchase_floors":[],"current_hp_per_floor":[1,1,1,1,1,1,1,0,0],"gold":178,"neow_bonus":"TRANSFORM_CARD","is_daily":false,"chose_seed":false,"campfire_upgraded":1,"win_rate":0.0,"timestamp":1610257951,"path_taken":["M","M","M","M","M","R","?","E"],"items_purchased_type":[],"build_version":"2020-12-22","purchased_purges":0,"victory":false,"max_hp_per_floor":[1,1,1,1,1,1,1,1,1],"relic_stats":{"counters":[6,39],"obtain_stats":[{"Shedinja:WonderGuard":0},{"Shedinja:WonderGuard":0},{"Shedinja:WonderGuard":0}]},"card_choices":[{"not_picked":["Shedinja:RockyHelmet","Shedinja:NightSlash"],"picked":"Shedinja:Absorb","floor":1},{"not_picked":["Shedinja:ArtifactCard","Shedinja:SafetyGoggles"],"picked":"Shedinja:Facade","floor":2},{"not_picked":["Shedinja:ArtifactCard","Shedinja:BugBuzz"],"picked":"Shedinja:DoubleTeam","floor":3},{"not_picked":["Shedinja:WillOWisp","Shedinja:ArtifactCard"],"picked":"Shedinja:StringShot","floor":4},{"not_picked":["Shedinja:Absorb","Shedinja:FurySwipes"],"picked":"Shedinja:WillOWisp","floor":5}],"player_experience":686560,"relics_obtained":[],"event_choices":[],"is_beta":false,"boss_relics":[],"items_purged_floors":[],"is_endless":false,"potions_floor_spawned":[4],"killed_by":"3 Sentries","ascension_level":2}}