{"host":"t7mx8yfj1no5p62f","time":1610260764,"event":{"mods":["BaseMod","Colored Map","Colored Powertips","Minty Spire (QoL Compilation)","Relic Stats","StSLib"],"gold_per_floor":[213,224,239,31,31,31,72,72,147,222,260,285,316,4,4,138,138,158,158,182,18,31,31,31,31,57,95,145,60,98,122,122,215,215,238,571,571,582,596,596,621,621,621,655,364,380,396,427,427,427,427,427,427,149,175,175],"floor_reached":57,"playtime":3328,"items_purged":["Strike_G","Strike_G","Flying Knee"],"score":3363,"play_id":"891a2e4a-045d-4743-b64f-2dcbafec34ba","local_time":"20210110013924","is_ascension_mode":true,"campfire_choices":[{"data":"Crippling Poison","floor":6.0,"key":"SMITH"},{"data":"Dash","floor":8.0,"key":"SMITH"},{"floor":15,"key":"REST"},{"data":"Backstab","floor":23,"key":"SMITH"},{"data":"Well Laid Plans","floor":25,"key":"SMITH"},{"data":"Phantasmal Killer","floor":32,"key":"SMITH"},{"data":"Noxious Fumes","floor":40,"key":"SMITH"},{"floor":49,"key":"RECALL"},{"data":"Acrobatics","floor":53,"key":"SMITH"}],"circlet_count":0,"master_deck":["AscendersBane","Defend_G","Defend_G","Defend_G","Defend_G+1","Defend_G+1","Survivor","Neutralize+1","Backstab+1","Dash+1","Crippling Poison+1","Well Laid Plans+1","Phantasmal Killer+1","Acrobatics+1","Adrenaline+1","Adrenaline+1","Crippling Poison+1","Corpse Explosion+1","Blur+1","Prepared+1","Ghostly+1","Ghostly+1","Ghostly+1","Venomology+1","Catalyst+1","Bullet Time+1","After Image+1","Poisoned Stab+1","Leg Sweep+1","Noxious Fumes+1","Blade Dance+1","Prepared+1","Acrobatics+1","PiercingWail+1","Impatience+1","PiercingWail+1","Reflex+1","Concentrate+1","Outmaneuver+1","Adrenaline+1"],"relics":["Ring of the Snake","Toolbox","Pen Nib","Ornamental Fan","Question Card","Toxic Egg 2","DollysMirror","HoveringKite","Membership Card","Anchor","Tingsha","Tiny Chest","Toy Ornithopter","Oddly Smooth Stone","Astrolabe","Peace Pipe","MealTicket","Omamori","Lee\u0027s Waffle","Art of War","War Paint","Happy Flower","Bronze Scales","Whetstone"],"acts_visited":["Exordium","TheCity","TheBeyond","TheEnding"],"potions_floor_usage":[16,33,38,41,41,41,41,44,46,47,56],"damage_taken":[{"damage":0.0,"enemies":"Jaw Worm","floor":1.0,"turns":5.0},{"damage":2.0,"enemies":"Small Slimes","floor":2.0,"turns":4.0},{"damage":0.0,"enemies":"2 Louse","floor":3.0,"turns":2.0},{"damage":9.0,"enemies":"3 Sentries","floor":7.0,"turns":7.0},{"damage":14.0,"enemies":"Gremlin Nob","floor":11.0,"turns":4.0},{"damage":6,"enemies":"Exordium Thugs","floor":12,"turns":4},{"damage":10,"enemies":"Lagavulin","floor":13,"turns":6},{"damage":13,"enemies":"Slime Boss","floor":16,"turns":9},{"damage":11,"enemies":"2 Thieves","floor":18,"turns":3},{"damage":0,"enemies":"Spheric Guardian","floor":20,"turns":3},{"damage":3,"enemies":"Snecko","floor":22,"turns":5},{"damage":20,"enemies":"Book of Stabbing","floor":27,"turns":6},{"damage":0,"enemies":"Gremlin Leader","floor":30,"turns":7},{"damage":0,"enemies":"Automaton","floor":33,"turns":10},{"damage":0,"enemies":"3 Shapes","floor":35,"turns":3},{"damage":0,"enemies":"Orb Walker","floor":38,"turns":4},{"damage":0,"enemies":"4 Shapes","floor":39,"turns":3},{"damage":18,"enemies":"Reptomancer","floor":41,"turns":4},{"damage":1,"enemies":"Nemesis","floor":44,"turns":7},{"damage":0,"enemies":"3 Darklings","floor":46,"turns":4},{"damage":0,"enemies":"Writhing Mass","floor":47,"turns":5},{"damage":0,"enemies":"Giant Head","floor":48,"turns":7},{"damage":3,"enemies":"Time Eater","floor":50,"turns":13},{"damage":0,"enemies":"Awakened One","floor":51,"turns":11},{"damage":0,"enemies":"Shield and Spear","floor":55,"turns":6},{"damage":0,"enemies":"The Heart","floor":56,"turns":8}],"seed_played":"8834359078662292912","potions_obtained":[{"floor":1.0,"key":"GamblersBrew"},{"floor":2.0,"key":"GamblersBrew"},{"floor":11.0,"key":"ColorlessPotion"},{"floor":13,"key":"SteroidPotion"},{"floor":30,"key":"ColorlessPotion"},{"floor":33,"key":"EntropicBrew"},{"floor":41,"key":"FearPotion"},{"floor":46,"key":"GamblersBrew"}],"is_trial":false,"path_per_floor":["M","M","M","$","?","R","E","R","T","?","E","M","E","$","R","B",null,"M","?","M","$","M","R","?","R","T","E","?","?","E","T","R","B",null,"M","?","?","M","M","R","E","T","T","E","$","M","M","E","R","B","B",null,"R","$","E","B",null],"character_chosen":"THE_SILENT","items_purchased":["Crippling Poison","Toolbox","DollysMirror","Crippling Poison+1","Membership Card","Lee\u0027s Waffle","PiercingWail+1","Impatience+1","Art of War","Happy Flower","Bronze Scales","Concentrate+1","Outmaneuver+1"],"campfire_rested":1,"item_purchase_floors":[4,4,14,14,21,45,45,45,45,54,54,54,54],"current_hp_per_floor":[59,57,57,57,57,57,48,48,48,37,23,17,7,7,25,12,48,37,31,31,31,28,28,28,28,28,8,8,8,8,8,8,13,26,26,26,26,30,30,30,19,19,19,23,37,37,37,37,37,34,34,36,36,37,37,37],"gold":175,"neow_bonus":"HUNDRED_GOLD","is_daily":false,"chose_seed":false,"campfire_upgraded":7,"win_rate":0.0,"timestamp":1610260764,"path_taken":["M","M","M","$","?","R","E","R","T","?","E","M","E","$","R","BOSS","M","?","M","?","?","R","?","R","T","E","?","?","E","?","R","BOSS","M","?","?","M","M","R","E","?","T","E","$","M","M","E","R","BOSS","BOSS","R","$","E","BOSS"],"items_purchased_type":["Card","Relic","Relic","Card","Relic","Relic","Card","Card","Relic","Relic","Relic","Card","Card"],"build_version":"2020-12-22","purchased_purges":3,"victory":true,"max_hp_per_floor":[66,66,66,66,60,60,60,60,60,60,60,60,60,60,60,60,60,60,60,60,60,60,60,30,30,30,30,30,30,30,30,30,30,30,30,30,30,30,30,30,30,30,30,30,37,37,37,37,37,37,37,37,37,37,37,37],"relic_stats":{"Lee\u0027s Waffle":7,"Happy Flower":[4],"counters":[26,150],"Astrolabe":["After Image","Poisoned Stab","Leg Sweep"],"HoveringKite":[66],"Tingsha":[326],"Pen Nib":[19],"Whetstone":["Neutralize"],"War Paint":["Defend_G","Defend_G"],"Question Card":18,"Peace Pipe":0,"Ornamental Fan":[108],"Bronze Scales":[163],"Tiny Chest":1,"MealTicket":8,"Art of War":[16],"obtain_stats":[{"HoveringKite":17,"Whetstone":55,"DollysMirror":14,"Toolbox":4,"Tiny Chest":29,"MealTicket":42,"Toxic Egg 2":13,"Ring of the Snake":0,"Lee\u0027s Waffle":45,"Happy Flower":54,"Golden Idol":5,"Astrolabe":34,"Oddly Smooth Stone":31,"Tingsha":27,"Pen Nib":7,"Omamori":44,"War Paint":48,"Question Card":11,"Peace Pipe":41,"Anchor":26,"Ornamental Fan":9,"Bronze Scales":54,"Art of War":45,"Membership Card":21,"Toy Ornithopter":30},{"HoveringKite":8,"Whetstone":25,"DollysMirror":7,"Toolbox":3,"Tiny Chest":12,"MealTicket":18,"Toxic Egg 2":7,"Ring of the Snake":0,"Lee\u0027s Waffle":19,"Happy Flower":24,"Golden Idol":3,"Astrolabe":14,"Oddly Smooth Stone":13,"Tingsha":12,"Pen Nib":4,"Omamori":19,"War Paint":22,"Question Card":5,"Peace Pipe":18,"Anchor":11,"Ornamental Fan":4,"Bronze Scales":24,"Art of War":19,"Membership Card":10,"Toy Ornithopter":13},{"HoveringKite":41,"Whetstone":142,"DollysMirror":32,"Toolbox":11,"Tiny Chest":58,"MealTicket":89,"Toxic Egg 2":32,"Ring of the Snake":0,"Lee\u0027s Waffle":96,"Happy Flower":136,"Golden Idol":11,"Astrolabe":75,"Oddly Smooth Stone":65,"Tingsha":58,"Pen Nib":18,"Omamori":96,"War Paint":112,"Question Card":22,"Peace Pipe":89,"Anchor":52,"Ornamental Fan":18,"Bronze Scales":136,"Art of War":96,"Membership Card":47,"Toy Ornithopter":65}],"Toy Ornithopter":14,"Ring of the Snake":[52]},"card_choices":[{"not_picked":["PiercingWail","Slice"],"picked":"Backstab","floor":1.0},{"not_picked":["Heel Hook","Escape Plan"],"picked":"Flying Knee","floor":2.0},{"not_picked":["Infinite Blades","Quick Slash"],"picked":"Dash","floor":3.0},{"not_picked":["Deadly Poison","Outmaneuver"],"picked":"Well Laid Plans","floor":7.0},{"not_picked":["Dodge and Roll","Slice"],"picked":"Phantasmal Killer","floor":11.0},{"not_picked":["Choke","Slice","Backflip"],"picked":"Acrobatics","floor":12},{"not_picked":["Concentrate+1","Riddle With Holes","Dagger Spray"],"picked":"Adrenaline+1","floor":13},{"not_picked":["After Image","Glass Knife","Doppelganger+1"],"picked":"Corpse Explosion+1","floor":16},{"not_picked":["Quick Slash","Dagger Throw","Sucker Punch"],"picked":"Blur+1","floor":18},{"not_picked":["Poisoned Stab","Riddle With Holes","Sucker Punch","Dodge and Roll+1"],"picked":"SKIP","floor":20},{"not_picked":["Deadly Poison+1","Heel Hook","Deflect+1"],"picked":"Prepared+1","floor":22},{"not_picked":["Infinite Blades","Underhanded Strike","Backflip+1"],"picked":"Venomology+1","floor":27},{"not_picked":["Predator","Expertise+1","Deadly Poison+1"],"picked":"Catalyst+1","floor":30},{"not_picked":["Grand Finale","Malaise+1","Glass Knife"],"picked":"Bullet Time+1","floor":33},{"not_picked":["Bane+1","Flying Knee","Cloak And Dagger+1"],"picked":"Noxious Fumes","floor":35},{"not_picked":["Cloak And Dagger+1","Prepared+1","Dagger Throw"],"picked":"Blade Dance+1","floor":38},{"not_picked":["Backstab","Poisoned Stab","Deflect+1","Grand Finale"],"picked":"SKIP","floor":39},{"not_picked":["Blade Dance+1","Bane","Poisoned Stab"],"picked":"Prepared+1","floor":41},{"not_picked":["Caltrops","Cloak And Dagger+1","Expertise+1"],"picked":"Acrobatics+1","floor":44},{"not_picked":["Quick Slash","Flying Knee","Envenom"],"picked":"PiercingWail+1","floor":46},{"not_picked":["Underhanded Strike","Sucker Punch","Dagger Spray+1","Infinite Blades+1"],"picked":"SKIP","floor":47},{"not_picked":["Outmaneuver+1","Deadly Poison+1","Blur+1"],"picked":"Reflex+1","floor":48},{"not_picked":["Escape Plan+1","Dodge and Roll+1","PiercingWail+1"],"picked":"Adrenaline+1","floor":55}],"player_experience":1702247,"relics_obtained":[{"floor":7.0,"key":"Pen Nib"},{"floor":9.0,"key":"Ornamental Fan"},{"floor":11.0,"key":"Question Card"},{"floor":13,"key":"Toxic Egg 2"},{"floor":26,"key":"Anchor"},{"floor":27,"key":"Tingsha"},{"floor":30,"key":"Toy Ornithopter"},{"floor":31,"key":"Oddly Smooth Stone"},{"floor":41,"key":"Peace Pipe"},{"floor":42,"key":"MealTicket"},{"floor":44,"key":"Omamori"},{"floor":48,"key":"War Paint"},{"floor":55,"key":"Whetstone"}],"event_choices":[{"damage_healed":0.0,"max_hp_gain":0.0,"max_hp_loss":6.0,"gold_gain":0.0,"event_name":"Golden Idol","player_choice":"Lose Max HP","floor":5.0,"gold_loss":0.0,"damage_taken":0.0,"relics_obtained":["Golden Idol"]},{"damage_healed":0.0,"max_hp_gain":0.0,"max_hp_loss":0.0,"gold_gain":75.0,"event_name":"World of Goop","player_choice":"Gather Gold","floor":10.0,"gold_loss":0.0,"damage_taken":11.0},{"damage_healed":0,"gold_gain":0,"player_choice":"","damage_taken":6,"max_hp_gain":0,"max_hp_loss":0,"event_name":"Knowing Skull","floor":19,"potions_obtained":[],"gold_loss":0,"cards_obtained":[]},{"damage_healed":0,"gold_gain":0,"player_choice":"Became a Ghost","damage_taken":0,"max_hp_gain":0,"max_hp_loss":30,"event_name":"Ghosts","floor":24,"gold_loss":0,"cards_obtained":["Ghostly","Ghostly","Ghostly"]},{"damage_healed":0,"gold_gain":50,"player_choice":"Stole From Cult","damage_taken":0,"max_hp_gain":0,"max_hp_loss":0,"event_name":"Nest","floor":28,"gold_loss":0},{"damage_healed":0,"gold_gain":0,"player_choice":"Obtained Relic","damage_taken":0,"relics_obtained":["Tiny Chest"],"max_hp_gain":0,"max_hp_loss":0,"event_name":"Addict","floor":29,"gold_loss":85},{"damage_healed":0,"gold_gain":333,"player_choice":"Gave Idol","damage_taken":0,"max_hp_gain":0,"max_hp_loss":0,"event_name":"The Moai Head","floor":36,"relics_lost":["Golden Idol"],"gold_loss":0},{"damage_healed":0,"gold_gain":0,"player_choice":"Ignored","damage_taken":0,"max_hp_gain":0,"max_hp_loss":0,"event_name":"Tomb of Lord Red Mask","floor":37,"gold_loss":0}],"is_beta":false,"boss_relics":[{"not_picked":["Snecko Eye","WristBlade"],"picked":"HoveringKite"},{"not_picked":["Empty Cage","Busted Crown"],"picked":"Astrolabe"}],"items_purged_floors":[14,45,54],"is_endless":false,"potions_floor_spawned":[1,2,3,11,13,30,33,38,41,46,48,55],"ascension_level":20}}