{"host":"z9mq1tf06lkrncmk","time":1610249838,"event":{"mods":["Aspiration","BaseMod","Conspire","GifTheSpireLib","Hermit","Hubris","Minty Spire (QoL Compilation)","RatMod","Remilia??????","Replay The Spire","Robot Space Explorer","Shade Mod","StSLib","Td1madao Mod","The Cursed","The Disciple","The Dragon Tamer","The Hierophant","The Jungle","The Marked","The Necromancer","The Senshi","The Servant 0.9.4"],"gold_per_floor":[110,110,110,126,126,126,155,155,155,169,200,235,249,265,265,394,394,418,418,418,432,432,432,452,452,503,522,522,546,546,565,565,686,686,710,378,378,399,399,399,399,399,445,469,469,111,135,149,149,149,149],"floor_reached":50,"playtime":1751,"items_purged":["theMarked:Strike","theMarked:Strike"],"score":477,"play_id":"eeda12c4-2a68-4d4b-97e0-9085aedfbffa","local_time":"20210109223718","is_ascension_mode":false,"campfire_choices":[{"data":"theMarked:BanishingWave","floor":6.0,"key":"SMITH"},{"floor":15.0,"key":"REST"},{"floor":23.0,"key":"REST"},{"floor":30.0,"key":"REST"},{"data":"theMarked:WardOff","floor":40.0,"key":"SMITH"},{"data":"theMarked:Frustration","floor":42.0,"key":"SMITH"},{"floor":49.0,"key":"REST"}],"circlet_count":0,"master_deck":["theMarked:Strike+1","theMarked:Strike","theMarked:Strike+1","theMarked:Defend","theMarked:Defend+1","theMarked:Defend","theMarked:Defend","theMarked:SoldierOfQuellstein+1","theMarked:BanishingWave+1","theMarked:BanishingStrike+1","theMarked:WardOff+1","theMarked:Frustration+1","theMarked:WardOff+1","theMarked:SummonStrength","theMarked:BanishingStrike+1","theMarked:TunnelVision+1","theMarked:SuspiciousRaven"],"relics":["theMarked:BronzeBlade","Eternal Feather","Golden Idol","StrikeDummy","Art of War","Gremlin Food","Velvet Choker","MutagenicStrength","Replay:Mystery Machine","aspiration:Stabinomicon","Onion Ring","Omamori","hubris:Towel","Garlic"],"acts_visited":["Exordium","TheCity","TheBeyond"],"potions_floor_usage":[50,50],"damage_taken":[{"damage":5.0,"enemies":"Small Slimes","floor":1.0,"turns":3.0},{"damage":0.0,"enemies":"2 Louse","floor":4.0,"turns":1.0},{"damage":9.0,"enemies":"3 Sentries","floor":7.0,"turns":3.0},{"damage":3.0,"enemies":"Jaw Worm","floor":10.0,"turns":3.0},{"damage":3.0,"enemies":"Lagavulin","floor":11.0,"turns":4.0},{"damage":17.0,"enemies":"conspire:MimicChest","floor":12.0,"turns":6.0},{"damage":0.0,"enemies":"2 Fungi Beasts","floor":13.0,"turns":3.0},{"damage":7.0,"enemies":"Exordium Wildlife","floor":14.0,"turns":3.0},{"damage":9.0,"enemies":"Slime Boss","floor":16.0,"turns":6.0},{"damage":18.0,"enemies":"3 Byrds","floor":18.0,"turns":5.0},{"damage":13.0,"enemies":"2 Thieves","floor":21.0,"turns":4.0},{"damage":0.0,"enemies":"Centurion and Healer","floor":24.0,"turns":4.0},{"damage":12.0,"enemies":"Snake Plant","floor":27.0,"turns":3.0},{"damage":0.0,"enemies":"Snecko","floor":29.0,"turns":2.0},{"damage":10.0,"enemies":"Centurion and Healer","floor":31.0,"turns":3.0},{"damage":29.0,"enemies":"hubris:MusketHawk","floor":33.0,"turns":5.0},{"damage":4.0,"enemies":"3 Shapes","floor":35.0,"turns":5.0},{"damage":18.0,"enemies":"3 Darklings","floor":38.0,"turns":2.0},{"damage":37.0,"enemies":"Maw","floor":44.0,"turns":5.0},{"damage":12.0,"enemies":"Jaw Worm Horde","floor":47.0,"turns":3.0},{"damage":0.0,"enemies":"3 Darklings","floor":48.0,"turns":3.0},{"damage":52,"enemies":"Donu and Deca","floor":50,"turns":7}],"seed_played":"8827528785960041349","potions_obtained":[{"floor":1.0,"key":"Explosive Potion"},{"floor":7.0,"key":"LifebloodPotion"},{"floor":12.0,"key":"Dexterity Potion"},{"floor":24.0,"key":"BlessingOfTheForge"},{"floor":31.0,"key":"AttackPotion"},{"floor":33.0,"key":"Ancient Potion"},{"floor":47.0,"key":"AttackPotion"},{"floor":48.0,"key":"BlessingOfTheForge"}],"is_trial":false,"path_per_floor":["M","?","?","M","$","R","E","?","T","M","E","?","M","M","R","B",null,"M","?","?","M","?","R","M","?","T","M","?","M","R","M","R","B",null,"M","$","?","M","?","R","?","R","T","M","?","$","M","M","R","B"],"character_chosen":"THE_DEFAULT","items_purchased":["Onion Ring","Garlic"],"campfire_rested":4,"item_purchase_floors":[36,46],"current_hp_per_floor":[72,72,72,72,72,72,63,63,63,60,57,40,40,33,63,54,71,53,53,60,47,39,69,69,69,69,57,41,41,71,61,70,41,71,67,67,67,49,49,58,58,67,67,30,30,30,18,18,48,0,0],"gold":149,"neow_bonus":"TEN_PERCENT_HP_BONUS","is_daily":false,"chose_seed":false,"campfire_upgraded":3,"win_rate":0.0,"timestamp":1610249838,"path_taken":["M","?","?","M","?","R","E","?","T","?","E","?","M","M","R","BOSS","M","?","?","M","?","R","M","?","T","?","?","M","R","M","R","BOSS","M","$","?","M","?","R","?","R","T","M","?","$","M","M","R","BOSS"],"items_purchased_type":["Relic","Relic"],"build_version":"2020-12-22","purchased_purges":2,"victory":false,"max_hp_per_floor":[77,77,77,77,77,77,77,71,71,71,71,71,71,71,71,71,71,71,71,71,71,71,71,71,71,71,71,71,71,71,71,71,71,71,71,71,71,71,71,71,71,71,71,71,71,71,71,71,71,71,71],"card_choices":[{"not_picked":["theMarked:MysticalArsenal","theMarked:Static"],"picked":"theMarked:BanishingWave","floor":1.0},{"not_picked":["theMarked:GodGivenPower","theMarked:Aftermath","theMarked:Polarize"],"picked":"SKIP","floor":4.0},{"not_picked":["theMarked:HeightenedSenses","theMarked:LightningStrikesTwice","theMarked:Levitate"],"picked":"SKIP","floor":7.0},{"not_picked":["theMarked:ChainLightning","theMarked:Aftermath"],"picked":"theMarked:BanishingStrike","floor":10.0},{"not_picked":["theMarked:HeightenedSenses","theMarked:WastefulAttack"],"picked":"theMarked:WardOff","floor":11.0},{"not_picked":["theMarked:CreepingChasm","theMarked:HeightenedSenses"],"picked":"theMarked:Frustration","floor":12.0},{"not_picked":["theMarked:SwordAndMagic","theMarked:WastefulDefense","theMarked:RogueSparks"],"picked":"SKIP","floor":13.0},{"not_picked":["theMarked:RepellingDischarge","theMarked:Frustration"],"picked":"theMarked:WardOff","floor":14.0},{"not_picked":["theMarked:TurnInvisible","theMarked:SoldierForm"],"picked":"theMarked:SummonStrength","floor":16.0},{"not_picked":["theMarked:WardOff","theMarked:EmpowerWeapon"],"picked":"theMarked:BanishingStrike+1","floor":18.0},{"not_picked":["theMarked:HeightenedSenses","theMarked:ResourceFulStrike","theMarked:Opportunist"],"picked":"SKIP","floor":21.0},{"not_picked":["theMarked:Frustration","theMarked:Opportunist","theMarked:ElectricStrings"],"picked":"SKIP","floor":24.0},{"not_picked":["theMarked:WardOff","theMarked:WastefulAttack","theMarked:Parkour+1"],"picked":"SKIP","floor":27.0},{"not_picked":["theMarked:GodGivenPower","theMarked:Parkour"],"picked":"theMarked:TunnelVision+1","floor":29.0},{"not_picked":["theMarked:Overthink","theMarked:SwordAndMagic+1","theMarked:Aftermath"],"picked":"SKIP","floor":31.0},{"not_picked":["theMarked:ThrowWeapon","theMarked:TurnInvisible"],"picked":"theMarked:SuspiciousRaven","floor":33.0},{"not_picked":["theMarked:HeightenedSenses","theMarked:Convert+1","theMarked:ElementalBlade"],"picked":"SKIP","floor":35.0},{"not_picked":["theMarked:WastefulAttack","theMarked:EnhanceMovement+1","theMarked:HeightenedSenses+1"],"picked":"SKIP","floor":38.0},{"not_picked":["theMarked:Overcharge","theMarked:Electrify","theMarked:ContemptForTheProud"],"picked":"SKIP","floor":44.0},{"not_picked":["theMarked:ElectricStrings+1","theMarked:MaelstromOfLightning+1","theMarked:HeightenedSenses"],"picked":"SKIP","floor":47.0},{"not_picked":["theMarked:RepellingDischarge","theMarked:Frustration","theMarked:TwofoldDefense"],"picked":"SKIP","floor":48.0}],"player_experience":411752,"relics_obtained":[{"floor":7.0,"key":"Eternal Feather"},{"floor":9.0,"key":"StrikeDummy"},{"floor":11.0,"key":"Art of War"},{"floor":12.0,"key":"Gremlin Food"},{"floor":26.0,"key":"Replay:Mystery Machine"},{"floor":28.0,"key":"aspiration:Stabinomicon"},{"floor":43.0,"key":"Omamori"}],"event_choices":[{"damage_healed":0.0,"max_hp_gain":0.0,"max_hp_loss":6.0,"gold_gain":0.0,"event_name":"Golden Idol","player_choice":"Lose Max HP","floor":8.0,"gold_loss":0.0,"damage_taken":0.0,"relics_obtained":["Golden Idol"]},{"damage_healed":0.0,"max_hp_gain":0.0,"max_hp_loss":0.0,"gold_gain":0.0,"event_name":"conspire:Investor","player_choice":"Leave","floor":19.0,"gold_loss":0.0,"damage_taken":0.0},{"damage_healed":0.0,"max_hp_gain":0.0,"max_hp_loss":0.0,"gold_gain":0.0,"event_name":"Drug Dealer","player_choice":"Inject Mutagens","floor":25.0,"gold_loss":0.0,"damage_taken":0.0,"relics_obtained":["MutagenicStrength"]},{"damage_healed":0.0,"max_hp_gain":0.0,"max_hp_loss":0.0,"gold_gain":0.0,"event_name":"Cursed Tome","player_choice":"Obtained Book","floor":28.0,"gold_loss":0.0,"damage_taken":16.0},{"damage_healed":0.0,"max_hp_gain":0.0,"max_hp_loss":0.0,"gold_gain":0.0,"event_name":"Tomb of Lord Red Mask","player_choice":"Ignored","floor":39.0,"gold_loss":0.0,"damage_taken":0.0}],"is_beta":false,"boss_relics":[{"not_picked":["aspiration:RitualDagger","Replay:Ancient Bell"],"picked":"Velvet Choker"},{"not_picked":["Replay:Drink Me","hubris:Backtick"],"picked":"theMarked:BronzeBlade"}],"items_purged_floors":[36,46],"is_endless":false,"potions_floor_spawned":[1,7,12,24,31,33,44,47,48],"killed_by":"Donu and Deca","ascension_level":0}}