{"host":"nkolxg4se00n20yf","time":1610313227,"event":{"mods":["BaseMod","CatGirl Mod","Chen","Colored Map","Colored Powertips","Downfall","Friendly Minions","Infinite Spire","Kiyohime????","Marisa????????","Minty Spire (QoL Compilation)","StSLib","Td1madao Mod","The Administrix","The Cursed","The Exalted","The Hierophant","The Servant 0.9.4"],"gold_per_floor":[112,112,131,143,143,143,475,486,486,486,486,504,161,161,161,235,235,252,252,252,263,7,7,7],"floor_reached":23,"playtime":740,"items_purged":["hexamod:Haunted"],"score":369,"play_id":"eca9bb24-8161-4dc9-8995-ac910136f0ac","local_time":"20210110221347","is_ascension_mode":true,"campfire_choices":[{"data":"Terror","floor":6,"key":"SMITH"},{"floor":10,"key":"REST"},{"floor":15,"key":"REST"}],"circlet_count":0,"master_deck":["AscendersBane","Strike_G","Strike_G","Strike_G","Strike_G","Defend_G","Defend_G","Defend_G","Defend_G","Defend_G","Survivor","Neutralize","Terror+1","Masterful Stab","Dagger Spray","Eviscerate","Poisoned Stab","hexamod:Haunted","infinitespire:Fortify","Dagger Throw","Unload","Storm of Steel","Crippling Poison","Writhe","Finisher+1"],"relics":["Ring of the Snake","Old Coin","Bromod:ArcaneVictory","Bromod:ArcaneAwakening","WristBlade","Frozen Egg 2","Akabeko"],"acts_visited":["Exordium","TheCity"],"potions_floor_usage":[7,12,23,23],"damage_taken":[{"damage":10,"enemies":"Cultist","floor":1,"turns":5},{"damage":1,"enemies":"2 Louse","floor":3,"turns":4},{"damage":2,"enemies":"Jaw Worm","floor":4,"turns":4},{"damage":35,"enemies":"Gremlin Nob","floor":7,"turns":4},{"damage":1,"enemies":"Looter","floor":8,"turns":3},{"damage":2,"enemies":"Large Slime","floor":12,"turns":5},{"damage":40,"enemies":"The Guardian","floor":16,"turns":11},{"damage":19,"enemies":"3 Byrds","floor":18,"turns":5},{"damage":22,"enemies":"Spheric Guardian","floor":21,"turns":5},{"damage":6,"enemies":"Slavers","floor":23,"turns":1}],"seed_played":"-3777043331726941457","potions_obtained":[{"floor":4,"key":"BlessingOfTheForge"},{"floor":8,"key":"Fire Potion"},{"floor":16,"key":"Strength Potion"},{"floor":18,"key":"BlessingOfTheForge"}],"is_trial":false,"path_per_floor":["M","$","M","M","$","R","E","M","T","R","?","M","$","?","R","B",null,"M","?","?","M","$","E"],"character_chosen":"THE_SILENT","items_purchased":["Bromod:ArcaneAwakening","Akabeko","DistilledChaos"],"campfire_rested":2,"item_purchase_floors":[13,22,22],"current_hp_per_floor":[55,55,54,52,52,52,17,16,16,37,37,37,37,37,58,19,59,43,43,23,2,2,0,0],"gold":7,"neow_bonus":"TEN_PERCENT_HP_BONUS","is_daily":false,"chose_seed":false,"campfire_upgraded":1,"win_rate":0.0,"timestamp":1610313227,"path_taken":["M","?","M","?","$","R","E","M","T","R","?","M","$","?","R","BOSS","M","?","?","M","$","E"],"items_purchased_type":["Relic","Relic","Potion"],"build_version":"2020-12-22","purchased_purges":1,"victory":false,"max_hp_per_floor":[72,72,72,72,72,72,72,72,72,72,72,72,72,72,72,72,72,72,72,77,77,77,77,77],"card_choices":[{"not_picked":["Dagger Throw","Eviscerate"],"picked":"Terror","floor":1},{"not_picked":["Blade Dance","Tactician"],"picked":"Masterful Stab","floor":3},{"not_picked":["Sucker Punch","Outmaneuver"],"picked":"Dagger Spray","floor":4},{"not_picked":["Prepared","Escape Plan"],"picked":"Eviscerate","floor":7},{"not_picked":["Distraction","Outmaneuver"],"picked":"Poisoned Stab","floor":8},{"not_picked":["infinitespire:Gouge","infinitespire:UltimateForm"],"picked":"infinitespire:Fortify","floor":11},{"not_picked":["Flying Knee","Prepared"],"picked":"Dagger Throw","floor":12},{"not_picked":["Burst","Grand Finale"],"picked":"Storm of Steel","floor":16},{"not_picked":["Finisher","PiercingWail"],"picked":"Crippling Poison","floor":18},{"not_picked":["Quick Slash","Eviscerate"],"picked":"Finisher+1","floor":21}],"player_experience":1099825,"relics_obtained":[{"floor":7,"key":"Old Coin"},{"floor":9,"key":"Bromod:ArcaneVictory"}],"event_choices":[{"damage_healed":0,"gold_gain":0,"cards_transformed":["Strike_G"],"player_choice":"Transformed","damage_taken":0,"max_hp_gain":0,"max_hp_loss":0,"event_name":"Transmorgrifier","floor":14,"gold_loss":0,"cards_obtained":["Unload"]},{"damage_healed":0,"gold_gain":0,"player_choice":"Opened","damage_taken":0,"relics_obtained":["Frozen Egg 2"],"max_hp_gain":0,"max_hp_loss":0,"event_name":"The Mausoleum","floor":19,"gold_loss":0,"cards_obtained":["Writhe"]},{"damage_healed":0,"gold_gain":0,"player_choice":"Shed Blood","damage_taken":25,"max_hp_gain":5,"max_hp_loss":0,"event_name":"Forgotten Altar","floor":20,"gold_loss":0}],"is_beta":false,"boss_relics":[{"not_picked":["Velvet Choker","Sozu"],"picked":"WristBlade"}],"items_purged_floors":[13],"is_endless":false,"potions_floor_spawned":[4,8,16,18],"killed_by":"Slavers","ascension_level":19}}