{"host":"j4g6ia6asvpyu2b0","time":1610306071,"event":{"mods":["BaseMod","Colored Map","Minty Spire (QoL Compilation)","Permanent Neow","Quick Restart","Relic Stats","StSLib","Unceasing Turn Reminder"],"gold_per_floor":[117,117,185,196,208,208,258,258,258,258,380,399,417,452,452,452,452],"floor_reached":16,"playtime":321,"items_purged":[],"score":148,"play_id":"daeca72b-21e7-4b1d-b95e-01db18005263","local_time":"20210110121431","is_ascension_mode":true,"campfire_choices":[{"data":"Crippling Poison","floor":6,"key":"SMITH"},{"data":"Adrenaline","floor":8,"key":"SMITH"},{"data":"Dagger Spray","floor":10,"key":"SMITH"},{"data":"Wraith Form v2","floor":15,"key":"SMITH"}],"circlet_count":0,"master_deck":["Strike_G","Strike_G","Strike_G","Strike_G","Strike_G","Defend_G+1","Defend_G","Defend_G+1","Defend_G","Defend_G","Survivor","Neutralize","Adrenaline+1","All Out Attack","Backflip","Crippling Poison+1","Dagger Spray+1","Wraith Form v2+1","Quick Slash","Masterful Stab"],"relics":["Ring of the Snake","SsserpentHead","Letter Opener","Shuriken","Meat on the Bone"],"acts_visited":["Exordium"],"potions_floor_usage":[14],"damage_taken":[{"damage":1,"enemies":"2 Louse","floor":1,"turns":3},{"damage":0,"enemies":"Cultist","floor":3,"turns":4},{"damage":2,"enemies":"Jaw Worm","floor":4,"turns":4},{"damage":10,"enemies":"Exordium Wildlife","floor":5,"turns":4},{"damage":3,"enemies":"Exordium Thugs","floor":12,"turns":2},{"damage":4,"enemies":"Blue Slaver","floor":13,"turns":3},{"damage":8,"enemies":"Lagavulin","floor":14,"turns":10},{"damage":0,"enemies":"Slime Boss","floor":16,"turns":1}],"seed_played":"2356631859956300298","potions_obtained":[{"floor":3,"key":"LiquidBronze"},{"floor":12,"key":"Swift Potion"},{"floor":13,"key":"Dexterity Potion"}],"is_trial":false,"path_per_floor":["M","?","M","M","M","R","?","R","T","R","T","M","M","E","R","B"],"character_chosen":"THE_SILENT","items_purchased":[],"campfire_rested":0,"item_purchase_floors":[],"current_hp_per_floor":[62,62,62,60,50,50,36,36,36,36,36,33,29,21,21,21,21],"gold":452,"neow_bonus":"ONE_RANDOM_RARE_CARD","is_daily":false,"chose_seed":false,"campfire_upgraded":4,"win_rate":0.0,"timestamp":1610306071,"path_taken":["M","?","?","M","M","R","?","R","T","R","?","M","M","E","R","BOSS"],"items_purchased_type":[],"build_version":"2020-12-22","purchased_purges":0,"victory":false,"max_hp_per_floor":[70,70,70,70,70,70,70,70,70,70,70,70,70,70,70,70,70],"relic_stats":{"SsserpentHead":150,"counters":[8,31],"Shuriken":[4],"Letter Opener":[5],"obtain_stats":[{"SsserpentHead":2,"Shuriken":11,"Letter Opener":9,"Ring of the Snake":0,"Meat on the Bone":14},{"SsserpentHead":1,"Shuriken":4,"Letter Opener":4,"Ring of the Snake":0,"Meat on the Bone":7},{"SsserpentHead":3,"Shuriken":15,"Letter Opener":15,"Ring of the Snake":0,"Meat on the Bone":30}],"Ring of the Snake":[16],"Meat on the Bone":0},"card_choices":[{"not_picked":["Cloak And Dagger","Slice"],"picked":"All Out Attack","floor":1},{"not_picked":["Setup","Eviscerate"],"picked":"Backflip","floor":3},{"not_picked":["Poisoned Stab","Terror"],"picked":"Crippling Poison","floor":4},{"not_picked":["Setup","Dodge and Roll"],"picked":"Dagger Spray","floor":5},{"not_picked":["Finisher","Deadly Poison"],"picked":"Wraith Form v2","floor":12},{"not_picked":["Bane","Tactician"],"picked":"Quick Slash","floor":13},{"not_picked":["Tactician","Expertise"],"picked":"Masterful Stab","floor":14}],"player_experience":789909,"relics_obtained":[{"floor":9,"key":"Letter Opener"},{"floor":11,"key":"Shuriken"},{"floor":14,"key":"Meat on the Bone"}],"event_choices":[{"damage_healed":0,"gold_gain":0,"player_choice":"Trade","damage_taken":0,"relics_obtained":["SsserpentHead"],"max_hp_gain":0,"max_hp_loss":0,"event_name":"FaceTrader","floor":2,"gold_loss":0},{"damage_healed":0,"gold_gain":0,"player_choice":"Entered Light","damage_taken":14,"max_hp_gain":0,"max_hp_loss":0,"event_name":"Shining Light","floor":7,"gold_loss":0,"cards_upgraded":["Defend_G","Defend_G"]}],"is_beta":false,"boss_relics":[],"items_purged_floors":[],"is_endless":false,"potions_floor_spawned":[3,12,13],"killed_by":"Slime Boss","ascension_level":9}}