{"host":"ikjt6v4q6zrcj3if","time":1610250190,"event":{"mods":["100% Spire Juice","BaseMod","CapriCore","Colored Map","Downfall","Jorbs\u0027s Wanderer Trilogy","Koishi","Luminous","Minty Spire (QoL Compilation)","Permanent Neow","Quick Restart","Replay The Spire","StSLib","SuperFastMode","The Marked","The Necromancer","The Runesmith"],"gold_per_floor":[109,64,78,78,78,78,93,93,22,22,36,36,36,36,36,138,18,34,48,65,111,131,131,148,148,199,110,110,156,81,111,111,115,115,141,59,0,22,22,22,78,105,105,163,163,63,91,114,114,128],"floor_reached":51,"playtime":3910,"items_purged":["Moonworks:Defend","Moonworks:Strike"],"score":749,"play_id":"c8d55fda-d9f8-4ef1-8ce1-1b7e3e511f03","local_time":"20210110124310","is_ascension_mode":false,"campfire_choices":[{"data":"Moonworks:Ambush","floor":6,"key":"SMITH"},{"data":"Moonworks:IndiscriminateFireSupport","floor":8,"key":"SMITH"},{"data":"Moonworks:TreasureThief","floor":10,"key":"SMITH"},{"floor":15,"key":"REST"},{"data":"Moonworks:LongDistanceShot","floor":23,"key":"SMITH"},{"data":"Moonworks:PlushieMaster","floor":25,"key":"SMITH"},{"data":"Moonworks:AwakeningOfTalent","floor":28,"key":"SMITH"},{"data":"Moonworks:StiffCrystal","floor":32,"key":"SMITH"},{"data":"expansioncontent:DefensiveStance","floor":40,"key":"SMITH"},{"data":"Moonworks:AnotherUltimateWeapon","floor":49,"key":"SMITH"}],"circlet_count":0,"master_deck":["Moonworks:Strike","Moonworks:Strike","Moonworks:Defend","Moonworks:Defend","Moonworks:Defend","Moonworks:Ambush+1","Moonworks:LongDistanceShot+1","Moonworks:PlushieMaster+1","Moonworks:TreasureThief+1","Moonworks:StiffCrystal+1","Moonworks:IndiscriminateFireSupport+1","Moonworks:SakisCookie","Moonworks:AngelHand","Moonworks:CrystalBarrier","Moonworks:TreasureThief+1","Moonworks:Heat300Percent+1","Moonworks:Dash+1","Moonworks:AwakeningOfTalent+1","Moonworks:BackdoorTrade+1","Moonworks:AnotherUltimateWeapon+1","expansioncontent:DefensiveStance+1","Moonworks:SubspaceTunnel","Flash of Steel","Moonworks:WindyEnchantment+1"],"relics":["Moonworks:SBBomb","Moonworks:Homemark","Dream Catcher","Chameleon Ring","Torii","SlaversCollar","Iron Hammer","Replay:Bandana","Replay:Grab Bag","Philosopher\u0027s Stone","Sozu","Red Mask","Ginger","Pantograph","Replay:Accelerometer"],"acts_visited":["Exordium","TheCity","TheBeyond"],"potions_floor_usage":[22,44],"damage_taken":[{"damage":0,"enemies":"Small Slimes","floor":1,"turns":4},{"damage":0,"enemies":"Jaw Worm","floor":3,"turns":4},{"damage":0,"enemies":"2 Louse","floor":7,"turns":3},{"damage":1,"enemies":"Blue Slaver","floor":11,"turns":2},{"damage":0,"enemies":"Slime Boss","floor":16,"turns":5},{"damage":8,"enemies":"Shell Parasite","floor":18,"turns":5},{"damage":0,"enemies":"Spheric Guardian","floor":19,"turns":7},{"damage":7,"enemies":"Shelled Parasite and Fungi","floor":20,"turns":4},{"damage":7,"enemies":"3 Cultists","floor":22,"turns":4},{"damage":0,"enemies":"Snecko","floor":24,"turns":5},{"damage":1,"enemies":"Snake Plant","floor":27,"turns":4},{"damage":0,"enemies":"3 Cultists","floor":29,"turns":4},{"damage":1,"enemies":"Shelled Parasite and Fungi","floor":31,"turns":3},{"damage":2,"enemies":"Pondfish","floor":33,"turns":9},{"damage":1,"enemies":"3 Shapes","floor":35,"turns":4},{"damage":0,"enemies":"Orb Walker","floor":38,"turns":4},{"damage":0,"enemies":"R_Hoarder","floor":41,"turns":7},{"damage":7,"enemies":"Writhing Mass","floor":42,"turns":7},{"damage":0,"enemies":"Reptomancer","floor":44,"turns":6},{"damage":0,"enemies":"Spire Growth","floor":47,"turns":5},{"damage":0,"enemies":"Maw","floor":48,"turns":5},{"damage":0,"enemies":"Replay:Hell Engine","floor":50,"turns":7}],"seed_played":"6610138069355698260","potions_obtained":[{"floor":16,"key":"PowerPotion"},{"floor":29,"key":"Swift Potion"},{"floor":31,"key":"Adrenaline Potion"},{"floor":33,"key":"LifebloodPotion"}],"is_trial":false,"path_per_floor":["M","?","M","?","?","R","M","R","T","R","M","?","T","$","R","B",null,"M","M","M","?","M","R","M","R","T","M","R","M","$","M","R","B",null,"M","$","?","M","?","R","E","M","T","E","?","$","M","M","R","B",null],"character_chosen":"THE_STARBREAKER","items_purchased":["expansioncontent:DefensiveStance"],"campfire_rested":1,"item_purchase_floors":[36],"current_hp_per_floor":[60,49,49,42,47,47,47,47,47,47,46,13,13,13,32,36,65,61,65,62,46,43,43,47,47,47,50,50,56,56,61,61,63,65,65,65,65,65,65,65,65,62,62,65,65,65,65,65,65,65],"gold":128,"neow_bonus":"ONE_RANDOM_RARE_CARD","is_daily":false,"chose_seed":false,"campfire_upgraded":9,"win_rate":0.0,"timestamp":1610250190,"path_taken":["M","?","M","?","?","R","M","R","T","R","?","?","?","?","R","BOSS","M","M","M","?","M","R","M","R","T","M","R","M","$","M","R","BOSS","M","$","?","M","?","R","E","?","T","E","?","$","M","M","R","BOSS"],"items_purchased_type":["Card"],"build_version":"2020-12-22","purchased_purges":2,"victory":true,"max_hp_per_floor":[60,60,60,60,65,65,65,65,65,65,65,65,65,65,65,65,65,65,65,65,65,65,65,65,65,65,65,65,65,65,65,65,65,65,65,65,65,65,65,65,65,65,65,65,65,65,65,65,65,65],"card_choices":[{"not_picked":["Moonworks:NicePresent","Moonworks:Assault"],"picked":"Moonworks:TreasureThief","floor":1},{"not_picked":["Moonworks:EvilSpyWorkPreparation","Moonworks:ImmovableObject"],"picked":"Moonworks:StiffCrystal","floor":3},{"not_picked":["Moonworks:RagingMadness","Moonworks:JonathanRush"],"picked":"Moonworks:IndiscriminateFireSupport","floor":7},{"not_picked":["Moonworks:Assault","Moonworks:DeployBits"],"picked":"Moonworks:SakisCookie","floor":11},{"not_picked":["Moonworks:FinalBattle","Moonworks:WindyEnchantment"],"picked":"Moonworks:AngelHand","floor":15},{"not_picked":["Moonworks:StarBlastingFuse","Moonworks:LeapThroughSpace"],"picked":"Moonworks:CrystalBarrier","floor":16},{"not_picked":["Moonworks:FullSpeedAlicianrone","Moonworks:WindyEnchantment"],"picked":"Moonworks:TreasureThief+1","floor":18},{"not_picked":["Moonworks:RagingMadness+1","Moonworks:BigMagnum"],"picked":"Moonworks:Heat300Percent+1","floor":19},{"not_picked":["Moonworks:CloudOfSeagulls","Moonworks:DeployBits","Moonworks:IntelligenceOfficer"],"picked":"SKIP","floor":20},{"not_picked":["Moonworks:JonathanRush","Moonworks:BigMagnum"],"picked":"Moonworks:Dash+1","floor":21},{"not_picked":["Moonworks:SealedMemories+1","Moonworks:SakisCookie+1","Moonworks:BigMagnum"],"picked":"SKIP","floor":22},{"not_picked":["Moonworks:NicePresent","Moonworks:CastOff","Moonworks:Gamble"],"picked":"SKIP","floor":24},{"not_picked":["Moonworks:SakisCookie+1","Moonworks:Poppoformation"],"picked":"Moonworks:AwakeningOfTalent","floor":27},{"not_picked":["Moonworks:ImOnFire","Moonworks:FinalSurgery","Moonworks:SakisCookie"],"picked":"SKIP","floor":29},{"not_picked":["Moonworks:SakisCookie","Moonworks:CastOff"],"picked":"Moonworks:BackdoorTrade+1","floor":31},{"not_picked":["Moonworks:EvilMastermind","Moonworks:LeapThroughSpace"],"picked":"Moonworks:AnotherUltimateWeapon","floor":33},{"not_picked":["Moonworks:DeployBits+1","Moonworks:SakisCookie","Moonworks:CloudOfSeagulls+1"],"picked":"SKIP","floor":35},{"not_picked":["Moonworks:BindingChains+1","Moonworks:EvilSpyWorkPreparation","Moonworks:Assault+1"],"picked":"SKIP","floor":38},{"not_picked":["Moonworks:IndiscriminateFireSupport+1","Moonworks:x16BigRocket","Moonworks:UnluckyCharm"],"picked":"SKIP","floor":41},{"not_picked":["Moonworks:ImOnFire+1","Moonworks:Poppoformation","Moonworks:CompletionReward"],"picked":"SKIP","floor":42},{"not_picked":["Moonworks:ForcedRevival+1","Moonworks:LulusLuckyEgg+1"],"picked":"Moonworks:SubspaceTunnel","floor":44},{"not_picked":["Metamorphosis","HandOfGreed"],"picked":"Flash of Steel","floor":45},{"not_picked":["Moonworks:EvilSpyWorkPreparation","Moonworks:DeployBits+1"],"picked":"Moonworks:WindyEnchantment+1","floor":47},{"not_picked":["Moonworks:LulusLuckyEgg+1","Moonworks:ImOnFire+1","Moonworks:Heat300Percent+1"],"picked":"SKIP","floor":48}],"player_experience":398761,"relics_obtained":[{"floor":9,"key":"Dream Catcher"},{"floor":13,"key":"Torii"},{"floor":21,"key":"Iron Hammer"},{"floor":26,"key":"Replay:Bandana"},{"floor":41,"key":"Ginger"},{"floor":43,"key":"Pantograph"},{"floor":44,"key":"Replay:Accelerometer"}],"event_choices":[{"damage_healed":0,"gold_gain":75,"player_choice":"Gather Gold","damage_taken":11,"max_hp_gain":0,"max_hp_loss":0,"event_name":"World of Goop","floor":2,"gold_loss":0},{"cards_removed":["Moonworks:Strike"],"damage_healed":0,"gold_gain":0,"player_choice":"Card Removal","damage_taken":7,"max_hp_gain":0,"max_hp_loss":0,"event_name":"Golden Wing","floor":4,"gold_loss":0},{"damage_healed":0,"gold_gain":0,"player_choice":"Donut","damage_taken":0,"max_hp_gain":5,"max_hp_loss":0,"event_name":"Big Fish","floor":5,"gold_loss":0},{"damage_healed":0,"gold_gain":0,"player_choice":"Success","damage_taken":33,"relics_obtained":["Chameleon Ring"],"max_hp_gain":0,"max_hp_loss":0,"event_name":"Scrap Ooze","floor":12,"gold_loss":0},{"damage_healed":0,"gold_gain":0,"player_choice":"Paid","damage_taken":0,"relics_obtained":["Red Mask"],"max_hp_gain":0,"max_hp_loss":0,"event_name":"Tomb of Lord Red Mask","floor":37,"gold_loss":59},{"damage_healed":0,"gold_gain":0,"player_choice":"Ignored","damage_taken":0,"max_hp_gain":0,"max_hp_loss":0,"event_name":"SecretPortal","floor":39,"gold_loss":0},{"damage_healed":0,"gold_gain":0,"player_choice":"Memory 1","damage_taken":0,"max_hp_gain":0,"max_hp_loss":0,"event_name":"SensoryStone","floor":45,"gold_loss":0}],"is_beta":false,"boss_relics":[{"not_picked":["Painkiller Herb","Replay:Ancient Bell"],"picked":"SlaversCollar"},{"not_picked":["SacredBark","Honey Jar"],"picked":"Replay:Grab Bag"},{"not_picked":["Replay:Wanted Poster","Runic Dome"],"picked":"Philosopher\u0027s Stone"},{"not_picked":["Abe\u0027s Treasure","Velvet Choker"],"picked":"Sozu"},{"not_picked":["Replay:Drink Me","Calling Bell"],"picked":"Moonworks:SBBomb"}],"items_purged_floors":[30,46],"is_endless":false,"potions_floor_spawned":[16,19,29,31,33,38,44,47],"ascension_level":0}}