{"host":"9n6i2vl93jt4o42q","time":1610319993,"event":{"mods":["BaseMod","Downfall","Minty Spire (QoL Compilation)","Relic Stats","StSLib"],"gold_per_floor":[99,112,112,112,18,53,78,78,93,106,148,73,109,118,141,223,223,148,173,195,105,137,137,137,74,125,137,149,161,198,224,266,361,373,385,406,13,45,39,39,64,102,102,141,141,141,141,130,148,148,148,191,82,82,82],"floor_reached":56,"playtime":22131,"items_purged":["Regret","Guardian:Strike_Guardian"],"score":2036,"play_id":"d2831e55-aa6e-455a-9a49-cf3fdabe5ad5","local_time":"20210111000633","is_ascension_mode":true,"campfire_choices":[{"data":"Guardian:TwinSlam","floor":1.0,"key":"SMITH"},{"data":"Guardian:FuturePlans","floor":12.0,"key":"SMITH"},{"floor":18.0,"key":"RECALL"},{"data":"Guardian:ArmoredProtocol","floor":25.0,"key":"SMITH"},{"data":"Guardian:SphericShield","floor":27.0,"key":"SMITH"},{"floor":29.0,"key":"REST"},{"data":"Guardian:DonusPower","floor":35,"key":"SMITH"},{"data":"Guardian:BronzeArmor","floor":40,"key":"SMITH"},{"data":"Guardian:TimeSifter","floor":43,"key":"SMITH"},{"data":"Guardian:MultiBeam","floor":45,"key":"SMITH"},{"data":"Guardian:RevengeProtocol","floor":47,"key":"SMITH"},{"data":"Guardian:TemporalShield","floor":54,"key":"SMITH"}],"circlet_count":0,"master_deck":["AscendersBane","Guardian:Defend_Guardian","Guardian:Defend_Guardian","Guardian:Defend_Guardian","Guardian:Defend_Guardian","Guardian:CurlUp","Guardian:TwinSlam+1","Guardian:FuturePlans+1","Guardian:EvasiveProtocol","Guardian:ShieldCharger+1","Guardian:Preprogram+1","Guardian:ArmoredProtocol+1","Guardian:PiercingHide","Guardian:TimeSifter+1","Guardian:TemporalShield+1","Guardian:ChargeUp+1","Guardian:DonusPower+1","Guardian:ConstructionForm","Guardian:Recover","Guardian:PolyBeam+1","Guardian:ChargeCore+1","Guardian:SphericShield+1","Guardian:TemporalStrike+1","Guardian:DecasProtection+1","Guardian:TemporalShield+1","Guardian:RevengeProtocol+1","Guardian:PolyBeam+1","Guardian:PrimingBeam","Guardian:MultiBeam+1","Guardian:BronzeArmor+1","Guardian:Repulse","Guardian:FloatingOrbs","expansioncontent:CaCaw","Guardian:TemporalStrike"],"relics":["Guardian:ModeShifter","Strawberry","Prayer Wheel","CeramicFish","downfall:HeartBlessingGreen","Philosopher\u0027s Stone","downfall:HeartBlessingBlue","MawBank","downfall:HeartBlessingRed","Guardian:DefensiveModeMoreBlock","downfall:KnowingSkull","Empty Cage","Guardian:BottledStasis","Eternal Feather","Regal Pillow","Bronze Scales","Bag of Preparation","Bag of Marbles","Mercury Hourglass"],"acts_visited":["Exordium","TheCity","TheBeyond","TheEnding"],"potions_floor_usage":[55,55],"damage_taken":[{"damage":0.0,"enemies":"Small Slimes","floor":2.0,"turns":3.0},{"damage":0.0,"enemies":"downfall:FleeingMerchant","floor":5.0,"turns":4.0},{"damage":22.0,"enemies":"3 Sentries","floor":6.0,"turns":10.0},{"damage":5.0,"enemies":"2 Louse","floor":9.0,"turns":3.0},{"damage":0.0,"enemies":"Jaw Worm","floor":10.0,"turns":4.0},{"damage":5.0,"enemies":"Lagavulin","floor":11.0,"turns":11.0},{"damage":5.0,"enemies":"3 Louse","floor":13.0,"turns":3.0},{"damage":7.0,"enemies":"Large Slime","floor":15.0,"turns":5.0},{"damage":21.0,"enemies":"downfall:Ironclad","floor":16.0,"turns":12.0},{"damage":12.0,"enemies":"Shell Parasite","floor":19.0,"turns":7.0},{"damage":25.0,"enemies":"Chosen and Byrds","floor":20.0,"turns":9.0},{"damage":2.0,"enemies":"downfall:FleeingMerchant","floor":21.0,"turns":4.0},{"damage":0.0,"enemies":"Snake Plant","floor":22.0,"turns":6.0},{"damage":25.0,"enemies":"Slavers","floor":26.0,"turns":8.0},{"damage":1.0,"enemies":"Centurion and Healer","floor":30.0,"turns":8.0},{"damage":1.0,"enemies":"3 Cultists","floor":31.0,"turns":8.0},{"damage":0,"enemies":"Cultist and Chosen","floor":32,"turns":10},{"damage":0,"enemies":"downfall:Defect","floor":33,"turns":9},{"damage":13,"enemies":"downfall:FleeingMerchant","floor":37,"turns":4},{"damage":4,"enemies":"3 Darklings","floor":38,"turns":4},{"damage":3,"enemies":"downfall:FleeingMerchant","floor":39,"turns":4},{"damage":6,"enemies":"Giant Head","floor":42,"turns":7},{"damage":15,"enemies":"Nemesis","floor":44,"turns":7},{"damage":2,"enemies":"downfall:FleeingMerchant","floor":48,"turns":4},{"damage":0,"enemies":"Orb Walker","floor":49,"turns":3},{"damage":17,"enemies":"downfall:Silent","floor":50,"turns":9},{"damage":28,"enemies":"downfall:CharBossMerchant","floor":52,"turns":8},{"damage":5,"enemies":"downfall:NeowBoss","floor":55,"turns":13}],"seed_played":"8312288664254382553","potions_obtained":[{"floor":2.0,"key":"Energy Potion"},{"floor":6.0,"key":"Block Potion"},{"floor":13.0,"key":"SpeedPotion"},{"floor":15.0,"key":"Guardian:AcceleratePotion"},{"floor":20.0,"key":"PowerPotion"},{"floor":22.0,"key":"Block Potion"},{"floor":31.0,"key":"ColorlessPotion"},{"floor":52,"key":"Weak Potion"}],"is_trial":false,"path_per_floor":["R","M","?","?","$","E","T","?","M","M","E","R","M","?","M","B",null,"R","M","M","$","M","?","T","R","E","R","?","R","M","M","M","B",null,"R","?","$","M","$","R","T","E","R","E","R","?","R","?","M","B",null,"E","$","R","B",null],"character_chosen":"GUARDIAN","items_purchased":["Guardian:EvasiveProtocol","Guardian:BottledStasis","Eternal Feather","Bag of Marbles","expansioncontent:CaCaw","Block Potion","Guardian:Gem_Blue","Guardian:TemporalStrike"],"campfire_rested":1,"item_purchase_floors":[5,37,37,48,48,48,53,53],"current_hp_per_floor":[72,72,72,72,72,50,50,55,50,50,45,45,40,40,33,12,66,76,64,39,37,37,56,56,56,31,31,15,43,42,41,41,41,81,81,81,68,64,61,79,79,73,91,76,94,94,94,92,92,75,89,61,61,82,77],"gold":82,"neow_bonus":"RANDOM_COMMON_RELIC","is_daily":false,"chose_seed":false,"campfire_upgraded":10,"win_rate":0.0,"timestamp":1610319993,"path_taken":["R","M","?","?","$","E","T","?","M","?","E","R","M","?","M","BOSS","R","M","M","$","M","?","T","R","E","R","?","R","M","?","M","BOSS","R","?","$","?","?","R","T","E","R","E","R","?","R","?","M","BOSS","E","$","R","BOSS"],"items_purchased_type":["Card","Relic","Relic","Relic","Card","Potion","Card","Card"],"build_version":"2020-12-22","purchased_purges":2,"victory":true,"max_hp_per_floor":[79,79,79,79,79,79,79,84,84,84,84,84,84,84,84,84,84,94,94,94,94,94,94,94,94,94,94,94,94,94,94,94,94,94,94,94,94,94,94,94,94,94,94,94,94,94,94,94,94,94,94,94,94,94,94],"relic_stats":{"Regal Pillow":0,"counters":[28,187],"CeramicFish":243,"Bronze Scales":[87],"Prayer Wheel":12,"Eternal Feather":75,"Bag of Preparation":[10],"MawBank":156,"obtain_stats":[{"Guardian:DefensiveModeMoreBlock":26,"Guardian:BottledStasis":37,"Regal Pillow":41,"downfall:HeartBlessingRed":25,"CeramicFish":11,"Guardian:ModeShifter":0,"downfall:HeartBlessingGreen":12,"Eternal Feather":37,"Bag of Preparation":44,"MawBank":24,"Empty Cage":34,"Mercury Hourglass":52,"downfall:HeartBlessingBlue":18,"Strawberry":0,"Bronze Scales":42,"Prayer Wheel":6,"Philosopher\u0027s Stone":17,"downfall:KnowingSkull":28,"Bag of Marbles":48},{"Guardian:DefensiveModeMoreBlock":14,"Guardian:BottledStasis":19,"Regal Pillow":21,"downfall:HeartBlessingRed":13,"CeramicFish":6,"Guardian:ModeShifter":0,"downfall:HeartBlessingGreen":6,"Eternal Feather":19,"Bag of Preparation":23,"MawBank":13,"Empty Cage":18,"Mercury Hourglass":27,"downfall:HeartBlessingBlue":9,"Strawberry":0,"Bronze Scales":22,"Prayer Wheel":3,"Philosopher\u0027s Stone":9,"downfall:KnowingSkull":14,"Bag of Marbles":24},{"Guardian:DefensiveModeMoreBlock":89,"Guardian:BottledStasis":128,"Regal Pillow":136,"downfall:HeartBlessingRed":81,"CeramicFish":35,"Guardian:ModeShifter":0,"downfall:HeartBlessingGreen":35,"Eternal Feather":128,"Bag of Preparation":150,"MawBank":81,"Empty Cage":124,"Mercury Hourglass":174,"downfall:HeartBlessingBlue":55,"Strawberry":0,"Bronze Scales":143,"Prayer Wheel":17,"Philosopher\u0027s Stone":55,"downfall:KnowingSkull":89,"Bag of Marbles":154}],"Mercury Hourglass":[35]},"card_choices":[{"not_picked":["Guardian:Gem_Yellow","Guardian:PolyBeam"],"picked":"Guardian:FuturePlans","floor":2.0},{"not_picked":["Guardian:RollAttack","Guardian:Gem_Lightblue","Guardian:Gem_Red"],"picked":"SKIP","floor":5.0},{"not_picked":["Guardian:VentSteam","Guardian:Gem_Green"],"picked":"Guardian:ShieldCharger","floor":6.0},{"not_picked":["Guardian:Gem_Lightblue","Guardian:Suspension"],"picked":"Guardian:Preprogram","floor":9.0},{"not_picked":["Guardian:Reroute","Guardian:EvasiveProtocol"],"picked":"Guardian:ArmoredProtocol","floor":9.0},{"not_picked":["Guardian:BronzeOrb","Guardian:Planning"],"picked":"Guardian:PiercingHide","floor":10.0},{"not_picked":["Guardian:CrystalBeam","Guardian:Planning","Guardian:Clone"],"picked":"SKIP","floor":10.0},{"not_picked":["Guardian:Gem_Blue","Guardian:ChargeCore"],"picked":"Guardian:TimeSifter","floor":11.0},{"not_picked":["Guardian:Incinerate","Guardian:ShieldCharger"],"picked":"Guardian:TemporalShield","floor":13.0},{"not_picked":["Guardian:Planning","Guardian:WalkerClaw"],"picked":"Guardian:ChargeUp","floor":13.0},{"not_picked":["Guardian:ChargeCore","Guardian:Planning"],"picked":"Guardian:DonusPower","floor":15.0},{"not_picked":["Guardian:PrismaticBeam","Guardian:TimeBomb","Guardian:Incinerate"],"picked":"SKIP","floor":15.0},{"not_picked":["Guardian:HyperBeam_Guardian","Guardian:BaubleBeam"],"picked":"Guardian:ConstructionForm","floor":16.0},{"not_picked":["Guardian:FuturePlans","Guardian:PrimingBeam"],"picked":"Guardian:Recover","floor":19.0},{"not_picked":["Guardian:ShieldSpikes","Guardian:TemporalShield","Guardian:VentSteam"],"picked":"SKIP","floor":19.0},{"not_picked":["Guardian:Gem_Blue","Guardian:Incinerate"],"picked":"Guardian:Gem_Cyan","floor":20.0},{"not_picked":["Guardian:PrismaticBeam","Guardian:Gem_Green","Guardian:FloatingOrbs"],"picked":"SKIP","floor":20.0},{"not_picked":["Guardian:GemFinder","Guardian:FuturePlans","Guardian:GuardianWhirl+1"],"picked":"SKIP","floor":21.0},{"not_picked":["Guardian:TemporalStrike+1","Guardian:Gem_Red"],"picked":"Guardian:PolyBeam+1","floor":22.0},{"not_picked":["Guardian:Planning","Guardian:CrystalBeam"],"picked":"Guardian:ChargeCore+1","floor":22.0},{"not_picked":["Guardian:Emergency","Guardian:Recover+1"],"picked":"Guardian:SphericShield","floor":26.0},{"not_picked":["Guardian:GuardianWhirl","Guardian:Gem_Red"],"picked":"Guardian:TemporalStrike+1","floor":30.0},{"not_picked":["Guardian:TimeBomb","Guardian:Reroute","Guardian:ShieldSpikes+1"],"picked":"SKIP","floor":30.0},{"not_picked":["Guardian:TemporalStrike","Guardian:CrystalBeam","Guardian:StasisField"],"picked":"SKIP","floor":31.0},{"not_picked":["Guardian:WalkerClaw","Guardian:Gem_Red","Guardian:TemporalStrike"],"picked":"SKIP","floor":31.0},{"not_picked":["Guardian:PrimingBeam","Guardian:Suspension"],"picked":"Guardian:DecasProtection+1","floor":32},{"not_picked":["Guardian:ChargeUp","Guardian:PiercingHide"],"picked":"Guardian:TemporalShield+1","floor":32},{"not_picked":["Guardian:GemFire","Guardian:FastForward"],"picked":"Guardian:RevengeProtocol","floor":33},{"not_picked":["Guardian:Preprogram","Guardian:BronzeOrb"],"picked":"Guardian:Gem_Crimson","floor":37},{"not_picked":["Guardian:PolyBeam+1","Guardian:CrystalBeam"],"picked":"Guardian:PrimingBeam","floor":38},{"not_picked":["Guardian:PrimingBeam","Guardian:RefractedBeam"],"picked":"Guardian:MultiBeam","floor":38},{"not_picked":["Guardian:SentryBeam+1","Guardian:Suspension"],"picked":"Guardian:BronzeArmor","floor":39},{"not_picked":["Guardian:CompilePackage","Guardian:ShieldCharger"],"picked":"Guardian:Gem_Synthetic","floor":42},{"not_picked":["Guardian:Gem_Cyan","Guardian:PiercingHide"],"picked":"Guardian:Repulse","floor":44},{"not_picked":["Guardian:DecasProtection","Guardian:Recover"],"picked":"Guardian:FloatingOrbs","floor":48},{"not_picked":["Guardian:VentSteam","Guardian:Reroute+1","Guardian:Suspension"],"picked":"SKIP","floor":49},{"not_picked":["Guardian:BronzeArmor","Guardian:ChargeCore","Guardian:VentSteam"],"picked":"SKIP","floor":49},{"not_picked":["Guardian:StasisStrike","Guardian:TemporalStrike"],"picked":"Guardian:Gem_Cyan","floor":52}],"player_experience":2298569,"relics_obtained":[{"floor":6.0,"key":"Prayer Wheel"},{"floor":11.0,"key":"CeramicFish"},{"floor":24.0,"key":"MawBank"},{"floor":26.0,"key":"Guardian:DefensiveModeMoreBlock"},{"floor":41,"key":"Regal Pillow"},{"floor":42,"key":"Bronze Scales"},{"floor":44,"key":"Bag of Preparation"},{"floor":52,"key":"Mercury Hourglass"}],"event_choices":[{"damage_healed":0.0,"max_hp_gain":5.0,"max_hp_loss":0.0,"gold_gain":0.0,"event_name":"Big Fish","player_choice":"Donut","floor":8.0,"gold_loss":0.0,"damage_taken":0.0},{"damage_healed":19.0,"max_hp_gain":0.0,"max_hp_loss":0.0,"gold_gain":0.0,"event_name":"The Library","player_choice":"Heal","floor":23.0,"gold_loss":0.0,"damage_taken":0.0},{"damage_healed":0,"gold_gain":0,"player_choice":"Copied","damage_taken":0,"max_hp_gain":0,"max_hp_loss":0,"event_name":"Duplicator","floor":36,"gold_loss":0,"cards_obtained":["Guardian:PolyBeam"]}],"is_beta":false,"boss_relics":[{"not_picked":["Guardian:StasisSlotReductionRelic","Snecko Eye"],"picked":"Philosopher\u0027s Stone"},{"not_picked":["Fusion Hammer","Busted Crown"],"picked":"Empty Cage"}],"items_purged_floors":[21,48],"is_endless":false,"potions_floor_spawned":[2,6,13,15,20,22,31,32,38,42,49,52],"ascension_level":15}}