{"host":"z9811rt50ti81n54","time":1610248906,"event":{"mods":["BaseMod","Better Match","Better Sensory Stone","Better Skull","Better Third Choice","Minty Spire (QoL Compilation)","StSLib","SuperFastMode"],"gold_per_floor":[10,10,10,20,195,195,222,297,297,49,49,61,78,90,90,188,188,188,201,7,7,22,22,22,22,22,42,61,76,87,47,47,152,152,169,187,187,187,36,36,116,116,116,147,197,208,208,20,20,20],"floor_reached":51,"playtime":1046,"items_purged":["Doubt","Decay"],"score":675,"play_id":"8dfb6143-c4b0-4e51-8b10-fb71e5fe72ab","local_time":"20210110122146","is_ascension_mode":false,"campfire_choices":[{"data":"Bash","floor":6,"key":"SMITH"},{"data":"Whirlwind","floor":11,"key":"SMITH"},{"data":"Seeing Red","floor":15,"key":"SMITH"},{"data":"Chrysalis","floor":23,"key":"SMITH"},{"data":"Juggernaut","floor":24,"key":"SMITH"},{"data":"Exhume","floor":32,"key":"SMITH"},{"data":"Demon Form","floor":40,"key":"SMITH"},{"data":"Impervious","floor":42,"key":"SMITH"},{"data":"Dark Embrace","floor":47,"key":"SMITH"},{"floor":49,"key":"REST"}],"circlet_count":0,"master_deck":["Bash+1","Seeing Red+1","Dark Embrace+1","Whirlwind+1","Cleave","Headbutt","Uppercut","Exhume+1","Impervious+1","Rampage","Evolve","Carnage","Clothesline","Juggernaut+1","Carnage","Rampage","Chrysalis+1","Necronomicurse","Reaper","Sever Soul","Demon Form+1","Flame Barrier","Metallicize+1","Dual Wield"],"relics":["Burning Blood","Paper Frog","WingedGreaves","Chemical X","Pandora\u0027s Box","Necronomicon","PreservedInsect","Philosopher\u0027s Stone","Kunai","Anchor","Toy Ornithopter","Bird Faced Urn","ClockworkSouvenir"],"acts_visited":["Exordium","TheCity","TheBeyond"],"potions_floor_usage":[7,7,7,18,28,33,39,50,50,50],"damage_taken":[{"damage":0,"enemies":"2 Louse","floor":1,"turns":3},{"damage":0,"enemies":"Cultist","floor":4,"turns":3},{"damage":15,"enemies":"3 Sentries","floor":7,"turns":6},{"damage":11,"enemies":"Jaw Worm","floor":12,"turns":2},{"damage":0,"enemies":"2 Fungi Beasts","floor":13,"turns":3},{"damage":0,"enemies":"Gremlin Gang","floor":14,"turns":1},{"damage":35,"enemies":"Hexaghost","floor":16,"turns":7},{"damage":0,"enemies":"2 Thieves","floor":18,"turns":1},{"damage":10,"enemies":"Spheric Guardian","floor":19,"turns":3},{"damage":0,"enemies":"Centurion and Healer","floor":22,"turns":1},{"damage":12,"enemies":"Cultist and Chosen","floor":27,"turns":3},{"damage":12,"enemies":"Sentry and Sphere","floor":28,"turns":3},{"damage":0,"enemies":"Centurion and Healer","floor":29,"turns":1},{"damage":12,"enemies":"3 Cultists","floor":30,"turns":3},{"damage":32,"enemies":"Champ","floor":33,"turns":5},{"damage":11,"enemies":"Orb Walker","floor":35,"turns":2},{"damage":38,"enemies":"3 Darklings","floor":36,"turns":3},{"damage":4,"enemies":"Giant Head","floor":44,"turns":6},{"damage":0,"enemies":"Mind Bloom Boss Battle","floor":45,"turns":2},{"damage":23,"enemies":"Transient","floor":46,"turns":5},{"damage":81,"enemies":"Time Eater","floor":50,"turns":10}],"seed_played":"-2590942135687828942","potions_obtained":[{"floor":1,"key":"EntropicBrew"},{"floor":16,"key":"CultistPotion"},{"floor":27,"key":"Strength Potion"},{"floor":28,"key":"BloodPotion"},{"floor":35,"key":"Energy Potion"},{"floor":46,"key":"DistilledChaos"}],"is_trial":false,"path_per_floor":["M","?","?","M","?","R","E","?","T","$","R","M","M","M","R","B",null,"M","M","$","?","M","R","R","?","T","M","M","M","M","$","R","B",null,"M","M","?","?","$","R","T","R","T","E","?","M","R","$","R","B",null],"character_chosen":"IRONCLAD","items_purchased":["Chemical X","Headbutt","Chrysalis","Sever Soul","BloodPotion","ClockworkSouvenir","Dual Wield"],"campfire_rested":1,"item_purchase_floors":[10,10,20,31,39,48,48],"current_hp_per_floor":[80,64,64,70,70,70,61,50,50,50,50,45,51,57,57,28,80,80,76,76,60,66,66,66,66,66,60,70,76,70,70,70,44,80,75,43,43,43,58,58,58,58,58,68,74,59,59,59,76,15],"gold":20,"neow_bonus":"TRANSFORM_TWO_CARDS","is_daily":false,"chose_seed":false,"campfire_upgraded":9,"win_rate":0.0,"timestamp":1610248906,"path_taken":["M","?","?","?","?","R","E","?","T","$","R","M","M","M","R","BOSS","M","M","$","?","M","R","R","?","T","M","?","M","M","$","R","BOSS","M","M","?","?","$","R","?","R","T","E","?","?","R","$","R","BOSS"],"items_purchased_type":["Relic","Card","Card","Card","Potion","Relic","Card"],"build_version":"2020-12-22","purchased_purges":2,"victory":true,"max_hp_per_floor":[80,80,80,80,80,80,80,80,80,80,80,80,80,80,80,80,80,80,80,80,80,80,80,80,80,80,80,80,80,80,80,80,80,80,80,80,76,76,76,76,76,76,76,76,76,76,76,76,76,76],"card_choices":[{"not_picked":["Pommel Strike","Clothesline"],"picked":"Dark Embrace","floor":1},{"not_picked":["Clothesline","Headbutt"],"picked":"Whirlwind","floor":4},{"not_picked":["Anger","Flex"],"picked":"Cleave","floor":7},{"not_picked":["Perfected Strike","Wild Strike","Cleave"],"picked":"SKIP","floor":12},{"not_picked":["Body Slam","Sentinel"],"picked":"Uppercut","floor":13},{"not_picked":["Carnage","Cleave"],"picked":"Exhume","floor":14},{"not_picked":["Juggernaut","Reaper"],"picked":"Impervious","floor":16},{"not_picked":["Armaments","Dropkick+1","Warcry"],"picked":"SKIP","floor":19},{"not_picked":["Armaments","Flex","Twin Strike"],"picked":"SKIP","floor":22},{"not_picked":["Hemokinesis","Warcry","Clash"],"picked":"SKIP","floor":27},{"not_picked":["Uppercut","Infernal Blade"],"picked":"Reaper","floor":28},{"not_picked":["Sword Boomerang","Anger","Flex"],"picked":"SKIP","floor":29},{"not_picked":["Headbutt","Anger","Flex"],"picked":"SKIP","floor":30},{"not_picked":["Impervious","Immolate"],"picked":"Demon Form","floor":33},{"not_picked":["Pommel Strike","Twin Strike+1","Dropkick+1"],"picked":"SKIP","floor":35},{"not_picked":["Heavy Blade+1","Body Slam"],"picked":"Flame Barrier","floor":36},{"not_picked":["Flex","Heavy Blade+1","Spot Weakness"],"picked":"SKIP","floor":44},{"not_picked":["Heavy Blade","Headbutt"],"picked":"Metallicize+1","floor":46}],"player_experience":350763,"relics_obtained":[{"floor":7,"key":"Paper Frog"},{"floor":9,"key":"WingedGreaves"},{"floor":21,"key":"Necronomicon"},{"floor":26,"key":"PreservedInsect"},{"floor":41,"key":"Kunai"},{"floor":43,"key":"Anchor"},{"floor":44,"key":"Toy Ornithopter"},{"floor":45,"key":"Bird Faced Urn"}],"event_choices":[{"damage_healed":0,"gold_gain":0,"player_choice":"Entered Light","damage_taken":16,"max_hp_gain":0,"max_hp_loss":0,"event_name":"Shining Light","floor":2,"gold_loss":0,"cards_upgraded":["Strike_R","Defend_R"]},{"damage_healed":0,"gold_gain":0,"player_choice":"Ignored","damage_taken":0,"max_hp_gain":0,"max_hp_loss":0,"event_name":"NoteForYourself","floor":3,"gold_loss":0},{"damage_healed":0,"gold_gain":175,"player_choice":"AGREE","damage_taken":0,"max_hp_gain":0,"max_hp_loss":0,"event_name":"Liars Game","floor":5,"gold_loss":0,"cards_obtained":["Doubt"]},{"damage_healed":0,"gold_gain":75,"player_choice":"Gather Gold","damage_taken":11,"max_hp_gain":0,"max_hp_loss":0,"event_name":"World of Goop","floor":8,"gold_loss":0},{"damage_healed":0,"gold_gain":0,"player_choice":"Obtained Book","damage_taken":16,"max_hp_gain":0,"max_hp_loss":0,"event_name":"Cursed Tome","floor":21,"gold_loss":0},{"damage_healed":0,"gold_gain":0,"player_choice":"Cursed","damage_taken":0,"max_hp_gain":0,"max_hp_loss":0,"event_name":"Wheel of Change","floor":25,"gold_loss":0,"cards_obtained":["Decay"]},{"damage_healed":0,"gold_gain":0,"player_choice":"Max HP","damage_taken":0,"max_hp_gain":0,"max_hp_loss":4,"event_name":"Winding Halls","floor":37,"gold_loss":0},{"cards_removed":["Rampage"],"damage_healed":0,"gold_gain":0,"player_choice":"Removed Attack","damage_taken":0,"max_hp_gain":0,"max_hp_loss":0,"event_name":"Falling","floor":38,"gold_loss":0},{"damage_healed":0,"gold_gain":0,"player_choice":"Fight","damage_taken":0,"max_hp_gain":0,"max_hp_loss":0,"event_name":"MindBloom","floor":45,"gold_loss":0}],"is_beta":false,"boss_relics":[{"not_picked":["Snecko Eye","Ectoplasm"],"picked":"Pandora\u0027s Box"},{"not_picked":["Coffee Dripper","Calling Bell"],"picked":"Philosopher\u0027s Stone"}],"items_purged_floors":[10,39],"is_endless":false,"potions_floor_spawned":[1,16,27,28,35,46],"ascension_level":0}}