{"host":"vzygucmp2u9s1xuv","time":1610290414,"event":{"mods":["BaseMod","Colored Map","DeckTracker","Keyboard Shortcuts","Minty Spire (QoL Compilation)","Quick Restart","StSLib","SuperFastMode"],"gold_per_floor":[119,194,194,153,224,224,26,50,50,50,83,96,96,114,114,114,114],"floor_reached":16,"playtime":261,"items_purged":[],"score":221,"play_id":"50bdc1a7-a1e4-418c-8cbb-8c79f2de08fa","local_time":"20210110235334","is_ascension_mode":true,"campfire_choices":[{"data":"All Out Attack","floor":6,"key":"SMITH"},{"floor":15,"key":"REST"}],"circlet_count":0,"master_deck":["AscendersBane","Strike_G","Strike_G","Strike_G","Strike_G","Strike_G","Defend_G","Defend_G","Defend_G","Defend_G","Defend_G","Survivor","Neutralize","All Out Attack+1","Dash","Acrobatics","Eviscerate","Acrobatics","Deflect"],"relics":["Ring of the Snake","NeowsBlessing","Golden Idol","Lantern","Turnip","Bird Faced Urn"],"acts_visited":["Exordium"],"potions_floor_usage":[16,16],"damage_taken":[{"damage":0,"enemies":"Jaw Worm","floor":1,"turns":1},{"damage":0,"enemies":"Small Slimes","floor":8,"turns":1},{"damage":0,"enemies":"Gremlin Nob","floor":11,"turns":1},{"damage":0,"enemies":"2 Louse","floor":12,"turns":2},{"damage":5,"enemies":"Exordium Thugs","floor":14,"turns":5},{"damage":63,"enemies":"Hexaghost","floor":16,"turns":16}],"seed_played":"-7217833110118436728","potions_obtained":[{"floor":1,"key":"Fire Potion"},{"floor":12,"key":"ColorlessPotion"}],"is_trial":false,"path_per_floor":["M","?","?","$","?","R","$","M","T","$","E","M","$","M","R","B"],"character_chosen":"THE_SILENT","items_purchased":["Dash","Lantern","Acrobatics"],"campfire_rested":1,"item_purchase_floors":[4,7,7],"current_hp_per_floor":[59,48,48,48,48,48,48,48,48,48,48,48,48,43,60,0,0],"gold":114,"neow_bonus":"THREE_ENEMY_KILL","is_daily":false,"chose_seed":false,"campfire_upgraded":1,"win_rate":0.0,"timestamp":1610290414,"path_taken":["M","?","?","?","?","R","$","M","T","$","E","M","$","M","R","BOSS"],"items_purchased_type":["Card","Relic","Card"],"build_version":"2020-12-22","purchased_purges":0,"victory":false,"max_hp_per_floor":[66,66,60,60,60,60,60,60,60,60,60,60,60,60,60,60,60],"card_choices":[{"not_picked":["Bane","Slice"],"picked":"All Out Attack","floor":1},{"not_picked":["Well Laid Plans","Dagger Throw"],"picked":"Eviscerate","floor":8},{"not_picked":["Deadly Poison","Catalyst"],"picked":"Acrobatics","floor":11},{"not_picked":["Finisher","Distraction","Deadly Poison"],"picked":"SKIP","floor":12},{"not_picked":["Bane","Quick Slash"],"picked":"Deflect","floor":14}],"player_experience":654840,"relics_obtained":[{"floor":9,"key":"Turnip"},{"floor":11,"key":"Bird Faced Urn"}],"event_choices":[{"damage_healed":0,"gold_gain":75,"player_choice":"Gather Gold","damage_taken":11,"max_hp_gain":0,"max_hp_loss":0,"event_name":"World of Goop","floor":2,"gold_loss":0},{"damage_healed":0,"gold_gain":0,"player_choice":"Lose Max HP","damage_taken":0,"relics_obtained":["Golden Idol"],"max_hp_gain":0,"max_hp_loss":6,"event_name":"Golden Idol","floor":3,"gold_loss":0},{"damage_healed":0,"gold_gain":71,"player_choice":"Gained Gold","damage_taken":0,"max_hp_gain":0,"max_hp_loss":0,"event_name":"Golden Wing","floor":5,"gold_loss":0}],"is_beta":false,"boss_relics":[],"items_purged_floors":[],"is_endless":false,"potions_floor_spawned":[1,12,14],"killed_by":"Hexaghost","ascension_level":16}}