{"host":"7kj0ynzap1jglrpi","time":1610249589,"event":{"mods":["Act Like it!","Arknights The Spire","BaseMod","CapriCore","Friendly Minions","Jedi Mod","Lobotomy","LobotomyExtend","Minty Spire (QoL Compilation)","MostiFishMod","RumiaBox-露米娅的神秘盒子","Spicy Shops","StSLib","TestMod","The Marked","【功能Mod】混沌之环修复补丁","【遗物卡牌】REMEMod"],"gold_per_floor":[111,111,111,124,124,163,233,233,233,69,69,104,104,125,125,246,246,265,265,279,294,317,361,385,418,418,462,307,330,245,269,269,399,399,420,439,661,682,695,739,381,381,381,381,103,128,142,183,183,183,183,183,183,108,144,144],"floor_reached":57,"playtime":2253,"items_purged":["theMarked:Strike","theMarked:DeterminationOfTheMarked","theMarked:BanishingStrike+1"],"score":1702,"play_id":"9672e9ff-5d8b-4228-bf84-131d519b4d8f","local_time":"20210110113309","is_ascension_mode":false,"campfire_choices":[{"data":"theMarked:Improvise","floor":8,"key":"SMITH"},{"data":"MostiFishMod:EE1D","floor":15,"key":"SMITH"},{"data":"MostiFishMod:EE1D","floor":32,"key":"SMITH"},{"data":"theMarked:EternalStudent","floor":42,"key":"SMITH"},{"floor":49,"key":"RECALL"},{"floor":53,"key":"REST"}],"circlet_count":0,"master_deck":["theMarked:Strike+1","theMarked:Strike+1","theMarked:Strike+1","theMarked:Defend+1","theMarked:Defend+1","theMarked:SoldierOfQuellstein+1","MostiFishMod:LethalBlade+1","theMarked:ComboAttacks+1","theMarked:ElementalBlade+1","theMarked:MuscleMemory+1","theMarked:MaelstromOfLightning+1","theMarked:SwordAndMagic+1","theMarked:Improvise+1","MostiFishMod:EE1D+1","MostiFishMod:EE1D+1","MostiFishMod:EE1D+1","theMarked:MagicAdept+1","theMarked:TakeOffHeels+1","theMarked:MysticalArsenal+1","REME_ProfessionalPlagiarism+1","theMarked:Overcharge+1","theMarked:Parkour+1","REME_AllRoundStrike+1","theMarked:SoldierForm+1","MostiFishMod:Galeforce+1","theMarked:EternalStudent+1","MostiFishMod:OneDayCity+1","REME_BuildACard+1"],"relics":["theMarked:ArtifactOfAir","testmod-TestBox","DaveBox","REME_ComplimentaryCards","testmod-HeartOfStrike","Civilization","SynthV:TestCard","LetterFromLob","Golden Idol","Darkstone Periapt","Juzu Bracelet","Ancient Tea Set","jedi:kaleidoscope","Gaze_r","HonorFeather","Odd Mushroom","REME_LowDesire","testmod-LifeArmor","Omamori","Enchiridion","Centennial Puzzle","jedi:firstaidkit","Red Mask","testmod-Alchemist","HornCleat","jedi:hotpepper","Art of War","ClockworkSouvenir","Ornamental Fan","Mark of the Bloom","REME_CardOfGreed","Incense Burner","Anchor","REME_PuzzleBoxRelic"],"acts_visited":["Exordium","TheCity","TheBeyond","TheEnding"],"potions_floor_usage":[7,11,16,20,55,56,56,56],"damage_taken":[{"damage":2,"enemies":"2 Louse","floor":1,"turns":2},{"damage":0,"enemies":"Cultist","floor":4,"turns":3},{"damage":8,"enemies":"Gremlin Nob","floor":6,"turns":3},{"damage":25,"enemies":"Lagavulin Event","floor":7,"turns":5},{"damage":0,"enemies":"Jaw Worm","floor":11,"turns":2},{"damage":5,"enemies":"Jaw Worm","floor":11,"turns":6},{"damage":0,"enemies":"The Mushroom Lair","floor":12,"turns":3},{"damage":0,"enemies":"Jaw Worm","floor":14,"turns":1},{"damage":0,"enemies":"The Guardian","floor":16,"turns":2},{"damage":5,"enemies":"3 Byrds","floor":18,"turns":3},{"damage":0,"enemies":"Spheric Guardian","floor":20,"turns":1},{"damage":0,"enemies":"Centurion and Healer","floor":21,"turns":3},{"damage":12,"enemies":"Sentry and Sphere","floor":22,"turns":3},{"damage":0,"enemies":"REME_1_Revenger","floor":23,"turns":1},{"damage":0,"enemies":"Snecko","floor":24,"turns":2},{"damage":0,"enemies":"Slavers","floor":25,"turns":1},{"damage":0,"enemies":"Masked Bandits","floor":27,"turns":1},{"damage":0,"enemies":"Shelled Parasite and Fungi","floor":29,"turns":1},{"damage":0,"enemies":"Snake Plant","floor":31,"turns":1},{"damage":0,"enemies":"Automaton","floor":33,"turns":2},{"damage":7,"enemies":"3 Darklings","floor":35,"turns":2},{"damage":0,"enemies":"Orb Walker","floor":36,"turns":1},{"damage":0,"enemies":"Spire Growth","floor":38,"turns":1},{"damage":0,"enemies":"Jaw Worm Horde","floor":39,"turns":1},{"damage":0,"enemies":"Giant Head","floor":40,"turns":1},{"damage":0,"enemies":"Writhing Mass","floor":46,"turns":1},{"damage":0,"enemies":"Maw","floor":47,"turns":1},{"damage":0,"enemies":"Nemesis","floor":48,"turns":1},{"damage":0,"enemies":"Time Eater","floor":50,"turns":2},{"damage":0,"enemies":"Shield and Spear","floor":55,"turns":1},{"damage":0,"enemies":"The Heart","floor":56,"turns":3}],"seed_played":"1101239543153693652","potions_obtained":[{"floor":4,"key":"BlessingOfTheForge"},{"floor":7,"key":"FearPotion"},{"floor":12,"key":"jedi:StrikingPotion"},{"floor":14,"key":"PowerPotion"},{"floor":16,"key":"jedi:tentaclejuice"},{"floor":20,"key":"testmod-SpacePotion"},{"floor":23,"key":"Swift Potion"},{"floor":25,"key":"SneckoOil"},{"floor":29,"key":"Dexterity Potion"},{"floor":31,"key":"DistilledChaos"},{"floor":46,"key":"Dexterity Potion"}],"is_trial":false,"path_per_floor":["M","?","?","M","?","E","?","R","T","$","M","?","?","M","R","B",null,"M","?","M","M","M","E","M","E","T","?","$","M","?","M","R","B",null,"M","M","?","M","M","E","$","R","T","?","$","M","M","E","R","B",null,null,"R","$","E","B",null],"character_chosen":"THE_DEFAULT","items_purchased":["jedi:kaleidoscope","testmod-Alchemist","ClockworkSouvenir","REME_BuildACard","REME_CardOfGreed","testmod-SpacePotion","Anchor"],"campfire_rested":1,"item_purchase_floors":[10,28,41,41,45,45,54],"current_hp_per_floor":[49,49,49,52,34,30,10,10,10,10,97,107,107,118,118,130,130,140,124,140,158,166,187,209,234,234,262,262,292,292,323,356,390,292,305,326,326,347,370,393,393,400,400,400,400,400,400,400,400,400,400,400,400,400,400,400],"gold":144,"neow_bonus":"TRANSFORM_TWO_CARDS","is_daily":false,"chose_seed":false,"campfire_upgraded":4,"win_rate":0.0,"timestamp":1610249589,"path_taken":["M","?","?","?","?","E","?","R","T","$","M","?","?","M","R","BOSS","M","?","M","M","M","E","M","E","T","?","?","M","?","M","R","BOSS","M","M","?","M","M","E","$","R","T","?","$","M","M","E","R","BOSS","R","$","E","BOSS"],"items_purchased_type":["Relic","Relic","Relic","Card","Relic","Potion","Relic"],"build_version":"2020-12-22","purchased_purges":3,"victory":true,"max_hp_per_floor":[72,72,72,75,75,79,84,84,84,84,97,107,107,118,118,130,130,145,145,161,179,199,220,242,267,267,295,295,325,325,356,356,390,292,312,333,333,354,377,400,400,400,400,400,400,424,448,473,473,498,498,498,498,498,524,551],"card_choices":[{"not_picked":["theMarked:Seal","theMarked:WardOff"],"picked":"theMarked:DeterminationOfTheMarked","floor":1},{"not_picked":["theMarked:EmpowerWeapon","theMarked:ResourceFulStrike","theMarked:GodGivenPower","theMarked:ParalyzingBlade"],"picked":"theMarked:MaelstromOfLightning","floor":4},{"not_picked":["theMarked:SelfDefenseTraining","theMarked:HeightenedSenses","theMarked:UnarmedFury","theMarked:Frustration"],"picked":"theMarked:SwordAndMagic","floor":6},{"not_picked":["theMarked:Static","theMarked:TwofoldDefense","theMarked:ParalyzingBlade","theMarked:WastefulDefense"],"picked":"theMarked:Improvise","floor":7},{"not_picked":["theMarked:ChainLightning","theMarked:GodGivenPower","theMarked:ElementalBlade","theMarked:Frustration"],"picked":"theMarked:BanishingStrike","floor":12},{"not_picked":["theMarked:TwofoldDefense","theMarked:ReduceFriction","theMarked:Opportunist","theMarked:ElementalBlade"],"picked":"theMarked:MagicAdept","floor":14},{"not_picked":["theMarked:UnarmedFury","theMarked:FavorableWinds","theMarked:SuspiciousRaven","theMarked:Challenge"],"picked":"theMarked:TakeOffHeels","floor":16},{"not_picked":["theMarked:RepellingDischarge","theMarked:Improvise","theMarked:WastefulDefense+1","theMarked:ThrowWeapon","testmod-PulseDistributor"],"picked":"theMarked:MysticalArsenal","floor":18},{"not_picked":["theMarked:WastefulDefense","theMarked:RepellingDischarge","theMarked:Standoff+1","theMarked:Frustration","theMarked:Electrocute+1"],"picked":"REME_ProfessionalPlagiarism","floor":20},{"not_picked":["theMarked:ContemptForTheProud","theMarked:WastefulAttack","theMarked:SwordAndMagic+1","theMarked:ElementalBlade","Blind"],"picked":"theMarked:Overcharge+1","floor":21},{"not_picked":["theMarked:WastefulAttack","theMarked:Parry","theMarked:Aftermath","theMarked:EmpowerWeapon","Finesse+1"],"picked":"theMarked:Parkour","floor":22},{"not_picked":["theMarked:WastefulDefense","theMarked:ChannelForce","theMarked:Parry","theMarked:WardOff","theMarked:SwordAndMagic","Panache"],"picked":"SKIP","floor":23},{"not_picked":["theMarked:TakeCover","theMarked:DeterminationOfTheMarked+1","theMarked:BanishingStrike","theMarked:PowerFlow","theMarked:ElectricStrings"],"picked":"REME_AllRoundStrike","floor":24},{"not_picked":["theMarked:GodGivenPower","theMarked:TwofoldDefense+1","theMarked:MaelstromOfLightning+1","theMarked:Overthink","theMarked:Convert+1","Thinking Ahead"],"picked":"SKIP","floor":25},{"not_picked":["theMarked:Overthink","theMarked:EmpowerWeapon","theMarked:HeightenedSenses","theMarked:Frustration","testmod-PowerStrike"],"picked":"theMarked:SoldierForm","floor":27},{"not_picked":["theMarked:Electrocute","theMarked:SummonStrength","theMarked:MysticalArsenal","theMarked:ElementalBlade","theMarked:ElectricStrings","testmod-Provocation"],"picked":"SKIP","floor":29},{"not_picked":["theMarked:TwofoldDefense","theMarked:EnhanceMovement","theMarked:RepellingDischarge","theMarked:ElectricStrings","theMarked:Seal"],"picked":"MostiFishMod:Galeforce","floor":31},{"not_picked":["theMarked:TakeOffHeels","theMarked:Challenge","theMarked:Defy","theMarked:ChannelForce","testmod-CardIndex"],"picked":"theMarked:EternalStudent","floor":33},{"not_picked":["theMarked:WastefulDefense+1","theMarked:MaelstromOfLightning+1","theMarked:BanishingStrike","theMarked:ChainLightning+1","theMarked:Aftermath+1","testmod-ComboMaster"],"picked":"SKIP","floor":35},{"not_picked":["theMarked:BanishingStrike+1","theMarked:Improvise","theMarked:ElectricStrings+1","theMarked:Parkour+1","theMarked:Frustration","testmod-Reproduce"],"picked":"SKIP","floor":36},{"not_picked":["theMarked:WastefulAttack+1","theMarked:Polarize+1","theMarked:TurnInvisible","theMarked:Improvise","theMarked:EmpowerWeapon+1","Swift Strike+1"],"picked":"SKIP","floor":38},{"not_picked":["theMarked:ParalyzingBlade","theMarked:Parkour","theMarked:Improvise+1","theMarked:SwordAndMagic","theMarked:WastefulDefense","Panache"],"picked":"SKIP","floor":39},{"not_picked":["theMarked:MaelstromOfLightning","theMarked:BindingBlade","theMarked:GodGivenPower+1","theMarked:RepellingDischarge+1","theMarked:WastefulDefense"],"picked":"MostiFishMod:OneDayCity","floor":40},{"not_picked":["theMarked:LightningStrikesTwice","theMarked:ResourceFulStrike","theMarked:Improvise+1","theMarked:ElementalBlade","theMarked:EmpowerWeapon+1","testmod-Illusory"],"picked":"SKIP","floor":46},{"not_picked":["theMarked:MysticalArsenal+1","theMarked:DeterminationOfTheMarked+1","theMarked:Frustration","theMarked:SoldierForm","theMarked:HeritageOfTheMarked+1","Trip"],"picked":"SKIP","floor":47},{"not_picked":["theMarked:BanishingStrike","theMarked:Static+1","theMarked:Improvise","theMarked:WastefulDefense","theMarked:RepellingDischarge","Swift Strike+1"],"picked":"SKIP","floor":48},{"not_picked":["theMarked:Indomitable+1","theMarked:Frustration","theMarked:Polarize+1","theMarked:SoldierForm","theMarked:WastefulAttack","MostiFishMod:Mottled"],"picked":"SKIP","floor":55}],"player_experience":113811,"relics_obtained":[{"floor":1,"key":"SynthV:TestCard"},{"floor":1,"key":"LetterFromLob"},{"floor":6,"key":"Darkstone Periapt"},{"floor":7,"key":"Juzu Bracelet"},{"floor":9,"key":"Ancient Tea Set"},{"floor":12,"key":"Odd Mushroom"},{"floor":17,"key":"testmod-LifeArmor"},{"floor":17,"key":"Omamori"},{"floor":19,"key":"Enchiridion"},{"floor":23,"key":"Centennial Puzzle"},{"floor":25,"key":"jedi:firstaidkit"},{"floor":27,"key":"Red Mask"},{"floor":40,"key":"Art of War"},{"floor":43,"key":"Ornamental Fan"},{"floor":48,"key":"Incense Burner"},{"floor":55,"key":"REME_PuzzleBoxRelic"}],"event_choices":[{"damage_healed":0,"gold_gain":0,"player_choice":"1 cards matched","damage_taken":0,"max_hp_gain":0,"max_hp_loss":0,"event_name":"Match and Keep!","floor":3,"gold_loss":0,"cards_obtained":["theMarked:MuscleMemory"]},{"damage_healed":0,"gold_gain":0,"player_choice":"Take Damage","damage_taken":18,"relics_obtained":["Golden Idol"],"max_hp_gain":0,"max_hp_loss":0,"event_name":"Golden Idol","floor":5,"gold_loss":0},{"damage_healed":0,"gold_gain":30,"player_choice":"Searched \u00272\u0027 times","damage_taken":0,"max_hp_gain":0,"max_hp_loss":0,"event_name":"Dead Adventurer","floor":7,"gold_loss":0},{"damage_healed":0,"gold_gain":0,"player_choice":"Fought Mushrooms","damage_taken":0,"max_hp_gain":0,"max_hp_loss":0,"event_name":"Mushrooms","floor":12,"gold_loss":0},{"damage_healed":0,"gold_gain":0,"player_choice":"Swap Relic","damage_taken":0,"relics_obtained":["EE1DDrone"],"max_hp_gain":0,"max_hp_loss":0,"event_name":"给自己的盒子","floor":13,"relics_lost":["EE1DDrone"],"gold_loss":0},{"damage_healed":0,"gold_gain":0,"player_choice":"Obtained Book","damage_taken":16,"max_hp_gain":0,"max_hp_loss":0,"event_name":"Cursed Tome","floor":19,"gold_loss":0},{"damage_healed":0,"gold_gain":0,"player_choice":"Fought Bandits","damage_taken":0,"max_hp_gain":0,"max_hp_loss":0,"event_name":"Masked Bandits","floor":27,"gold_loss":0},{"damage_healed":0,"gold_gain":0,"player_choice":"Obtained Relic","damage_taken":0,"relics_obtained":["HornCleat"],"max_hp_gain":0,"max_hp_loss":0,"event_name":"Addict","floor":30,"gold_loss":85},{"damage_healed":0,"gold_gain":222,"player_choice":"Wore Mask","damage_taken":0,"max_hp_gain":0,"max_hp_loss":0,"event_name":"Tomb of Lord Red Mask","floor":37,"gold_loss":0},{"damage_healed":0,"gold_gain":0,"player_choice":"Upgrade","damage_taken":0,"relics_obtained":["Mark of the Bloom"],"max_hp_gain":0,"max_hp_loss":0,"event_name":"MindBloom","floor":44,"gold_loss":0,"cards_upgraded":["theMarked:Strike","theMarked:Strike","theMarked:Strike","theMarked:Defend","theMarked:Defend","theMarked:SoldierOfQuellstein","theMarked:ElementalBlade","theMarked:MuscleMemory","theMarked:MaelstromOfLightning","theMarked:SwordAndMagic","theMarked:BanishingStrike","MostiFishMod:EE1D","theMarked:MagicAdept","theMarked:TakeOffHeels","theMarked:MysticalArsenal","REME_ProfessionalPlagiarism","theMarked:Parkour","REME_AllRoundStrike","theMarked:SoldierForm","MostiFishMod:Galeforce","MostiFishMod:OneDayCity","REME_BuildACard"]}],"is_beta":false,"boss_relics":[{"not_picked":["BloodWine","testmod-Recursion"],"picked":"REME_LowDesire"},{"not_picked":["Pandora\u0027s Box","ShadowXiaoBlade"],"picked":"jedi:hotpepper"}],"items_purged_floors":[10,41,45],"is_endless":false,"potions_floor_spawned":[4,7,11,12,14,16,20,23,25,29,31,33,35,38,46],"ascension_level":0}}