{"host":"i0s8vbixp24k5aul","time":1610305574,"event":{"mods":["2.2 Compatiblity","Act Like it!","Aspiration","BaseMod","Better Note","Better Third Choice","Better Vampires","BetterUpgradePreview","Colorless Booster Pack","Displayed Cursed Tome","GifTheSpireLib","Halation","Hermit","Hubris","Jedi Mod","Minty Spire (QoL Compilation)","Optimize The Spire","Random Character Mod","Shade Mod","StSLib","Stuff the Spire","Swap Starting Deck Mod","The Bug Knight","The Construct","The Cursed","The Disciple","The Mystic","TheHero","TheWitcher","vexMod","??????REMEMod"],"gold_per_floor":[111,111,122,122,138,154,154,183,237,237,253,272,272,299,299,370,370,384,401,401,401,416,416,445,464,488,488,523,523,535,535,535,609,609,609,609],"floor_reached":35,"playtime":5439,"items_purged":[],"score":1039,"play_id":"00a4bf97-3250-4763-a636-8398a3043ef6","local_time":"20210110220614","is_ascension_mode":true,"campfire_choices":[{"floor":7.0,"key":"REST"},{"floor":10.0,"key":"REST"},{"data":"hubris:SlightOfHand","floor":13.0,"key":"SMITH"},{"data":"Infinite Blades","floor":15.0,"key":"SMITH"},{"floor":23,"key":"REST"},{"data":"Blade Dance","floor":27,"key":"SMITH"},{"floor":29,"key":"REST"},{"data":"Cloak And Dagger","floor":32,"key":"SMITH"}],"circlet_count":0,"master_deck":["AscendersBane","Slice","Slice","Slice","Slice","Finisher+1","Cloak And Dagger+1","Cloak And Dagger","Cloak And Dagger","Cloak And Dagger","Blade Dance+1","Madness","Dagger Throw","hubris:SlightOfHand+1","Slice+1","Glass Knife+1","Dagger Throw+1","Flying Knee+1","Infinite Blades+1","REME_SpectralBlade+1","Leg Sweep+1","Deflect","Flying Knee+1","Blade Dance","Blade Dance","After Image"],"relics":["Ring of the Snake","REME_ComplimentaryCards","Molten Egg 2","Potion Belt","StuffTheSpire:Barrel","Ancient Tea Set","construct:WeddingRing","StuffTheSpire:WitherSkull","aspiration:PoetsPen","Nunchaku","aspiration:HiddenCompartment","hubris:CrystalStatue","REME_DuelDisc"],"acts_visited":["Exordium","TheCity","TheBeyond"],"potions_floor_usage":[16,16,24,35],"damage_taken":[{"damage":0.0,"enemies":"Jaw Worm","floor":1.0,"turns":2.0},{"damage":0.0,"enemies":"2 Louse","floor":3.0,"turns":2.0},{"damage":0.0,"enemies":"Small Slimes","floor":5.0,"turns":1.0},{"damage":8.0,"enemies":"Looter","floor":6.0,"turns":2.0},{"damage":4.0,"enemies":"Gremlin Nob","floor":8.0,"turns":3.0},{"damage":0.0,"enemies":"2 Fungi Beasts","floor":11.0,"turns":1.0},{"damage":0.0,"enemies":"Large Slime","floor":12.0,"turns":3.0},{"damage":0.0,"enemies":"HollowMod:MossKnight","floor":14.0,"turns":2.0},{"damage":0,"enemies":"Slime Boss","floor":16,"turns":3},{"damage":6,"enemies":"Chosen","floor":18,"turns":3},{"damage":24,"enemies":"Snake Plant","floor":19,"turns":2},{"damage":9,"enemies":"Shelled Parasite and Fungi","floor":22,"turns":2},{"damage":0,"enemies":"REME_1_Revenger","floor":24,"turns":2},{"damage":0,"enemies":"Sentry and Sphere","floor":25,"turns":1},{"damage":13,"enemies":"Book of Stabbing","floor":28,"turns":2},{"damage":0,"enemies":"3 Cultists","floor":30,"turns":1},{"damage":0,"enemies":"Champ","floor":33,"turns":3},{"damage":52,"enemies":"3 Shapes","floor":35,"turns":3}],"seed_played":"-6287685617924544440","potions_obtained":[{"floor":3.0,"key":"Weak Potion"},{"floor":6.0,"key":"Energy Potion"},{"floor":12.0,"key":"BlessingOfTheForge"},{"floor":14.0,"key":"AttackPotion"},{"floor":22,"key":"Regen Potion"},{"floor":25,"key":"jedi:tentaclejuice"},{"floor":28,"key":"Dexterity Potion"}],"is_trial":false,"path_per_floor":["M","?","M","?","M","M","R","E","T","R","M","M","R","E","R","B",null,"M","M","?","?","M","R","E","M","T","R","E","R","M","?","R","B",null,"M"],"character_chosen":"THE_SILENT","items_purchased":[],"campfire_rested":4,"item_purchase_floors":[],"current_hp_per_floor":[30,30,30,30,30,22,41,37,37,56,56,56,56,56,56,56,64,58,34,34,34,25,40,45,45,45,45,32,47,47,47,47,47,49,0,0],"gold":609,"neow_bonus":"","is_daily":false,"chose_seed":false,"campfire_upgraded":4,"win_rate":0.0,"timestamp":1610305574,"path_taken":["M","?","M","?","M","?","R","E","T","R","M","M","R","E","R","BOSS","M","M","?","?","M","R","E","M","T","R","E","R","M","?","R","BOSS","M"],"items_purchased_type":[],"build_version":"2020-12-22","purchased_purges":0,"victory":false,"max_hp_per_floor":[66,66,66,66,66,66,66,66,66,66,66,66,66,66,66,66,66,66,66,66,50,50,50,50,50,50,50,50,50,50,50,50,50,50,50,50],"card_choices":[{"not_picked":["Underhanded Strike","Backflip"],"picked":"Dagger Throw","floor":1.0},{"not_picked":["Dash","REME_ShadowStrike"],"picked":"hubris:SlightOfHand","floor":3.0},{"not_picked":["Blade Dance","Underhanded Strike+1"],"picked":"Slice+1","floor":5.0},{"not_picked":["Slice+1","Poisoned Stab+1"],"picked":"Glass Knife+1","floor":6.0},{"not_picked":["Tools of the Trade","Blade Dance"],"picked":"Dagger Throw+1","floor":8.0},{"not_picked":["Cloak And Dagger","Deflect"],"picked":"PiercingWail","floor":11.0},{"not_picked":["Skewer+1","StuffTheSpire:Python"],"picked":"Flying Knee+1","floor":12.0},{"not_picked":["Concentrate","Envenom"],"picked":"Infinite Blades","floor":14.0},{"not_picked":["REME_LeechingPoison","jedi:rejectivetoxin"],"picked":"REME_SpectralBlade+1","floor":16},{"not_picked":["Distraction","Quick Slash+1"],"picked":"Leg Sweep+1","floor":18},{"not_picked":["Prepared","StuffTheSpire:Injection+1","Acrobatics"],"picked":"SKIP","floor":19},{"not_picked":["jedi:pocketpoison","Acrobatics+1"],"picked":"Deflect","floor":22},{"not_picked":["Predator+1","Distraction"],"picked":"Flying Knee+1","floor":24},{"not_picked":["StuffTheSpire:Incantation","PiercingWail"],"picked":"Blade Dance","floor":25},{"not_picked":["Crippling Poison","Bane+1"],"picked":"Blade Dance","floor":28},{"not_picked":["StuffTheSpire:ClusterCrunch+1","Skewer+1","Bane+1"],"picked":"SKIP","floor":30},{"not_picked":["REME_CopyPotion","jedi:studyshivs"],"picked":"After Image","floor":33}],"player_experience":930851,"relics_obtained":[{"floor":8.0,"key":"Potion Belt"},{"floor":9.0,"key":"StuffTheSpire:Barrel"},{"floor":14.0,"key":"Ancient Tea Set"},{"floor":24,"key":"Nunchaku"},{"floor":26,"key":"aspiration:HiddenCompartment"},{"floor":28,"key":"hubris:CrystalStatue"}],"event_choices":[{"damage_healed":0.0,"max_hp_gain":0.0,"max_hp_loss":0.0,"gold_gain":0.0,"event_name":"Living Wall","player_choice":"Grow","floor":2.0,"gold_loss":0.0,"damage_taken":0.0,"cards_upgraded":["Finisher"]},{"cards_removed":["PiercingWail"],"damage_healed":0,"gold_gain":0,"player_choice":"Gave Card","damage_taken":0,"relics_obtained":["StuffTheSpire:WitherSkull"],"max_hp_gain":0,"max_hp_loss":0,"event_name":"WeMeetAgain","floor":20,"gold_loss":0},{"cards_removed":["Injury"],"damage_healed":0,"gold_gain":0,"player_choice":"Purged","damage_taken":0,"max_hp_gain":0,"max_hp_loss":0,"event_name":"Purifier","floor":31,"gold_loss":0}],"is_beta":false,"boss_relics":[{"not_picked":["StuffTheSpire:RunicConfusion","aspiration:DefectSkillbook"],"picked":"construct:WeddingRing"},{"not_picked":["hubris:HollowSoul","vexMod:RockOfEvil"],"picked":"REME_DuelDisc"}],"items_purged_floors":[],"is_endless":false,"potions_floor_spawned":[3,6,12,14,22,25,28],"killed_by":"3 Shapes","ascension_level":14}}