{"host":"rf8av8ahefvxcu9p","time":1610320463,"event":{"mods":["BaseMod","BetterRewards","Colored Powertips","Infinite Spire","Minty Spire (QoL Compilation)","Replay The Spire","StSLib"],"gold_per_floor":[111,35,35,103,103,103,124,156,156,156,156],"floor_reached":10,"playtime":618,"items_purged":[],"score":64,"play_id":"676bdd9f-3e55-4176-8cb7-fa486131bbad","local_time":"20210110171423","daily_mods":["Heirloom","Time Dilation","Flight","DeadlyEvents","Elite Swarm"],"is_ascension_mode":false,"campfire_choices":[{"data":"Echo Form","floor":6,"key":"SMITH"}],"circlet_count":0,"master_deck":["Demon Form","Wraith Form v2","Echo Form+1","DevaForm+1","Strike_P","Strike_P","Strike_P","Strike_P","Defend_P","Defend_P","Defend_P","Defend_P","Eruption+1","Vigilance","Adaptation","LikeWater","Replay:BluntJabs","Consecrate","ThirdEye"],"relics":["PureWater","replay:Trail_Library","Du-Vu Doll","CeramicFish","Mango","Question Card"],"acts_visited":["Exordium"],"potions_floor_usage":[8],"damage_taken":[{"damage":3,"enemies":"Jaw Worm","floor":1,"turns":3},{"damage":0,"enemies":"Small Slimes","floor":7,"turns":4},{"damage":22,"enemies":"3 Sentries","floor":8,"turns":5},{"damage":52,"enemies":"Gremlin Nob","floor":10,"turns":3}],"seed_played":"4667221523870174009","potions_obtained":[{"floor":1,"key":"AttackPotion"},{"floor":4,"key":"Venom Potion"},{"floor":7,"key":"FearPotion"}],"is_trial":true,"path_per_floor":["M","$","?","?","?","R","M","E","T","E"],"character_chosen":"WATCHER","items_purchased":["LikeWater"],"campfire_rested":0,"item_purchase_floors":[2],"current_hp_per_floor":[69,69,69,51,51,51,51,43,43,0,0],"gold":156,"neow_bonus":"","is_daily":false,"chose_seed":false,"campfire_upgraded":1,"win_rate":0.0,"timestamp":1610320463,"path_taken":["M","$","?","?","?","R","?","E","T","E"],"items_purchased_type":["Card"],"build_version":"2020-12-22","purchased_purges":0,"victory":false,"max_hp_per_floor":[72,72,72,72,72,72,72,86,86,86,86],"card_choices":[{"not_picked":["EmptyFist","SashWhip"],"picked":"Adaptation","floor":1},{"not_picked":["Nirvana","ForeignInfluence"],"picked":"Replay:BluntJabs","floor":4},{"not_picked":["Replay:AtTheReady","Protect"],"picked":"Consecrate","floor":4},{"not_picked":["Evaluate","Replay:BluntJabs"],"picked":"ThirdEye","floor":7},{"not_picked":["Replay:AllIn","Replay:LoomingThreat","Judgement"],"picked":"SKIP","floor":8}],"player_experience":346190,"relics_obtained":[{"floor":4,"key":"CeramicFish"},{"floor":8,"key":"Mango"},{"floor":9,"key":"Question Card"}],"event_choices":[],"is_beta":false,"boss_relics":[],"items_purged_floors":[],"is_endless":false,"potions_floor_spawned":[1,7],"killed_by":"Gremlin Nob","ascension_level":0}}