{"host":"jyuuog6ydc2s7nd8","time":1610261796,"event":{"mods":["BaseMod","Better Vampires","Minty Spire (QoL Compilation)","Shop Mod","StSLib","The Hierophant","The Servant 0.9.4","TheBandit","[IsaacMod]ÒÔÈö¼âËþ"],"gold_per_floor":[118,133,133,208,1,1,1,1,1,42,57,70,70,20,20,118,118,137,137,137,53,53,89,89,128,155,180,180,194,194,194],"floor_reached":30,"playtime":661,"items_purged":["Strike_R","Strike_R","Strike_R","Defend_R"],"score":678,"play_id":"a308bd2c-d40c-406d-9caa-d56b8a13dc55","local_time":"20210110145636","is_ascension_mode":true,"campfire_choices":[{"data":"Pommel Strike","floor":6.0,"key":"SMITH"},{"data":"Bash","floor":8.0,"key":"SMITH"},{"data":"Body Slam","floor":13.0,"key":"SMITH"},{"data":"True Grit","floor":15.0,"key":"SMITH"},{"data":"Power Through","floor":28,"key":"SMITH"}],"circlet_count":0,"master_deck":["AscendersBane","Strike_R+1","Strike_R+1","Defend_R","Bash+1","Pommel Strike+1","Body Slam+1","Ghostly Armor","True Grit+1","Sever Soul","Shrug It Off","Headbutt","Cleave","Power Through+1","Feel No Pain"],"relics":["Burning Blood","HushsDoor","NeowsBlessing","BookOfRevelations","SteamSale","Golden Idol","Letter Opener","Paper Frog","Mark of Pain","Incubus","Vajra","Smiling Mask","Oddly Smooth Stone"],"acts_visited":["Exordium","TheCity"],"potions_floor_usage":[],"damage_taken":[{"damage":0.0,"enemies":"Small Slimes","floor":1.0,"turns":1.0},{"damage":0.0,"enemies":"2 Louse","floor":2.0,"turns":1.0},{"damage":0.0,"enemies":"Gremlin Nob","floor":10.0,"turns":1.0},{"damage":12.0,"enemies":"Jaw Worm","floor":11.0,"turns":2.0},{"damage":8.0,"enemies":"3 Louse","floor":12.0,"turns":4.0},{"damage":0.0,"enemies":"Hexaghost","floor":16.0,"turns":8.0},{"damage":0.0,"enemies":"Spheric Guardian","floor":18.0,"turns":3.0},{"damage":20.0,"enemies":"Gremlin Leader","floor":23.0,"turns":9.0},{"damage":16.0,"enemies":"Book of Stabbing","floor":25.0,"turns":4.0},{"damage":0,"enemies":"2 Thieves","floor":27,"turns":2},{"damage":0,"enemies":"Centurion and Healer","floor":29,"turns":3},{"damage":26,"enemies":"Slavers","floor":30,"turns":4}],"seed_played":"-114069566896803709","potions_obtained":[{"floor":11.0,"key":"SteroidPotion"},{"floor":18.0,"key":"BlessingOfTheForge"},{"floor":29,"key":"Energy Potion"}],"is_trial":false,"path_per_floor":["M","M","?","?","$","R","?","R","T","E","M","M","R","$","R","B",null,"M","?","?","$","T","E","?","E","T","M","R","M","E"],"character_chosen":"IRONCLAD","items_purchased":["SteamSale","Incubus","Sever Soul"],"campfire_rested":0,"item_purchase_floors":[5,17,21],"current_hp_per_floor":[74,75,52,41,41,41,15,15,15,21,15,13,13,13,13,19,42,48,35,35,35,35,21,21,11,11,17,17,23,0,0],"gold":194,"neow_bonus":"THREE_ENEMY_KILL","is_daily":false,"chose_seed":false,"campfire_upgraded":5,"win_rate":0.0,"timestamp":1610261796,"path_taken":["M","M","?","?","?","R","?","R","T","E","M","?","R","?","R","BOSS","M","?","?","$","?","E","?","E","T","M","R","?","E"],"items_purchased_type":["Relic","Relic","Card"],"build_version":"2020-12-22","purchased_purges":4,"victory":false,"max_hp_per_floor":[75,75,75,75,75,75,75,75,75,75,75,75,75,75,75,75,50,50,55,55,55,55,55,55,55,55,55,55,55,55,55],"card_choices":[{"not_picked":[],"picked":"ChaosCard","floor":0.0},{"not_picked":["Reckless Charge","Demon Form"],"picked":"Pommel Strike","floor":1.0},{"not_picked":["Rage","Iron Wave","Twin Strike"],"picked":"SKIP","floor":2.0},{"not_picked":["Pummel","Thunderclap"],"picked":"Body Slam","floor":10.0},{"not_picked":["Iron Wave","Reckless Charge"],"picked":"Ghostly Armor","floor":11.0},{"not_picked":["Reckless Charge","Heavy Blade","True Grit"],"picked":"SKIP","floor":12.0},{"not_picked":["Reckless Charge","Heavy Blade"],"picked":"True Grit","floor":12.0},{"not_picked":["Sword Boomerang","Armaments","Disarm"],"picked":"SKIP","floor":18.0},{"not_picked":["Havoc","Clash"],"picked":"Shrug It Off","floor":23.0},{"not_picked":["Double Tap","Entrench+1"],"picked":"Power Through","floor":25.0},{"not_picked":["Sentinel","Clash","Pummel"],"picked":"SKIP","floor":27},{"not_picked":["Rage+1","Fire Breathing+1"],"picked":"Feel No Pain","floor":29}],"player_experience":1808459,"relics_obtained":[{"floor":9.0,"key":"Letter Opener"},{"floor":10.0,"key":"Paper Frog"},{"floor":22.0,"key":"Vajra"},{"floor":23.0,"key":"Smiling Mask"},{"floor":25.0,"key":"Oddly Smooth Stone"}],"event_choices":[{"damage_healed":0.0,"max_hp_gain":0.0,"max_hp_loss":0.0,"gold_gain":0.0,"event_name":"Shining Light","player_choice":"Entered Light","floor":3.0,"gold_loss":0.0,"damage_taken":23.0,"cards_upgraded":["Strike_R","Strike_R"]},{"damage_healed":0.0,"max_hp_gain":0.0,"max_hp_loss":0.0,"gold_gain":75.0,"event_name":"World of Goop","player_choice":"Gather Gold","floor":4.0,"gold_loss":0.0,"damage_taken":11.0},{"damage_healed":0.0,"max_hp_gain":0.0,"max_hp_loss":0.0,"gold_gain":0.0,"event_name":"Golden Idol","player_choice":"Take Damage","floor":7.0,"gold_loss":0.0,"damage_taken":26.0,"relics_obtained":["Golden Idol"]},{"damage_healed":0.0,"max_hp_gain":5.0,"max_hp_loss":0.0,"gold_gain":0.0,"event_name":"Forgotten Altar","player_choice":"Shed Blood","floor":19.0,"gold_loss":0.0,"damage_taken":18.0},{"damage_healed":0.0,"max_hp_gain":0.0,"max_hp_loss":0.0,"gold_gain":0.0,"event_name":"Ghosts","player_choice":"Ignored","floor":20.0,"gold_loss":0.0,"damage_taken":0.0},{"damage_healed":0.0,"max_hp_gain":0.0,"max_hp_loss":0.0,"gold_gain":0.0,"cards_transformed":["Defend_R","Defend_R"],"event_name":"Drug Dealer","player_choice":"Became Test Subject","floor":24.0,"gold_loss":0.0,"damage_taken":0.0,"cards_obtained":["Headbutt","Cleave"]}],"is_beta":false,"boss_relics":[{"not_picked":["Busted Crown","MagicMushroom"],"picked":"Mark of Pain"},{"not_picked":[]}],"items_purged_floors":[5,14,17,21],"is_endless":false,"potions_floor_spawned":[11,18,29],"killed_by":"Slavers","ascension_level":20}}