{"host":"ek3xvuouaw6vk9if","time":1610309448,"event":{"mods":["BaseMod","BetterRewards","Minty Spire (QoL Compilation)","Permanent Neow","Quick Restart","Relic Stats","Replay The Spire","StSLib"],"gold_per_floor":[16,34,34,53,53,85,10,10,61,61,75,90,90,90,90,90,90],"floor_reached":16,"playtime":476,"items_purged":["Strike_G"],"score":190,"play_id":"10fe8f6e-c281-4c54-bc1a-c0c7a787d75b","local_time":"20210110151048","is_ascension_mode":true,"campfire_choices":[{"floor":8,"key":"REST"},{"data":"Predator","floor":13,"key":"SMITH"},{"floor":15,"key":"REST"}],"circlet_count":0,"master_deck":["AscendersBane","Strike_G","Strike_G","Strike_G","Defend_G+1","Defend_G","Defend_G","Defend_G+1","Defend_G","Survivor","Neutralize","Predator+1","Cloak And Dagger","Calculated Gamble","Cloak And Dagger","Backflip"],"relics":["Ring of the Snake","Thread and Needle","Omamori","Singing Bowl","War Paint"],"acts_visited":["Exordium"],"potions_floor_usage":[6],"damage_taken":[{"damage":3,"enemies":"Cultist","floor":1,"turns":5},{"damage":0,"enemies":"Jaw Worm","floor":2,"turns":4},{"damage":4,"enemies":"Small Slimes","floor":4,"turns":4},{"damage":42,"enemies":"Lagavulin","floor":6,"turns":9},{"damage":12,"enemies":"Gremlin Gang","floor":11,"turns":8},{"damage":0,"enemies":"Looter","floor":12,"turns":4},{"damage":34,"enemies":"The Guardian","floor":16,"turns":9}],"seed_played":"7002707275381060469","potions_obtained":[{"floor":2,"key":"PowerPotion"},{"floor":6,"key":"Ancient Potion"}],"is_trial":false,"path_per_floor":["M","M","?","M","?","E","$","R","T","?","M","M","R","$","R","B"],"character_chosen":"THE_SILENT","items_purchased":[],"campfire_rested":2,"item_purchase_floors":[],"current_hp_per_floor":[56,56,56,52,45,3,3,22,22,22,10,12,12,12,32,0,0],"gold":90,"neow_bonus":"ONE_RARE_RELIC","is_daily":false,"chose_seed":false,"campfire_upgraded":1,"win_rate":0.0,"timestamp":1610309448,"path_taken":["M","M","?","M","?","E","$","R","T","?","M","M","R","$","R","BOSS"],"items_purchased_type":[],"build_version":"2020-12-22","purchased_purges":1,"victory":false,"max_hp_per_floor":[66,66,66,66,66,66,66,66,66,66,66,68,68,68,68,68,68],"relic_stats":{"Singing Bowl":2,"counters":[7,43],"War Paint":["Defend_G","Defend_G"],"obtain_stats":[{"Singing Bowl":6,"Thread and Needle":0,"Omamori":3,"War Paint":9,"Ring of the Snake":0},{"Singing Bowl":4,"Thread and Needle":0,"Omamori":2,"War Paint":4,"Ring of the Snake":0},{"Singing Bowl":22,"Thread and Needle":0,"Omamori":9,"War Paint":22,"Ring of the Snake":0}],"Ring of the Snake":[14]},"card_choices":[{"not_picked":["Sucker Punch","Poisoned Stab"],"picked":"Predator","floor":1},{"not_picked":["Quick Slash","PiercingWail"],"picked":"Cloak And Dagger","floor":2},{"not_picked":["Catalyst","Acrobatics"],"picked":"Calculated Gamble","floor":4},{"not_picked":["A Thousand Cuts","Poisoned Stab"],"picked":"Cloak And Dagger","floor":6},{"not_picked":["Underhanded Strike","Slice"],"picked":"Backflip","floor":11},{"not_picked":["Outmaneuver","Blade Dance","Setup"],"picked":"Singing Bowl","floor":12}],"player_experience":512808,"relics_obtained":[{"floor":6,"key":"Singing Bowl"},{"floor":9,"key":"War Paint"}],"event_choices":[{"damage_healed":0,"gold_gain":0,"player_choice":"Box","damage_taken":0,"relics_obtained":["Omamori"],"max_hp_gain":0,"max_hp_loss":0,"event_name":"Big Fish","floor":3,"gold_loss":0,"cards_obtained":["Regret"]},{"cards_removed":["Regret"],"damage_healed":0,"gold_gain":0,"player_choice":"Card Removal","damage_taken":7,"max_hp_gain":0,"max_hp_loss":0,"event_name":"Golden Wing","floor":5,"gold_loss":0},{"cards_removed":["Strike_G"],"damage_healed":0,"gold_gain":0,"player_choice":"Offered Basic","damage_taken":0,"max_hp_gain":0,"max_hp_loss":0,"event_name":"Bonfire Elementals","floor":10,"gold_loss":0}],"is_beta":false,"boss_relics":[],"items_purged_floors":[7],"is_endless":false,"potions_floor_spawned":[2,6],"killed_by":"The Guardian","ascension_level":18}}