{"host":"359hz4210ybch7ku","time":1610309857,"event":{"mods":["BaseMod","Block Reminder","Colored Map","Colored Powertips","Highlight Path","Minty Spire (QoL Compilation)","Slay the Relics Exporter","StSLib"],"gold_per_floor":[218,233,248,248,322,322,6,45,45,69,84,84,109,152,152,276,276,300,300,300,314,63,63,104,104,131,162,162,193,193,193,193,312,312,330,348,404,404,424,462,98,133,133,153,178,178,202,0,0,0],"floor_reached":51,"playtime":3387,"items_purged":["Defend_P","Shame","SandsOfTime","Defend_P"],"score":929,"play_id":"8d96f33f-2bd9-4226-9269-4a74ed61d416","local_time":"20210110121737","is_ascension_mode":true,"campfire_choices":[{"data":"BowlingBash","floor":6,"key":"SMITH"},{"floor":12,"key":"REST"},{"floor":15,"key":"REST"},{"data":"Judgement","floor":23,"key":"SMITH"},{"data":"Halt","floor":25,"key":"SMITH"},{"floor":32,"key":"REST"},{"data":"DeceiveReality","floor":46,"key":"SMITH"},{"data":"Eruption","floor":49,"key":"SMITH"}],"circlet_count":0,"master_deck":["Strike_P","Strike_P","Strike_P","Defend_P","Defend_P","Eruption+1","Vigilance","Halt+1","BowlingBash+1","Wallop+1","FollowUp+1","Tantrum+1","DeceiveReality+1","Judgement+1","CurseOfTheBell","FlyingSleeves+1","TalkToTheHand+1","CutThroughFate+1","EmptyFist+1","DeceiveReality+1","DeusExMachina+1","Meditate+1","SashWhip+1","Consecrate+1","EmptyBody+1","EmptyMind+1"],"relics":["PureWater","Golden Idol","Molten Egg 2","Gremlin Horn","Orichalcum","GoldenEye","Calling Bell","Vajra","Meat on the Bone","StoneCalendar","MealTicket","TheAbacus","Toxic Egg 2","Pen Nib","Bottled Lightning","Shuriken","Du-Vu Doll","Darkstone Periapt","Empty Cage","Torii","Bag of Preparation","HornCleat","Anchor","Boot","Bag of Marbles"],"acts_visited":["TheCity","TheBeyond"],"potions_floor_usage":[11,16,24,27,27,29,42,42,50],"damage_taken":[{"damage":0,"enemies":"Small Slimes","floor":1,"turns":2},{"damage":2,"enemies":"Jaw Worm","floor":2,"turns":3},{"damage":16,"enemies":"2 Louse","floor":3,"turns":3},{"damage":25,"enemies":"Lagavulin","floor":8,"turns":9},{"damage":3,"enemies":"Looter","floor":10,"turns":2},{"damage":8,"enemies":"Large Slime","floor":11,"turns":3},{"damage":0,"enemies":"Lots of Slimes","floor":13,"turns":1},{"damage":14,"enemies":"3 Sentries","floor":14,"turns":2},{"damage":6,"enemies":"Hexaghost","floor":16,"turns":6},{"damage":1,"enemies":"3 Byrds","floor":18,"turns":4},{"damage":0,"enemies":"Chosen","floor":21,"turns":3},{"damage":21,"enemies":"Gremlin Leader","floor":24,"turns":5},{"damage":39,"enemies":"Book of Stabbing","floor":27,"turns":5},{"damage":15,"enemies":"Slavers","floor":29,"turns":4},{"damage":21,"enemies":"Automaton","floor":33,"turns":6},{"damage":0,"enemies":"3 Darklings","floor":35,"turns":2},{"damage":15,"enemies":"3 Shapes","floor":36,"turns":3},{"damage":25,"enemies":"2 Orb Walkers","floor":37,"turns":2},{"damage":0,"enemies":"Sphere and 2 Shapes","floor":39,"turns":2},{"damage":1,"enemies":"Reptomancer","floor":40,"turns":4},{"damage":24,"enemies":"Giant Head","floor":42,"turns":8},{"damage":0,"enemies":"Transient","floor":44,"turns":5},{"damage":0,"enemies":"Spire Growth","floor":45,"turns":3},{"damage":13,"enemies":"Time Eater","floor":50,"turns":7}],"seed_played":"274949907196850299","potions_obtained":[{"floor":8,"key":"PowerPotion"},{"floor":11,"key":"LiquidBronze"},{"floor":13,"key":"Energy Potion"},{"floor":16,"key":"Ancient Potion"},{"floor":18,"key":"EssenceOfSteel"},{"floor":24,"key":"LiquidMemories"},{"floor":37,"key":"Block Potion"},{"floor":40,"key":"PowerPotion"},{"floor":44,"key":"AttackPotion"},{"floor":45,"key":"AttackPotion"}],"is_trial":false,"path_per_floor":["M","M","M","?","?","R","$","E","T","M","M","R","M","E","R","B",null,"M","?","?","M","$","R","E","R","T","E","?","E","T","?","R","B",null,"M","M","?","?","M","E","$","E","T","M","M","R","T","$","R","B",null],"character_chosen":"WATCHER","items_purchased":["Molten Egg 2","TheAbacus","HornCleat","SkillPotion"],"campfire_rested":3,"item_purchase_floors":[7,22,41,48],"current_hp_per_floor":[72,70,54,54,54,54,54,29,29,26,18,38,38,24,44,38,67,66,66,66,66,67,67,46,46,46,19,19,16,16,16,36,27,67,67,52,39,39,39,38,53,41,41,41,41,41,41,56,56,43],"gold":0,"neow_bonus":"HUNDRED_GOLD","is_daily":false,"chose_seed":false,"campfire_upgraded":5,"win_rate":0.0,"timestamp":1610309857,"path_taken":["M","M","M","?","?","R","$","E","T","M","M","R","M","E","R","BOSS","M","?","?","M","$","R","E","R","T","E","?","E","?","?","R","BOSS","M","M","?","?","M","E","$","E","T","?","M","R","?","$","R","BOSS"],"items_purchased_type":["Relic","Relic","Relic","Potion"],"build_version":"2020-12-22","purchased_purges":4,"victory":true,"max_hp_per_floor":[72,72,72,67,67,67,67,67,67,67,67,67,67,67,67,67,67,67,67,67,67,67,67,67,67,67,67,67,67,67,67,67,67,67,67,67,67,67,67,67,67,67,67,67,67,67,67,67,67,67],"card_choices":[{"not_picked":["SashWhip","Conclude"],"picked":"Halt","floor":1},{"not_picked":["JustLucky","Nirvana"],"picked":"BowlingBash","floor":2},{"not_picked":["SashWhip","CrushJoints"],"picked":"SandsOfTime","floor":3},{"not_picked":["BowlingBash+1","Collect"],"picked":"Wallop+1","floor":8},{"not_picked":["ClearTheMind","JustLucky+1"],"picked":"FollowUp+1","floor":10},{"not_picked":["ClearTheMind","FlurryOfBlows+1"],"picked":"Tantrum+1","floor":11},{"not_picked":["Nirvana","Tantrum+1"],"picked":"Fasting2","floor":13},{"not_picked":["WaveOfTheHand","ThirdEye"],"picked":"DeceiveReality","floor":14},{"not_picked":["Vault","Omniscience"],"picked":"Judgement","floor":16},{"not_picked":["FlurryOfBlows+1","ThirdEye"],"picked":"FlyingSleeves+1","floor":18},{"not_picked":["FlyingSleeves+1","SashWhip+1"],"picked":"CutThroughFate+1","floor":21},{"not_picked":["Brilliance+1","PathToVictory+1"],"picked":"EmptyFist+1","floor":24},{"not_picked":["Crescendo+1","WindmillStrike+1"],"picked":"DeceiveReality+1","floor":27},{"not_picked":["LikeWater","Prostrate+1","SandsOfTime+1"],"picked":"SKIP","floor":29},{"not_picked":["Wish+1","Alpha+1"],"picked":"DeusExMachina+1","floor":33},{"not_picked":["BowlingBash+1","Tantrum+1","FollowUp+1"],"picked":"SKIP","floor":35},{"not_picked":["PathToVictory+1","Blasphemy+1"],"picked":"Meditate+1","floor":36},{"not_picked":["Collect+1","Nirvana"],"picked":"SashWhip+1","floor":37},{"not_picked":["Crescendo+1","FlurryOfBlows+1","PathToVictory+1"],"picked":"SKIP","floor":39},{"not_picked":["SashWhip+1","Prostrate+1","ConjureBlade+1"],"picked":"SKIP","floor":40},{"not_picked":["TalkToTheHand+1","Tantrum+1"],"picked":"Consecrate+1","floor":42},{"not_picked":["TalkToTheHand+1","Nirvana"],"picked":"EmptyBody+1","floor":44},{"not_picked":["CarveReality+1","Evaluate+1"],"picked":"EmptyMind+1","floor":45}],"player_experience":178121,"relics_obtained":[{"floor":8,"key":"Gremlin Horn"},{"floor":9,"key":"Orichalcum"},{"floor":14,"key":"GoldenEye"},{"floor":17,"key":"Vajra"},{"floor":17,"key":"Meat on the Bone"},{"floor":17,"key":"StoneCalendar"},{"floor":24,"key":"Toxic Egg 2"},{"floor":26,"key":"Pen Nib"},{"floor":27,"key":"Bottled Lightning"},{"floor":29,"key":"Du-Vu Doll"},{"floor":30,"key":"Darkstone Periapt"},{"floor":37,"key":"Torii"},{"floor":40,"key":"Bag of Preparation"},{"floor":42,"key":"Anchor"},{"floor":43,"key":"Boot"},{"floor":47,"key":"Bag of Marbles"}],"event_choices":[{"damage_healed":0,"gold_gain":0,"player_choice":"Lose Max HP","damage_taken":0,"relics_obtained":["Golden Idol"],"max_hp_gain":0,"max_hp_loss":5,"event_name":"Golden Idol","floor":4,"gold_loss":0},{"damage_healed":0,"gold_gain":74,"player_choice":"Gained Gold","damage_taken":0,"max_hp_gain":0,"max_hp_loss":0,"event_name":"Golden Wing","floor":5,"gold_loss":0},{"damage_healed":0,"gold_gain":0,"player_choice":"Read","damage_taken":0,"max_hp_gain":0,"max_hp_loss":0,"event_name":"The Library","floor":19,"gold_loss":0,"cards_obtained":["TalkToTheHand"]},{"damage_healed":0,"gold_gain":0,"player_choice":"Stole Relic","damage_taken":0,"relics_obtained":["MealTicket"],"max_hp_gain":0,"max_hp_loss":0,"event_name":"Addict","floor":20,"gold_loss":0,"cards_obtained":["Shame"]},{"damage_healed":0,"gold_gain":0,"player_choice":"Opened","damage_taken":0,"relics_obtained":["Shuriken"],"max_hp_gain":0,"max_hp_loss":0,"event_name":"The Mausoleum","floor":28,"gold_loss":0,"cards_obtained":["Writhe"]},{"damage_healed":0,"gold_gain":0,"player_choice":"Ignored","damage_taken":0,"max_hp_gain":0,"max_hp_loss":0,"event_name":"Ghosts","floor":31,"gold_loss":0},{"damage_healed":0,"gold_gain":0,"player_choice":"Fight","damage_taken":0,"max_hp_gain":0,"max_hp_loss":0,"event_name":"Mysterious Sphere","floor":37,"gold_loss":0},{"cards_removed":["Strike_P"],"damage_healed":0,"gold_gain":0,"player_choice":"Purged","damage_taken":0,"max_hp_gain":0,"max_hp_loss":0,"event_name":"Purifier","floor":38,"gold_loss":0}],"is_beta":false,"boss_relics":[{"not_picked":["Philosopher\u0027s Stone","Cursed Key"],"picked":"Calling Bell"},{"not_picked":["Black Star","Runic Dome"],"picked":"Empty Cage"}],"items_purged_floors":[7,22,41,48],"is_endless":false,"potions_floor_spawned":[8,11,13,16,18,24,37,40,44,45],"ascension_level":3}}