{"host":"d9m9v0h6vo0edadb","time":1610292236,"event":{"mods":["BaseMod","Hermit","Keyboard Shortcuts","Minty Spire (QoL Compilation)","StSLib","SuperFastMode","The Cursed"],"gold_per_floor":[113,126,47,62,77,77,102,118,118,118,193,193,224,238,238,317,317,336,316,81,101,112,112,112,112],"floor_reached":24,"playtime":330,"items_purged":["Strike_G"],"score":566,"play_id":"7419d2ca-3913-4452-b41f-cc9933243a6f","local_time":"20210111002356","is_ascension_mode":true,"campfire_choices":[{"data":"Deadly Poison","floor":6.0,"key":"SMITH"},{"data":"Catalyst","floor":10.0,"key":"SMITH"},{"data":"Corpse Explosion","floor":12.0,"key":"SMITH"},{"floor":15.0,"key":"REST"},{"data":"Prepared","floor":23,"key":"SMITH"}],"circlet_count":0,"master_deck":["AscendersBane","Strike_G","Defend_G","Defend_G","Defend_G","Defend_G","Survivor","Neutralize","Deadly Poison+1","Catalyst+1","Masterful Stab","Riddle With Holes","Corpse Explosion+1","Well Laid Plans","Grand Finale","Prepared+1","Calculated Gamble","Backflip"],"relics":["Ring of the Snake","Ancient Tea Set","Matryoshka","PreservedInsect","Empty Cage","Lee\u0027s Waffle"],"acts_visited":["Exordium","TheCity"],"potions_floor_usage":[16,21,21],"damage_taken":[{"damage":6.0,"enemies":"Jaw Worm","floor":1.0,"turns":8.0},{"damage":1.0,"enemies":"Cultist","floor":2.0,"turns":4.0},{"damage":1.0,"enemies":"Small Slimes","floor":4.0,"turns":3.0},{"damage":16.0,"enemies":"3 Louse","floor":5.0,"turns":5.0},{"damage":6.0,"enemies":"Gremlin Nob","floor":7.0,"turns":3.0},{"damage":0.0,"enemies":"Large Slime","floor":8.0,"turns":4.0},{"damage":0.0,"enemies":"3 Sentries","floor":13.0,"turns":2.0},{"damage":5.0,"enemies":"Red Slaver","floor":14.0,"turns":3.0},{"damage":0,"enemies":"Slime Boss","floor":16,"turns":3},{"damage":25,"enemies":"Shell Parasite","floor":18,"turns":5},{"damage":5,"enemies":"3 Byrds","floor":21,"turns":3},{"damage":22,"enemies":"Cultist and Chosen","floor":22,"turns":5},{"damage":10,"enemies":"Slavers","floor":24,"turns":2}],"seed_played":"8292180181348437659","potions_obtained":[{"floor":1.0,"key":"DistilledChaos"},{"floor":7.0,"key":"Block Potion"},{"floor":8.0,"key":"DuplicationPotion"},{"floor":14.0,"key":"PowerPotion"},{"floor":16,"key":"Regen Potion"},{"floor":21,"key":"Poison Potion"}],"is_trial":false,"path_per_floor":["M","M","$","M","M","R","E","M","T","R","?","R","E","M","R","B",null,"M","?","$","M","M","R","E"],"character_chosen":"THE_SILENT","items_purchased":["Masterful Stab","Lee\u0027s Waffle"],"campfire_rested":1,"item_purchase_floors":[3,20],"current_hp_per_floor":[53,52,52,51,35,35,29,29,29,29,18,18,18,13,31,31,53,28,28,67,65,43,43,33,33],"gold":112,"neow_bonus":"REMOVE_TWO","is_daily":false,"chose_seed":false,"campfire_upgraded":4,"win_rate":0.0,"timestamp":1610292236,"path_taken":["M","M","$","M","M","R","E","M","T","R","?","R","E","M","R","BOSS","M","?","$","?","M","R","E"],"items_purchased_type":["Card","Relic"],"build_version":"2020-12-22","purchased_purges":1,"victory":false,"max_hp_per_floor":[60,60,60,60,60,60,60,60,60,60,60,60,60,60,60,60,60,60,60,67,67,67,67,67,67],"card_choices":[{"not_picked":["Cloak And Dagger","Tactician"],"picked":"Deadly Poison","floor":1.0},{"not_picked":["Outmaneuver","Dagger Throw"],"picked":"Catalyst","floor":2.0},{"not_picked":["Outmaneuver","Predator","Masterful Stab"],"picked":"SKIP","floor":4.0},{"not_picked":["Cloak And Dagger","Finisher","Flying Knee"],"picked":"SKIP","floor":5.0},{"not_picked":["Bane","Flying Knee"],"picked":"Riddle With Holes","floor":7.0},{"not_picked":["Riddle With Holes","Infinite Blades"],"picked":"Corpse Explosion","floor":8.0},{"not_picked":["Infinite Blades","Dagger Spray","Crippling Poison"],"picked":"SKIP","floor":13.0},{"not_picked":["Deadly Poison","Masterful Stab"],"picked":"Well Laid Plans","floor":14.0},{"not_picked":["Bullet Time","Die Die Die"],"picked":"Grand Finale","floor":16},{"not_picked":["Cloak And Dagger","Slice"],"picked":"Prepared","floor":18},{"not_picked":["Cloak And Dagger","Bane"],"picked":"Calculated Gamble","floor":21},{"not_picked":["Outmaneuver","Accuracy"],"picked":"Backflip","floor":22}],"player_experience":959166,"relics_obtained":[{"floor":7.0,"key":"Ancient Tea Set"},{"floor":9.0,"key":"Matryoshka"},{"floor":13.0,"key":"PreservedInsect"}],"event_choices":[{"damage_healed":0.0,"max_hp_gain":0.0,"max_hp_loss":0.0,"gold_gain":75.0,"event_name":"World of Goop","player_choice":"Gather Gold","floor":11.0,"gold_loss":0.0,"damage_taken":11.0},{"damage_healed":0,"gold_gain":0,"player_choice":"Bought 1 Potion","damage_taken":0,"max_hp_gain":0,"max_hp_loss":0,"event_name":"The Woman in Blue","floor":19,"gold_loss":0}],"is_beta":false,"boss_relics":[{"not_picked":["Busted Crown","Fusion Hammer"],"picked":"Empty Cage"}],"items_purged_floors":[20],"is_endless":false,"potions_floor_spawned":[1,7,8,14,16,18,21],"killed_by":"Slavers","ascension_level":20}}