{"host":"ph6kkihcxt6rk15h","time":1610320024,"event":{"mods":["AchievementEnabler","BaseMod","Better Third Choice","BetterRewards","Colored Map","Colored Powertips","Downfall","Grow up Mod","Hero for Fun","Infinite Spire","LagranYue(???·?)","Marisa????????","Minty Spire (QoL Compilation)","Quick Restart","Remove Card Discount Mod","Replay The Spire","Shop Mod","StSLib","The Animator","The Cursed","The Servant 0.9.4"],"gold_per_floor":[99,114,214,229,244,259,284,284,314,329,344,359,359,374,389,489,489,489,504,519,504,519,519,544,544,559,559,574,589,589,604,644,644,644],"floor_reached":33,"playtime":1856,"items_purged":[],"score":384,"play_id":"37d2b772-0f1a-406f-9145-054a04616d29","local_time":"20210111010704","daily_mods":["Specialized","ControlledChaos","downfall:WorldOfGoo"],"is_ascension_mode":false,"campfire_choices":[{"data":"Strike_MRS","floor":1.0,"key":"SMITH"},{"floor":8.0,"key":"REST"},{"data":"MeteoricShower","floor":18.0,"key":"SMITH"}],"circlet_count":0,"master_deck":["Strike_MRS","Strike_MRS","Strike_MRS+1","Strike_MRS","Defend_MRS","Defend_MRS","Defend_MRS","Defend_MRS","MasterSpark","UpSweep","MeteoricShower","MeteoricShower","MeteoricShower+1","MeteoricShower+1","MeteoricShower","PulseMagic","6A","MysteriousBeam","6A","DC+1","WitchLeyline+1","AlicesGift+1","NonDirectionalLaser+1","GasGiant","IllusionStar","CollectingQuirk+1","ShootingEcho+1","DoubleSpark+1","GalacticHalo","DC+1","WitchOfGreed+1","MilkyWay+1","WitchLeyline+1","NonDirectionalLaser+1","UnstableBomb+1"],"relics":["MiniHakkero","Frozen Eye","LagranYue:RandomDrawCardRelic","Centennial Puzzle","Molten Egg 2","Replay:Bronze Core","Bag of Marbles","MutagenicStrength","Shuriken"],"acts_visited":["Exordium","TheCity"],"potions_floor_usage":[32,33,33],"damage_taken":[{"damage":6.0,"enemies":"2 Louse","floor":2.0,"turns":2.0},{"damage":6.0,"enemies":"Cultist","floor":4.0,"turns":3.0},{"damage":15.0,"enemies":"Small Slimes","floor":5.0,"turns":2.0},{"damage":12.0,"enemies":"2 Fungi Beasts","floor":6.0,"turns":3.0},{"damage":13.0,"enemies":"Lagavulin","floor":9.0,"turns":6.0},{"damage":10.0,"enemies":"3 Louse","floor":10.0,"turns":2.0},{"damage":19.0,"enemies":"Blue Slaver","floor":11.0,"turns":3.0},{"damage":32.0,"enemies":"Exordium Thugs","floor":12.0,"turns":4.0},{"damage":27.0,"enemies":"Gremlin Gang","floor":14.0,"turns":3.0},{"damage":0.0,"enemies":"Exordium Wildlife","floor":15.0,"turns":2.0},{"damage":36.0,"enemies":"Fading Forest","floor":16.0,"turns":11.0},{"damage":39.0,"enemies":"Shell Parasite","floor":19.0,"turns":5.0},{"damage":45.0,"enemies":"3 Cultists","floor":20.0,"turns":5.0},{"damage":7.0,"enemies":"downfall:FleeingMerchant","floor":21.0,"turns":4.0},{"damage":42.0,"enemies":"Snake Plant","floor":22.0,"turns":4.0},{"damage":48.0,"enemies":"Cultist and Chosen","floor":26.0,"turns":5.0},{"damage":12.0,"enemies":"Centurion and Healer","floor":28.0,"turns":3.0},{"damage":21.0,"enemies":"Snake Plant","floor":29.0,"turns":3.0},{"damage":16,"enemies":"Snecko","floor":31,"turns":4},{"damage":29,"enemies":"Shelled Parasite and Fungi","floor":32,"turns":4},{"damage":160,"enemies":"downfall:Watcher","floor":33,"turns":11}],"seed_played":"-956745095108410897","potions_obtained":[{"floor":2.0,"key":"Weak Potion"},{"floor":5.0,"key":"Milkshake"},{"floor":10.0,"key":"Ancient Potion"},{"floor":11.0,"key":"Strength Potion"},{"floor":19.0,"key":"BlessingOfTheForge"},{"floor":20.0,"key":"BlessingOfTheForge"},{"floor":22.0,"key":"Elixir"},{"floor":32,"key":"Languid Potion"}],"is_trial":false,"path_per_floor":["R","M","?","M","M","M","T","R","E","M","M","M","?","M","M","B",null,"R","M","M","$","M","?","T","?","M","?","M","M","?","M","M","B"],"character_chosen":"MARISA","items_purchased":[],"campfire_rested":1,"item_purchase_floors":[],"current_hp_per_floor":[95,99,109,113,108,106,116,165,162,162,153,131,141,124,134,118,255,265,236,201,204,172,182,192,202,164,174,172,161,171,165,146,0,0],"gold":644,"neow_bonus":"","is_daily":true,"chose_seed":false,"campfire_upgraded":2,"win_rate":0.0,"timestamp":1610320024,"path_taken":["R","M","?","?","M","M","T","R","E","M","M","M","?","M","M","BOSS","R","M","M","$","M","?","T","?","M","?","M","M","?","M","M","BOSS"],"items_purchased_type":[],"build_version":"2020-12-22","purchased_purges":0,"victory":false,"max_hp_per_floor":[95,105,115,125,135,145,155,165,175,185,195,205,215,225,235,245,255,265,275,285,295,305,315,325,335,345,355,365,375,385,395,405,405,405],"card_choices":[{"not_picked":["OpenUniverse","LuminesStrike"],"picked":"PulseMagic","floor":2.0},{"not_picked":["AlicesGift","AsteroidBelt"],"picked":"6A","floor":4.0},{"not_picked":["Orbital","StarBarrage"],"picked":"MysteriousBeam","floor":5.0},{"not_picked":["RefractionSpark","BigCrunch"],"picked":"6A","floor":6.0},{"not_picked":["UnstableBomb+1","DragonMeteor+1"],"picked":"DC+1","floor":9.0},{"not_picked":["WitchOfGreed","StarBarrage+1"],"picked":"WitchLeyline+1","floor":10.0},{"not_picked":["PropBag","FinalSpark+1"],"picked":"AlicesGift+1","floor":11.0},{"not_picked":["GalacticHalo","DragonMeteor+1"],"picked":"NonDirectionalLaser+1","floor":12.0},{"not_picked":["DeepEcoloBomb+1","MilkyWay"],"picked":"GasGiant","floor":14.0},{"not_picked":["DC+1","DoubleSpark+1"],"picked":"IllusionStar","floor":15.0},{"not_picked":["ManaRampage","UltimateShortwave"],"picked":"CollectingQuirk+1","floor":16.0},{"not_picked":["OrrerysSun","SporeBomb"],"picked":"ShootingEcho+1","floor":19.0},{"not_picked":["Robbery+1","AsteroidBelt+1"],"picked":"DoubleSpark+1","floor":20.0},{"not_picked":["Robbery+1","NonDirectionalLaser+1"],"picked":"GalacticHalo","floor":21.0},{"not_picked":["LuminesStrike+1","AlicesGift+1"],"picked":"DC+1","floor":22.0},{"not_picked":["IllusionStar","MilkyWay"],"picked":"WitchOfGreed+1","floor":26.0},{"not_picked":["EnergyFlow+1","WitchOfGreed"],"picked":"MilkyWay+1","floor":28.0},{"not_picked":["DarkMatter","GasGiant"],"picked":"WitchLeyline+1","floor":29.0},{"not_picked":["DeepEcoloBomb+1","SporeBomb"],"picked":"NonDirectionalLaser+1","floor":31},{"not_picked":["DoubleSpark+1","StarBarrage+1"],"picked":"UnstableBomb+1","floor":32}],"player_experience":36994,"relics_obtained":[{"floor":7.0,"key":"Centennial Puzzle"},{"floor":9.0,"key":"Molten Egg 2"},{"floor":24.0,"key":"Bag of Marbles"}],"event_choices":[{"damage_healed":0.0,"max_hp_gain":0.0,"max_hp_loss":0.0,"gold_gain":100.0,"event_name":"Golden Shrine","player_choice":"Pray","floor":3.0,"gold_loss":0.0,"damage_taken":0.0},{"damage_healed":0.0,"max_hp_gain":0.0,"max_hp_loss":0.0,"gold_gain":0.0,"event_name":"Living Wall","player_choice":"Grow","floor":13.0,"gold_loss":0.0,"damage_taken":0.0,"cards_upgraded":["MeteoricShower"]},{"damage_healed":0.0,"max_hp_gain":0.0,"max_hp_loss":0.0,"gold_gain":0.0,"event_name":"Ghosts","player_choice":"Ignored","floor":23.0,"gold_loss":0.0,"damage_taken":0.0},{"damage_healed":0.0,"max_hp_gain":0.0,"max_hp_loss":0.0,"gold_gain":0.0,"event_name":"Drug Dealer","player_choice":"Inject Mutagens","floor":25.0,"gold_loss":0.0,"damage_taken":0.0,"relics_obtained":["MutagenicStrength"]},{"damage_healed":0.0,"max_hp_gain":0.0,"max_hp_loss":0.0,"gold_gain":0.0,"event_name":"Vampires","player_choice":"Ignored","floor":30.0,"gold_loss":0.0,"damage_taken":0.0}],"is_beta":false,"boss_relics":[{"not_picked":["ReplayTheSpireMod:SealedPack","Fusion Hammer"],"picked":"Replay:Bronze Core"}],"items_purged_floors":[],"is_endless":false,"potions_floor_spawned":[2,5,10,11,19,20,22,32],"killed_by":"downfall:Watcher","ascension_level":0}}