{"host":"xkmvu47k9fdstweo","time":1610311198,"event":{"mods":["BaseMod","Colored Map","Conspire","Hubris","Minty Spire (QoL Compilation)","Quick Restart","Railgun Mod","Shop Mod","StSLib","The Alterego","The Servant 0.9.4","The Wild Card","TheBandit","WarShipGirlsR/??è≠èóR mod","vexMod"],"gold_per_floor":[112,112,112,37,60,104,104,104,104,148,148,98,118,133,133,252,918,936,936,936,861,334,378,378,378,378],"floor_reached":25,"playtime":701,"items_purged":["Injury","Strike_G"],"score":438,"play_id":"add52aac-7300-452c-a875-12d5c78c0fb6","local_time":"20210110153958","is_ascension_mode":true,"campfire_choices":[{"data":"Dagger Spray","floor":7.0,"key":"SMITH"},{"floor":11.0,"key":"REST"},{"data":"Terror","floor":15.0,"key":"SMITH"},{"data":"Skewer","floor":24.0,"key":"SMITH"}],"circlet_count":0,"master_deck":["AscendersBane","Strike_G","Strike_G","Defend_G","Defend_G","Defend_G","Defend_G+1","Defend_G","Survivor","Neutralize+1","PiercingWail+1","Acrobatics","Dagger Spray+1","Deflect","Footwork","Skewer+1","Terror+1","Bullet Time","Dodge and Roll","Escape Plan","Riddle With Holes"],"relics":["Ring of the Snake","NeowsBlessing","Golden Idol","Dream Catcher","hubris:PeanutButter","hubris:Potato","vexMod:RockOfEvil","hubris:BottledHeart","MerchantsRug","Vajra","War Paint"],"acts_visited":["Exordium","TheCity"],"potions_floor_usage":[],"damage_taken":[{"damage":0.0,"enemies":"Jaw Worm","floor":1.0,"turns":1.0},{"damage":0.0,"enemies":"2 Louse","floor":5.0,"turns":1.0},{"damage":0.0,"enemies":"3 Sentries","floor":6.0,"turns":1.0},{"damage":34.0,"enemies":"Gremlin Nob","floor":10.0,"turns":6.0},{"damage":0.0,"enemies":"Small Slimes","floor":13.0,"turns":5.0},{"damage":0.0,"enemies":"2 Fungi Beasts","floor":14.0,"turns":2.0},{"damage":2.0,"enemies":"The Guardian","floor":16.0,"turns":15.0},{"damage":61.0,"enemies":"conspire:FuzzyDice","floor":18.0,"turns":10.0},{"damage":0.0,"enemies":"conspire:Head Lice","floor":23.0,"turns":11.0},{"damage":4,"enemies":"Chosen","floor":25,"turns":6}],"seed_played":"6982532472472015569","potions_obtained":[{"floor":10.0,"key":"SteroidPotion"},{"floor":13.0,"key":"Block Potion"},{"floor":14.0,"key":"Regen Potion"},{"floor":18.0,"key":"Fire Potion"},{"floor":20.0,"key":"Regen Potion"}],"is_trial":false,"path_per_floor":["M","?","?","$","M","E","R","?","T","E","R","?","M","M","R","B",null,"M","?","?","?","$","E","R","M"],"character_chosen":"THE_SILENT","items_purchased":["MerchantsRug","Vajra","Escape Plan","Fruit Juice"],"campfire_rested":1,"item_purchase_floors":[22,22,22,22],"current_hp_per_floor":[63,63,63,63,63,63,63,63,63,29,50,50,50,50,50,48,65,4,1,1,1,1,1,1,0,0],"gold":378,"neow_bonus":"THREE_ENEMY_KILL","is_daily":false,"chose_seed":false,"campfire_upgraded":3,"win_rate":0.0,"timestamp":1610311198,"path_taken":["M","?","?","$","M","E","R","?","T","E","R","?","M","M","R","BOSS","M","?","?","?","$","E","R","M"],"items_purchased_type":["Relic","Relic","Card","Potion"],"build_version":"2020-12-22","purchased_purges":2,"victory":false,"max_hp_per_floor":[70,70,70,70,70,70,70,70,70,70,70,70,70,70,70,70,70,70,1,1,1,1,1,1,1,1],"card_choices":[{"not_picked":["Blade Dance","Outmaneuver"],"picked":"PiercingWail","floor":1.0},{"not_picked":["Dodge and Roll","hubris:SlightOfHand"],"picked":"Acrobatics","floor":5.0},{"not_picked":["Well Laid Plans","Deflect"],"picked":"Dagger Spray","floor":6.0},{"not_picked":["Underhanded Strike","Eviscerate"],"picked":"Deflect","floor":10.0},{"not_picked":["Dagger Spray","Backflip"],"picked":"Footwork","floor":11.0},{"not_picked":["Dagger Throw","Deflect"],"picked":"Skewer","floor":13.0},{"not_picked":["Prepared","Backflip"],"picked":"Terror","floor":14.0},{"not_picked":["Grand Finale","Storm of Steel"],"picked":"Bullet Time","floor":16.0},{"not_picked":["Blade Dance","Underhanded Strike"],"picked":"Dodge and Roll","floor":18.0},{"not_picked":["Slice","Eviscerate"],"picked":"Riddle With Holes","floor":23.0}],"player_experience":298468,"relics_obtained":[{"floor":6.0,"key":"Dream Catcher"},{"floor":9.0,"key":"hubris:PeanutButter"},{"floor":10.0,"key":"hubris:Potato"},{"floor":23.0,"key":"War Paint"}],"event_choices":[{"damage_healed":0.0,"max_hp_gain":0.0,"max_hp_loss":0.0,"gold_gain":0.0,"event_name":"Golden Idol","player_choice":"Take Wound","floor":2.0,"gold_loss":0.0,"damage_taken":0.0,"relics_obtained":["Golden Idol"],"cards_obtained":["Injury"]},{"cards_removed":["Strike_G"],"damage_healed":0.0,"max_hp_gain":0.0,"max_hp_loss":0.0,"gold_gain":0.0,"event_name":"The Cleric","player_choice":"Card Removal","floor":12.0,"gold_loss":50.0,"damage_taken":0.0},{"cards_removed":["Strike_G"],"damage_healed":0.0,"max_hp_gain":0.0,"max_hp_loss":0.0,"gold_gain":0.0,"event_name":"Beggar","player_choice":"Gave Gold","floor":21.0,"gold_loss":75.0,"damage_taken":0.0}],"is_beta":false,"boss_relics":[{"not_picked":["Calling Bell","hubris:TerracottaHorce"],"picked":"vexMod:RockOfEvil"}],"items_purged_floors":[4,22],"is_endless":false,"potions_floor_spawned":[10,13,14,18],"killed_by":"Chosen","ascension_level":10}}