{"host":"9a7cruws131mrp2b","time":1610276769,"event":{"mods":["Act Like it!","BaseMod","Better Third Choice","Hubris","Minty Spire (QoL Compilation)","Reworked Bosses","StSLib","The Jungle"],"gold_per_floor":[118,138,156,175,194,228,228,153,153,179,192,192,220,65,65,65,65],"floor_reached":16,"playtime":585,"items_purged":["Defend_R"],"score":153,"play_id":"ab433381-c351-4d4c-a484-291f8b3ae6c5","local_time":"20210110110609","is_ascension_mode":true,"campfire_choices":[{"data":"hubris:ReadiedAction","floor":7,"key":"SMITH"},{"floor":15,"key":"REST"}],"circlet_count":0,"master_deck":["Strike_R","Strike_R","Strike_R","Strike_R","Strike_R","Defend_R","Defend_R","Defend_R","Bash","Flash of Steel","Anger","Dual Wield","Clash","hubris:ReadiedAction+1","Rage"],"relics":["Burning Blood","Orichalcum","Art of War","hubris:Zylophone","Regal Pillow"],"acts_visited":["Exordium"],"potions_floor_usage":[6,13],"damage_taken":[{"damage":9,"enemies":"2 Louse","floor":1,"turns":4},{"damage":2,"enemies":"Jaw Worm","floor":2,"turns":3},{"damage":1,"enemies":"Cultist","floor":3,"turns":3},{"damage":16,"enemies":"Exordium Wildlife","floor":4,"turns":5},{"damage":13,"enemies":"Blue Slaver","floor":5,"turns":3},{"damage":34,"enemies":"Lagavulin","floor":6,"turns":5},{"damage":10,"enemies":"Gremlin Nob","floor":10,"turns":3},{"damage":12,"enemies":"3 Louse","floor":11,"turns":3},{"damage":24,"enemies":"Lagavulin","floor":13,"turns":7},{"damage":50,"enemies":"The Guardian","floor":16,"turns":10}],"seed_played":"-2815231560085238870","potions_obtained":[{"floor":1,"key":"SkillPotion"},{"floor":4,"key":"Swift Potion"},{"floor":10,"key":"FearPotion"}],"is_trial":false,"path_per_floor":["M","M","M","M","M","E","R","$","T","E","M","?","E","$","R","B"],"character_chosen":"IRONCLAD","items_purchased":["Regal Pillow"],"campfire_rested":1,"item_purchase_floors":[14],"current_hp_per_floor":[77,80,80,70,63,35,35,35,35,31,25,28,10,10,49,0,0],"gold":65,"neow_bonus":"RANDOM_COLORLESS","is_daily":false,"chose_seed":false,"campfire_upgraded":1,"win_rate":0.0,"timestamp":1610276769,"path_taken":["M","M","M","M","M","E","R","$","T","E","M","?","E","$","R","BOSS"],"items_purchased_type":["Relic"],"build_version":"2020-12-22","purchased_purges":1,"victory":false,"max_hp_per_floor":[80,80,80,80,80,80,80,80,80,80,80,83,83,83,83,83,83],"card_choices":[{"not_picked":["Forethought","hubris:Ssssneak"],"picked":"Flash of Steel","floor":0},{"not_picked":["Reckless Charge","Flex"],"picked":"Anger","floor":1},{"not_picked":["Cleave","Headbutt"],"picked":"Dual Wield","floor":2},{"not_picked":["Uppercut","Sword Boomerang","True Grit"],"picked":"SKIP","floor":3},{"not_picked":["Exhume","Intimidate","Sentinel"],"picked":"SKIP","floor":4},{"not_picked":["Searing Blow","Pummel"],"picked":"Clash","floor":5},{"not_picked":["Havoc","Power Through"],"picked":"hubris:ReadiedAction","floor":6},{"not_picked":["Headbutt","Iron Wave","Hemokinesis"],"picked":"SKIP","floor":10},{"not_picked":["True Grit","Disarm","Havoc"],"picked":"SKIP","floor":11},{"not_picked":["hubris:CleavingFinish","Havoc"],"picked":"Rage","floor":13}],"player_experience":776930,"relics_obtained":[{"floor":6,"key":"Orichalcum"},{"floor":10,"key":"Art of War"},{"floor":13,"key":"hubris:Zylophone"}],"event_choices":[],"is_beta":false,"boss_relics":[],"items_purged_floors":[8],"is_endless":false,"potions_floor_spawned":[1,4,10],"killed_by":"The Guardian","ascension_level":5}}