{"host":"eeeqmyc7a1933jos","time":1610293156,"event":{"mods":["2.2 Compatiblity","Act Like it!","BaseMod","CapriCore","Colored Powertips","Conspire","Downfall","Elementarium","Friendly Minions","Gensokyo","GifTheSpireLib","Gremlin Mod","Hallownest","Hermit","Hubris","Infinite Spire","Jorbs\u0027s Wanderer Trilogy","Marisa????????","Mimic Mod","Minty Spire (QoL Compilation)","Pale of the Ancients","Random Character Button","Random Character Mod","Reimu??????","Relic Sorter","Relic Stats","Replay The Spire","SIMod","Shade Mod","StSLib","The Administrix","The Bug Knight","The Hierophant","The Immortal","The Mystic","The Runesmith","The Senshi","The Vixen","TheBandit","TheFirefly","TheVacant","Wandering Minibosses"],"gold_per_floor":[119,134,209,159,230,265,279,292,323,323,323,334,334,345,345,446,446,459,478,200,217,217,217,62,80,80,106,106,106,137,156,156,253,253,264,279,279,142,157,185,204,223,223,249,319,140,140,155,155,155,155],"floor_reached":50,"playtime":4445,"items_purged":["Shade:Defend_Shade","Shade:Strike_Shade","Writhe","Shade:Defend_Shade"],"score":619,"play_id":"def9e539-47ce-4278-882f-ef64e6a66855","local_time":"20210110163916","is_ascension_mode":false,"campfire_choices":[{"data":"Shade:LichForm","floor":10,"key":"SMITH"},{"data":"Shade:Strike_Shade","floor":13,"key":"PURGE"},{"floor":15,"key":"DIG"},{"data":"Shade:Carnophage","floor":23,"key":"SMITH"},{"data":"Shade:SensePrey","floor":28,"key":"SMITH"},{"floor":47,"key":"DIG"},{"floor":49,"key":"DIG"}],"circlet_count":0,"master_deck":["Shade:Strike_Shade","Shade:Strike_Shade","Shade:AnimateDead","Shade:CarefulCut","Shade:PoundOfFlesh+1","Shade:PotionOfRestlessness","Shade:FreshBones","Shade:LichForm+1","Shade:PotionOfRestlessness","Shade:FreshBones","Shade:Doomsay","Shade:SensePrey+1","Shade:LoseControl+1","AbeCurse","Shade:Carnophage+1","Shade:FreshBones+1","Shade:FleshToFlesh","Shade:Excise","Shade:FleshToFlesh","Shame","Shade:Asphyxiate","Shade:SensePrey+1","Shade:Frenzy","Shade:Coordination+1","Shade:FingerOfDeath+1","Shade:FleshToFlesh+1","Shade:PressTheAttack+1","Shade:BoneShards+1","Shade:ScuttlingHand","Shade:PotionOfRestlessness","Shade:FeralStrike+1","Shade:FuneraryJewels+1","Pot Of Greed","Pot Of Greed","Pot Of Greed"],"relics":["Shade:YorickSkull","Pen Nib","Mastiff:ReiMu","Replay:Multitool","Tiny Chest","Toy Ornithopter","Abe\u0027s Treasure","Gremlin Food","conspire:Dentures","Shade:YorickPolishedSkull","Guide Book","Golden Egg","Oddly Smooth Stone","hubris:BottledRain","conspire:TopHat","Sozu","infinitespire:Satchel","Gambling Chip","Blood Vial","hubris:Reverence","Lantern","Grinning Jar"],"acts_visited":["Exordium","Exordium","TheBeyond"],"potions_floor_usage":[14,16,33,50,50],"damage_taken":[{"damage":1,"enemies":"Small Slimes","floor":1,"turns":3},{"damage":0,"enemies":"2 Louse","floor":2,"turns":2},{"damage":12,"enemies":"Gremlin Nob","floor":6,"turns":4},{"damage":0,"enemies":"conspire:RoseBush","floor":7,"turns":2},{"damage":7,"enemies":"Looter","floor":8,"turns":3},{"damage":0,"enemies":"Exordium Thugs","floor":9,"turns":3},{"damage":17,"enemies":"Exordium Thugs","floor":12,"turns":4},{"damage":0,"enemies":"Gremlin Gang","floor":14,"turns":2},{"damage":16,"enemies":"Hexaghost","floor":16,"turns":5},{"damage":3,"enemies":"Hallownest:Guard_and_Sentry","floor":18,"turns":3},{"damage":2,"enemies":"Hallownest:3_Youths","floor":19,"turns":4},{"damage":9,"enemies":"Hallownest:Master_and_Novice","floor":21,"turns":4},{"damage":5,"enemies":"Hallownest:2_Flukemon","floor":25,"turns":4},{"damage":6,"enemies":"Hallownest:Nosk","floor":27,"turns":4},{"damage":7,"enemies":"Hallownest:eliteWatcherKnight","floor":30,"turns":7},{"damage":0,"enemies":"Hallownest:2_Husk_Sentries","floor":31,"turns":4},{"damage":22,"enemies":"Hallownest:BossSoulMaster","floor":33,"turns":6},{"damage":0,"enemies":"3 Shapes","floor":35,"turns":3},{"damage":8,"enemies":"3 Darklings","floor":36,"turns":3},{"damage":0,"enemies":"Transient","floor":39,"turns":5},{"damage":0,"enemies":"R_Hoarder","floor":40,"turns":6},{"damage":0,"enemies":"Spire Growth","floor":41,"turns":4},{"damage":0,"enemies":"Writhing Mass","floor":42,"turns":4},{"damage":0,"enemies":"Reptomancer","floor":44,"turns":3},{"damage":0,"enemies":"4 Shapes","floor":48,"turns":2},{"damage":76,"enemies":"conspire:OrnateMirror","floor":50,"turns":4}],"seed_played":"3695096778496651454","potions_obtained":[{"floor":5,"key":"Venom Potion"},{"floor":5,"key":"Fire Potion"},{"floor":8,"key":"Toxic Potion"},{"floor":14,"key":"ColorlessPotion"},{"floor":16,"key":"LiquidBronze"},{"floor":33,"key":"Ancient Potion"}],"is_trial":false,"path_per_floor":["M","M","?","?","?","E","M","M","MIM","R","?","M","R","M","R","B",null,"M","M","$","M","AVR","R","$","M","T","E","R","?","E","M","R","B",null,"M","M","?","$","M","E","M","M","T","E","T","$","R","M","R","B"],"character_chosen":"SHADE","items_purchased":["Gremlin Food","Shade:FleshToFlesh","Guide Book","Shade:PressTheAttack","Shade:FeralStrike"],"campfire_rested":0,"item_purchase_floors":[20,20,24,38,46],"current_hp_per_floor":[64,64,53,53,53,41,41,34,34,34,46,29,29,29,29,18,65,62,60,60,51,51,51,51,46,46,40,40,40,33,33,33,16,65,65,57,65,65,65,65,65,65,65,65,65,65,65,65,65,0,0],"gold":155,"neow_bonus":"RANDOM_COMMON_RELIC","is_daily":false,"chose_seed":false,"campfire_upgraded":3,"win_rate":0.0,"timestamp":1610293156,"path_taken":["M","M","?","?","?","E","?","?","MIM","R","?","M","R","M","R","BOSS","M","M","$","M","AVR","R","$","M","T","E","R","?","E","M","R","BOSS","M","M","?","$","M","E","M","M","T","E","?","?","R","M","R","BOSS"],"items_purchased_type":["Relic","Card","Relic","Card","Card"],"build_version":"2020-12-22","purchased_purges":4,"victory":false,"max_hp_per_floor":[65,65,65,65,65,65,65,65,65,65,65,65,65,65,65,65,65,65,65,65,65,65,65,65,65,65,65,65,65,65,65,65,65,65,65,65,65,65,65,65,65,65,65,65,65,65,65,65,65,65,65],"relic_stats":{"Sozu":0,"Blood Vial":0,"counters":[26,98],"Gambling Chip":[5],"Tiny Chest":1,"Pen Nib":[12],"obtain_stats":[{"Gremlin Food":20,"conspire:Dentures":22,"Golden Egg":26,"Lantern":47,"Shade:YorickSkull":0,"Guide Book":24,"Oddly Smooth Stone":27,"Shade:YorickPolishedSkull":22,"Pen Nib":0,"Replay:Multitool":6,"conspire:TopHat":30,"Sozu":34,"Blood Vial":44,"Mastiff:ReiMu":5,"Gambling Chip":43,"infinitespire:Satchel":40,"Tiny Chest":9,"Grinning Jar":49,"Toy Ornithopter":15,"Abe\u0027s Treasure":17,"hubris:BottledRain":29,"hubris:Reverence":45},{"Gremlin Food":11,"conspire:Dentures":12,"Golden Egg":13,"Lantern":24,"Shade:YorickSkull":0,"Guide Book":12,"Oddly Smooth Stone":14,"Shade:YorickPolishedSkull":12,"Pen Nib":0,"Replay:Multitool":3,"conspire:TopHat":15,"Sozu":17,"Blood Vial":24,"Mastiff:ReiMu":2,"Gambling Chip":23,"infinitespire:Satchel":21,"Tiny Chest":6,"Grinning Jar":25,"Toy Ornithopter":8,"Abe\u0027s Treasure":9,"hubris:BottledRain":14,"hubris:Reverence":24},{"Gremlin Food":35,"conspire:Dentures":39,"Golden Egg":43,"Lantern":92,"Shade:YorickSkull":0,"Guide Book":39,"Oddly Smooth Stone":47,"Shade:YorickPolishedSkull":39,"Pen Nib":0,"Replay:Multitool":9,"conspire:TopHat":54,"Sozu":64,"Blood Vial":92,"Mastiff:ReiMu":5,"Gambling Chip":89,"infinitespire:Satchel":81,"Tiny Chest":17,"Grinning Jar":94,"Toy Ornithopter":23,"Abe\u0027s Treasure":28,"hubris:BottledRain":47,"hubris:Reverence":92}],"Toy Ornithopter":10},"card_choices":[{"not_picked":["Shade:Excise","Shade:FeralStrike"],"picked":"Shade:PoundOfFlesh","floor":1},{"not_picked":["Shade:FuneraryArmor","Shade:Premonition"],"picked":"Shade:PotionOfRestlessness","floor":2},{"not_picked":["Shade:CallOfTheGrave","Shade:Brains"],"picked":"Shade:FreshBones","floor":5},{"not_picked":["Shade:SkeletonArmy","Shade:SensePrey"],"picked":"Shade:LichForm","floor":6},{"not_picked":["Shade:CallOfTheGrave","Shade:OpenGraves","Shade:WallOfFlesh"],"picked":"SKIP","floor":7},{"not_picked":["Shade:GraveStillness","Shade:GoDigging"],"picked":"Shade:PotionOfRestlessness","floor":8},{"not_picked":["Shade:GreyBargain","Shade:SoulToxin"],"picked":"Shade:FreshBones","floor":9},{"not_picked":["Shade:FingerOfDeath","Shade:FuneraryArmor"],"picked":"Shade:Doomsay","floor":12},{"not_picked":["Shade:CommandSoldier","Shade:Bonestorm"],"picked":"Shade:SensePrey","floor":14},{"not_picked":["Shade:Coordination","Shade:LichForm"],"picked":"Shade:LoseControl","floor":16},{"not_picked":["Shade:Haruspicy","Shade:AncientSpear+1"],"picked":"Shade:Carnophage","floor":18},{"not_picked":["Shade:ScuttlingHand","Shade:GreyBargain"],"picked":"Shade:FreshBones+1","floor":19},{"not_picked":["Shade:SoulToxin","Shade:ScuttlingHand"],"picked":"Shade:Excise","floor":21},{"not_picked":["Shade:Awaken+1","Shade:Frenzy","Shade:Bite_Shade"],"picked":"SKIP","floor":25},{"not_picked":["Shade:ClawBack+1","Shade:CallWraith+1"],"picked":"Shade:FleshToFlesh","floor":27},{"not_picked":["Shade:Carnophage+1","Shade:Bite_Shade"],"picked":"Shade:Asphyxiate","floor":30},{"not_picked":["Shade:GraveStillness","Shade:RitualOffering"],"picked":"Shade:SensePrey+1","floor":31},{"not_picked":["Shade:LichForm","Shade:MadHubris"],"picked":"Shade:Coordination","floor":33},{"not_picked":["Shade:WallOfFlesh","Shade:SanguineRitual+1"],"picked":"Shade:FingerOfDeath+1","floor":35},{"not_picked":["Shade:Awaken","Shade:FreshBones+1"],"picked":"Shade:FleshToFlesh+1","floor":36},{"not_picked":["Shade:CommandSoldier","Shade:CoffinDance","Shade:Bonestorm+1"],"picked":"SKIP","floor":39},{"not_picked":["Shade:Patience+1","Shade:Consume","Shade:ClawBack+1"],"picked":"SKIP","floor":40},{"not_picked":["Shade:Frenzy+1","Shade:Brains"],"picked":"Shade:BoneShards+1","floor":41},{"not_picked":["Shade:Bite_Shade","Shade:FuneraryArmor+1"],"picked":"Shade:ScuttlingHand","floor":42},{"not_picked":["Shade:ClawBack+1","Shade:Bonestorm"],"picked":"Shade:PotionOfRestlessness","floor":44},{"not_picked":["Shade:FleshToFlesh+1","Shade:GraveStillness"],"picked":"Shade:FuneraryJewels+1","floor":48}],"player_experience":1412927,"relics_obtained":[{"floor":5,"key":"Mastiff:ReiMu"},{"floor":6,"key":"Replay:Multitool"},{"floor":9,"key":"Tiny Chest"},{"floor":15,"key":"Toy Ornithopter"},{"floor":26,"key":"Golden Egg"},{"floor":27,"key":"Oddly Smooth Stone"},{"floor":30,"key":"conspire:TopHat"},{"floor":40,"key":"infinitespire:Satchel"},{"floor":43,"key":"Gambling Chip"},{"floor":44,"key":"Blood Vial"},{"floor":45,"key":"hubris:Reverence"},{"floor":47,"key":"Lantern"},{"floor":49,"key":"Grinning Jar"}],"event_choices":[{"damage_healed":0,"gold_gain":75,"player_choice":"Gather Gold","damage_taken":11,"max_hp_gain":0,"max_hp_loss":0,"event_name":"World of Goop","floor":3,"gold_loss":0},{"cards_removed":["Shade:Defend_Shade"],"damage_healed":0,"gold_gain":0,"player_choice":"Card Removal","damage_taken":0,"max_hp_gain":0,"max_hp_loss":0,"event_name":"The Cleric","floor":4,"gold_loss":50},{"damage_healed":16,"gold_gain":0,"player_choice":"Writhe","damage_taken":0,"max_hp_gain":0,"max_hp_loss":0,"event_name":"Winding Halls","floor":37,"gold_loss":0,"cards_obtained":["Writhe"]}],"is_beta":false,"boss_relics":[{"not_picked":["Honey Jar","Black Star"],"picked":"Abe\u0027s Treasure"},{"not_picked":["hubris:CrackedHourglass","Replay:Grab Bag"],"picked":"Sozu"}],"items_purged_floors":[20,22,38,46],"is_endless":false,"potions_floor_spawned":[8,12,14,16,19,21,25,31,33,35,36,44],"killed_by":"conspire:OrnateMirror","ascension_level":0}}