{"host":"Jonboy","time":1610284138,"event":{"mods":["AchievementEnabler","BaseMod","Block Reminder","Colored Powertips","Minty Spire (QoL Compilation)","Relic Stats"],"gold_per_floor":[163,180,255,274,293,293,323,323,394,394,424,442,442,470,470,543,543,556,655,674,18,18,18,44,63,63,63,63,73,73,107,107,107,107],"floor_reached":33,"playtime":1250,"items_purged":["Strike_G"],"score":540,"play_id":"b16298e4-e483-41b8-87ec-8be21f445541","local_time":"20210110130858","is_ascension_mode":true,"campfire_choices":[{"data":"Neutralize","floor":6.0,"key":"SMITH"},{"floor":8.0,"key":"REST"},{"data":"Backstab","floor":10.0,"key":"SMITH"},{"floor":13.0,"key":"REST"},{"floor":15.0,"key":"REST"},{"data":"After Image","floor":23.0,"key":"SMITH"},{"data":"Deadly Poison","floor":27.0,"key":"SMITH"},{"floor":32,"key":"REST"}],"circlet_count":0,"master_deck":["AscendersBane","Defend_G","Defend_G","Defend_G","Defend_G","Defend_G","Survivor","Neutralize+1","PiercingWail","All Out Attack","Deadly Poison+1","Flying Knee","Backstab+1","Deadly Poison","Dagger Spray","PiercingWail","After Image+1","Backflip","Calculated Gamble+1","Bite","Bite","Bite","Bite","Bite","Footwork+1","Deflect+1","Corpse Explosion+1"],"relics":["Tiny House","StoneCalendar","Sundial","Bronze Scales","Mummified Hand","Cursed Key","Toxic Egg 2","OrangePellets","Blood Vial","Matryoshka","MutagenicStrength","Art of War"],"acts_visited":["Exordium","TheCity"],"potions_floor_usage":[33],"damage_taken":[{"damage":2.0,"enemies":"Small Slimes","floor":1.0,"turns":4.0},{"damage":2.0,"enemies":"Jaw Worm","floor":2.0,"turns":4.0},{"damage":0.0,"enemies":"2 Louse","floor":4.0,"turns":3.0},{"damage":0.0,"enemies":"Large Slime","floor":5.0,"turns":5.0},{"damage":19.0,"enemies":"3 Sentries","floor":7.0,"turns":9.0},{"damage":26.0,"enemies":"Lagavulin","floor":11.0,"turns":7.0},{"damage":10.0,"enemies":"2 Fungi Beasts","floor":12.0,"turns":4.0},{"damage":15.0,"enemies":"3 Sentries","floor":14.0,"turns":5.0},{"damage":35.0,"enemies":"Hexaghost","floor":16.0,"turns":8.0},{"damage":4.0,"enemies":"Chosen","floor":18.0,"turns":5.0},{"damage":3.0,"enemies":"Shell Parasite","floor":20.0,"turns":6.0},{"damage":25.0,"enemies":"Slavers","floor":24.0,"turns":7.0},{"damage":15.0,"enemies":"Snake Plant","floor":25.0,"turns":4.0},{"damage":18,"enemies":"Chosen and Byrds","floor":29,"turns":5},{"damage":14,"enemies":"Gremlin Leader","floor":31,"turns":7},{"damage":60,"enemies":"Automaton","floor":33,"turns":6}],"seed_played":"-1021951415714382688","potions_obtained":[{"floor":0.0,"key":"SmokeBomb"},{"floor":5.0,"key":"Poison Potion"},{"floor":7.0,"key":"DistilledChaos"},{"floor":11.0,"key":"Poison Potion"},{"floor":18.0,"key":"Ancient Potion"},{"floor":31,"key":"Strength Potion"}],"is_trial":false,"path_per_floor":["M","M","?","M","M","R","E","R","T","R","E","M","R","E","R","B",null,"M","?","M","$","?","R","E","M","T","R","?","M","?","E","R","B"],"character_chosen":"THE_SILENT","items_purchased":["Toxic Egg 2","OrangePellets","Blood Vial","Calculated Gamble+1"],"campfire_rested":4,"item_purchase_floors":[21,21,21,21],"current_hp_per_floor":[62,60,49,49,49,49,30,51,51,51,25,15,36,21,42,7,55,51,51,48,48,48,48,36,29,29,29,29,23,23,27,41,0,0],"gold":107,"neow_bonus":"BOSS_RELIC","is_daily":false,"chose_seed":false,"campfire_upgraded":4,"win_rate":0.0,"timestamp":1610284138,"path_taken":["M","M","?","M","M","R","E","R","T","R","E","M","R","E","R","BOSS","M","?","M","$","?","R","E","M","T","R","?","M","?","E","R","BOSS"],"items_purchased_type":["Relic","Relic","Relic","Card"],"build_version":"2020-12-18","purchased_purges":1,"victory":false,"max_hp_per_floor":[71,71,71,71,71,71,71,71,71,71,71,71,71,71,71,71,71,71,71,71,71,49,49,49,49,49,49,49,49,49,49,49,49,49],"relic_stats":{"Blood Vial":9,"OrangePellets":[3],"counters":[16,89],"Sundial":[6],"Mummified Hand":[11],"Bronze Scales":[202],"StoneCalendar":[108],"Art of War":[1],"Cursed Key":0,"obtain_stats":[{"Tiny House":0,"StoneCalendar":7,"Cursed Key":17,"Blood Vial":21,"OrangePellets":21,"Matryoshka":24,"Sundial":9,"Mummified Hand":14,"Bronze Scales":11,"MutagenicStrength":28,"Art of War":31,"Toxic Egg 2":21,"Ring of the Snake":0},{"Tiny House":0,"StoneCalendar":5,"Cursed Key":9,"Blood Vial":11,"OrangePellets":11,"Matryoshka":12,"Sundial":5,"Mummified Hand":8,"Bronze Scales":6,"MutagenicStrength":13,"Art of War":15,"Toxic Egg 2":11,"Ring of the Snake":0},{"Tiny House":0,"StoneCalendar":25,"Cursed Key":49,"Blood Vial":60,"OrangePellets":60,"Matryoshka":67,"Sundial":25,"Mummified Hand":41,"Bronze Scales":32,"MutagenicStrength":71,"Art of War":83,"Toxic Egg 2":60,"Ring of the Snake":0}]},"card_choices":[{"not_picked":["Deflect","Underhanded Strike"],"picked":"PiercingWail","floor":0.0},{"not_picked":["Concentrate","Reflex"],"picked":"All Out Attack","floor":1.0},{"not_picked":["PiercingWail","Underhanded Strike"],"picked":"Deadly Poison","floor":2.0},{"not_picked":["All Out Attack","Calculated Gamble"],"picked":"Flying Knee","floor":4.0},{"not_picked":["Deflect","Well Laid Plans"],"picked":"Backstab","floor":5.0},{"not_picked":["Reflex","Underhanded Strike","Acrobatics"],"picked":"SKIP","floor":7.0},{"not_picked":["Burst","Backflip"],"picked":"Deadly Poison","floor":11.0},{"not_picked":["Quick Slash","Acrobatics"],"picked":"Dagger Spray","floor":12.0},{"not_picked":["Poisoned Stab","Bouncing Flask"],"picked":"PiercingWail","floor":14.0},{"not_picked":["Die Die Die","Unload"],"picked":"After Image","floor":16.0},{"not_picked":["Dodge and Roll","Dagger Throw"],"picked":"Backflip","floor":18.0},{"not_picked":["Deflect","Underhanded Strike","Expertise+1"],"picked":"SKIP","floor":20.0},{"not_picked":["Bane","Sucker Punch"],"picked":"Footwork+1","floor":24.0},{"not_picked":["Dagger Spray","Dagger Throw","Bane"],"picked":"SKIP","floor":25.0},{"not_picked":["Poisoned Stab","All Out Attack"],"picked":"Deflect+1","floor":29},{"not_picked":["Caltrops","Eviscerate"],"picked":"Corpse Explosion+1","floor":31}],"player_experience":448924,"relics_obtained":[{"floor":7.0,"key":"StoneCalendar"},{"floor":9.0,"key":"Sundial"},{"floor":11.0,"key":"Bronze Scales"},{"floor":14.0,"key":"Mummified Hand"},{"floor":24.0,"key":"Matryoshka"},{"floor":31,"key":"Art of War"}],"event_choices":[{"damage_healed":0.0,"max_hp_gain":0.0,"max_hp_loss":0.0,"gold_gain":75.0,"event_name":"World of Goop","player_choice":"Gather Gold","floor":3.0,"gold_loss":0.0,"damage_taken":11.0},{"damage_healed":0.0,"max_hp_gain":0.0,"max_hp_loss":0.0,"gold_gain":99.0,"event_name":"Nest","player_choice":"Stole From Cult","floor":19.0,"gold_loss":0.0,"damage_taken":0.0},{"damage_healed":0.0,"max_hp_gain":0.0,"max_hp_loss":22.0,"gold_gain":0.0,"event_name":"Vampires","player_choice":"Became a vampire","floor":22.0,"gold_loss":0.0,"damage_taken":0.0,"cards_obtained":["Bite","Bite","Bite","Bite","Bite"]},{"damage_healed":0,"gold_gain":0,"player_choice":"Inject Mutagens","damage_taken":0,"relics_obtained":["MutagenicStrength"],"max_hp_gain":0,"max_hp_loss":0,"event_name":"Drug Dealer","floor":28,"gold_loss":0},{"damage_healed":0,"gold_gain":0,"player_choice":"Ignored","damage_taken":0,"max_hp_gain":0,"max_hp_loss":0,"event_name":"The Mausoleum","floor":30,"gold_loss":0}],"is_beta":true,"boss_relics":[{"not_picked":["Empty Cage","SacredBark"],"picked":"Cursed Key"}],"items_purged_floors":[21],"is_endless":false,"potions_floor_spawned":[5,7,11,12,18,31],"killed_by":"Automaton","ascension_level":14}}