{"host":"minbhrtlkaoly5f0","time":1610267473,"event":{"mods":["Act Like it!","Ascension Reborn","BaseMod","Colored Map","Colored Powertips","Minty Spire (QoL Compilation)","Quick Restart","StSLib"],"gold_per_floor":[114,133,308,94,106,106,137,137,137,137,137,137,162,62,62,185,185,206,219,24,24,24],"floor_reached":21,"playtime":519,"items_purged":["Doubt","Strike_B","Defend_B"],"score":177,"play_id":"77b370d4-c40f-48eb-b55f-5bcf6c84f8a6","local_time":"20210110163113","is_ascension_mode":true,"campfire_choices":[{"data":"White Noise","floor":6,"key":"SMITH"},{"data":"Darkness","floor":8,"key":"SMITH"},{"floor":10,"key":"REST"},{"floor":15,"key":"REST"}],"circlet_count":0,"master_deck":["Strike_B","Defend_B","Defend_B","Defend_B","Zap","Dualcast","Darkness+1","White Noise+1","Doom and Gloom","Defragment","Cold Snap","Machine Learning","Hello World"],"relics":["Empty Cage","InkBottle","Pen Nib","Golden Idol","SlaversCollar"],"acts_visited":["Exordium","TheCity"],"potions_floor_usage":[16,16,16,21],"damage_taken":[{"damage":1,"enemies":"Cultist","floor":1,"turns":3},{"damage":5,"enemies":"Small Slimes","floor":2,"turns":3},{"damage":10,"enemies":"2 Louse","floor":5,"turns":3},{"damage":25,"enemies":"Gremlin Nob","floor":7,"turns":4},{"damage":11,"enemies":"Exordium Thugs","floor":13,"turns":4},{"damage":59,"enemies":"The Guardian","floor":16,"turns":7},{"damage":39,"enemies":"3 Byrds","floor":18,"turns":5},{"damage":20,"enemies":"Shell Parasite","floor":19,"turns":5},{"damage":19,"enemies":"Sentry and Sphere","floor":21,"turns":2}],"seed_played":"869711279046897154","potions_obtained":[{"floor":1,"key":"DuplicationPotion"},{"floor":5,"key":"SkillPotion"},{"floor":7,"key":"Block Potion"},{"floor":16,"key":"PotionOfCapacity"},{"floor":19,"key":"Ancient Potion"}],"is_trial":false,"path_per_floor":["M","M","?","$","M","R","E","R","T","R","?","?","M","$","R","B",null,"M","M","$","M"],"character_chosen":"DEFECT","items_purchased":["Doom and Gloom","Defragment","Hello World"],"campfire_rested":2,"item_purchase_floors":[4,4,20],"current_hp_per_floor":[74,69,69,69,59,59,34,34,34,56,75,57,46,46,68,9,75,36,16,16,0,0],"gold":24,"neow_bonus":"BOSS_RELIC","is_daily":false,"chose_seed":false,"campfire_upgraded":2,"win_rate":0.0,"timestamp":1610267473,"path_taken":["M","?","?","$","M","R","E","R","T","R","?","?","?","$","R","BOSS","M","M","$","?"],"items_purchased_type":["Card","Card","Card"],"build_version":"2020-12-22","purchased_purges":3,"victory":false,"max_hp_per_floor":[75,75,75,75,75,75,75,75,75,75,75,75,75,75,75,75,75,75,75,75,75,75],"card_choices":[{"not_picked":["Melter","Sweeping Beam"],"picked":"Darkness","floor":1},{"not_picked":["Sweeping Beam","Aggregate"],"picked":"White Noise","floor":2},{"not_picked":["Turbo","Gash","Beam Cell"],"picked":"SKIP","floor":5},{"not_picked":["Reinforced Body","Melter"],"picked":"Cold Snap","floor":7},{"not_picked":["Leap","Coolheaded","Hologram"],"picked":"SKIP","floor":13},{"not_picked":["Multi-Cast","Fission"],"picked":"Machine Learning","floor":16},{"not_picked":["Go for the Eyes","Sunder","Gash"],"picked":"SKIP","floor":18},{"not_picked":["Redo","Sweeping Beam+1","Streamline"],"picked":"SKIP","floor":19}],"player_experience":24633,"relics_obtained":[{"floor":7,"key":"InkBottle"},{"floor":9,"key":"Pen Nib"}],"event_choices":[{"damage_healed":0,"gold_gain":175,"player_choice":"AGREE","damage_taken":0,"max_hp_gain":0,"max_hp_loss":0,"event_name":"Liars Game","floor":3,"gold_loss":0,"cards_obtained":["Doubt"]},{"damage_healed":25,"gold_gain":0,"player_choice":"Banana","damage_taken":0,"max_hp_gain":0,"max_hp_loss":0,"event_name":"Big Fish","floor":11,"gold_loss":0},{"damage_healed":0,"gold_gain":0,"player_choice":"Take Damage","damage_taken":18,"relics_obtained":["Golden Idol"],"max_hp_gain":0,"max_hp_loss":0,"event_name":"Golden Idol","floor":12,"gold_loss":0}],"is_beta":false,"boss_relics":[{"not_picked":["Cursed Key","Snecko Eye"],"picked":"SlaversCollar"}],"items_purged_floors":[4,14,20],"is_endless":false,"potions_floor_spawned":[1,5,7,16,19],"killed_by":"Sentry and Sphere","ascension_level":0}}