{"host":"oehe2dxjvdgux73m","time":1610298093,"event":{"mods":["AchievementEnabler","BaseMod","Colored Map","Colored Powertips","DeckTracker","Keyboard Shortcuts","Minty Spire (QoL Compilation)","Permanent Neow","Quick Restart","StSLib","SuperFastMode"],"gold_per_floor":[10,10,10,29,46,46,73,73,125,139,170,183,183,199,199,301,301,317,46,64,64,81,112,112,140,166,192,192,192,192,117,117,117,117],"floor_reached":33,"playtime":1153,"items_purged":["Strike_G"],"score":407,"play_id":"fe5e6800-139c-4f06-a155-fa3b2f4365bf","local_time":"20210111020133","is_ascension_mode":true,"campfire_choices":[{"data":"Prepared","floor":6.0,"key":"SMITH"},{"data":"After Image","floor":13.0,"key":"SMITH"},{"data":"Neutralize","floor":15.0,"key":"SMITH"},{"data":"Bullet Time","floor":24.0,"key":"SMITH"},{"data":"Adrenaline","floor":30,"key":"SMITH"},{"floor":32,"key":"REST"}],"circlet_count":0,"master_deck":["Strike_G+1","Defend_G","Defend_G","Defend_G","Defend_G+1","Survivor","Neutralize+1","Adrenaline+1","After Image+1","Dagger Spray+1","Quick Slash","Prepared+1","Blade Dance+1","Poisoned Stab","Finisher","Accuracy+1","Bullet Time+1","Dagger Throw+1","Metamorphosis","PiercingWail"],"relics":["Ring of the Snake","Anchor","Toy Ornithopter","Sundial","Philosopher\u0027s Stone","Whetstone","Juzu Bracelet","War Paint","PreservedInsect"],"acts_visited":["Exordium","TheCity"],"potions_floor_usage":[27],"damage_taken":[{"damage":0.0,"enemies":"Small Slimes","floor":1.0,"turns":3.0},{"damage":3.0,"enemies":"Jaw Worm","floor":4.0,"turns":4.0},{"damage":0.0,"enemies":"2 Louse","floor":5.0,"turns":2.0},{"damage":12.0,"enemies":"3 Sentries","floor":7.0,"turns":7.0},{"damage":0.0,"enemies":"Exordium Thugs","floor":10.0,"turns":3.0},{"damage":15.0,"enemies":"Lagavulin","floor":11.0,"turns":6.0},{"damage":0.0,"enemies":"2 Fungi Beasts","floor":12.0,"turns":2.0},{"damage":0.0,"enemies":"Large Slime","floor":14.0,"turns":2.0},{"damage":12.0,"enemies":"Hexaghost","floor":16.0,"turns":11.0},{"damage":0.0,"enemies":"Spheric Guardian","floor":18.0,"turns":3.0},{"damage":0.0,"enemies":"Chosen","floor":20.0,"turns":3.0},{"damage":2.0,"enemies":"Snecko","floor":22.0,"turns":5.0},{"damage":25.0,"enemies":"Book of Stabbing","floor":23.0,"turns":6.0},{"damage":5.0,"enemies":"Gremlin Leader","floor":25.0,"turns":6.0},{"damage":11,"enemies":"Book of Stabbing","floor":27,"turns":5},{"damage":57,"enemies":"Champ","floor":33,"turns":8}],"seed_played":"-6479901000968777126","potions_obtained":[{"floor":1.0,"key":"DistilledChaos"},{"floor":5.0,"key":"PowerPotion"},{"floor":12.0,"key":"ColorlessPotion"},{"floor":16.0,"key":"PowerPotion"},{"floor":18.0,"key":"CunningPotion"},{"floor":23.0,"key":"Dexterity Potion"}],"is_trial":false,"path_per_floor":["M","$","?","M","M","R","E","?","T","M","E","M","R","M","R","B",null,"M","$","M","$","M","E","R","E","T","E","?","?","R","?","R","B"],"character_chosen":"THE_SILENT","items_purchased":["Metamorphosis"],"campfire_rested":1,"item_purchase_floors":[19],"current_hp_per_floor":[63,63,63,60,60,60,48,41,41,41,31,31,31,31,31,19,57,57,57,57,57,60,40,40,40,40,34,21,21,21,21,43,0,0],"gold":117,"neow_bonus":"TRANSFORM_TWO_CARDS","is_daily":false,"chose_seed":false,"campfire_upgraded":5,"win_rate":0.0,"timestamp":1610298093,"path_taken":["M","$","?","M","M","R","E","?","T","M","E","M","R","M","R","BOSS","M","$","M","$","M","E","R","E","T","E","?","?","R","?","R","BOSS"],"items_purchased_type":["Card"],"build_version":"2020-12-22","purchased_purges":1,"victory":false,"max_hp_per_floor":[70,70,70,70,70,70,70,70,70,70,70,70,70,70,70,70,70,70,70,70,70,70,70,70,70,70,70,75,75,75,75,75,75,75],"card_choices":[{"not_picked":["Endless Agony","Escape Plan"],"picked":"Dagger Spray","floor":1.0},{"not_picked":["Bane","Sucker Punch"],"picked":"Quick Slash","floor":4.0},{"not_picked":["Backstab","Slice"],"picked":"Prepared","floor":5.0},{"not_picked":["Dodge and Roll","Setup"],"picked":"Blade Dance","floor":7.0},{"not_picked":["Flying Knee","Deadly Poison"],"picked":"Poisoned Stab","floor":10.0},{"not_picked":["Deflect","Heel Hook"],"picked":"Finisher","floor":11.0},{"not_picked":["Outmaneuver","All Out Attack","Choke"],"picked":"SKIP","floor":12.0},{"not_picked":["Choke","Outmaneuver"],"picked":"Accuracy","floor":14.0},{"not_picked":["Wraith Form v2","Tools of the Trade"],"picked":"Bullet Time","floor":16.0},{"not_picked":["Poisoned Stab","Bane+1"],"picked":"Dagger Throw","floor":18.0},{"not_picked":["Cloak And Dagger","Poisoned Stab","Dash"],"picked":"SKIP","floor":20.0},{"not_picked":["Cloak And Dagger","Underhanded Strike+1","Sucker Punch"],"picked":"SKIP","floor":22.0},{"not_picked":["Bane","Caltrops","Masterful Stab"],"picked":"SKIP","floor":23.0},{"not_picked":["Quick Slash+1","Accuracy+1"],"picked":"PiercingWail","floor":25.0},{"not_picked":["Flechettes","Expertise+1","Terror"],"picked":"SKIP","floor":27}],"player_experience":86940,"relics_obtained":[{"floor":7.0,"key":"Anchor"},{"floor":9.0,"key":"Toy Ornithopter"},{"floor":11.0,"key":"Sundial"},{"floor":23.0,"key":"Whetstone"},{"floor":25.0,"key":"Juzu Bracelet"},{"floor":26.0,"key":"War Paint"},{"floor":27,"key":"PreservedInsect"}],"event_choices":[{"damage_healed":0.0,"max_hp_gain":0.0,"max_hp_loss":0.0,"gold_gain":0.0,"event_name":"Living Wall","player_choice":"Grow","floor":3.0,"gold_loss":0.0,"damage_taken":0.0,"cards_upgraded":["Dagger Spray"]},{"cards_removed":["Strike_G"],"damage_healed":0.0,"max_hp_gain":0.0,"max_hp_loss":0.0,"gold_gain":0.0,"event_name":"Golden Wing","player_choice":"Card Removal","floor":8.0,"gold_loss":0.0,"damage_taken":7.0},{"damage_healed":0,"gold_gain":0,"player_choice":"Shed Blood","damage_taken":18,"max_hp_gain":5,"max_hp_loss":0,"event_name":"Forgotten Altar","floor":28,"gold_loss":0},{"damage_healed":0,"gold_gain":0,"player_choice":"Upgraded","damage_taken":0,"max_hp_gain":0,"max_hp_loss":0,"event_name":"Upgrade Shrine","floor":29,"gold_loss":0,"cards_upgraded":["Accuracy"]},{"cards_removed":["Strike_G"],"damage_healed":0,"gold_gain":0,"player_choice":"Gave Gold","damage_taken":0,"max_hp_gain":0,"max_hp_loss":0,"event_name":"Beggar","floor":31,"gold_loss":75}],"is_beta":false,"boss_relics":[{"not_picked":["Busted Crown","Sozu"],"picked":"Philosopher\u0027s Stone"}],"items_purged_floors":[19],"is_endless":false,"potions_floor_spawned":[1,5,12,16,18,20,23],"killed_by":"Champ","ascension_level":6}}