{"host":"Sean","time":1610293956,"event":{"mods":["BaseMod","Block Reminder","Colored Map","Colored Powertips","Highlight Path","Minty Spire (QoL Compilation)","Relic Stats"],"gold_per_floor":[112,1,1,19,35,47,47,81,81,108,119,139,167,186,186,282,282,297,297,7,7,19,54,54,84,155,155,189,189,220,230,230,335,335,347,394,412,438,463,497,497,522,522,522,744,775,172,187,187,187,187,187,34,63,63,63],"floor_reached":55,"playtime":3247,"items_purged":["Shame","Strike_R","Strike_R"],"score":1155,"play_id":"867f4bd6-b9ed-4717-b135-fd1aa2b77e9c","local_time":"20210110155236","is_ascension_mode":true,"campfire_choices":[{"data":"Offering","floor":7.0,"key":"SMITH"},{"data":"Corruption","floor":15.0,"key":"SMITH"},{"floor":24.0,"key":"DIG"},{"floor":27.0,"key":"DIG"},{"floor":29.0,"key":"DIG"},{"floor":32.0,"key":"DIG"},{"floor":41.0,"key":"DIG"},{"floor":44.0,"key":"DIG"},{"floor":49.0,"key":"RECALL"},{"floor":52,"key":"DIG"}],"circlet_count":0,"master_deck":["Strike_R","Strike_R","Strike_R+1","Defend_R+1","Defend_R","Bash","Brutality","Bloodletting","Perfected Strike","Fire Breathing+1","Offering+1","Pommel Strike","Clash","Rupture","True Grit","Shrug It Off+1","Corruption+1","Twin Strike","Fire Breathing","Immolate","Twin Strike+1","Evolve","Metallicize+1","Sever Soul+1","Reaper+1","Reckless Charge+1","Sentinel+1","Feel No Pain","Reckless Charge+1","Magnetism","True Grit+1","Dark Embrace+1"],"relics":["Burning Blood","Shovel","Gambling Chip","White Beast Statue","Centennial Puzzle","Fusion Hammer","MutagenicStrength","MealTicket","Vajra","Bottled Lightning","Tiny Chest","Kunai","Eternal Feather","Red Mask","Lantern","Pear","Self Forming Clay","Coffee Dripper","Prayer Wheel","Anchor","Bag of Marbles","Juzu Bracelet","Ice Cream","Omamori","War Paint","Bottled Flame","Art of War","Oddly Smooth Stone","Sundial","Red Skull","Whetstone"],"acts_visited":["Exordium","TheCity","TheBeyond","TheEnding"],"potions_floor_usage":[50,50,55,55],"damage_taken":[{"damage":10.0,"enemies":"Cultist","floor":1.0,"turns":4.0},{"damage":7.0,"enemies":"Jaw Worm","floor":4.0,"turns":2.0},{"damage":0.0,"enemies":"Small Slimes","floor":5.0,"turns":3.0},{"damage":17.0,"enemies":"Blue Slaver","floor":6.0,"turns":3.0},{"damage":21.0,"enemies":"Lagavulin","floor":8.0,"turns":3.0},{"damage":27.0,"enemies":"3 Sentries","floor":10.0,"turns":4.0},{"damage":6.0,"enemies":"Exordium Wildlife","floor":11.0,"turns":3.0},{"damage":6.0,"enemies":"Large Slime","floor":12.0,"turns":5.0},{"damage":12.0,"enemies":"Gremlin Nob","floor":13.0,"turns":3.0},{"damage":6.0,"enemies":"Looter","floor":14.0,"turns":3.0},{"damage":20.0,"enemies":"Slime Boss","floor":16.0,"turns":6.0},{"damage":23.0,"enemies":"3 Byrds","floor":18.0,"turns":3.0},{"damage":3.0,"enemies":"2 Thieves","floor":22.0,"turns":2.0},{"damage":12.0,"enemies":"Gremlin Leader","floor":23.0,"turns":5.0},{"damage":13.0,"enemies":"Slavers","floor":25.0,"turns":3.0},{"damage":6.0,"enemies":"Masked Bandits","floor":28.0,"turns":2.0},{"damage":6.0,"enemies":"Gremlin Leader","floor":30.0,"turns":4.0},{"damage":6.0,"enemies":"Centurion and Healer","floor":31.0,"turns":5.0},{"damage":67.0,"enemies":"Automaton","floor":33.0,"turns":8.0},{"damage":6.0,"enemies":"3 Darklings","floor":35.0,"turns":4.0},{"damage":6.0,"enemies":"2 Orb Walkers","floor":36.0,"turns":2.0},{"damage":6.0,"enemies":"Orb Walker","floor":37.0,"turns":2.0},{"damage":49.0,"enemies":"Nemesis","floor":40.0,"turns":5.0},{"damage":45.0,"enemies":"Giant Head","floor":42.0,"turns":6.0},{"damage":52.0,"enemies":"Reptomancer","floor":46.0,"turns":5.0},{"damage":6.0,"enemies":"4 Shapes","floor":48.0,"turns":1.0},{"damage":49,"enemies":"Donu and Deca","floor":50,"turns":5},{"damage":53,"enemies":"Shield and Spear","floor":54,"turns":3},{"damage":75,"enemies":"The Heart","floor":55,"turns":2}],"seed_played":"-8254966749175784477","potions_obtained":[{"floor":4.0,"key":"ElixirPotion"},{"floor":5.0,"key":"BloodPotion"},{"floor":6.0,"key":"Explosive Potion"},{"floor":10.0,"key":"BloodPotion"},{"floor":11.0,"key":"LiquidBronze"},{"floor":12.0,"key":"Fire Potion"},{"floor":13.0,"key":"Ancient Potion"},{"floor":14.0,"key":"Swift Potion"},{"floor":18.0,"key":"HeartOfIron"},{"floor":22.0,"key":"PowerPotion"},{"floor":23.0,"key":"Strength Potion"},{"floor":30.0,"key":"DuplicationPotion"},{"floor":33.0,"key":"ColorlessPotion"},{"floor":36.0,"key":"Fire Potion"},{"floor":40.0,"key":"Fire Potion"},{"floor":42.0,"key":"PowerPotion"},{"floor":46.0,"key":"Strength Potion"},{"floor":54,"key":"Regen Potion"}],"is_trial":false,"path_per_floor":["M","$","?","M","M","M","R","E","T","E","M","M","E","M","R","B",null,"M","?","$","$","M","E","R","E","T","R","?","R","E","M","R","B",null,"M","?","M","T","T","E","R","E","T","R","?","E","$","M","R","B",null,"R","$","E","B"],"character_chosen":"IRONCLAD","items_purchased":["Fire Breathing","Evolve","MealTicket","Art of War","Oddly Smooth Stone","Magnetism","Red Skull"],"campfire_rested":0,"item_purchase_floors":[2,20,20,47,47,47,53],"current_hp_per_floor":[68,68,68,67,73,62,62,47,47,26,26,26,20,36,36,22,66,65,65,65,80,80,74,74,67,67,67,67,79,89,89,90,29,75,90,90,90,90,90,51,66,49,49,64,64,50,65,90,90,56,82,90,90,57,0,0],"gold":63,"neow_bonus":"TRANSFORM_TWO_CARDS","is_daily":false,"chose_seed":false,"campfire_upgraded":2,"win_rate":0.0,"timestamp":1610293956,"path_taken":["M","$","?","M","M","M","R","E","T","E","M","M","E","M","R","BOSS","M","?","?","$","M","E","R","E","T","R","?","R","E","M","R","BOSS","M","?","M","?","?","E","R","E","T","R","?","E","$","M","R","BOSS","R","$","E","BOSS"],"items_purchased_type":["Card","Card","Relic","Relic","Relic","Card","Relic"],"build_version":"2020-12-18","purchased_purges":3,"victory":false,"max_hp_per_floor":[80,80,80,80,80,80,80,80,80,80,80,80,80,80,80,80,80,80,80,80,80,80,80,80,80,80,80,80,80,90,90,90,90,90,90,90,90,90,90,90,90,90,90,90,90,90,90,90,90,90,90,90,90,90,90,90],"relic_stats":{"counters":[29,106],"Self Forming Clay":[144],"Eternal Feather":51,"Juzu Bracelet":0,"Whetstone":["Strike_R","Reaper"],"War Paint":["Defend_R","Shrug It Off"],"Burning Blood":147,"Centennial Puzzle":[60],"Shovel":7,"Sundial":[0],"Gambling Chip":[56],"MealTicket":30,"Tiny Chest":1,"Prayer Wheel":2,"Art of War":[0],"Kunai":[34],"obtain_stats":[{"Ice Cream":41,"Lantern":29,"Vajra":23,"Juzu Bracelet":40,"Whetstone":54,"Burning Blood":0,"Centennial Puzzle":13,"Shovel":8,"Sundial":52,"Gambling Chip":9,"MealTicket":20,"Tiny Chest":25,"Prayer Wheel":36,"Fusion Hammer":17,"Red Mask":28,"Kunai":26,"Red Skull":53,"Pear":30,"Self Forming Clay":32,"Oddly Smooth Stone":47,"Eternal Feather":27,"Omamori":42,"War Paint":44,"White Beast Statue":10,"Anchor":38,"Bottled Flame":46,"MutagenicStrength":19,"Coffee Dripper":34,"Bag of Marbles":39,"Art of War":47,"Bottled Lightning":24},{"Ice Cream":23,"Lantern":16,"Vajra":14,"Juzu Bracelet":23,"Whetstone":28,"Burning Blood":0,"Centennial Puzzle":9,"Shovel":5,"Sundial":27,"Gambling Chip":5,"MealTicket":12,"Tiny Chest":15,"Prayer Wheel":21,"Fusion Hammer":11,"Red Mask":16,"Kunai":15,"Red Skull":27,"Pear":17,"Self Forming Clay":18,"Oddly Smooth Stone":25,"Eternal Feather":15,"Omamori":24,"War Paint":24,"White Beast Statue":6,"Anchor":22,"Bottled Flame":25,"MutagenicStrength":12,"Coffee Dripper":19,"Bag of Marbles":22,"Art of War":25,"Bottled Lightning":14},{"Ice Cream":84,"Lantern":54,"Vajra":49,"Juzu Bracelet":84,"Whetstone":104,"Burning Blood":0,"Centennial Puzzle":30,"Shovel":15,"Sundial":101,"Gambling Chip":15,"MealTicket":42,"Tiny Chest":52,"Prayer Wheel":77,"Fusion Hammer":39,"Red Mask":54,"Kunai":52,"Red Skull":101,"Pear":58,"Self Forming Clay":63,"Oddly Smooth Stone":95,"Eternal Feather":52,"Omamori":90,"War Paint":90,"White Beast Statue":19,"Anchor":79,"Bottled Flame":95,"MutagenicStrength":42,"Coffee Dripper":71,"Bag of Marbles":79,"Art of War":95,"Bottled Lightning":49}]},"card_choices":[{"not_picked":["Burning Pact","Iron Wave"],"picked":"Perfected Strike","floor":1.0},{"not_picked":["Iron Wave","Intimidate"],"picked":"Offering","floor":4.0},{"not_picked":["Iron Wave","Fire Breathing"],"picked":"Pommel Strike","floor":5.0},{"not_picked":["Rage","Thunderclap"],"picked":"Clash","floor":6.0},{"not_picked":["Twin Strike","Clothesline"],"picked":"Rupture","floor":8.0},{"not_picked":["Metallicize","Feel No Pain"],"picked":"True Grit","floor":10.0},{"not_picked":["Havoc","Thunderclap"],"picked":"Shrug It Off","floor":11.0},{"not_picked":["Shockwave","Shrug It Off"],"picked":"Corruption","floor":12.0},{"not_picked":["Double Tap","Metallicize"],"picked":"Twin Strike","floor":13.0},{"not_picked":["Inflame","Warcry"],"picked":"Fire Breathing","floor":14.0},{"not_picked":["Bludgeon","Demon Form"],"picked":"Immolate","floor":16.0},{"not_picked":["Perfected Strike+1","Inflame"],"picked":"Twin Strike+1","floor":18.0},{"not_picked":["Combust+1","Perfected Strike","Iron Wave"],"picked":"SKIP","floor":22.0},{"not_picked":["Body Slam","Shrug It Off","Flex"],"picked":"SKIP","floor":23.0},{"not_picked":["Thunderclap","Sever Soul"],"picked":"Metallicize+1","floor":25.0},{"not_picked":["Thunderclap","Brutality"],"picked":"Sever Soul+1","floor":30.0},{"not_picked":["True Grit","Seeing Red","Body Slam"],"picked":"SKIP","floor":31.0},{"not_picked":["Demon Form","Barricade"],"picked":"Reaper","floor":33.0},{"not_picked":["Second Wind","Rampage","Body Slam"],"picked":"SKIP","floor":35.0},{"not_picked":["Twin Strike+1","Havoc+1"],"picked":"Reckless Charge+1","floor":36.0},{"not_picked":["Blood for Blood","Entrench"],"picked":"Sentinel+1","floor":37.0},{"not_picked":["Flex+1","Body Slam+1"],"picked":"Feel No Pain","floor":37.0},{"not_picked":["Wild Strike","Pommel Strike+1","Brutality"],"picked":"SKIP","floor":40.0},{"not_picked":["Body Slam","Pommel Strike+1","Thunderclap"],"picked":"SKIP","floor":42.0},{"not_picked":["Body Slam+1","Headbutt"],"picked":"Reckless Charge+1","floor":46.0},{"not_picked":["Cleave+1","Dual Wield"],"picked":"True Grit+1","floor":48.0},{"not_picked":["Shrug It Off","Intimidate"],"picked":"Dark Embrace+1","floor":48.0},{"not_picked":["Anger+1","Heavy Blade","Rampage+1"],"picked":"SKIP","floor":54}],"player_experience":413502,"relics_obtained":[{"floor":8.0,"key":"Shovel"},{"floor":9.0,"key":"Gambling Chip"},{"floor":10.0,"key":"White Beast Statue"},{"floor":13.0,"key":"Centennial Puzzle"},{"floor":23.0,"key":"Vajra"},{"floor":24.0,"key":"Bottled Lightning"},{"floor":25.0,"key":"Tiny Chest"},{"floor":26.0,"key":"Kunai"},{"floor":27.0,"key":"Eternal Feather"},{"floor":28.0,"key":"Red Mask"},{"floor":29.0,"key":"Lantern"},{"floor":30.0,"key":"Pear"},{"floor":32.0,"key":"Self Forming Clay"},{"floor":36.0,"key":"Prayer Wheel"},{"floor":38.0,"key":"Anchor"},{"floor":39.0,"key":"Bag of Marbles"},{"floor":40.0,"key":"Juzu Bracelet"},{"floor":41.0,"key":"Ice Cream"},{"floor":42.0,"key":"Omamori"},{"floor":44.0,"key":"War Paint"},{"floor":46.0,"key":"Bottled Flame"},{"floor":52,"key":"Sundial"},{"floor":54,"key":"Whetstone"}],"event_choices":[{"damage_healed":0.0,"max_hp_gain":0.0,"max_hp_loss":0.0,"gold_gain":0.0,"event_name":"Accursed Blacksmith","player_choice":"Forge","floor":3.0,"gold_loss":0.0,"damage_taken":0.0,"cards_upgraded":["Fire Breathing"]},{"damage_healed":0.0,"max_hp_gain":0.0,"max_hp_loss":0.0,"gold_gain":0.0,"event_name":"Drug Dealer","player_choice":"Inject Mutagens","floor":19.0,"gold_loss":0.0,"damage_taken":0.0,"relics_obtained":["MutagenicStrength"]},{"damage_healed":0.0,"max_hp_gain":0.0,"max_hp_loss":0.0,"gold_gain":0.0,"event_name":"Masked Bandits","player_choice":"Fought Bandits","floor":28.0,"gold_loss":0.0,"damage_taken":0.0},{"damage_healed":0.0,"max_hp_gain":0.0,"max_hp_loss":0.0,"gold_gain":0.0,"event_name":"Mysterious Sphere","player_choice":"Fight","floor":36.0,"gold_loss":0.0,"damage_taken":0.0},{"damage_healed":0.0,"max_hp_gain":0.0,"max_hp_loss":0.0,"gold_gain":222.0,"event_name":"Tomb of Lord Red Mask","player_choice":"Wore Mask","floor":45.0,"gold_loss":0.0,"damage_taken":0.0}],"is_beta":true,"boss_relics":[{"not_picked":["Runic Cube","Velvet Choker"],"picked":"Fusion Hammer"},{"not_picked":["Runic Pyramid","Philosopher\u0027s Stone"],"picked":"Coffee Dripper"}],"items_purged_floors":[2,20,47],"is_endless":false,"potions_floor_spawned":[4,5,6,10,11,12,13,14,16,18,22,23,25,28,30,31,33,35,36,37,40,42,46,48,54],"killed_by":"The Heart","ascension_level":6}}