{"host":"kntpungskobv1jqb","time":1610282057,"event":{"mods":["BaseMod","Minty Spire (QoL Compilation)","Replay The Spire","StSLib","SuperFastMode"],"gold_per_floor":[114,114,114,129,304,334,334,364,389,389,404,419,419,434,434,534,534,549,549,549,824,839,839,854,869,894,894,909,924,939,954,954,954,954],"floor_reached":33,"playtime":843,"items_purged":[],"score":286,"play_id":"339dce66-ffbe-4af3-ac7e-76d621f3c44b","local_time":"20210110203417","daily_mods":["Specialized","Diverse","Night Terrors"],"is_ascension_mode":false,"campfire_choices":[{"data":"Fiend Fire","floor":7,"key":"SMITH"},{"floor":15,"key":"REST"},{"data":"Consecrate","floor":23,"key":"SMITH"},{"floor":27,"key":"REST"},{"floor":32,"key":"REST"}],"circlet_count":0,"master_deck":["Strike_P","Strike_P","Strike_P","Strike_P","Defend_P","Defend_P","Defend_P","Eruption","Vigilance","Fiend Fire","Fiend Fire","Fiend Fire+1","Fiend Fire","Fiend Fire","Pray+1","Cleave","Doubt","Turbo","Consecrate+1","Capacitor","Demon Form+1","Slice","Regret","FlyingSleeves","ReplayTheSpireMod:Limb From Limb","Cleave+1","Replay:Undeath\u0027s Touch","Twin Strike","Conclude"],"relics":["HolyWater","Golden Egg","Matryoshka","Sundial","Bronze Scales","Strawberry","Centennial Puzzle","MealTicket","Replay:Rubber Ducky"],"acts_visited":["Exordium","TheCity"],"potions_floor_usage":[14,30,31,31,33],"damage_taken":[{"damage":0,"enemies":"2 Louse","floor":1,"turns":2},{"damage":0,"enemies":"Cultist","floor":4,"turns":2},{"damage":25,"enemies":"Gremlin Nob","floor":6,"turns":4},{"damage":9,"enemies":"Replay:BlueRogue","floor":8,"turns":3},{"damage":10,"enemies":"Small Slimes","floor":11,"turns":2},{"damage":13,"enemies":"2 Fungi Beasts","floor":12,"turns":2},{"damage":0,"enemies":"3 Louse","floor":14,"turns":2},{"damage":43,"enemies":"Fading Forest","floor":16,"turns":11},{"damage":32,"enemies":"2 Thieves","floor":18,"turns":3},{"damage":16,"enemies":"Chosen","floor":22,"turns":3},{"damage":21,"enemies":"Snake Plant","floor":24,"turns":2},{"damage":24,"enemies":"Cultist and Chosen","floor":25,"turns":4},{"damage":41,"enemies":"Centurion and Healer","floor":28,"turns":5},{"damage":21,"enemies":"Snake Plant","floor":29,"turns":3},{"damage":1,"enemies":"Snecko","floor":30,"turns":3},{"damage":0,"enemies":"Shelled Parasite and Fungi","floor":31,"turns":2},{"damage":87,"enemies":"Champ","floor":33,"turns":8}],"seed_played":"-956745095108410897","potions_obtained":[{"floor":1,"key":"AttackPotion"},{"floor":11,"key":"Dexterity Potion"},{"floor":12,"key":"SteroidPotion"},{"floor":14,"key":"Adrenaline Potion"},{"floor":18,"key":"Fire Potion"},{"floor":29,"key":"Strength Potion"},{"floor":30,"key":"BlessingOfTheForge"},{"floor":31,"key":"Dexterity Potion"}],"is_trial":false,"path_per_floor":["M","$","?","M","?","E","R","E","T","?","M","M","?","M","R","B",null,"M","?","?","?","M","R","M","M","T","R","M","M","M","M","R","B"],"character_chosen":"WATCHER","items_purchased":[],"campfire_rested":3,"item_purchase_floors":[],"current_hp_per_floor":[72,72,72,72,72,47,47,38,38,42,32,19,19,19,74,55,74,42,66,66,66,50,50,29,5,5,69,28,7,6,6,64,0,0],"gold":954,"neow_bonus":"","is_daily":true,"chose_seed":false,"campfire_upgraded":2,"win_rate":0.0,"timestamp":1610282057,"path_taken":["M","$","?","?","?","E","R","E","T","?","M","M","?","M","R","BOSS","M","?","?","?","M","R","M","M","T","R","?","M","?","M","R","BOSS"],"items_purchased_type":[],"build_version":"2020-12-22","purchased_purges":0,"victory":false,"max_hp_per_floor":[72,72,72,72,72,72,72,72,72,79,79,79,79,79,74,74,74,74,74,74,74,74,74,74,74,74,69,69,69,69,69,64,64,64],"card_choices":[{"not_picked":["Chaos","Stack"],"picked":"Pray","floor":1},{"not_picked":["Hologram","Battle Trance"],"picked":"Cleave","floor":4},{"not_picked":["Cold Snap","Deflect"],"picked":"Turbo","floor":6},{"not_picked":["Panic Button","Coolheaded","Bouncing Flask"],"picked":"SKIP","floor":8},{"not_picked":["Endless Agony","Indignation"],"picked":"Consecrate","floor":11},{"not_picked":["Prepared","Warcry","Weave"],"picked":"SKIP","floor":12},{"not_picked":["Calculated Gamble","Fluid Movement"],"picked":"Capacitor","floor":14},{"not_picked":["Judgement","Meteor Strike"],"picked":"Demon Form","floor":16},{"not_picked":["ReplayTheSpireMod:Calculation Training","Replay:AtTheReady"],"picked":"Slice","floor":18},{"not_picked":["Glacier+1","Warcry+1"],"picked":"FlyingSleeves","floor":22},{"not_picked":["Outmaneuver","Warcry"],"picked":"ReplayTheSpireMod:Limb From Limb","floor":24},{"not_picked":["Storm","Wireheading+1"],"picked":"Cleave+1","floor":25},{"not_picked":["Melter","Replay:Hum+1"],"picked":"Replay:Undeath\u0027s Touch","floor":28},{"not_picked":["Anger","Fission"],"picked":"Twin Strike","floor":29},{"not_picked":["Replay:BluntJabs","EmptyBody"],"picked":"Conclude","floor":30},{"not_picked":["Sneak Up","Clothesline","Replay:ManipulateFuture+1"],"picked":"SKIP","floor":31}],"player_experience":468403,"relics_obtained":[{"floor":6,"key":"Golden Egg"},{"floor":8,"key":"Matryoshka"},{"floor":9,"key":"Sundial"},{"floor":9,"key":"Bronze Scales"},{"floor":26,"key":"MealTicket"},{"floor":26,"key":"Replay:Rubber Ducky"}],"event_choices":[{"damage_healed":0,"gold_gain":0,"player_choice":"Upgraded","damage_taken":0,"max_hp_gain":0,"max_hp_loss":0,"event_name":"Upgrade Shrine","floor":3,"gold_loss":0,"cards_upgraded":["Pray"]},{"damage_healed":0,"gold_gain":175,"player_choice":"AGREE","damage_taken":0,"max_hp_gain":0,"max_hp_loss":0,"event_name":"Liars Game","floor":5,"gold_loss":0,"cards_obtained":["Doubt"]},{"damage_healed":0,"gold_gain":0,"player_choice":"Success","damage_taken":3,"relics_obtained":["Strawberry"],"max_hp_gain":0,"max_hp_loss":0,"event_name":"Scrap Ooze","floor":10,"gold_loss":0},{"damage_healed":24,"gold_gain":0,"player_choice":"Heal","damage_taken":0,"max_hp_gain":0,"max_hp_loss":0,"event_name":"The Library","floor":19,"gold_loss":0},{"damage_healed":0,"gold_gain":0,"player_choice":"Opened","damage_taken":0,"relics_obtained":["Centennial Puzzle"],"max_hp_gain":0,"max_hp_loss":0,"event_name":"The Mausoleum","floor":20,"gold_loss":0},{"damage_healed":0,"gold_gain":275,"player_choice":"Desecrate","damage_taken":0,"max_hp_gain":0,"max_hp_loss":0,"event_name":"Golden Shrine","floor":21,"gold_loss":0,"cards_obtained":["Regret"]}],"is_beta":false,"boss_relics":[{"not_picked":["VioletLotus","ReplayTheSpireMod:DimensionalGlitch"],"picked":"HolyWater"}],"items_purged_floors":[],"is_endless":false,"potions_floor_spawned":[1,11,12,14,18,25,29,30,31],"killed_by":"Champ","ascension_level":0}}