{"host":"9op7xyky91xc1g6p","time":1610313952,"event":{"mods":["Act Like it!","Astrologer","Bartender","BaseMod","Beaked The Cultist","Better Altar","Better Note","Better Sensory Stone","Better Skull","Better Third Choice","Better Vampires","BshForSts","CapriCore","Energized Spire","Gensokyo","Hallownest","Hermit","Infinite Spire","Koishi","Magitek Elite","Marisa????????","Minty Spire (QoL Compilation)","Random Character Button","Remilia??????","Retaliation","Robot Space Explorer","Shade Mod","SpireExporter+","StSLib","The Animator","The Disciple","The Elementalist","The Hierophant","The Immortal","The Marked","The Mystic","The Poker Player","The Runesmith","The Spell Scribe","TheArtist","TheBandit","Trackpad","Yuyuko","??????REMEMod"],"gold_per_floor":[112,126,126,126,143,174,186,186,240,240,18,42,65,28,28,156,156,179,197,305,45,45,45],"floor_reached":22,"playtime":2899,"items_purged":["animator:Curse_Nutcracker"],"score":211,"play_id":"77b25e12-53b6-4bb2-ada2-7d4e93b85aa7","local_time":"20210110132552","is_ascension_mode":false,"campfire_choices":[{"floor":10.0,"key":"REST"},{"data":"Metallicize","floor":15.0,"key":"SMITH"}],"circlet_count":0,"master_deck":["Strike_R","Strike_R","Strike_R","Strike_R","Strike_R","Defend_R","Defend_R","Defend_R","Defend_R","Bash","Flame Barrier","Twin Strike","Good Instincts","Ghostly Armor","Rage","Battle Trance","Iron Wave","Twin Strike","Pommel Strike","Metallicize+1","Berserk","CurseOfTheBell","Fiend Fire","Hemokinesis+1","DDmod:SpikedSkill","Barricade","Balance"],"relics":["Burning Blood","REME_ComplimentaryCards","Mango","DDmod:BarbedSlagRelic","Shuriken","Golden Idol","Orichalcum","Chemical X","betterThird:SlimedRelic","Calling Bell","Strawberry","Sundial","Torii","Smiling Mask","Ancient Tea Set"],"acts_visited":["Exordium","Hallownest:CityofTears"],"potions_floor_usage":[19],"damage_taken":[{"damage":2.0,"enemies":"2 Louse","floor":1.0,"turns":4.0},{"damage":0.0,"enemies":"Small Slimes","floor":2.0,"turns":5.0},{"damage":2.0,"enemies":"Jaw Worm","floor":5.0,"turns":5.0},{"damage":15.0,"enemies":"3 Sentries","floor":6.0,"turns":12.0},{"damage":3.0,"enemies":"Exordium Wildlife","floor":7.0,"turns":5.0},{"damage":4.0,"enemies":"2 Fungi Beasts","floor":12.0,"turns":4.0},{"damage":0.0,"enemies":"Lots of Slimes","floor":13.0,"turns":4.0},{"damage":33.0,"enemies":"Slime Boss","floor":16.0,"turns":14.0},{"damage":1,"enemies":"Hallownest:2_Mistakes","floor":18,"turns":10},{"damage":16,"enemies":"Hallownest:Guard_and_Sentry","floor":19,"turns":7},{"damage":41,"enemies":"Hallownest:Master_and_Novice","floor":22,"turns":5}],"seed_played":"-2997311884625083135","potions_obtained":[{"floor":1.0,"key":"Explosive Potion"},{"floor":6.0,"key":"LiquidBronze"},{"floor":12.0,"key":"Fire Potion"},{"floor":16.0,"key":"Fire Potion"}],"is_trial":false,"path_per_floor":["M","M","?","?","M","E","M","?","T","R","$","M","M","?","R","B",null,"M","M","?","$","M"],"character_chosen":"IRONCLAD","items_purchased":["Chemical X","Iron Wave","Twin Strike","DDmod:SpikedSkill","Barricade"],"campfire_rested":1,"item_purchase_floors":[11,11,11,21,21],"current_hp_per_floor":[94,94,94,94,94,85,88,65,65,93,93,94,94,83,83,56,101,101,91,40,40,0,0],"gold":45,"neow_bonus":"ONE_RARE_RELIC","is_daily":false,"chose_seed":false,"campfire_upgraded":1,"win_rate":0.0,"timestamp":1610313952,"path_taken":["M","M","?","?","M","E","M","?","T","R","?","?","M","?","R","BOSS","M","M","?","$","M"],"items_purchased_type":["Relic","Card","Card","Card","Card"],"build_version":"2020-12-22","purchased_purges":1,"victory":false,"max_hp_per_floor":[94,94,94,94,94,94,94,94,94,94,94,94,94,94,94,94,101,101,101,101,101,101,101],"card_choices":[{"not_picked":["Reckless Charge","Hemokinesis"],"picked":"Flame Barrier","floor":1.0},{"not_picked":["Sword Boomerang","Iron Wave"],"picked":"Twin Strike","floor":2.0},{"not_picked":["REME_TwoStrings","Forethought"],"picked":"Good Instincts","floor":4.0},{"not_picked":["Perfected Strike","Wild Strike"],"picked":"Ghostly Armor","floor":5.0},{"not_picked":["DDmod:CallousedSkill","Seeing Red"],"picked":"Rage","floor":6.0},{"not_picked":["Twin Strike","Cleave"],"picked":"Battle Trance","floor":7.0},{"not_picked":["DDmod:SpikedSkill","DDmod:EasePowerCard"],"picked":"Pommel Strike","floor":12.0},{"not_picked":["Disarm","Feel No Pain"],"picked":"Metallicize","floor":13.0},{"not_picked":["Brutality","DDmod:AllInSkill"],"picked":"Berserk","floor":16.0},{"not_picked":["Headbutt+1","Clothesline"],"picked":"Fiend Fire","floor":18},{"not_picked":["DDmod:EasePowerCard+1","Anger"],"picked":"Hemokinesis+1","floor":19}],"player_experience":366392,"relics_obtained":[{"floor":6.0,"key":"Shuriken"},{"floor":9.0,"key":"Orichalcum"},{"floor":17,"key":"Strawberry"},{"floor":17,"key":"Sundial"},{"floor":17,"key":"Torii"}],"event_choices":[{"damage_healed":0.0,"max_hp_gain":0.0,"max_hp_loss":0.0,"gold_gain":1.0,"event_name":"betterStone:BetterStone","player_choice":"1","floor":4.0,"gold_loss":0.0,"damage_taken":0.0},{"damage_healed":0.0,"max_hp_gain":0.0,"max_hp_loss":0.0,"gold_gain":0.0,"event_name":"Golden Idol","player_choice":"Take Damage","floor":8.0,"gold_loss":0.0,"damage_taken":23.0,"relics_obtained":["Golden Idol"]},{"damage_healed":0.0,"max_hp_gain":0.0,"max_hp_loss":0.0,"gold_gain":0.0,"event_name":"betterThird:BetterGoop","player_choice":"Slimed","floor":14.0,"gold_loss":37.0,"damage_taken":11.0},{"damage_healed":0,"gold_gain":108,"player_choice":"RE RE GO ","damage_taken":56,"relics_obtained":["Smiling Mask","Ancient Tea Set"],"max_hp_gain":0,"max_hp_loss":0,"event_name":"betterSkull:BetterSkull","floor":20,"gold_loss":0,"cards_upgraded":[]}],"is_beta":false,"boss_relics":[{"not_picked":["Runic Pyramid","Ectoplasm"],"picked":"Calling Bell"}],"items_purged_floors":[21],"is_endless":false,"potions_floor_spawned":[1,6,12,16],"killed_by":"Hallownest:Master_and_Novice","ascension_level":0}}