{"host":"8i4doyxqctgl5qb0","time":1610301395,"event":{"mods":["AchievementEnabler","BaseMod","Block Reminder","Colored Powertips","Downfall","Minty Spire (QoL Compilation)","Permanent Neow","Potion Indicator Mod","Rare Cards Sparkle","StSLib","SuperFastMode"],"gold_per_floor":[99,112,123,123,123,155,155,155,5,16,34,57,57,74,93,188,188,113,132,150,170,20,5,28,28,42,42,27,27,42,72,83,185,185,185,200,250,250,266,295,321,332,345,345,359,262,262,275,292,292,292,326,46,46,46],"floor_reached":56,"playtime":2206,"items_purged":["Guardian:Strike_Guardian","Guardian:Strike_Guardian"],"score":1283,"play_id":"9148a27e-4db2-4e04-b4f9-012b6f09fcb5","local_time":"20210111015635","is_ascension_mode":false,"campfire_choices":[{"floor":1.0,"key":"RECALL"},{"data":"Guardian:DonusPower","floor":9.0,"key":"SMITH"},{"data":"Guardian:ChargeUp","floor":13.0,"key":"SMITH"},{"data":"Guardian:GemFinder","floor":18.0,"key":"SMITH"},{"data":"Guardian:DecasProtection","floor":25.0,"key":"SMITH"},{"data":"Guardian:PolyBeam","floor":29.0,"key":"SMITH"},{"data":"Guardian:PolyBeam","floor":35.0,"key":"SMITH"},{"floor":44,"key":"REST"},{"floor":47,"key":"REST"},{"floor":54,"key":"REST"}],"circlet_count":0,"master_deck":["Guardian:Defend_Guardian","Guardian:Defend_Guardian","Guardian:Defend_Guardian","Guardian:Defend_Guardian","Guardian:CurlUp","Guardian:TwinSlam","Guardian:PiercingHide","Guardian:DonusPower+1","Guardian:RevengeProtocol","Guardian:TimeCapacitor","Guardian:PolyBeam+1","Guardian:ChargeUp+1","Guardian:DecasProtection+1","Guardian:GemFinder+1","Guardian:AncientConstruct","Guardian:Planning+1","Guardian:BronzeArmor","Guardian:PrimingBeam","Guardian:VentSteam+1","Guardian:PolyBeam+1","Guardian:ChargeCore","Guardian:WalkerClaw","Guardian:WalkerClaw","Guardian:ConstructionForm","Guardian:VentSteam","Guardian:ShieldSpikes+1","Guardian:Orbwalk+1","Guardian:Reroute","Guardian:PrismaticBeam","Guardian:RefractedBeam+1","Guardian:WalkerClaw+1","Guardian:SpikerProtocol","Guardian:ShieldSpikes+1","Guardian:Gem_Red","Guardian:ChargeCore","Guardian:ArmoredProtocol+1","Guardian:Gem_Red","Guardian:GatlingBeam","Guardian:Harden+1","Guardian:CrystalBeam"],"relics":["Guardian:ModeShifter","Regal Pillow","Orichalcum","downfall:HeartBlessingRed","downfall:HeartBlessingGreen","Odd Mushroom","Busted Crown","downfall:HeartBlessingBlue","PreservedInsect","Red Mask","SacredBark","Gambling Chip","Ornamental Fan","Vajra","Toxic Egg 2","Guardian:PickAxe"],"acts_visited":["Exordium","TheCity","TheBeyond","TheEnding"],"potions_floor_usage":[55],"damage_taken":[{"damage":0.0,"enemies":"2 Louse","floor":2.0,"turns":2.0},{"damage":0.0,"enemies":"Small Slimes","floor":3.0,"turns":3.0},{"damage":19.0,"enemies":"Gremlin Nob","floor":6.0,"turns":5.0},{"damage":0.0,"enemies":"Jaw Worm","floor":10.0,"turns":3.0},{"damage":0.0,"enemies":"2 Fungi Beasts","floor":11.0,"turns":4.0},{"damage":3.0,"enemies":"The Mushroom Lair","floor":12.0,"turns":4.0},{"damage":3.0,"enemies":"Red Slaver","floor":14.0,"turns":4.0},{"damage":0.0,"enemies":"Large Slime","floor":15.0,"turns":4.0},{"damage":8.0,"enemies":"downfall:Ironclad","floor":16.0,"turns":7.0},{"damage":4.0,"enemies":"Spheric Guardian","floor":19.0,"turns":4.0},{"damage":8.0,"enemies":"Chosen","floor":20.0,"turns":5.0},{"damage":19.0,"enemies":"3 Cultists","floor":21.0,"turns":7.0},{"damage":0.0,"enemies":"downfall:FleeingMerchant","floor":23.0,"turns":4.0},{"damage":15.0,"enemies":"Snake Plant","floor":26.0,"turns":4.0},{"damage":0.0,"enemies":"downfall:FleeingMerchant","floor":28.0,"turns":4.0},{"damage":8.0,"enemies":"Shelled Parasite and Fungi","floor":30.0,"turns":4.0},{"damage":4.0,"enemies":"Masked Bandits","floor":31.0,"turns":3.0},{"damage":0.0,"enemies":"Cultist and Chosen","floor":32.0,"turns":6.0},{"damage":38.0,"enemies":"downfall:Silent","floor":33.0,"turns":7.0},{"damage":22.0,"enemies":"3 Shapes","floor":36.0,"turns":4.0},{"damage":28.0,"enemies":"Mind Bloom Boss Battle","floor":37.0,"turns":6.0},{"damage":3.0,"enemies":"Orb Walker","floor":39.0,"turns":3.0},{"damage":18.0,"enemies":"Reptomancer","floor":40.0,"turns":5.0},{"damage":8,"enemies":"4 Shapes","floor":42,"turns":8},{"damage":9,"enemies":"Jaw Worm Horde","floor":43,"turns":3},{"damage":22,"enemies":"Writhing Mass","floor":45,"turns":4},{"damage":11,"enemies":"downfall:FleeingMerchant","floor":46,"turns":3},{"damage":9,"enemies":"Maw","floor":48,"turns":6},{"damage":8,"enemies":"Jaw Worm Horde","floor":49,"turns":5},{"damage":17,"enemies":"downfall:Defect","floor":50,"turns":6},{"damage":48,"enemies":"downfall:CharBossMerchant","floor":52,"turns":7},{"damage":81,"enemies":"downfall:NeowBoss","floor":55,"turns":20}],"seed_played":"-9191379170137936566","potions_obtained":[{"floor":3.0,"key":"champ:CounterPotion"},{"floor":10.0,"key":"BlessingOfTheForge"},{"floor":15.0,"key":"SpeedPotion"},{"floor":19.0,"key":"SkillPotion"},{"floor":37.0,"key":"Dexterity Potion"},{"floor":48,"key":"EntropicBrew"},{"floor":52,"key":"Regen Potion"}],"is_trial":false,"path_per_floor":["R","M","M","?","?","E","T","?","R","M","M","?","R","M","M","B",null,"R","M","M","M","?","$","T","R","M","?","$","R","M","?","M","B",null,"R","M","?","?","M","E","T","M","M","R","M","$","R","M","M","B",null,"E","$","R","B",null],"character_chosen":"GUARDIAN","items_purchased":["Guardian:SpikerProtocol","Toxic Egg 2","Guardian:ShieldSpikes+1","Guardian:Harden+1","Guardian:Gem_Red","Guardian:CrystalBeam"],"campfire_rested":3,"item_purchase_floors":[46,46,46,53,53,53],"current_hp_per_floor":[88,88,88,76,76,57,57,57,57,57,57,54,54,51,51,43,88,98,94,86,67,108,108,108,108,93,93,93,93,85,81,81,43,108,108,86,58,58,55,37,37,29,20,67,45,34,81,72,64,47,108,60,60,107,71],"gold":46,"neow_bonus":"TEN_PERCENT_HP_BONUS","is_daily":false,"chose_seed":false,"campfire_upgraded":6,"win_rate":0.0,"timestamp":1610301395,"path_taken":["R","M","M","?","?","E","T","?","R","M","M","?","R","?","M","BOSS","R","M","M","M","?","$","T","R","?","?","?","R","M","?","M","BOSS","R","M","?","?","?","E","T","M","?","R","M","?","R","M","M","BOSS","E","$","R","BOSS"],"items_purchased_type":["Card","Relic","Card","Card","Card","Card"],"build_version":"2020-12-22","purchased_purges":2,"victory":true,"max_hp_per_floor":[88,88,88,88,88,88,88,88,88,88,88,88,88,88,88,88,88,98,98,98,98,108,108,108,108,108,108,108,108,108,108,108,108,108,108,108,108,108,108,108,108,108,108,108,108,108,108,108,108,108,108,108,108,108,108],"card_choices":[{"not_picked":["Guardian:Gem_Cyan","Guardian:Suspension"],"picked":"Guardian:Gem_Red","floor":2.0},{"not_picked":["Guardian:ChargeCore","Guardian:Repulse"],"picked":"Guardian:PiercingHide","floor":3.0},{"not_picked":["Guardian:Gem_White","Guardian:GuardianWhirl"],"picked":"Guardian:DonusPower","floor":6.0},{"not_picked":["Guardian:Reroute","Guardian:RollAttack"],"picked":"Guardian:TimeCapacitor","floor":10.0},{"not_picked":["Guardian:PiercingHide","Guardian:TemporalStrike"],"picked":"Guardian:PolyBeam","floor":11.0},{"not_picked":["Guardian:Gem_Green","Guardian:Gem_Cyan"],"picked":"Guardian:ChargeUp","floor":12.0},{"not_picked":["Guardian:Recover","Guardian:ShieldCharger"],"picked":"Guardian:DecasProtection","floor":14.0},{"not_picked":["Guardian:Gem_Crimson","Guardian:Incinerate"],"picked":"Guardian:GemFinder","floor":15.0},{"not_picked":["Guardian:Gem_Green","Guardian:Gem_Lightblue"],"picked":"Guardian:Gem_Red","floor":16.0},{"not_picked":["Guardian:GemFire","Guardian:StasisStrike"],"picked":"Guardian:AncientConstruct","floor":16.0},{"not_picked":["Guardian:Gem_Cyan","Guardian:Gem_Lightblue"],"picked":"Guardian:Gem_Red","floor":19.0},{"not_picked":[],"picked":"Guardian:Planning+1","floor":19.0},{"not_picked":["Guardian:Gem_Green","Guardian:Gem_Lightblue"],"picked":"Guardian:Gem_Red","floor":20.0},{"not_picked":["Guardian:TemporalStrike"],"picked":"SKIP","floor":20.0},{"not_picked":["Guardian:Gem_Green","Guardian:Gem_Cyan"],"picked":"Guardian:Gem_Red","floor":21.0},{"not_picked":[],"picked":"Guardian:BronzeArmor","floor":21.0},{"not_picked":[],"picked":"Guardian:PrimingBeam","floor":23.0},{"not_picked":["Guardian:Gem_Lightblue","Guardian:Gem_Green"],"picked":"Guardian:Gem_Cyan","floor":26.0},{"not_picked":[],"picked":"Guardian:VentSteam+1","floor":26.0},{"not_picked":[],"picked":"Guardian:Gem_Synthetic","floor":28.0},{"not_picked":["Guardian:Gem_Green","Guardian:Gem_Lightblue"],"picked":"Guardian:Gem_Red","floor":30.0},{"not_picked":[],"picked":"Guardian:ChargeCore","floor":30.0},{"not_picked":[],"picked":"Guardian:WalkerClaw","floor":31.0},{"not_picked":["Guardian:Gem_Lightblue","Guardian:Gem_Cyan"],"picked":"Guardian:Gem_Red","floor":32.0},{"not_picked":[],"picked":"Guardian:WalkerClaw","floor":32.0},{"not_picked":["Guardian:Gem_Cyan","Guardian:Gem_Green"],"picked":"Guardian:Gem_Red","floor":33.0},{"not_picked":[],"picked":"Guardian:ConstructionForm","floor":33.0},{"not_picked":["Guardian:Gem_Cyan","Guardian:Gem_Lightblue"],"picked":"Guardian:Gem_Green","floor":36.0},{"not_picked":[],"picked":"Guardian:VentSteam","floor":36.0},{"not_picked":[],"picked":"Guardian:ShieldSpikes+1","floor":37.0},{"not_picked":[],"picked":"Guardian:Gem_White","floor":39.0},{"not_picked":["Guardian:Gem_Green","Guardian:Gem_Lightblue"],"picked":"Guardian:Gem_Red","floor":40.0},{"not_picked":[],"picked":"Guardian:Orbwalk+1","floor":40.0},{"not_picked":["Guardian:Gem_Green","Guardian:Gem_Cyan"],"picked":"Guardian:Gem_Red","floor":42},{"not_picked":[],"picked":"Guardian:Reroute","floor":42},{"not_picked":[],"picked":"Guardian:PrismaticBeam","floor":43},{"not_picked":[],"picked":"Guardian:RefractedBeam+1","floor":45},{"not_picked":[],"picked":"Guardian:WalkerClaw+1","floor":46},{"not_picked":["Guardian:Gem_Green","Guardian:Gem_Lightblue"],"picked":"Guardian:Gem_Red","floor":48},{"not_picked":[],"picked":"Guardian:ChargeCore","floor":48},{"not_picked":[],"picked":"Guardian:ArmoredProtocol+1","floor":49},{"not_picked":["Guardian:Gem_Lightblue","Guardian:Gem_Cyan"],"picked":"Guardian:Gem_Red","floor":49},{"not_picked":["Guardian:Gem_Lightblue","Guardian:Gem_Green"],"picked":"Guardian:Gem_Red","floor":52},{"not_picked":[],"picked":"Guardian:GatlingBeam","floor":52}],"player_experience":146761,"relics_obtained":[{"floor":6.0,"key":"Orichalcum"},{"floor":12.0,"key":"Odd Mushroom"},{"floor":24.0,"key":"PreservedInsect"},{"floor":31.0,"key":"Red Mask"},{"floor":37.0,"key":"Gambling Chip"},{"floor":40.0,"key":"Ornamental Fan"},{"floor":41.0,"key":"Vajra"},{"floor":52,"key":"Guardian:PickAxe"}],"event_choices":[{"damage_healed":0.0,"max_hp_gain":0.0,"max_hp_loss":0.0,"gold_gain":0.0,"event_name":"Scrap Ooze","player_choice":"Success","floor":4.0,"gold_loss":0.0,"damage_taken":12.0,"relics_obtained":["Regal Pillow"]},{"damage_healed":0.0,"max_hp_gain":0.0,"max_hp_loss":0.0,"gold_gain":0.0,"cards_transformed":["Guardian:Strike_Guardian"],"event_name":"Living Wall","player_choice":"Change","floor":8.0,"gold_loss":0.0,"damage_taken":0.0,"cards_obtained":["Guardian:RevengeProtocol"]},{"damage_healed":0.0,"max_hp_gain":0.0,"max_hp_loss":0.0,"gold_gain":0.0,"event_name":"Mushrooms","player_choice":"Fought Mushrooms","floor":12.0,"gold_loss":0.0,"damage_taken":0.0},{"damage_healed":0.0,"max_hp_gain":0.0,"max_hp_loss":0.0,"gold_gain":0.0,"event_name":"Duplicator","player_choice":"Copied","floor":27.0,"gold_loss":0.0,"damage_taken":0.0,"cards_obtained":["Guardian:PolyBeam"]},{"damage_healed":0.0,"max_hp_gain":0.0,"max_hp_loss":0.0,"gold_gain":0.0,"event_name":"Masked Bandits","player_choice":"Fought Bandits","floor":31.0,"gold_loss":0.0,"damage_taken":0.0},{"damage_healed":0.0,"max_hp_gain":0.0,"max_hp_loss":0.0,"gold_gain":0.0,"event_name":"Lab","player_choice":"Got Potions","floor":38.0,"gold_loss":0.0,"damage_taken":0.0}],"is_beta":false,"boss_relics":[{"not_picked":["Pandora\u0027s Box","downfall:Hecktoplasm"],"picked":"Busted Crown"},{"not_picked":["Guardian:ModeShifterPlus","Snecko Eye"],"picked":"SacredBark"}],"items_purged_floors":[46,53],"is_endless":false,"potions_floor_spawned":[3,10,15,19,20,30,33,37,39,48,49,52],"ascension_level":0}}