{"host":"9a7cruws131mrp2b","time":1610277280,"event":{"mods":["Act Like it!","BaseMod","Better Third Choice","Hubris","Minty Spire (QoL Compilation)","Reworked Bosses","StSLib","The Jungle"],"gold_per_floor":[119,119,119,133,152,177,207,207,232,232,253,53,53,53],"floor_reached":13,"playtime":298,"items_purged":["Strike_B"],"score":100,"play_id":"40fcfa7a-eb56-4ce1-81d4-7bcf85abe0d0","local_time":"20210110111440","is_ascension_mode":true,"campfire_choices":[{"data":"Redo","floor":8,"key":"SMITH"}],"circlet_count":0,"master_deck":["Strike_B","Strike_B","Strike_B","Defend_B","Defend_B","Defend_B","Defend_B","Zap","Dualcast","Redo+1","Gash","Gash","Steam","Chill","Scrape","Purity"],"relics":["Cracked Core","Bag of Marbles","Golden Idol"],"acts_visited":["Exordium"],"potions_floor_usage":[11,11],"damage_taken":[{"damage":1,"enemies":"2 Louse","floor":1,"turns":2},{"damage":7,"enemies":"Jaw Worm","floor":4,"turns":2},{"damage":5,"enemies":"Small Slimes","floor":5,"turns":3},{"damage":50,"enemies":"3 Sentries","floor":6,"turns":10},{"damage":0,"enemies":"3 Louse","floor":11,"turns":1},{"damage":30,"enemies":"Lagavulin","floor":13,"turns":7}],"seed_played":"-5895390954533449198","potions_obtained":[{"floor":5,"key":"SteroidPotion"},{"floor":6,"key":"SteroidPotion"}],"is_trial":false,"path_per_floor":["M","?","?","M","M","E","?","R","T","?","M","$","E"],"character_chosen":"DEFECT","items_purchased":["Scrape","Purity"],"campfire_rested":0,"item_purchase_floors":[12,12],"current_hp_per_floor":[81,81,86,79,74,24,24,24,24,24,24,24,0,0],"gold":53,"neow_bonus":"TEN_PERCENT_HP_BONUS","is_daily":false,"chose_seed":false,"campfire_upgraded":1,"win_rate":0.0,"timestamp":1610277280,"path_taken":["M","?","?","M","M","E","?","R","T","?","M","$","E"],"items_purchased_type":["Card","Card"],"build_version":"2020-12-22","purchased_purges":1,"victory":false,"max_hp_per_floor":[82,82,87,87,87,87,87,87,87,81,81,81,81,81],"card_choices":[{"not_picked":["Barrage","Static Discharge"],"picked":"Redo","floor":1},{"not_picked":["Conserve Battery","Hologram","Compile Driver"],"picked":"SKIP","floor":4},{"not_picked":["Capacitor","Rip and Tear"],"picked":"Gash","floor":5},{"not_picked":["Beam Cell","Stack"],"picked":"Steam","floor":6},{"not_picked":["Consume","Cold Snap"],"picked":"Chill","floor":11}],"player_experience":777707,"relics_obtained":[{"floor":6,"key":"Bag of Marbles"}],"event_choices":[{"damage_healed":0,"gold_gain":0,"player_choice":"Donut","damage_taken":0,"max_hp_gain":5,"max_hp_loss":0,"event_name":"Big Fish","floor":3,"gold_loss":0},{"damage_healed":0,"gold_gain":30,"player_choice":"Searched \u00271\u0027 times","damage_taken":0,"max_hp_gain":0,"max_hp_loss":0,"event_name":"Dead Adventurer","floor":7,"gold_loss":0},{"damage_healed":0,"gold_gain":0,"player_choice":"Lose Max HP","damage_taken":0,"relics_obtained":["Golden Idol"],"max_hp_gain":0,"max_hp_loss":6,"event_name":"Golden Idol","floor":10,"gold_loss":0}],"is_beta":false,"boss_relics":[],"items_purged_floors":[12],"is_endless":false,"potions_floor_spawned":[5,6],"killed_by":"Lagavulin","ascension_level":4}}