{"host":"lmmgqfiugkm2e64w","time":1610250640,"event":{"mods":["Aspiration","BaseMod","BetterRewards","Challenge The Spire","Conspire","Downfall","Easy Mod","Fortune Teller","Marisa（F雨　魔理沙）","Minty Spire (QoL Compilation)","MostiFishMod","Quick Restart","Replay The Spire","Shop Mod","StSLib","TestMod","The Servant 0.9.4","Youmu（魂魄妖梦）","[IsaacMod]以撒尖塔","[功能]功能增强和修复MOD","vexMod","【遗物卡牌】REMEMod","篝火指南"],"gold_per_floor":[110,110,78,124,298,298,325,313,313,359,312,355,327,327,246,362,362,371,371,333,732,732,710,510,490,490,490,517,492,454,484,457,554,569,582,582,573,573,622,25,106,137,218,141,12,61,11,20,20,38,87,124,106,183,157,94,7,7,24,8,2,2,20,29,35,35,147,176,200,218],"floor_reached":56,"playtime":9537,"items_purged":["Replay:Hysterical Blindness","Doubt"],"score":2170,"play_id":"8bad7d22-7da4-485c-92c5-a4a9e33a8a7b","local_time":"20210110115040","is_ascension_mode":true,"campfire_choices":[{"floor":6.0,"key":"RECALL"},{"data":"UnstableBomb+1","floor":49.0,"key":"SMITH"},{"data":"FairyDestructionRay","floor":47.0,"key":"SMITH"}],"circlet_count":0,"master_deck":["EasyMod:card_1","Defend_MRS+1","Defend_MRS","Defend_MRS","Defend_MRS","MasterSpark","UpSweep","Distraction","PowerUp","WitchOfGreed","REME_Flogging+1","MachineGunSpark+1","SuperNova+1","WitchLeyline","OortCloud","ManaRampage","OortCloud","SatelliteIllusion","FairyDestructionRay+1","CasketOfStar+1","SuperPerseids","MagicAbsorber","SprinkleStarSeal","PowerUp","WitchOfGreed","ChargingUp","ManaRampage","UnstableBomb+2","Bite+1","Bite+1","Bite+1","Bite+1","Bite+1","REME_ProfessionalPlagiarism","conspire:SpireCoStock","conspire:SpireCoStock","conspire:SpireCoStock","conspire:SpireCoStock","expansioncontent:DefensiveMode","REME_ProfessionalPlagiarism","OrrerysSun+1","UltimateShortwave","MostiFishMod:PerfectParry","expansioncontent:DashGenerateEvil","PowerUp","MostiFishMod:ElfcollectionBox","SatelliteIllusion","Slimebound:PressTheAttack","MostiFishMod:BrokenBlackCloak","MostiFishMod:FrostNova","MostiFishMod:WinterMarkForm","expansioncontent:Sear","sneckomod:UnknownClassTHE_CHAMP_GRAY+1","CollectingQuirk","Chaos","UltimateShortwave","sneckomod:UnknownClassTHE_CHAMP_GRAY+1","Parasite","Parasite","Flex","sneckomod:Unknown1Cost+1","ManaRampage","Enlightenment+1","expansioncontent:QuickStudy+1","expansioncontent:SuperHexaguard","expansioncontent:TimeRipple","MillisecondPulsars+1","sneckomod:UnknownBlock"],"relics":["MiniHakkero","HushsDoor","REME_ComplimentaryCards","Membership Card","testmod-Fortitude","GuppysTail","Bag of Preparation","Toolbox","MerchantsRug","testmod-ArcanaOfDestiny","testmod-CasingShield","SproutingBranch","ReplayTheSpireMod:CursedCoin","testmod-FatalChain","EasyMod:Easy_9","OriginationStaff","FossilizedHelix","Ginger","vexMod:HeadHunter","YumHeart","conspire:InfiniteJournal","testmod-Nyarlathotep","testmod-Charity","Peace Pipe","Juzu Bracelet","testmod-BouquetWithThorns","Void","SynthV:TestCard","Lee\u0027s Waffle","Blood Vial","Whetstone","Replay:Accelerometer","Nunchaku","conspire:TopHat","testmod-RealStoneCalender","MetatronsCube","testmod-Acrobat","Happy Flower","EasyMod:Hard_0","Ornamental Fan","Orrery","EasyMod:Easy_8","Anchor","BirthdayGift-Tetrahedron","FeatherPendant","GuppysPaw","EasyMod:Hard_1","testmod-TurbochargingSystem","Medical Kit","DaveBox","Lizard Tail","NineVolt","testmod-Antiphasic","EasyMod:Easy_7","Bronze Scales","Replay:Bottled Flurry","PrismaticShard","Bottled Flame","Tiny Chest","vexMod:Cooldron","Akabeko","aspiration:StickyExplosives","BFFS","Gremlin Food","EdensBlessing","Replay:Bottled Eggs","FrostBlade","RottenBaby","Ring of Panic","UnicornStump","conspire:DecoderRing","Guide Book","The Courier","Letter Opener","HandDrill","Chameleon Ring","Bag of Marbles","Meat on the Bone","conspire:Boomerang","HowToJump","Pen Nib","Vajra","Pear","REME_LimitBreaker","PillsDrop","Onion Ring","ReplayTheSpireMod:TigerMarble","ShroomBag","SynthV","aspiration:PocketMushroom","testmod-CrystalShield","vexMod:FocusSash","TheBattery","aspiration:FetidBarrel","testmod-BlackFramedGlasses","Thread and Needle","Replay:Bottled Steam","Technique","testmod-IndustrialRevolution","SynthV:C4","conspire:BottledYoYo","PreservedInsect","ClockworkSouvenir","BookofShadows","aspiration:Lifesprig","aspiration:ChemicalBlood","DollysMirror","ReplayTheSpireMod:Shallot","Golden Egg","Dodecahedron","SharpPlug","Replay:Mystery Machine","Garlic","SalivaCoin","SentryEyes","TheAbacus","testmod-Déjàvu","Gremlin Horn","Darkstone Periapt","ReplayTheSpireMod:ShopPack","EasyMod:Easy_0","vexMod:BarristanHead","Chaos","Quantum Egg","Orichalcum","ExperimentalFamiliar","RhineCircuit","PatriotShield","Chemical X"],"acts_visited":["Exordium","TheCity","TheBeyond","TheEnding"],"potions_floor_usage":[52,52,53,53,53],"damage_taken":[{"damage":0.0,"enemies":"2 Louse","floor":1.0,"turns":1.0},{"damage":0.0,"enemies":"conspire:MimicChest","floor":4.0,"turns":3.0},{"damage":0.0,"enemies":"3 Sentries","floor":7.0,"turns":2.0},{"damage":0.0,"enemies":"Lagavulin","floor":10.0,"turns":2.0},{"damage":0.0,"enemies":"Gremlin Nob","floor":12.0,"turns":2.0},{"damage":1.0,"enemies":"Slime Boss","floor":16.0,"turns":2.0},{"damage":0.0,"enemies":"Spheric Guardian","floor":18.0,"turns":1.0},{"damage":0.0,"enemies":"Gremlin Leader","floor":28.0,"turns":1.0},{"damage":0.0,"enemies":"Replay:Snechameleon","floor":31.0,"turns":1.0},{"damage":0.0,"enemies":"Champ","floor":33.0,"turns":1.0},{"damage":0.0,"enemies":"Orb Walker","floor":35.0,"turns":1.0},{"damage":0.0,"enemies":"Nemesis","floor":42.0,"turns":1.0},{"damage":0.0,"enemies":"Mind Bloom Boss Battle","floor":46.0,"turns":1.0},{"damage":0.0,"enemies":"3 Darklings","floor":48.0,"turns":1.0},{"damage":0.0,"enemies":"3 Darklings","floor":35.0,"turns":1.0},{"damage":0.0,"enemies":"Hiden Room Battle","floor":36.0,"turns":1.0},{"damage":0.0,"enemies":"Orb Walker","floor":48.0,"turns":1.0},{"damage":1.0,"enemies":"Awakened One","floor":50.0,"turns":2.0},{"damage":0,"enemies":"Shield and Spear","floor":54,"turns":1},{"damage":3,"enemies":"LittleHush","floor":55,"turns":3}],"seed_played":"9048496097544998023","potions_obtained":[{"floor":4.0,"key":"SkillPotion"},{"floor":7.0,"key":"ColorlessPotion"},{"floor":7.0,"key":"Toxic Potion"},{"floor":10.0,"key":"SmokeBomb"},{"floor":10.0,"key":"Adrenaline Potion"},{"floor":10.0,"key":"Swift Potion"},{"floor":16.0,"key":"testmod-EscapePotion"},{"floor":18.0,"key":"DuplicationPotion"},{"floor":28.0,"key":"Venom Potion"},{"floor":31.0,"key":"EntropicBrew"},{"floor":33.0,"key":"EntropicBrew"},{"floor":42.0,"key":"EntropicBrew"},{"floor":48.0,"key":"EntropicBrew"},{"floor":36.0,"key":"EntropicBrew"},{"floor":48.0,"key":"EntropicBrew"},{"floor":48.0,"key":"EntropicBrew"},{"floor":48.0,"key":"EntropicBrew"},{"floor":54,"key":"EntropicBrew"},{"floor":54,"key":"EntropicBrew"}],"is_trial":false,"path_per_floor":["M","?","$","?","?","R","E","R","T","E","R","E","$","?","R","B",null,"M","?","$","?","?","R","?","R","T","?","E","$","R","E","R","B",null,"M","?","$","?","?","R","T","E","T","R","$","?","$","M","R","M","?","$","$","T","R","?","R","T","$","R","$","R","M","R","B",null,"R","$","E","B",null],"character_chosen":"MARISA","items_purchased":["Bag of Preparation","Toolbox","MerchantsRug","PowerUp","Fruit Juice","REME_GoldPotion","testmod-ArcanaOfDestiny","SproutingBranch","ReplayTheSpireMod:CursedCoin","EasyMod:Easy_9","testmod-Charity","Juzu Bracelet","Lee\u0027s Waffle","Blood Vial","Whetstone","REME_Flogging","conspire:TopHat","OortCloud","MetatronsCube","testmod-Acrobat","EasyMod:Hard_0","Ornamental Fan","Orrery","EasyMod:Easy_8","Anchor","BirthdayGift-Tetrahedron","WitchOfGreed","ChargingUp","GuppysPaw","EasyMod:Hard_1","testmod-TurbochargingSystem","Medical Kit","REME_ProfessionalPlagiarism","CultistPotion","NineVolt","testmod-Antiphasic","EasyMod:Easy_7","Bronze Scales","expansioncontent:DefensiveMode","REME_ProfessionalPlagiarism","Tiny Chest","vexMod:Cooldron","expansioncontent:DashGenerateEvil","Akabeko","aspiration:StickyExplosives","BFFS","PowerUp","MostiFishMod:ElfcollectionBox","EdensBlessing","Replay:Bottled Eggs","RottenBaby","FairyPotion","expansioncontent:Sear","UnicornStump","conspire:DecoderRing","Guide Book","CollectingQuirk","The Courier","Letter Opener","HandDrill","Chameleon Ring","Bag of Marbles","Meat on the Bone","conspire:Boomerang","HowToJump","Pen Nib","Vajra","EntropicBrew","EntropicBrew","EntropicBrew","Pear","ReplayTheSpireMod:TigerMarble","ShroomBag","SynthV","aspiration:PocketMushroom","testmod-CrystalShield","vexMod:FocusSash","TheBattery","aspiration:FetidBarrel","Thread and Needle","Replay:Bottled Steam","Technique","testmod-IndustrialRevolution","PreservedInsect","ClockworkSouvenir","BookofShadows","aspiration:Lifesprig","aspiration:ChemicalBlood","DollysMirror","Golden Egg","Dodecahedron","SharpPlug","Garlic","SalivaCoin","SentryEyes","TheAbacus","Gremlin Horn","Enlightenment","Darkstone Periapt","ReplayTheSpireMod:ShopPack","EasyMod:Easy_0","vexMod:BarristanHead","Chaos","Quantum Egg","Orichalcum","ChaosCard","EntropicBrew","EntropicBrew","EntropicBrew","ExperimentalFamiliar","RhineCircuit","PatriotShield","EntropicBrew","EntropicBrew","EntropicBrew","EntropicBrew"],"campfire_rested":0,"item_purchase_floors":[0,0,0,0,0,0,0,0,0,0,0,0,3,3,3,3,8,8,11,11,13,13,13,15,15,15,15,15,17,20,20,20,20,20,23,23,23,25,25,25,29,29,29,30,30,30,30,30,32,32,34,34,34,37,37,37,37,40,40,40,40,40,40,40,40,40,40,40,40,40,40,44,44,44,44,45,45,45,45,47,47,47,47,37,37,37,38,38,38,40,40,40,42,42,42,42,44,44,45,45,46,49,49,49,52,52,52,52,52,53,53,53,53,53,53,53],"current_hp_per_floor":[46,46,88,89,90,90,91,91,91,92,92,96,96,81,81,93,92,100,69,69,70,70,70,70,70,70,62,66,66,66,80,80,94,73,74,74,76,76,58,75,76,80,81,81,81,86,88,92,104,105,94,97,97,98,98,98,98,98,99,99,99,99,102,108,113,114,120,129,127,170],"gold":218,"neow_bonus":"","is_daily":false,"chose_seed":false,"campfire_upgraded":2,"win_rate":0.0,"timestamp":1610250640,"path_taken":["M","?","$","?","?","R","E","R","T","E","R","E","$","?","R","BOSS","M","?","$","?","?","R","?","R","T","?","E","$","R","E","R","BOSS","M","?","$","?","?","R","?","E","T","R","$","?","$","M","R","M","?","?","$","?","R","?","R","T","$","R","$","R","M","R","BOSS","R","$","E","BOSS"],"items_purchased_type":["Relic","Relic","Relic","Card","Potion","Potion","Relic","Relic","Relic","Relic","Relic","Relic","Relic","Relic","Relic","Card","Relic","Card","Relic","Relic","Relic","Relic","Relic","Relic","Relic","Relic","Card","Card","Relic","Relic","Relic","Relic","Card","Potion","Relic","Relic","Relic","Relic","Card","Card","Relic","Relic","Card","Relic","Relic","Relic","Card","Card","Relic","Relic","Relic","Potion","Card","Relic","Relic","Relic","Card","Relic","Relic","Relic","Relic","Relic","Relic","Relic","Relic","Relic","Relic","Potion","Potion","Potion","Relic","Relic","Relic","Relic","Relic","Relic","Relic","Relic","Relic","Relic","Relic","Relic","Relic","Relic","Relic","Relic","Relic","Relic","Relic","Relic","Relic","Relic","Relic","Relic","Relic","Relic","Relic","Card","Relic","Relic","Relic","Relic","Card","Relic","Relic","Card","Potion","Potion","Potion","Relic","Relic","Relic","Potion","Potion","Potion","Potion"],"build_version":"2020-12-22","purchased_purges":2,"victory":true,"max_hp_per_floor":[81,81,88,89,90,90,91,91,91,92,92,96,96,96,96,102,92,100,69,69,70,70,70,70,70,70,70,72,72,72,82,82,94,73,74,74,76,76,77,94,95,97,98,98,98,101,103,104,104,105,101,104,104,105,105,105,105,105,106,106,106,106,102,108,114,114,120,129,127,171],"card_choices":[{"not_picked":["MysteriousBeam","IllusionStar"],"picked":"WitchOfGreed","floor":1.0},{"not_picked":["AsteroidBelt","WitchLeyline","GalacticHalo","SporeBomb"],"picked":"MachineGunSpark","floor":4.0},{"not_picked":["SatelliteIllusion","BinaryStars"],"picked":"SuperNova","floor":7.0},{"not_picked":["BinaryStars","EnergyFlow","GrandCross","Bomb"],"picked":"WitchLeyline","floor":7.0},{"not_picked":["SuperNova","BlazingStar"],"picked":"ManaRampage","floor":10.0},{"not_picked":["SprinkleStarSeal","AsteroidBelt","EnergyRecoil","Bomb"],"picked":"OortCloud","floor":10.0},{"not_picked":["BinaryStars","MaximisePower"],"picked":"SatelliteIllusion","floor":12.0},{"not_picked":["MysteriousBeam","GalacticHalo","ShootingEcho","DarkSpark"],"picked":"FairyDestructionRay","floor":12.0},{"not_picked":["DragonMeteor","GrandCross","OneTimeOff","SporeBomb"],"picked":"CasketOfStar","floor":13.0},{"not_picked":["GravityBeat","DoubleSpark","GrandCross","AsteroidBelt"],"picked":"SuperPerseids","floor":13.0},{"not_picked":["6A","WitchOfGreed","LuminesStrike","PowerUp"],"picked":"MagicAbsorber","floor":13.0},{"not_picked":["MillisecondPulsars","MeteoricShower","LuminesStrike","GravityBeat"],"picked":"SprinkleStarSeal","floor":13.0},{"not_picked":["Occultation","SprinkleStarSeal","AsteroidBelt","DoubleSpark"],"picked":"PowerUp","floor":13.0},{"not_picked":["JA","SatelliteIllusion","FinalSpark","SuperNova"],"picked":"ManaRampage","floor":16.0},{"not_picked":["PowerUp","MysteriousBeam+1","AsteroidBelt","Singularity"],"picked":"UnstableBomb+1","floor":18.0},{"not_picked":["EventHorizon","OortCloud+1","IllusionStar","UnstableBomb+1"],"picked":"OrrerysSun+1","floor":27.0},{"not_picked":["TreasureHunter","BlazingStar"],"picked":"UltimateShortwave","floor":28.0},{"not_picked":["Uppercut","SlashOfDelusionalInnerEye","hexamod:NightmareStrike","ReplayTheSpireMod:Reroute Power"],"picked":"MostiFishMod:PerfectParry","floor":28.0},{"not_picked":["UltimateShortwave","EscapeVelocity"],"picked":"SatelliteIllusion","floor":31.0},{"not_picked":["Guardian:Gem_Fragmented","champ:HoldFirm","Guardian:WalkerClaw","Shuttle"],"picked":"Slimebound:PressTheAttack","floor":31.0},{"not_picked":["Chrysalis","LessonLearned","testmod-RepeatForm","Brutality"],"picked":"MostiFishMod:BrokenBlackCloak","floor":33.0},{"not_picked":["EasyMod:card_1","conspire:PoisonWeapons+1","Warcry+1","FollowUp"],"picked":"sneckomod:UnknownClassTHE_CHAMP_GRAY+1","floor":35.0},{"not_picked":["Spot Weakness+1","Heel Hook","LuminesStrike+1","Read"],"picked":"Chaos","floor":39.0},{"not_picked":["BinaryStars","MillisecondPulsars"],"picked":"UltimateShortwave","floor":42.0},{"not_picked":["ReplayTheSpireMod:Limb From Limb+1","HellFireSword+1","Skim+1","Compile Driver"],"picked":"sneckomod:UnknownClassTHE_CHAMP_GRAY+1","floor":42.0},{"not_picked":["DC","REME_ForAll","champ:GutPunch","hexamod:ChargedBarrage+1"],"picked":"Flex","floor":46.0},{"not_picked":["Distraction","Orbit+1","Blizzard","hexamod:FastForward","champ:Circumvent"],"picked":"SKIP","floor":48.0},{"not_picked":["Pulse+1","ClearTheMind+1","Slimebound:GoopSpray","LightFlashOfTheNetherworld+1","Potential"],"picked":"SKIP","floor":35.0},{"not_picked":["Dual Wield","ReachHeaven","hexamod:Rewind","FairyDestructionRay"],"picked":"sneckomod:Unknown1Cost+1","floor":36.0},{"not_picked":["Secret Weapon","REME_WheelOfFate","testmod-BloodBlade","MostiFishMod:JungleRules"],"picked":"expansioncontent:QuickStudy","floor":45.0},{"not_picked":["Impatience","SuicideKing","ReplayTheSpireMod:Private Reserves","PanicButton"],"picked":"expansioncontent:SuperHexaguard","floor":45.0},{"not_picked":["testmod-TradeIn","Replay:Sssssssssshield","Specialist","Replay:Bootleg Shield Generator"],"picked":"expansioncontent:TimeRipple","floor":45.0},{"not_picked":["DispleasureOfTheSevenHakus+1","Evaluate","champ:Backstep","InstantArmor","champ:BerserkersShout+1"],"picked":"SKIP","floor":48.0},{"not_picked":["JA","TreasureHunter"],"picked":"MillisecondPulsars","floor":54},{"not_picked":["Darkness","Slimebound:SplitAcid","SlashOfDelusionalInnerEye+1","vexMod:EmailVexCard"],"picked":"sneckomod:UnknownBlock","floor":54}],"player_experience":524907,"relics_obtained":[{"floor":1.0,"key":"SynthV:TestCard"},{"floor":4.0,"key":"Replay:Accelerometer"},{"floor":7.0,"key":"Nunchaku"},{"floor":10.0,"key":"testmod-RealStoneCalender"},{"floor":12.0,"key":"Happy Flower"},{"floor":26.0,"key":"Replay:Bottled Flurry"},{"floor":27.0,"key":"PrismaticShard"},{"floor":28.0,"key":"Bottled Flame"},{"floor":31.0,"key":"Gremlin Food"},{"floor":36.0,"key":"Ring of Panic"},{"floor":41.0,"key":"REME_LimitBreaker"},{"floor":42.0,"key":"PillsDrop"},{"floor":43.0,"key":"Onion Ring"},{"floor":46.0,"key":"testmod-BlackFramedGlasses"},{"floor":36.0,"key":"SynthV:C4"},{"floor":36.0,"key":"conspire:BottledYoYo"},{"floor":39.0,"key":"ReplayTheSpireMod:Shallot"},{"floor":43.0,"key":"testmod-Déjàvu"},{"floor":54,"key":"Chemical X"}],"event_choices":[{"damage_healed":0.0,"max_hp_gain":0.0,"max_hp_loss":0.0,"gold_gain":175.0,"event_name":"Liars Game","player_choice":"AGREE","floor":5.0,"gold_loss":0.0,"damage_taken":0.0,"cards_obtained":["Doubt"]},{"damage_healed":0.0,"max_hp_gain":0.0,"max_hp_loss":31.0,"gold_gain":0.0,"event_name":"Vampires","player_choice":"Became a vampire","floor":19.0,"gold_loss":0.0,"damage_taken":0.0,"cards_obtained":["Bite","Bite","Bite","Bite","Bite"]},{"damage_healed":0.0,"max_hp_gain":0.0,"max_hp_loss":0.0,"gold_gain":400.0,"event_name":"恩洛斯的盘子","player_choice":"Sell","floor":21.0,"relics_lost":["testmod-TestBox"],"gold_loss":0.0,"damage_taken":0.0},{"damage_healed":0.0,"max_hp_gain":0.0,"max_hp_loss":0.0,"gold_gain":0.0,"event_name":"给自己的盒子","player_choice":"Swap Relic","floor":22.0,"relics_lost":["DaveBox"],"gold_loss":0.0,"damage_taken":0.0,"relics_obtained":["DaveBox"]},{"damage_healed":0.0,"max_hp_gain":0.0,"max_hp_loss":0.0,"gold_gain":0.0,"event_name":"conspire:Investor","player_choice":"Invest 4","floor":24.0,"gold_loss":0.0,"damage_taken":0.0},{"damage_healed":0.0,"max_hp_gain":0.0,"max_hp_loss":0.0,"gold_gain":0.0,"event_name":"Tomb of Lord Red Mask","player_choice":"Ignored","floor":38.0,"gold_loss":0.0,"damage_taken":0.0},{"damage_healed":0.0,"max_hp_gain":0.0,"max_hp_loss":0.0,"gold_gain":0.0,"event_name":"MindBloom","player_choice":"Fight","floor":46.0,"gold_loss":0.0,"damage_taken":0.0},{"damage_healed":0.0,"max_hp_gain":0.0,"max_hp_loss":0.0,"gold_gain":0.0,"event_name":"HidenRoomEvent","player_choice":"Fight","floor":36.0,"gold_loss":0.0,"damage_taken":0.0},{"damage_healed":0.0,"max_hp_gain":0.0,"max_hp_loss":0.0,"gold_gain":0.0,"event_name":"WeMeetAgain","player_choice":"Paid Gold","floor":41.0,"gold_loss":63.0,"damage_taken":0.0,"relics_obtained":["Replay:Mystery Machine"]}],"is_beta":false,"boss_relics":[{"not_picked":["vexMod:ImprovementManual","Philosopher\u0027s Stone"],"picked":"FeatherPendant"},{"not_picked":[]},{"not_picked":["TakeMeEscape","Replay:Grab Bag"],"picked":"FrostBlade"},{"not_picked":[]}],"items_purged_floors":[0,15],"is_endless":false,"potions_floor_spawned":[7,7,7,7,10,10,12,16,16,18,28,28,31,33,35,35,42,48,36,48,48,48,54,54],"ascension_level":1}}