{"host":"bc298c4gavna5tx2","time":1610283093,"event":{"mods":["ATMod(°¢èªMod)","Act Like it!","BaseMod","Challenge The Spire","Minty Spire (QoL Compilation)","MostiFishMod","Quarter Circle Forward PUNCH!","Quick Restart","Replay The Spire","Spicy Shops","StSLib","¡¾¹¦ÄÜMod¡¿»ìãçÖ®»·ÐÞ¸´²¹¶¡"],"gold_per_floor":[114,126,126,140,154,189,204,238,238,251,251,268,268,303,303,398,398,416,416,133,133,133,133,166,182,182,197,197,197,232,848,908,1012,1012,1068,1068,1128,552,614,644,644,116,116,135,135,0,15,43,43,43,43,43,43,80,80],"floor_reached":56,"playtime":2800,"items_purged":["Strike_P","MostiFishMod:Nomercy","Pot Of Greed"],"score":1570,"play_id":"b44e7067-d453-4198-bded-1c01db73412f","local_time":"20210110205133","is_ascension_mode":true,"campfire_choices":[{"data":"AT_FamilyPortrait","floor":13.0,"key":"SMITH"},{"data":"ConjureBlade","floor":15.0,"key":"SMITH"},{"data":"Replay:DivineShield","floor":23.0,"key":"SMITH"},{"floor":28.0,"key":"RECALL"},{"data":"MostiFishMod:StarWish","floor":41,"key":"SMITH"},{"data":"Pot Of Greed","floor":45,"key":"SMITH"},{"data":"Pot Of Greed","floor":49,"key":"SMITH"},{"data":"AT_RealColorLess","floor":52,"key":"SMITH"}],"circlet_count":0,"master_deck":["Defend_P","Defend_P","Vigilance","AT_FamilyPortrait+1","Alpha","Replay:Battleflow","MostiFishMod:LegendTransform","Wireheading","ConjureBlade+1","MostiFishMod:StarWish+1","CurseOfTheBell","Replay:DivineShield+1","ReplayTheSpireMod:Faulty Equipment","Bite","Bite","Bite","MostiFishMod:KamiSmash","Finesse","MostiFishMod:DustFall","Reaper","Brilliance","Parasite","Pray","Pot Of Greed+1","Pot Of Greed+1","AT_RealColorLess+1"],"relics":["PureWater","AT_ATBox","DaveBox","BirthdayGift-Tetrahedron","NeowsBlessing","SynthV:TestCard","Prayer Wheel","Divine Protection","Shuriken","Replay:PocketPolymizer","ReplayTheSpireMod:Ninjato","Ice Cream","Calling Bell","Mirror","Gambling Chip","AT_BladeRuinedKing","Blue Candle","BargainBundle","Replay:Wax Seal","FaceOfCleric","Bag of Preparation","ReplayTheSpireMod:Ring of Challenge","Ring of Misfortune","qcfpunch:School_Backpack","ChiXiaoBlade","Blood Vial","Eternal Feather","White Beast Statue","qcfpunch:Chain_With_Nametags","Grinning Jar","Pantograph","Red Mask","Damaru","qcfpunch:White_Boots"],"acts_visited":["Exordium","TheCity","TheBeyond","TheEnding"],"potions_floor_usage":[37,37,39,39],"damage_taken":[{"damage":0.0,"enemies":"Cultist","floor":1.0,"turns":1.0},{"damage":0.0,"enemies":"Jaw Worm","floor":2.0,"turns":1.0},{"damage":0.0,"enemies":"Small Slimes","floor":4.0,"turns":1.0},{"damage":2.0,"enemies":"3 Louse","floor":5.0,"turns":2.0},{"damage":4.0,"enemies":"Lagavulin","floor":6.0,"turns":3.0},{"damage":0.0,"enemies":"Lots of Slimes","floor":7.0,"turns":2.0},{"damage":1.0,"enemies":"Replay:BlueRogue","floor":8.0,"turns":3.0},{"damage":0.0,"enemies":"2 Fungi Beasts","floor":10.0,"turns":2.0},{"damage":0.0,"enemies":"Exordium Thugs","floor":12.0,"turns":2.0},{"damage":12.0,"enemies":"3 Sentries","floor":14.0,"turns":4.0},{"damage":21.0,"enemies":"The Guardian","floor":16.0,"turns":5.0},{"damage":12.0,"enemies":"2 Thieves","floor":18.0,"turns":3.0},{"damage":17.0,"enemies":"Book of Stabbing","floor":24.0,"turns":4.0},{"damage":0.0,"enemies":"Spheric Guardian","floor":25.0,"turns":2.0},{"damage":4.0,"enemies":"Snake Plant","floor":27.0,"turns":3.0},{"damage":0.0,"enemies":"Replay:Snechameleon","floor":30.0,"turns":3.0},{"damage":0.0,"enemies":"Cultist and Chosen","floor":31.0,"turns":3.0},{"damage":0.0,"enemies":"Collector","floor":33.0,"turns":5.0},{"damage":16.0,"enemies":"3 Darklings","floor":35.0,"turns":3.0},{"damage":0,"enemies":"Orb Walker","floor":37,"turns":2},{"damage":0,"enemies":"Writhing Mass","floor":39,"turns":3},{"damage":0,"enemies":"R_Hoarder","floor":40,"turns":1},{"damage":0,"enemies":"4 Shapes","floor":44,"turns":2},{"damage":0,"enemies":"3 Darklings","floor":47,"turns":1},{"damage":0,"enemies":"Nemesis","floor":48,"turns":1},{"damage":0,"enemies":"Replay:Hell Engine","floor":50,"turns":2},{"damage":0,"enemies":"Shield and Spear","floor":54,"turns":2},{"damage":0,"enemies":"The Heart","floor":55,"turns":3}],"seed_played":"7203392693380696737","potions_obtained":[{"floor":2.0,"key":"SteroidPotion"},{"floor":6.0,"key":"Swift Potion"},{"floor":8.0,"key":"Milkshake"},{"floor":10.0,"key":"StancePotion"},{"floor":14.0,"key":"GamblersBrew"},{"floor":16.0,"key":"Swift Potion"},{"floor":18.0,"key":"LiquidMemories"},{"floor":25.0,"key":"Energy Potion"},{"floor":31.0,"key":"Adrenaline Potion"},{"floor":37,"key":"Block Potion"},{"floor":40,"key":"SteroidPotion"},{"floor":44,"key":"PowerPotion"},{"floor":47,"key":"Reflective Coating"}],"is_trial":false,"path_per_floor":["M","M","$","M","M","E","M","E","T","M","?","M","R","E","R","B",null,"M","?","$","?","?","R","E","M","T","M","R","?","E","M","R","B",null,"M","?","M","$","M","E","R","$","T","M","R","?","M","E","R","B",null,"R","$","E","B",null],"character_chosen":"WATCHER","items_purchased":["BargainBundle","Block Potion","Replay:Wax Seal","Blood Vial","Eternal Feather","DistilledChaos","qcfpunch:Chain_With_Nametags","Grinning Jar"],"campfire_rested":0,"item_purchase_floors":[20,20,20,38,38,38,42,42],"current_hp_per_floor":[72,72,72,72,70,66,66,65,65,65,65,65,65,53,53,32,72,60,60,60,50,50,50,38,39,39,40,40,40,45,50,50,56,56,49,49,57,57,59,60,60,60,60,61,61,61,62,63,63,64,64,64,64,65,66],"gold":80,"neow_bonus":"THREE_ENEMY_KILL","is_daily":false,"chose_seed":false,"campfire_upgraded":7,"win_rate":0.0,"timestamp":1610283093,"path_taken":["M","M","?","M","M","E","M","E","T","M","?","?","R","E","R","BOSS","M","?","$","?","?","R","E","M","T","?","R","?","E","M","R","BOSS","M","?","?","$","M","E","R","$","T","M","R","?","M","E","R","BOSS","R","$","E","BOSS"],"items_purchased_type":["Relic","Potion","Relic","Relic","Relic","Potion","Relic","Relic"],"build_version":"2020-12-22","purchased_purges":3,"victory":true,"max_hp_per_floor":[72,72,72,72,72,72,72,72,72,72,72,72,72,72,72,72,72,72,72,72,50,50,50,51,52,52,53,53,53,54,55,55,56,56,57,57,58,58,59,60,60,60,60,61,61,61,62,63,63,64,64,64,64,65,66],"card_choices":[{"not_picked":["Halt","ClearTheMind","EmptyBody"],"picked":"SKIP","floor":1.0},{"not_picked":["EmptyBody","Replay:ManipulateFuture","Consecrate","SashWhip","FlyingSleeves"],"picked":"SKIP","floor":2.0},{"not_picked":["Replay:AtTheReady","Sanctity","EmptyFist","Protect"],"picked":"MostiFishMod:KamiSmash","floor":4.0},{"not_picked":["SashWhip","Halt","Replay:Battleflow","Crescendo","CutThroughFate"],"picked":"SKIP","floor":5.0},{"not_picked":["Vengeance","ThirdEye","BowlingBash","CarveReality","Protect"],"picked":"SKIP","floor":5.0},{"not_picked":["ThirdEye","Worship","EmptyBody","Replay:Vibes"],"picked":"Alpha","floor":6.0},{"not_picked":["BattleHymn","Replay:BluntJabs","FlurryOfBlows","Tantrum","Evaluate"],"picked":"SKIP","floor":7.0},{"not_picked":["BowlingBash","JustLucky","DeceiveReality","ClearTheMind","FearNoEvil"],"picked":"SKIP","floor":7.0},{"not_picked":["Evaluate","AT_RealFormLess","AT_DivineConfetti","EmptyBody"],"picked":"Replay:Battleflow","floor":8.0},{"not_picked":["Nirvana","CutThroughFate","Wallop","FlyingSleeves"],"picked":"MostiFishMod:Nomercy","floor":10.0},{"not_picked":["MostiFishMod:PathToVictory","Evaluate","Conclude","Crescendo","MostiFishMod:StarWish"],"picked":"SKIP","floor":10.0},{"not_picked":["BattleHymn","Indignation","ClearTheMind","Crescendo"],"picked":"MostiFishMod:LegendTransform","floor":12.0},{"not_picked":["Replay:ManipulateFuture","WreathOfFlame","WindmillStrike","PathToVictory","EmptyBody"],"picked":"SKIP","floor":12.0},{"not_picked":["Protect","Replay:BluntJabs","Replay:AtTheReady","Crescendo","EmptyBody"],"picked":"SKIP","floor":14.0},{"not_picked":["Alpha","Vault","Replay:AllIn","Devotion"],"picked":"MostiFishMod:StarWish","floor":16.0},{"not_picked":["Crescendo+1","CutThroughFate","Adaptation","Replay:BluntJabs"],"picked":"Replay:DivineShield","floor":18.0},{"not_picked":["PathToVictory","WindmillStrike","CrushJoints+1","AT_SoftenMuscles","FlurryOfBlows"],"picked":"SKIP","floor":18.0},{"not_picked":["AT_SoftenMuscles","MostiFishMod:ScryFuture","ClearTheMind","SandsOfTime+1","AT_DivineConfetti+1"],"picked":"SKIP","floor":24.0},{"not_picked":["Replay:AtTheReady","Pray","ThirdEye","Evaluate","TalkToTheHand"],"picked":"SKIP","floor":25.0},{"not_picked":["Vengeance","MostiFishMod:ScryFuture","ThirdEye","Sanctity","Replay:ManipulateFuture"],"picked":"SKIP","floor":25.0},{"not_picked":["Prostrate+1","AT_RealFormLess+1","EmptyBody","Perseverance+1"],"picked":"MostiFishMod:KamiSmash","floor":27.0},{"not_picked":["MostiFishMod:Speedup","Collect","Adaptation","Replay:Anticipation","PathToVictory+1"],"picked":"SKIP","floor":27.0},{"not_picked":["AT_ChampionStep","Consecrate","Weave","BowlingBash+1","Replay:DivineShield"],"picked":"SKIP","floor":30.0},{"not_picked":["EmptyFist","Replay:BluntJabs+1","PathToVictory+1","Crescendo"],"picked":"MostiFishMod:DustFall","floor":31.0},{"not_picked":["ReplayTheSpireMod:Shiv Toss","Dagger Spray","Expertise"],"picked":"SKIP","floor":31.0},{"not_picked":["WaveOfTheHand+1","CutThroughFate","Protect","ClearTheMind","Replay:ManipulateFuture+1"],"picked":"SKIP","floor":31.0},{"not_picked":["MostiFishMod:KnuckleDown","Double Tap"],"picked":"Reaper","floor":33.0},{"not_picked":["AT_ChampionKick","MostiFishMod:DustFall","AT_RealColorLess","MostiFishMod:Adaptation"],"picked":"Brilliance","floor":33.0},{"not_picked":["Calculated Gamble","Dodge and Roll","Outmaneuver"],"picked":"SKIP","floor":35.0},{"not_picked":["Protect","Consecrate+1","CrushJoints+1","DeceiveReality","Replay:BluntJabs"],"picked":"SKIP","floor":35.0},{"not_picked":["BowlingBash","Prostrate","PathToVictory","FollowUp+1","ThirdEye+1"],"picked":"SKIP","floor":35.0},{"not_picked":["Havoc","Feed","Inflame"],"picked":"SKIP","floor":37},{"not_picked":["WindmillStrike","WreathOfFlame","EmptyBody","BowlingBash+1","Replay:ManipulateFuture"],"picked":"SKIP","floor":37},{"not_picked":["ThirdEye","Replay:Vibes","Consecrate+1","WheelKick","EmptyFist+1"],"picked":"SKIP","floor":37},{"not_picked":["AT_ShadowStep","Dagger Throw","Dagger Spray"],"picked":"SKIP","floor":39},{"not_picked":["FlurryOfBlows+1","WreathOfFlame+1","Consecrate+1","Conclude+1","Adaptation+1"],"picked":"SKIP","floor":39},{"not_picked":["EmptyBody+1","Prostrate","Halt+1","Crescendo+1","Wallop+1"],"picked":"SKIP","floor":39},{"not_picked":["AT_ChampionStep+1","Prostrate","AT_SoftenMuscles","FlyingSleeves","MostiFishMod:Nomercy"],"picked":"SKIP","floor":40},{"not_picked":["Evaluate+1","EmptyBody+1","EmptyFist","Consecrate","BowlingBash"],"picked":"SKIP","floor":44},{"not_picked":["Replay:AtTheReady","Consecrate+1","BowlingBash+1","MostiFishMod:PathToVictory+1","Pray"],"picked":"SKIP","floor":44},{"not_picked":["AT_DivineConfetti+1","SignatureMove","Tantrum+1","ClearTheMind","ForeignInfluence"],"picked":"SKIP","floor":47},{"not_picked":["Protect","MostiFishMod:DustFall","WreathOfFlame","ThirdEye","EmptyFist"],"picked":"SKIP","floor":47},{"not_picked":["Replay:ManipulateFuture+1","MostiFishMod:LegendTransform+1","Replay:Battleflow+1","ForeignInfluence+1","Replay:BluntJabs+1"],"picked":"SKIP","floor":48},{"not_picked":["Replay:AtTheReady","FlurryOfBlows","Crescendo+1","Worship+1","EmptyFist+1"],"picked":"SKIP","floor":54}],"player_experience":84044,"relics_obtained":[{"floor":1.0,"key":"SynthV:TestCard"},{"floor":6.0,"key":"Divine Protection"},{"floor":8.0,"key":"Shuriken"},{"floor":9.0,"key":"Replay:PocketPolymizer"},{"floor":11.0,"key":"ReplayTheSpireMod:Ninjato"},{"floor":14.0,"key":"Ice Cream"},{"floor":17.0,"key":"Mirror"},{"floor":17.0,"key":"Gambling Chip"},{"floor":17.0,"key":"AT_BladeRuinedKing"},{"floor":24.0,"key":"Bag of Preparation"},{"floor":29.0,"key":"ReplayTheSpireMod:Ring of Challenge"},{"floor":29.0,"key":"Ring of Misfortune"},{"floor":30.0,"key":"qcfpunch:School_Backpack"},{"floor":40,"key":"White Beast Statue"},{"floor":43,"key":"Pantograph"},{"floor":48,"key":"Damaru"},{"floor":54,"key":"qcfpunch:White_Boots"}],"event_choices":[{"damage_healed":0.0,"max_hp_gain":0.0,"max_hp_loss":0.0,"gold_gain":0.0,"event_name":"Wheel of Change","player_choice":"Relic","floor":11.0,"gold_loss":0.0,"damage_taken":0.0},{"damage_healed":0.0,"max_hp_gain":0.0,"max_hp_loss":22.0,"gold_gain":0.0,"event_name":"Vampires","player_choice":"Became a vampire","floor":21.0,"gold_loss":0.0,"damage_taken":0.0,"cards_obtained":["Bite","Bite","Bite","Bite","Bite"]},{"damage_healed":0.0,"max_hp_gain":0.0,"max_hp_loss":0.0,"gold_gain":0.0,"event_name":"FaceTrader","player_choice":"Trade","floor":22.0,"gold_loss":0.0,"damage_taken":0.0,"relics_obtained":["FaceOfCleric"]},{"cards_removed":["ReplayTheSpireMod:Trickstab"],"damage_healed":0.0,"max_hp_gain":0.0,"max_hp_loss":0.0,"gold_gain":0.0,"event_name":"Purifier","player_choice":"Purged","floor":36.0,"gold_loss":0.0,"damage_taken":0.0},{"damage_healed":0,"gold_gain":0,"player_choice":"Paid","damage_taken":0,"relics_obtained":["Red Mask"],"max_hp_gain":0,"max_hp_loss":0,"event_name":"Tomb of Lord Red Mask","floor":46,"gold_loss":135}],"is_beta":false,"boss_relics":[{"not_picked":["VioletLotus","Fusion Hammer"],"picked":"Calling Bell"},{"not_picked":["MoonlightInvasionPlan","Sozu"],"picked":"ChiXiaoBlade"}],"items_purged_floors":[20,38,42],"is_endless":false,"potions_floor_spawned":[2,6,8,10,14,16,18,25,31,37,40,44,47,48,54],"ascension_level":4}}