{"host":"yaxsefyig1et0yi2","time":1610271108,"event":{"mods":["Aspiration","BaseMod","BetterRewards","Colored Powertips","Conspire","Displayed Cursed Tome","Downfall","Halation","Hubris","Infinite Spire","JesterMod","Minty Spire (QoL Compilation)","Quick Restart","RatMod","Replay The Spire","Reworked Bosses","Spikes Relics","StSLib","The Jungle"],"gold_per_floor":[99,99,99,99,99,99,99,120,140,158,175,175,212,212,233,340,340,340,353,371,391,397,397,397],"floor_reached":22,"playtime":1424,"items_purged":[],"score":186,"play_id":"c66430a4-ecbc-4e63-9a80-587b62221aa9","local_time":"20210110043148","is_ascension_mode":false,"campfire_choices":[{"data":"Guardian:CurlUp","floor":1.0,"key":"SMITH"},{"floor":12.0,"key":"REST"},{"data":"hubris:DuctTapeCard","floor":18,"key":"SMITH"}],"circlet_count":0,"master_deck":["Guardian:Strike_Guardian","Guardian:Strike_Guardian","Guardian:Strike_Guardian+1","Guardian:Strike_Guardian","Guardian:Defend_Guardian","Guardian:Defend_Guardian","Guardian:Defend_Guardian","Guardian:Defend_Guardian","Guardian:CurlUp+1","Guardian:TwinSlam+1","Guardian:DonusPower","Guardian:RollAttack","Guardian:Reroute+1","Guardian:RevengeProtocol","hubris:DuctTapeCard+2","Guardian:EvasiveProtocol","Guardian:AncientConstruct","Guardian:SpikerProtocol","Guardian:SpikerProtocol","Guardian:RevengeProtocol"],"relics":["Guardian:ModeShifter","downfall:HeartsMalice","halation:IllGainedPizza","Matryoshka","infinitespire:Satchel","hubris:DuctTape","halation:HeavySnake"],"acts_visited":["Exordium","TheCity"],"potions_floor_usage":[16,16,16],"damage_taken":[{"damage":0.0,"enemies":"Cultist","floor":2.0,"turns":1.0},{"damage":0.0,"enemies":"2 Louse","floor":4.0,"turns":1.0},{"damage":0.0,"enemies":"Small Slimes","floor":5.0,"turns":1.0},{"damage":14.0,"enemies":"Exordium Wildlife","floor":8.0,"turns":3.0},{"damage":18.0,"enemies":"Blue Slaver","floor":9.0,"turns":4.0},{"damage":17.0,"enemies":"Exordium Thugs","floor":10.0,"turns":4.0},{"damage":12.0,"enemies":"3 Louse","floor":11.0,"turns":3.0},{"damage":14.0,"enemies":"Gremlin Nob","floor":13.0,"turns":4.0},{"damage":12,"enemies":"Blue Slaver","floor":15,"turns":3},{"damage":7,"enemies":"downfall:Silent","floor":16,"turns":6},{"damage":21,"enemies":"Spheric Guardian","floor":19,"turns":4},{"damage":13,"enemies":"Chosen","floor":20,"turns":4},{"damage":31,"enemies":"Centurion and Healer","floor":21,"turns":6},{"damage":27,"enemies":"Chosen and Byrds","floor":22,"turns":5}],"seed_played":"4065661428597223356","potions_obtained":[{"floor":10.0,"key":"SkillPotion"},{"floor":11.0,"key":"Adrenaline Potion"},{"floor":13.0,"key":"Languid Potion"},{"floor":15,"key":"Guardian:DefensiveModePotion"},{"floor":19,"key":"Strength Potion"},{"floor":21,"key":"Strength Potion"}],"is_trial":false,"path_per_floor":["R","M","?","M","M","?","T","M","M","M","M","R","E","T","M","B",null,"R","M","M","M","M"],"character_chosen":"GUARDIAN","items_purchased":[],"campfire_rested":1,"item_purchase_floors":[],"current_hp_per_floor":[80,80,80,80,80,80,80,66,48,31,19,43,29,29,17,10,80,80,59,46,15,0,0,0],"gold":397,"neow_bonus":"THREE_ENEMY_KILL","is_daily":false,"chose_seed":false,"campfire_upgraded":2,"win_rate":0.0,"timestamp":1610271108,"path_taken":["R","?","?","M","M","?","T","M","M","M","?","R","E","?","M","BOSS","R","M","M","M","M"],"items_purchased_type":[],"build_version":"2020-12-22","purchased_purges":0,"victory":false,"max_hp_per_floor":[80,80,80,80,80,80,80,80,80,80,80,80,80,80,80,80,80,80,80,80,80,80,80,80],"card_choices":[{"not_picked":["Guardian:Reroute","Guardian:ChargeCore"],"picked":"Guardian:DonusPower","floor":2.0},{"not_picked":["Guardian:Gem_White","Guardian:Planning"],"picked":"Guardian:Gem_Red","floor":4.0},{"not_picked":["Guardian:Clone","Guardian:VentSteam"],"picked":"Guardian:RollAttack","floor":5.0},{"not_picked":["Guardian:BaubleBeam","Guardian:ShieldCharger"],"picked":"Guardian:Gem_Green","floor":8.0},{"not_picked":["Guardian:TimeBomb","Guardian:TemporalShield"],"picked":"Guardian:Reroute","floor":9.0},{"not_picked":["Guardian:Gem_Red","Guardian:Suspension"],"picked":"Guardian:RevengeProtocol","floor":10.0},{"not_picked":["Guardian:Gem_Lightblue","Guardian:VentSteam"],"picked":"Guardian:PolyBeam","floor":11.0},{"not_picked":["Guardian:ConstructionForm","Guardian:Gem_Green"],"picked":"Guardian:PrimingBeam","floor":13.0},{"not_picked":["Guardian:Gem_Lightblue","Guardian:VentSteam"],"picked":"Guardian:EvasiveProtocol","floor":15},{"not_picked":["Guardian:ConstructionForm","Guardian:RevengeProtocol"],"picked":"Guardian:AncientConstruct","floor":16},{"not_picked":["Guardian:TemporalStrike","Guardian:Suspension"],"picked":"Guardian:SpikerProtocol","floor":19},{"not_picked":["Guardian:ShieldCharger","Guardian:Recover"],"picked":"Guardian:SpikerProtocol","floor":20},{"not_picked":["Guardian:WalkerClaw","Guardian:Gem_Cyan"],"picked":"Guardian:RevengeProtocol","floor":21}],"player_experience":250398,"relics_obtained":[{"floor":7.0,"key":"halation:IllGainedPizza"},{"floor":13.0,"key":"Matryoshka"},{"floor":14.0,"key":"infinitespire:Satchel"},{"floor":14.0,"key":"hubris:DuctTape"}],"event_choices":[{"damage_healed":0.0,"max_hp_gain":0.0,"max_hp_loss":0.0,"gold_gain":0.0,"event_name":"conspire:Investor","player_choice":"Leave","floor":3.0,"gold_loss":0.0,"damage_taken":0.0}],"is_beta":false,"boss_relics":[{"not_picked":["ReplayTheSpireMod:SealedPack","Sozu"],"picked":"halation:HeavySnake"}],"items_purged_floors":[],"is_endless":false,"potions_floor_spawned":[10,11,13,15,19,21],"killed_by":"Chosen and Byrds","ascension_level":0}}