{"host":"9kesdg97wkrx2bva","time":1610243041,"event":{"mods":["AchievementEnabler","BaseMod","Colored Map","Downfall","GifTheSpireLib","Infinite Spire","Minty Spire (QoL Compilation)","Replay The Spire","StSLib"],"gold_per_floor":[117,42,42,57,71,71,103,115,165,4,24,24,24,49,49,120,220,237,237,255,255,255,255],"floor_reached":22,"playtime":614,"items_purged":["Defend_B","Strike_B","Strike_B"],"score":349,"play_id":"2769a2a4-2ceb-4cb6-949b-300245a82d09","local_time":"20210109204401","is_ascension_mode":true,"campfire_choices":[{"data":"Coolheaded","floor":6,"key":"SMITH"},{"data":"Cold Snap","floor":13,"key":"SMITH"},{"data":"Conserve Battery","floor":15,"key":"SMITH"}],"circlet_count":0,"master_deck":["AscendersBane","Strike_B","Strike_B","Defend_B","Defend_B","Defend_B","Zap+1","Dualcast","Coolheaded+1","Cold Snap+1","Ball Lightning","Conserve Battery+1","Blizzard+1","Storm","Machine Learning","Echo Form","Storm","Storm"],"relics":["Cracked Core","NeowsBlessing","Eternal Feather","ReplayFunnel","Orichalcum","Replay:Wanted Poster","Replay:WaspNest"],"acts_visited":["Exordium","TheCity"],"potions_floor_usage":[7,7,16,18,20,22,22,22],"damage_taken":[{"damage":0,"enemies":"Jaw Worm","floor":1,"turns":1},{"damage":0,"enemies":"Cultist","floor":4,"turns":1},{"damage":0,"enemies":"Small Slimes","floor":5,"turns":1},{"damage":2,"enemies":"Lagavulin","floor":7,"turns":5},{"damage":0,"enemies":"2 Fungi Beasts","floor":8,"turns":3},{"damage":4,"enemies":"Looter","floor":11,"turns":3},{"damage":17,"enemies":"3 Sentries","floor":14,"turns":6},{"damage":20,"enemies":"Slime Boss","floor":16,"turns":8},{"damage":38,"enemies":"3 Byrds","floor":18,"turns":8},{"damage":14,"enemies":"Spheric Guardian","floor":20,"turns":4},{"damage":15,"enemies":"Masked Bandits","floor":22,"turns":2}],"seed_played":"1801617029088208244","potions_obtained":[{"floor":1,"key":"Fire Potion"},{"floor":4,"key":"EssenceOfSteel"},{"floor":7,"key":"SpeedPotion"},{"floor":11,"key":"Reflective Coating"},{"floor":14,"key":"PotionOfCapacity"},{"floor":18,"key":"Ancient Potion"},{"floor":20,"key":"EntropicBrew"}],"is_trial":false,"path_per_floor":["M","$","?","M","M","R","E","M","T","$","M","$","R","E","R","B",null,"M","?","M","AVR","?"],"character_chosen":"DEFECT","items_purchased":["Blizzard+1"],"campfire_rested":0,"item_purchase_floors":[10],"current_hp_per_floor":[64,64,64,64,64,64,62,62,62,62,58,58,67,50,59,39,63,25,25,11,11,0,0],"gold":255,"neow_bonus":"THREE_ENEMY_KILL","is_daily":false,"chose_seed":false,"campfire_upgraded":3,"win_rate":0.0,"timestamp":1610243041,"path_taken":["M","$","?","?","M","R","E","M","T","$","M","?","R","E","R","BOSS","M","?","M","AVR","?"],"items_purchased_type":["Card"],"build_version":"2020-12-22","purchased_purges":3,"victory":false,"max_hp_per_floor":[71,71,71,71,71,71,71,71,71,71,71,71,71,71,71,71,71,71,71,71,71,71,71],"card_choices":[{"not_picked":["Undo","Time Bomb"],"picked":"Coolheaded","floor":1},{"not_picked":["ReplaySort","Reprogram"],"picked":"Cold Snap","floor":4},{"not_picked":["Steam Power","Go for the Eyes"],"picked":"Ball Lightning","floor":5},{"not_picked":["Darkness","Turbo"],"picked":"Conserve Battery","floor":7},{"not_picked":["ReplayGash","Ball Lightning","Hologram"],"picked":"SKIP","floor":8},{"not_picked":["Leap","ReplayTheSpireMod:System Scan"],"picked":"Storm","floor":11},{"not_picked":["Stack","Beam Cell"],"picked":"Machine Learning","floor":14},{"not_picked":["Electrodynamics","Amplify"],"picked":"Echo Form","floor":16},{"not_picked":["Hologram","Panic Button"],"picked":"Storm","floor":18},{"not_picked":["Aggregate","Hologram+1"],"picked":"Storm","floor":20}],"player_experience":912655,"relics_obtained":[{"floor":7,"key":"Eternal Feather"},{"floor":9,"key":"ReplayFunnel"},{"floor":14,"key":"Orichalcum"}],"event_choices":[{"damage_healed":0,"gold_gain":0,"player_choice":"Upgraded","damage_taken":0,"max_hp_gain":0,"max_hp_loss":0,"event_name":"Upgrade Shrine","floor":3,"gold_loss":0,"cards_upgraded":["Zap"]},{"damage_healed":0,"gold_gain":0,"player_choice":"Fought Bandits","damage_taken":0,"max_hp_gain":0,"max_hp_loss":0,"event_name":"Masked Bandits","floor":22,"gold_loss":0}],"is_beta":false,"boss_relics":[{"not_picked":["Pandora\u0027s Box","Honey Jar"],"picked":"Replay:Wanted Poster"}],"items_purged_floors":[2,10,21],"is_endless":false,"potions_floor_spawned":[1,4,7,11,14,18,20],"killed_by":"Masked Bandits","ascension_level":16}}