{"host":"aaqofma31c3gm2hj","time":1610254694,"event":{"mods":["BaseMod","Minty Spire (QoL Compilation)","Replay The Spire","Spicy Shops","StSLib"],"gold_per_floor":[110,159,159,173,56,56,89,89,89,89,63,77,89,89,89,167,167,179,179,198,198,198],"floor_reached":21,"playtime":529,"items_purged":["Strike_R"],"score":404,"play_id":"4396e703-2d5a-4ece-b1c3-12aeab25693b","local_time":"20210110125814","is_ascension_mode":true,"campfire_choices":[{"data":"Rupture","floor":6.0,"key":"SMITH"},{"data":"True Grit","floor":8.0,"key":"SMITH"},{"data":"Evolve","floor":15.0,"key":"SMITH"}],"circlet_count":0,"master_deck":["AscendersBane","Strike_R","Strike_R","Defend_R","Defend_R","Defend_R","Defend_R","Rupture+1","True Grit+1","Sword Boomerang","Evolve+1","Blood for Blood","Hemogenesis","Immolate","Burning Pact","J.A.X.","Second Wind"],"relics":["Burning Blood","NeowsBlessing","Oddly Smooth Stone","Replay:Bottled Snecko","Pet Ghost","Honey Jar"],"acts_visited":["Exordium","TheCity"],"potions_floor_usage":[],"damage_taken":[{"damage":0.0,"enemies":"Small Slimes","floor":1.0,"turns":1.0},{"damage":0.0,"enemies":"2 Louse","floor":4.0,"turns":1.0},{"damage":0.0,"enemies":"3 Sentries","floor":7.0,"turns":2.0},{"damage":0.0,"enemies":"Cultist","floor":12.0,"turns":3.0},{"damage":6.0,"enemies":"2 Fungi Beasts","floor":13.0,"turns":4.0},{"damage":43.0,"enemies":"Hexaghost","floor":16.0,"turns":11.0},{"damage":29.0,"enemies":"Chosen","floor":18.0,"turns":6.0},{"damage":18,"enemies":"Shell Parasite","floor":20,"turns":4},{"damage":0,"enemies":"Chosen and Byrds","floor":21,"turns":1}],"seed_played":"-9012100623171057991","potions_obtained":[{"floor":2.0,"key":"AttackPotion"},{"floor":16.0,"key":"DuplicationPotion"},{"floor":20,"key":"Fire Potion"}],"is_trial":false,"path_per_floor":["M","?","?","M","$","R","E","R","T","?","$","M","M","?","R","B",null,"M","?","M","M"],"character_chosen":"IRONCLAD","items_purchased":["True Grit","Sword Boomerang"],"campfire_rested":0,"item_purchase_floors":[5,11],"current_hp_per_floor":[74,50,50,56,56,56,62,62,62,62,62,68,68,68,68,36,65,47,47,35,35,35],"gold":198,"neow_bonus":"THREE_ENEMY_KILL","is_daily":false,"chose_seed":false,"campfire_upgraded":3,"win_rate":0.0,"timestamp":1610254694,"path_taken":["M","?","?","M","$","R","E","R","T","?","$","M","?","?","R","BOSS","M","?","M","M"],"items_purchased_type":["Card","Card"],"build_version":"2020-12-22","purchased_purges":1,"victory":false,"max_hp_per_floor":[75,75,75,75,75,75,75,75,75,75,75,75,75,75,75,75,75,75,75,75,75,75],"card_choices":[{"not_picked":["Iron Wave","True Grit","Wild Strike"],"picked":"SKIP","floor":1.0},{"not_picked":["Intimidate","Headbutt"],"picked":"Rupture","floor":2.0},{"not_picked":["Body Slam","Iron Wave","Cleave"],"picked":"SKIP","floor":4.0},{"not_picked":["Heavy Blade","Double Tap","Clash"],"picked":"SKIP","floor":7.0},{"not_picked":["Heavy Blade","Double Tap","Clash"],"picked":"SKIP","floor":7.0},{"not_picked":["Cleave","Heavy Blade"],"picked":"Evolve","floor":12.0},{"not_picked":["ReplayTheSpireMod:Stacked","Ghostly Armor"],"picked":"Blood for Blood","floor":13.0},{"not_picked":["Hemogenesis","Replay:Many Hands"],"picked":"Immolate","floor":16.0},{"not_picked":["Anger+1","Seeing Red+1","Uppercut"],"picked":"Burning Pact","floor":18.0},{"not_picked":["Clash+1","Pommel Strike","Cleave"],"picked":"Second Wind","floor":20}],"player_experience":576758,"relics_obtained":[{"floor":2.0,"key":"Oddly Smooth Stone"},{"floor":7.0,"key":"Replay:Bottled Snecko"},{"floor":9.0,"key":"Pet Ghost"}],"event_choices":[{"cards_removed":["Strike_R"],"damage_healed":0.0,"max_hp_gain":0.0,"max_hp_loss":0.0,"gold_gain":0.0,"event_name":"Bonfire Elementals","player_choice":"Offered Basic","floor":10.0,"gold_loss":0.0,"damage_taken":0.0},{"damage_healed":0.0,"max_hp_gain":0.0,"max_hp_loss":0.0,"gold_gain":0.0,"cards_transformed":["Strike_R"],"event_name":"Transmorgrifier","player_choice":"Transformed","floor":14.0,"gold_loss":0.0,"damage_taken":0.0,"cards_obtained":["Hemogenesis"]},{"damage_healed":0,"gold_gain":0,"player_choice":"Obtain J.A.X.","damage_taken":0,"max_hp_gain":0,"max_hp_loss":0,"event_name":"Drug Dealer","floor":19,"gold_loss":0,"cards_obtained":["J.A.X."]}],"is_beta":false,"boss_relics":[{"not_picked":["Snecko Heart","Empty Cage"],"picked":"Honey Jar"}],"items_purged_floors":[5],"is_endless":false,"potions_floor_spawned":[16,20],"killed_by":"Chosen and Byrds","ascension_level":20}}