{"host":"szp1d6dso4pv7ddl","time":1610260384,"event":{"mods":["AchievementEnabler","Alarm Clock","BaseMod","Bestiary","Block Reminder","Colored Map","Colored Powertips","Curses Come First","Displayed Cursed Tome","Highlight Path","Minty Spire (QoL Compilation)","Permanent Neow","Quick Restart","Relic Sorter","Relic Stats","StSLib","Synergy Search"],"gold_per_floor":[110,110,121,121,121,121,156,156,227,227,25,39,69,34,34,34,34],"floor_reached":16,"playtime":656,"items_purged":["Decay"],"score":229,"play_id":"b7733256-fb2c-4a28-9d94-d6a50eca0270","local_time":"20210109223304","is_ascension_mode":true,"campfire_choices":[{"data":"Neutralize","floor":6,"key":"SMITH"},{"data":"Blur","floor":8,"key":"SMITH"},{"data":"Footwork","floor":15,"key":"SMITH"}],"circlet_count":0,"master_deck":["AscendersBane","Strike_G","Strike_G","Strike_G","Strike_G","Defend_G+1","Defend_G","Defend_G","Defend_G+1","Defend_G","Survivor","Neutralize+1","Sucker Punch","Blur+1","Footwork+1","Heel Hook","Terror"],"relics":["Ring of the Snake","NeowsBlessing","War Paint","PreservedInsect","Bottled Flame","Membership Card","Regal Pillow"],"acts_visited":["Exordium"],"potions_floor_usage":[13,16],"damage_taken":[{"damage":0,"enemies":"Cultist","floor":1,"turns":1},{"damage":0,"enemies":"Jaw Worm","floor":3,"turns":1},{"damage":0,"enemies":"Gremlin Nob","floor":7,"turns":1},{"damage":2,"enemies":"Small Slimes","floor":12,"turns":6},{"damage":7,"enemies":"3 Sentries","floor":13,"turns":11},{"damage":38,"enemies":"Slime Boss","floor":16,"turns":10}],"seed_played":"-9097168661813707309","potions_obtained":[{"floor":1,"key":"LiquidBronze"},{"floor":7,"key":"Weak Potion"}],"is_trial":false,"path_per_floor":["M","?","M","?","?","R","E","R","T","?","$","M","E","$","R","B"],"character_chosen":"THE_SILENT","items_purchased":["Membership Card","Footwork","Terror"],"campfire_rested":0,"item_purchase_floors":[11,11,14],"current_hp_per_floor":[59,64,64,46,39,39,39,39,39,39,39,37,30,30,30,0,0],"gold":34,"neow_bonus":"THREE_ENEMY_KILL","is_daily":false,"chose_seed":false,"campfire_upgraded":3,"win_rate":0.0,"timestamp":1610260384,"path_taken":["M","?","M","?","?","R","E","R","T","?","$","?","E","?","R","BOSS"],"items_purchased_type":["Relic","Card","Card"],"build_version":"2020-12-22","purchased_purges":1,"victory":false,"max_hp_per_floor":[66,71,71,71,71,71,71,71,71,71,71,71,71,71,71,71,71],"relic_stats":{"Regal Pillow":0,"counters":[6,30],"PreservedInsect":42,"War Paint":["Defend_G","Defend_G"],"obtain_stats":[{"Bottled Flame":9,"Regal Pillow":13,"NeowsBlessing":0,"PreservedInsect":7,"Membership Card":11,"War Paint":4,"Ring of the Snake":0},{"Bottled Flame":3,"Regal Pillow":5,"NeowsBlessing":0,"PreservedInsect":3,"Membership Card":3,"War Paint":2,"Ring of the Snake":0},{"Bottled Flame":3,"Regal Pillow":20,"NeowsBlessing":0,"PreservedInsect":3,"Membership Card":3,"War Paint":2,"Ring of the Snake":0}],"Ring of the Snake":[12]},"card_choices":[{"not_picked":["Leg Sweep","Finisher"],"picked":"Sucker Punch","floor":1},{"not_picked":["Infinite Blades","Choke","Caltrops"],"picked":"SKIP","floor":3},{"not_picked":["Terror","Skewer"],"picked":"Blur","floor":7},{"not_picked":["Underhanded Strike","Outmaneuver"],"picked":"Heel Hook","floor":12},{"not_picked":["Distraction","Accuracy","Slice"],"picked":"SKIP","floor":13}],"player_experience":1150485,"relics_obtained":[{"floor":7,"key":"PreservedInsect"},{"floor":9,"key":"Bottled Flame"},{"floor":13,"key":"Regal Pillow"}],"event_choices":[{"damage_healed":0,"gold_gain":0,"player_choice":"Donut","damage_taken":0,"max_hp_gain":5,"max_hp_loss":0,"event_name":"Big Fish","floor":2,"gold_loss":0},{"damage_healed":0,"gold_gain":0,"player_choice":"Success","damage_taken":18,"relics_obtained":["War Paint"],"max_hp_gain":0,"max_hp_loss":0,"event_name":"Scrap Ooze","floor":4,"gold_loss":0},{"cards_removed":["Strike_G"],"damage_healed":0,"gold_gain":0,"player_choice":"Card Removal","damage_taken":7,"max_hp_gain":0,"max_hp_loss":0,"event_name":"Golden Wing","floor":5,"gold_loss":0},{"damage_healed":0,"gold_gain":0,"player_choice":"Cursed","damage_taken":0,"max_hp_gain":0,"max_hp_loss":0,"event_name":"Wheel of Change","floor":10,"gold_loss":0,"cards_obtained":["Decay"]}],"is_beta":false,"boss_relics":[],"items_purged_floors":[11],"is_endless":false,"potions_floor_spawned":[1,7],"killed_by":"Slime Boss","ascension_level":15}}