{"host":"5apxsqgkueisybsc","time":1610317483,"event":{"mods":["BaseMod","Hunter ??","Mimic Mod","Minty Spire (QoL Compilation)","Replay The Spire","Shade Mod","StSLib","The Bladedancer","The Bug Knight","The Cursed","The Druid","The Exalted","The Forsaken","The Valiant","The Witch"],"gold_per_floor":[112,112,122,122,122,122,139,139,139,156,156,168,168,179,179,280,280,300,14,28,47,47,47,73,73,73],"floor_reached":25,"playtime":1081,"items_purged":["TheCursedMod:Strike_TheCursed"],"score":213,"play_id":"b980e054-3cfa-4b93-b40c-1cc82d571feb","local_time":"20210110172443","is_ascension_mode":false,"campfire_choices":[{"data":"TheCursedMod:FleshFromBone","floor":6,"key":"SMITH"},{"data":"TheCursedMod:CleanUpWorkshop","floor":8,"key":"SMITH"},{"data":"TheCursedMod:CursedBlade","floor":11,"key":"SMITH"},{"data":"TheCursedMod:CircleOfFlame","floor":15,"key":"SMITH"},{"data":"Replay:Sssssssssshield","floor":23,"key":"SMITH"}],"circlet_count":0,"master_deck":["TheCursedMod:Strike_TheCursed","TheCursedMod:Strike_TheCursed","TheCursedMod:Strike_TheCursed+1","TheCursedMod:Defend_TheCursed","TheCursedMod:Defend_TheCursed","TheCursedMod:Defend_TheCursed","TheCursedMod:Defend_TheCursed","TheCursedMod:CursedWand+1","TheCursedMod:CleanUpWorkshop+1","TheCursedMod:Dregs","TheCursedMod:FleshFromBone+1","TheCursedMod:CursedShiv","theForsaken:PlagueCurse","TheCursedMod:Stigma","TheCursedMod:CursedBlade+1","TheCursedMod:CircleOfCorruption","TheCursedMod:CircleOfFlame+1","TheCursedMod:NeowsMight","TheCursedMod:Wield","TheCursedMod:CursedMace","TheCursedMod:CursedMace","TheCursedMod:TacticalStrike","TheCursedMod:BloodBarrier","TheCursedMod:CircleOfAmplification","TheCursedMod:SpitefulPlan","Replay:Sssssssssshield+1","ReplayTheSpireMod:Necrogeddon","TheCursedMod:CursedAmulet+1","TheCursedMod:ReleasedKnowledge","TheCursedMod:Grudge+1"],"relics":["TheCursedMod:BlackMagic101","theForsaken:PlagueMask","Quantum Egg","Bromod:ArcaneAvenger","Painkiller Herb","BargainBundle","theForsaken:Kindling","Anchor"],"acts_visited":["Exordium","TheCity"],"potions_floor_usage":[16,21,21],"damage_taken":[{"damage":0,"enemies":"Small Slimes","floor":1,"turns":4},{"damage":1,"enemies":"2 Louse","floor":3,"turns":5},{"damage":4,"enemies":"Cultist","floor":7,"turns":4},{"damage":3,"enemies":"Red Slaver","floor":10,"turns":3},{"damage":12,"enemies":"2 Fungi Beasts","floor":12,"turns":3},{"damage":0,"enemies":"Large Slime","floor":14,"turns":4},{"damage":22,"enemies":"Hexaghost","floor":16,"turns":9},{"damage":18,"enemies":"2 Thieves","floor":18,"turns":4},{"damage":3,"enemies":"3 Byrds","floor":20,"turns":3},{"damage":16,"enemies":"Sentry and Sphere","floor":21,"turns":4},{"damage":37,"enemies":"Gremlin Leader","floor":24,"turns":5}],"seed_played":"6229482162287913790","potions_obtained":[{"floor":10,"key":"LiquidBronze"},{"floor":14,"key":"DuplicationPotion"},{"floor":24,"key":"Cursed Concoction"}],"is_trial":false,"path_per_floor":["M","?","M","?","?","R","M","R","T","M","R","M","?","M","R","B",null,"?","T","?","?","?","T","E","?"],"character_chosen":"THE_CURSED","items_purchased":["BargainBundle","TheCursedMod:CursedMace","TheCursedMod:TacticalStrike","TheCursedMod:BloodBarrier","TheCursedMod:CircleOfAmplification","TheCursedMod:SpitefulPlan","Languid Potion","FearPotion","AttackPotion","Replay:Sssssssssshield","ReplayTheSpireMod:Necrogeddon"],"campfire_rested":0,"item_purchase_floors":[19,19,19,19,19,19,19,19,19,19,19],"current_hp_per_floor":[82,82,81,81,81,81,77,77,77,74,74,62,62,62,62,40,82,64,64,61,45,45,45,8,0,0],"gold":73,"neow_bonus":"TEN_PERCENT_HP_BONUS","is_daily":false,"chose_seed":false,"campfire_upgraded":5,"win_rate":0.0,"timestamp":1610317483,"path_taken":["M","?","M","?","?","R","M","R","T","M","R","M","?","?","R","BOSS","?","T","?","?","?","T","E","?"],"items_purchased_type":["Relic","Card","Card","Card","Card","Card","Potion","Potion","Potion","Card","Card"],"build_version":"2020-12-22","purchased_purges":1,"victory":false,"max_hp_per_floor":[82,82,82,82,82,82,82,82,82,82,82,82,82,82,82,82,82,82,82,82,82,82,82,82,82,82],"card_choices":[{"not_picked":["TheCursedMod:SurpriseAttack","TheCursedMod:CircleOfFlame"],"picked":"TheCursedMod:FleshFromBone","floor":1},{"not_picked":["TheCursedMod:Wield","TheCursedMod:FleshFromBone"],"picked":"TheCursedMod:CursedShiv","floor":3},{"not_picked":["TheCursedMod:Grudge","TheCursedMod:CircleOfAmplification"],"picked":"TheCursedMod:Stigma","floor":7},{"not_picked":["TheCursedMod:Obscuration","TheCursedMod:CircleOfBlood"],"picked":"TheCursedMod:CursedBlade","floor":10},{"not_picked":["TheCursedMod:SpreadPlague","TheCursedMod:CursedSpellbook"],"picked":"TheCursedMod:CircleOfCorruption","floor":12},{"not_picked":["TheCursedMod:PrepareRite","TheCursedMod:CircleOfBlood"],"picked":"TheCursedMod:CircleOfFlame","floor":14},{"not_picked":["TheCursedMod:Neurasthenia","TheCursedMod:ParallelWorld"],"picked":"TheCursedMod:NeowsMight","floor":16},{"not_picked":["TheCursedMod:CursedShiv","TheCursedMod:Grudge"],"picked":"TheCursedMod:Wield","floor":18},{"not_picked":["TheCursedMod:CursedShiv","TheCursedMod:Torture"],"picked":"TheCursedMod:CursedAmulet+1","floor":20},{"not_picked":["TheCursedMod:Stretching","TheCursedMod:Wield"],"picked":"TheCursedMod:ReleasedKnowledge","floor":21},{"not_picked":["TheCursedMod:CircleOfFlame","TheCursedMod:PrepareRite"],"picked":"TheCursedMod:Grudge+1","floor":24}],"player_experience":106562,"relics_obtained":[{"floor":9,"key":"Quantum Egg"},{"floor":24,"key":"Anchor"}],"event_choices":[{"damage_healed":0,"gold_gain":0,"player_choice":"Grow","damage_taken":0,"max_hp_gain":0,"max_hp_loss":0,"event_name":"Living Wall","floor":2,"gold_loss":0,"cards_upgraded":["TheCursedMod:CursedWand"]},{"damage_healed":0,"gold_gain":0,"player_choice":"Obtain Plague Curse","damage_taken":0,"max_hp_gain":0,"max_hp_loss":0,"event_name":"Plague Doctor","floor":4,"gold_loss":0,"cards_obtained":["theForsaken:PlagueCurse"]},{"damage_healed":0,"gold_gain":0,"player_choice":"Gave Potion","damage_taken":0,"relics_obtained":["Bromod:ArcaneAvenger"],"max_hp_gain":0,"max_hp_loss":0,"event_name":"WeMeetAgain","floor":13,"gold_loss":0},{"damage_healed":0,"gold_gain":0,"player_choice":"Opened","damage_taken":0,"relics_obtained":["theForsaken:Kindling"],"max_hp_gain":0,"max_hp_loss":0,"event_name":"The Mausoleum","floor":22,"gold_loss":0}],"is_beta":false,"boss_relics":[{"not_picked":["TheCursedMod:FourLeafCloverCharm","Coffee Dripper"],"picked":"Painkiller Herb"}],"items_purged_floors":[19],"is_endless":false,"potions_floor_spawned":[10,14,24],"ascension_level":0}}