{"host":"irc1izoeqqttpzsx","time":1610280518,"event":{"mods":["2.2 Compatiblity","Act Like it!","Aspiration","Bard","BaseMod","Better Note","BetterRewards","Colored Map","Colored Powertips","Conspire","DeckTracker","Downfall","Duelist Mod","Filter the Spire","GifTheSpireLib","Hallownest","Highlight Path","Hubris","Infinite Spire","Jorbs\u0027s Wanderer Trilogy","Mad Scientist","Mimic Mod","Minty Spire (QoL Compilation)","Potionbrewer","Quick Restart","READ ME - Guardian Mod","Rare Cards Sparkle","Relic Sorter","Replay The Spire","Shop Mod","Spikes Relics","StSLib","SuperFastMode","The Bug Knight","The Construct","The Jungle","The Necromancer","The Servant 0.9.4","Trackpad","Uncapped"],"gold_per_floor":[114,125,287,307,307,307,333,350,381,416,428,443,456,468,468,563,663,683,683,544,555,555,555,572,572,596,627,644,644,659,686,686,785,785,802,802,552,570,570,600,600,614,614,614,614,626,626,639,639,639,639,639,639,673,673],"floor_reached":56,"playtime":2069,"items_purged":["Strike_P","Defend_P","BlessedFruit","BlessedFruit","Defend_P","Strike_P","Defend_P","PathToVictory"],"score":1956,"play_id":"482791ce-6ecd-4f7b-968e-018b01c7523e","local_time":"20210110070838","is_ascension_mode":false,"campfire_choices":[{"data":"Prostrate","floor":6,"key":"SMITH"},{"data":"Replay:LoomingThreat","floor":15,"key":"SMITH"},{"data":"Replay:LoomingThreat","floor":23,"key":"SMITH"},{"data":"Judgement+1","floor":25,"key":"SMITH"},{"floor":32,"key":"RECALL"},{"data":"Omniscience","floor":41,"key":"SMITH"},{"data":"Replay:LoomingThreat+1","floor":44,"key":"SMITH"},{"data":"ConjureBlade","floor":49,"key":"SMITH"},{"data":"hubris:DuctTapeCard+2","floor":52,"key":"SMITH"}],"circlet_count":0,"master_deck":["Strike_P+1","Strike_P+1","Eruption+1","Consecrate","Prostrate+1","Prostrate","DeusExMachina+1","Replay:LoomingThreat+2","Judgement+2","Replay:LoomingThreat+1","hubris:DuctTapeCard+6","Meditate+1","FlyingSleeves","Perseverance+1","Pray","Brilliance","EmptyBody","Replay:LoomingThreat+1","ConjureBlade+1","Replay:Vibes+1","Omniscience+1"],"relics":["PureWater","Ice Cream","SuspiciousGoo","MerchantsRug","hubris:MedicalManual","Chemical X","Orichalcum","aspiration:AnachronicSnailShell","infinitespire:Magic Flask","Bronze Scales","Pen Nib","Whetstone","ClockworkSouvenir","Gremlin Horn","Meat on the Bone","infinitespire:CursedDice","hubris:MysteriousPyramids","Replay:Towering Pillar of Hats","Replay:Purple Gloves","construct:RocketBooster","Blood Vial","trackpad:PetRock","Replay:Rubber Ducky","Guide Book","hubris:DuctTape","trackpad:ByrdCharm","conspire:InfiniteJournal","FossilizedHelix","hubris:Metronome","Singing Bowl","SpikesRelics:ToyHorsey","Replay:Wanted Poster","Rawhide","hubris:CrystalStatue","trackpad:WritersBlock","hubris:HollowSoul","Bottled Tornado","potionbrewer:ToyAutogyro","infinitespire:CheckeredPen"],"acts_visited":["Exordium","TheCity","TheBeyond","TheEnding"],"potions_floor_usage":[55,55],"damage_taken":[{"damage":0,"enemies":"Small Slimes","floor":1,"turns":2},{"damage":0,"enemies":"Cultist","floor":2,"turns":2},{"damage":0,"enemies":"Jaw Worm","floor":4,"turns":1},{"damage":0,"enemies":"Lagavulin","floor":7,"turns":3},{"damage":0,"enemies":"Gremlin Gang","floor":8,"turns":2},{"damage":0,"enemies":"Exordium Thugs","floor":9,"turns":2},{"damage":0,"enemies":"3 Sentries","floor":10,"turns":3},{"damage":0,"enemies":"Exordium Thugs","floor":11,"turns":2},{"damage":0,"enemies":"Large Slime","floor":12,"turns":1},{"damage":0,"enemies":"Blue Slaver","floor":13,"turns":2},{"damage":0,"enemies":"Red Slaver","floor":14,"turns":1},{"damage":0,"enemies":"Slime Boss","floor":16,"turns":3},{"damage":0,"enemies":"Shell Parasite","floor":18,"turns":2},{"damage":0,"enemies":"Chosen","floor":21,"turns":2},{"damage":0,"enemies":"Snake Plant","floor":24,"turns":3},{"damage":0,"enemies":"Gremlin Leader","floor":27,"turns":3},{"damage":0,"enemies":"Snecko","floor":28,"turns":4},{"damage":0,"enemies":"3 Cultists","floor":30,"turns":3},{"damage":3,"enemies":"Slavers","floor":31,"turns":2},{"damage":0,"enemies":"Automaton","floor":33,"turns":4},{"damage":0,"enemies":"3 Darklings","floor":35,"turns":2},{"damage":0,"enemies":"Orb Walker","floor":38,"turns":2},{"damage":0,"enemies":"Giant Head","floor":40,"turns":4},{"damage":0,"enemies":"Sphere and 2 Shapes","floor":42,"turns":3},{"damage":0,"enemies":"Spire Growth","floor":46,"turns":2},{"damage":0,"enemies":"4 Shapes","floor":48,"turns":2},{"damage":0,"enemies":"Awakened One","floor":50,"turns":4},{"damage":2,"enemies":"Shield and Spear","floor":54,"turns":3},{"damage":4,"enemies":"The Heart","floor":55,"turns":5}],"seed_played":"-3003372830491770721","potions_obtained":[{"floor":7,"key":"hexamod:EctoCoolerPotion"},{"floor":28,"key":"BlessingOfTheForge"}],"is_trial":false,"path_per_floor":["M","M","$","M","?","R","E","M","MIM","E","M","M","M","M","R","B",null,"M","?","$","M","?","R","M","R","T","E","M","AVR","M","E","R","B",null,"M","?","$","M","?","E","R","M","T","R","$","M","?","M","R","B",null,"R","$","E","B",null],"character_chosen":"WATCHER","items_purchased":["Ice Cream","SuspiciousGoo","MerchantsRug","Chemical X","PathToVictory","Orichalcum","Consecrate","Prostrate","infinitespire:Magic Flask","Bronze Scales","Pen Nib","Whetstone","ClockworkSouvenir","Gremlin Horn","Prostrate","Meat on the Bone","DeusExMachina","infinitespire:CursedDice","hubris:MysteriousPyramids","Replay:Purple Gloves","Replay:LoomingThreat+1","Blood Vial","trackpad:PetRock","Replay:Rubber Ducky","Guide Book","Prostrate","Replay:Baseball","Replay:LoomingThreat","hubris:DuctTape","trackpad:ByrdCharm","Meditate","FlyingSleeves","DuplicationPotion","PowerPotion","conspire:InfiniteJournal","FossilizedHelix","Rawhide"],"campfire_rested":0,"item_purchase_floors":[0,0,0,0,0,0,0,0,0,0,0,0,0,0,0,0,0,0,0,0,0,0,0,0,0,0,0,0,0,0,0,0,0,0,3,3,20],"current_hp_per_floor":[72,72,72,75,75,75,75,75,77,77,79,84,86,91,91,91,91,93,93,93,95,95,95,97,97,97,97,99,99,101,100,100,102,103,105,105,105,107,107,109,109,111,111,111,111,113,113,115,115,115,115,115,115,115,113],"gold":673,"neow_bonus":"","is_daily":false,"chose_seed":false,"campfire_upgraded":8,"win_rate":0.0,"timestamp":1610280518,"path_taken":["M","M","$","M","?","R","E","M","MIM","E","M","M","?","M","R","BOSS","M","?","?","M","?","R","M","R","T","E","M","AVR","M","E","R","BOSS","M","?","$","M","?","E","R","M","T","R","?","M","?","?","R","BOSS","R","$","E","BOSS"],"items_purchased_type":["Relic","Relic","Relic","Relic","Card","Relic","Card","Card","Relic","Relic","Relic","Relic","Relic","Relic","Card","Relic","Card","Relic","Relic","Relic","Card","Relic","Relic","Relic","Relic","Card","Relic","Card","Relic","Relic","Card","Card","Potion","Potion","Relic","Relic","Relic"],"build_version":"2020-12-22","purchased_purges":8,"victory":true,"max_hp_per_floor":[72,72,72,75,75,75,75,75,77,77,79,84,86,91,91,91,91,93,93,93,95,95,95,97,97,97,97,99,99,101,103,103,103,103,105,105,105,107,107,109,109,111,111,111,111,113,113,115,115,115,115,115,115,117,117],"card_choices":[{"not_picked":["ConjureBlade","Brilliance"],"picked":"Judgement","floor":0},{"not_picked":["FollowUp","SignatureMove"],"picked":"Perseverance","floor":1},{"not_picked":["FlyingSleeves","BattleHymn","InnerPeace"],"picked":"SKIP","floor":2},{"not_picked":["Crescendo","FlyingSleeves"],"picked":"Pray","floor":4},{"not_picked":["ForeignInfluence","Swivel","BowlingBash"],"picked":"SKIP","floor":7},{"not_picked":["CrushJoints","Indignation"],"picked":"EmptyBody","floor":8},{"not_picked":["Replay:Anticipation","Replay:Battleflow","Replay:BluntJabs"],"picked":"Singing Bowl","floor":9},{"not_picked":["Replay:Hum","FollowUp"],"picked":"Replay:LoomingThreat","floor":10},{"not_picked":["CutThroughFate","Replay:AtTheReady","SashWhip"],"picked":"Singing Bowl","floor":11},{"not_picked":["Meditate","EmptyBody","WreathOfFlame"],"picked":"Singing Bowl","floor":12},{"not_picked":["BowlingBash","FollowUp","Blasphemy"],"picked":"Singing Bowl","floor":13},{"not_picked":["ClearTheMind","BowlingBash","JustLucky"],"picked":"Singing Bowl","floor":14},{"not_picked":["Alpha","MasterReality"],"picked":"ConjureBlade","floor":16},{"not_picked":["Prostrate+1","FollowUp+1","Replay:ManipulateFuture"],"picked":"Singing Bowl","floor":18},{"not_picked":["Replay:BluntJabs","Replay:ManipulateFuture","Halt+1"],"picked":"Singing Bowl","floor":21},{"not_picked":["CutThroughFate","Replay:ManipulateFuture","Replay:Hum"],"picked":"Singing Bowl","floor":24},{"not_picked":["Vault","CutThroughFate"],"picked":"Replay:Vibes","floor":27},{"not_picked":["Fasting2","Meditate","FlyingSleeves+1"],"picked":"Singing Bowl","floor":28},{"not_picked":["Conclude+1","SashWhip","EmptyFist+1"],"picked":"Singing Bowl","floor":30},{"not_picked":["WindmillStrike","FollowUp","EmptyFist+1"],"picked":"Singing Bowl","floor":31},{"not_picked":["Replay:AllIn","Vault"],"picked":"Omniscience","floor":33},{"not_picked":["CrushJoints+1","Replay:AtTheReady+1","Fasting2"],"picked":"Singing Bowl","floor":35},{"not_picked":["Adaptation","Conclude+1","EmptyBody"],"picked":"Singing Bowl","floor":38},{"not_picked":["FlurryOfBlows+1","Nirvana+1","ThirdEye+1"],"picked":"Singing Bowl","floor":40},{"not_picked":["FlyingSleeves","CrushJoints+1","FlurryOfBlows"],"picked":"Singing Bowl","floor":42},{"not_picked":["ThirdEye","ClearTheMind+1","Sanctity"],"picked":"Singing Bowl","floor":46},{"not_picked":["WreathOfFlame","WaveOfTheHand","WheelKick"],"picked":"Singing Bowl","floor":48},{"not_picked":["Replay:Anticipation+1","Swivel","FollowUp"],"picked":"Singing Bowl","floor":54}],"player_experience":596859,"relics_obtained":[{"floor":7,"key":"hubris:Metronome"},{"floor":9,"key":"Singing Bowl"},{"floor":10,"key":"SpikesRelics:ToyHorsey"},{"floor":27,"key":"hubris:CrystalStatue"},{"floor":31,"key":"trackpad:WritersBlock"},{"floor":40,"key":"Bottled Tornado"},{"floor":43,"key":"potionbrewer:ToyAutogyro"},{"floor":54,"key":"infinitespire:CheckeredPen"}],"event_choices":[{"damage_healed":0,"gold_gain":0,"player_choice":"1 cards matched","damage_taken":0,"max_hp_gain":0,"max_hp_loss":0,"event_name":"Match and Keep!","floor":5,"gold_loss":0,"cards_obtained":["Brilliance"]},{"damage_healed":0,"gold_gain":0,"player_choice":"Ignored","damage_taken":0,"max_hp_gain":0,"max_hp_loss":0,"event_name":"betterNote:BetterNote","floor":19,"gold_loss":0,"cards_obtained":["expansioncontent:Collect"]},{"cards_removed":["Defend_P"],"damage_healed":0,"gold_gain":0,"player_choice":"Card Removal","damage_taken":0,"max_hp_gain":0,"max_hp_loss":0,"event_name":"Wheel of Change","floor":22,"gold_loss":0},{"damage_healed":0,"gold_gain":0,"player_choice":"Leave","damage_taken":0,"max_hp_gain":0,"max_hp_loss":0,"event_name":"conspire:Investor","floor":36,"gold_loss":0},{"cards_removed":["Vigilance"],"damage_healed":0,"gold_gain":0,"player_choice":"Removed Skill","damage_taken":0,"max_hp_gain":0,"max_hp_loss":0,"event_name":"Falling","floor":39,"gold_loss":0},{"damage_healed":0,"gold_gain":0,"player_choice":"Bought 0 Potions","damage_taken":0,"max_hp_gain":0,"max_hp_loss":0,"event_name":"The Woman in Blue","floor":47,"gold_loss":0}],"is_beta":false,"boss_relics":[{"not_picked":["hubris:RunicObelisk","Cursed Key"],"picked":"Replay:Wanted Poster"},{"not_picked":["Fusion Hammer","conspire:RunicOctahedron"],"picked":"hubris:HollowSoul"}],"items_purged_floors":[0,0,0,0,0,0,3,37],"is_endless":false,"potions_floor_spawned":[7,10,11,14,16,18,24,28,33,38,42],"ascension_level":0}}