{"host":"sdjng9zhqonqi3uc","time":1610286929,"event":{"mods":["2.2 Compatiblity","AchievementEnabler","BaseMod","BetterRewards","Colored Powertips","Hero for Fun","Minty Spire (QoL Compilation)","Shop Mod","StSLib","Td1madao Mod","The Animator","The Cursed","The Servant 0.9.4"],"gold_per_floor":[112,112,125,125,138,165,184,197,197,197,197,197,197,216,216,318,318,336,336,355,33,52,52,52],"floor_reached":23,"playtime":1283,"items_purged":["Strike_G"],"score":193,"play_id":"2677e675-7f45-4c96-962e-cbde2afac37c","local_time":"20210110145529","is_ascension_mode":false,"campfire_choices":[{"floor":11,"key":"RECALL"},{"data":"Terror","floor":13,"key":"SMITH"},{"data":"Neutralize","floor":15,"key":"SMITH"}],"circlet_count":0,"master_deck":["Strike_G","Strike_G","Strike_G","Defend_G","Defend_G","Defend_G","Defend_G","Survivor","Neutralize+1","Unload","Cloak And Dagger","Outmaneuver","Skewer","Crippling Poison","Terror+1","Doppelganger","Distraction+1","Envenom","CurseOfTheBell","Tactician+1","Predator","Catalyst+1"],"relics":["Ring of the Snake","Blood Vial","Pantograph","Toxic Egg 2","Strawberry","Letter Opener","Dead Branch","Nloth\u0027s Gift","Matryoshka"],"acts_visited":["Exordium","TheCity"],"potions_floor_usage":[6,7,16,18,22],"damage_taken":[{"damage":0,"enemies":"2 Louse","floor":1,"turns":2},{"damage":4,"enemies":"Jaw Worm","floor":3,"turns":5},{"damage":0,"enemies":"Cultist","floor":5,"turns":4},{"damage":26,"enemies":"Lagavulin","floor":6,"turns":7},{"damage":11,"enemies":"Exordium Wildlife","floor":7,"turns":5},{"damage":2,"enemies":"3 Louse","floor":8,"turns":4},{"damage":5,"enemies":"Lots of Slimes","floor":14,"turns":4},{"damage":34,"enemies":"Slime Boss","floor":16,"turns":13},{"damage":0,"enemies":"3 Byrds","floor":18,"turns":3},{"damage":26,"enemies":"Spheric Guardian","floor":20,"turns":5},{"damage":25,"enemies":"Snecko","floor":22,"turns":5},{"damage":38,"enemies":"Book of Stabbing","floor":23,"turns":5}],"seed_played":"6885221986287217374","potions_obtained":[{"floor":5,"key":"Swift Potion"},{"floor":6,"key":"Regen Potion"},{"floor":7,"key":"Strength Potion"},{"floor":16,"key":"DistilledChaos"},{"floor":18,"key":"Strength Potion"},{"floor":20,"key":"Dexterity Potion"}],"is_trial":false,"path_per_floor":["M","?","M","?","M","E","M","M","T","T","R","?","R","M","R","B",null,"M","?","M","$","M","E"],"character_chosen":"THE_SILENT","items_purchased":["Matryoshka"],"campfire_rested":0,"item_purchase_floors":[21],"current_hp_per_floor":[63,45,43,43,45,21,27,27,27,27,27,20,20,17,17,10,70,70,70,44,44,21,0,0],"gold":52,"neow_bonus":"THREE_RARE_CARDS","is_daily":false,"chose_seed":false,"campfire_upgraded":2,"win_rate":0.0,"timestamp":1610286929,"path_taken":["M","?","M","?","?","E","M","M","T","?","R","?","R","M","R","BOSS","M","?","?","$","M","E"],"items_purchased_type":["Relic"],"build_version":"2020-12-22","purchased_purges":1,"victory":false,"max_hp_per_floor":[63,63,63,63,63,63,63,63,63,63,63,63,63,63,63,63,70,70,70,70,70,70,70,70],"card_choices":[{"not_picked":["Doppelganger","Glass Knife"],"picked":"Unload","floor":0},{"not_picked":["Sucker Punch","Dagger Spray"],"picked":"Cloak And Dagger","floor":1},{"not_picked":["Quick Slash","PiercingWail","Acrobatics"],"picked":"SKIP","floor":3},{"not_picked":["Slice","Tactician"],"picked":"Skewer","floor":5},{"not_picked":["Masterful Stab","Poisoned Stab"],"picked":"Crippling Poison","floor":6},{"not_picked":["All Out Attack","Masterful Stab"],"picked":"Terror","floor":7},{"not_picked":["Prepared","Concentrate"],"picked":"Doppelganger","floor":8},{"not_picked":["Outmaneuver+1","Masterful Stab"],"picked":"Distraction+1","floor":14},{"not_picked":["Venomology+1","Grand Finale"],"picked":"Envenom","floor":16},{"not_picked":["Dagger Throw","Calculated Gamble+1"],"picked":"Tactician+1","floor":18},{"not_picked":["Wraith Form v2","Outmaneuver+1"],"picked":"Predator","floor":20},{"not_picked":["Quick Slash+1","Slice+1"],"picked":"Catalyst+1","floor":22}],"player_experience":294151,"relics_obtained":[{"floor":6,"key":"Pantograph"},{"floor":10,"key":"Toxic Egg 2"},{"floor":17,"key":"Strawberry"},{"floor":17,"key":"Letter Opener"},{"floor":17,"key":"Dead Branch"}],"event_choices":[{"damage_healed":0,"gold_gain":0,"player_choice":"Success","damage_taken":18,"relics_obtained":["Blood Vial"],"max_hp_gain":0,"max_hp_loss":0,"event_name":"Scrap Ooze","floor":2,"gold_loss":0},{"damage_healed":0,"gold_gain":0,"cards_transformed":["Strike_G"],"player_choice":"Transformed","damage_taken":0,"max_hp_gain":0,"max_hp_loss":0,"event_name":"Transmorgrifier","floor":4,"gold_loss":0,"cards_obtained":["Outmaneuver"]},{"cards_removed":["Defend_G"],"damage_healed":0,"gold_gain":0,"player_choice":"Card Removal","damage_taken":7,"max_hp_gain":0,"max_hp_loss":0,"event_name":"Golden Wing","floor":12,"gold_loss":0},{"damage_healed":0,"gold_gain":0,"player_choice":"Traded Relic","damage_taken":0,"relics_obtained":["Nloth\u0027s Gift"],"max_hp_gain":0,"max_hp_loss":0,"event_name":"N\u0027loth","floor":19,"relics_lost":["Calling Bell"],"gold_loss":0}],"is_beta":false,"boss_relics":[{"not_picked":["Busted Crown","SlaversCollar"],"picked":"Calling Bell"}],"items_purged_floors":[21],"is_endless":false,"potions_floor_spawned":[5,6,7,16,18,20],"killed_by":"Book of Stabbing","ascension_level":0}}