{"host":"qdfumeom6htv8yxl","time":1610246233,"event":{"mods":["AchievementEnabler","BaseMod","Bestiary","Block Reminder","Minty Spire (QoL Compilation)","Quick Restart","Relic Stats"],"gold_per_floor":[120,120,45,74,98,98,117,117,117,82,117,117,117,137,137,221,221,239,257,284,310,310,310,310,310],"floor_reached":24,"playtime":1079,"items_purged":["Strike_B"],"score":422,"play_id":"39dfbb5e-338f-4958-ba1d-c58baf1c7258","local_time":"20210109203713","is_ascension_mode":true,"campfire_choices":[{"data":"Doom and Gloom","floor":6,"key":"SMITH"},{"data":"Hologram","floor":8,"key":"SMITH"},{"data":"Coolheaded","floor":12,"key":"SMITH"},{"data":"Redo","floor":15,"key":"SMITH"},{"floor":23,"key":"REST"}],"circlet_count":0,"master_deck":["AscendersBane","Strike_B","Strike_B","Strike_B","Defend_B","Defend_B","Defend_B+1","Defend_B","Zap+1","Dualcast","Doom and Gloom+1","Conserve Battery+1","Hologram+1","Coolheaded+1","Redo+1","Creative AI","Undo+1","Rebound+1"],"relics":["FrozenCore","CeramicFish","Thread and Needle","Ginger"],"acts_visited":["Exordium","TheCity"],"potions_floor_usage":[11,14,19,19],"damage_taken":[{"damage":4,"enemies":"Jaw Worm","floor":1,"turns":5},{"damage":3,"enemies":"2 Louse","floor":4,"turns":2},{"damage":1,"enemies":"Cultist","floor":5,"turns":3},{"damage":1,"enemies":"Blue Slaver","floor":7,"turns":4},{"damage":7,"enemies":"Lagavulin","floor":11,"turns":6},{"damage":4,"enemies":"3 Louse","floor":14,"turns":2},{"damage":0,"enemies":"Hexaghost","floor":16,"turns":9},{"damage":0,"enemies":"Spheric Guardian","floor":18,"turns":6},{"damage":0,"enemies":"3 Byrds","floor":19,"turns":4},{"damage":21,"enemies":"Sentry and Sphere","floor":20,"turns":6},{"damage":12,"enemies":"Snecko","floor":21,"turns":8},{"damage":26,"enemies":"Centurion and Healer","floor":24,"turns":5}],"seed_played":"4606924759285342772","potions_obtained":[{"floor":1,"key":"Energy Potion"},{"floor":7,"key":"ColorlessPotion"},{"floor":11,"key":"Energy Potion"},{"floor":16,"key":"Fire Potion"}],"is_trial":false,"path_per_floor":["M","?","$","M","M","R","M","R","T","?","E","R","?","M","R","B",null,"M","M","M","M","?","R","M"],"character_chosen":"DEFECT","items_purchased":[],"campfire_rested":1,"item_purchase_floors":[],"current_hp_per_floor":[60,46,46,43,42,42,41,41,41,58,51,51,51,47,47,47,65,65,65,44,32,19,41,15,15],"gold":310,"neow_bonus":"RANDOM_COMMON_RELIC","is_daily":false,"chose_seed":false,"campfire_upgraded":4,"win_rate":0.0,"timestamp":1610246233,"path_taken":["M","?","$","M","M","R","M","R","T","?","E","R","?","M","R","BOSS","M","M","?","M","?","R","M"],"items_purchased_type":[],"build_version":"2020-12-22","purchased_purges":1,"victory":false,"max_hp_per_floor":[71,71,71,71,71,71,71,71,71,71,71,71,71,71,71,71,71,71,71,71,71,76,76,76,76],"relic_stats":{"counters":[12,60],"CeramicFish":72,"Ginger":[0],"obtain_stats":[{"CeramicFish":0,"Thread and Needle":9,"Ginger":11,"Cracked Core":0,"FrozenCore":17},{"CeramicFish":0,"Thread and Needle":4,"Ginger":5,"Cracked Core":0,"FrozenCore":7},{"CeramicFish":0,"Thread and Needle":14,"Ginger":20,"Cracked Core":0,"FrozenCore":31}],"FrozenCore":[8]},"card_choices":[{"not_picked":["Heatsinks","Gash"],"picked":"Doom and Gloom","floor":1},{"not_picked":["Barrage","Force Field"],"picked":"Conserve Battery","floor":4},{"not_picked":["Sunder","Streamline"],"picked":"Hologram","floor":5},{"not_picked":["Sweeping Beam","Steam","Gash"],"picked":"SKIP","floor":7},{"not_picked":["Beam Cell","Go for the Eyes"],"picked":"Coolheaded","floor":11},{"not_picked":["Conserve Battery","Go for the Eyes"],"picked":"Redo","floor":14},{"not_picked":["Fission","Thunder Strike"],"picked":"Creative AI","floor":16},{"not_picked":["Auto Shields","Gash","Recycle"],"picked":"SKIP","floor":18},{"not_picked":["Melter+1","Capacitor+1","Chill+1"],"picked":"SKIP","floor":19},{"not_picked":["Steam","Stack"],"picked":"Undo+1","floor":20},{"not_picked":["Redo","White Noise"],"picked":"Rebound+1","floor":21}],"player_experience":1768446,"relics_obtained":[{"floor":9,"key":"Thread and Needle"},{"floor":11,"key":"Ginger"}],"event_choices":[{"damage_healed":0,"gold_gain":0,"player_choice":"Entered Light","damage_taken":14,"max_hp_gain":0,"max_hp_loss":0,"event_name":"Shining Light","floor":2,"gold_loss":0,"cards_upgraded":["Defend_B","Zap"]},{"damage_healed":17,"gold_gain":0,"player_choice":"Healed","damage_taken":0,"max_hp_gain":0,"max_hp_loss":0,"event_name":"The Cleric","floor":10,"gold_loss":35},{"damage_healed":0,"gold_gain":0,"player_choice":"Forge","damage_taken":0,"max_hp_gain":0,"max_hp_loss":0,"event_name":"Accursed Blacksmith","floor":13,"gold_loss":0,"cards_upgraded":["Conserve Battery"]},{"damage_healed":0,"gold_gain":0,"player_choice":"Shed Blood","damage_taken":18,"max_hp_gain":5,"max_hp_loss":0,"event_name":"Forgotten Altar","floor":22,"gold_loss":0}],"is_beta":false,"boss_relics":[{"not_picked":["Nuclear Battery","SlaversCollar"],"picked":"FrozenCore"}],"items_purged_floors":[3],"is_endless":false,"potions_floor_spawned":[1,7,11,16],"killed_by":"Centurion and Healer","ascension_level":14}}