{"host":"sdjng9zhqonqi3uc","time":1610314573,"event":{"mods":["2.2 Compatiblity","AchievementEnabler","BaseMod","BetterRewards","Colored Powertips","Hero for Fun","Minty Spire (QoL Compilation)","Shop Mod","StSLib","Td1madao Mod","The Animator","The Cursed","The Servant 0.9.4"],"gold_per_floor":[116,132,132,307,60,60,80,115,115,115,144,144,157,11,11,114,114,130,146,346,362,381,406,26,57,57,83,83,107,143,163,163,277,277,292,310,327,391,104,104,134,134,159,174,458,10,37,61,61,61,61,61,17,49,49],"floor_reached":56,"playtime":3043,"items_purged":["Defend_G","Regret","Doubt"],"score":1327,"play_id":"bd6caf4b-1417-4af1-a2c1-a0109d7c9174","local_time":"20210110223613","is_ascension_mode":false,"campfire_choices":[{"data":"Neutralize","floor":6,"key":"SMITH"},{"floor":10,"key":"RECALL"},{"data":"Setup","floor":12,"key":"SMITH"},{"data":"Deadly Poison","floor":15,"key":"SMITH"},{"data":"Crippling Poison","floor":28,"key":"SMITH"},{"floor":32,"key":"REST"},{"data":"Madness","floor":40,"key":"SMITH"},{"data":"Madness","floor":42,"key":"SMITH"},{"data":"Corpse Explosion","floor":49,"key":"SMITH"},{"data":"Poisoned Stab","floor":52,"key":"SMITH"}],"circlet_count":0,"master_deck":["Strike_G","Strike_G","Strike_G","Strike_G","Defend_G","Defend_G","Defend_G","Defend_G","Survivor","Neutralize+1","Setup+1","Noxious Fumes+1","Backstab","Poisoned Stab+1","Deadly Poison+1","Envenom+1","Crippling Poison+1","Corpse Explosion+1","Mayhem+1","After Image+1","Footwork+1","Terror+1","Noxious Fumes+1","After Image+1","Madness+1","Madness+1","Catalyst+1","Deadly Poison+1","Blur+1"],"relics":["Ring of the Serpent","Anchor","Torii","Shuriken","StrikeDummy","Snake Skull","Frozen Egg 2","Bag of Preparation","Black Star","Bag of Marbles","Turnip","MerchantsRug","CeramicFish","Eternal Feather","Red Mask","Tingsha","Ice Cream","Mercury Hourglass","Oddly Smooth Stone","Art of War","Happy Flower","TheAbacus","Boot","Vajra","Pantograph","Lizard Tail","Lantern","Bronze Scales","StoneCalendar","Thread and Needle"],"acts_visited":["Exordium","TheCity","TheBeyond","TheEnding"],"potions_floor_usage":[8,23,25,38,55],"damage_taken":[{"damage":0,"enemies":"Cultist","floor":1,"turns":3},{"damage":0,"enemies":"Small Slimes","floor":2,"turns":3},{"damage":1,"enemies":"Jaw Worm","floor":7,"turns":5},{"damage":17,"enemies":"Lagavulin","floor":8,"turns":9},{"damage":2,"enemies":"3 Sentries","floor":11,"turns":8},{"damage":0,"enemies":"Exordium Thugs","floor":13,"turns":4},{"damage":4,"enemies":"The Guardian","floor":16,"turns":7},{"damage":13,"enemies":"3 Byrds","floor":18,"turns":4},{"damage":0,"enemies":"Shell Parasite","floor":19,"turns":5},{"damage":2,"enemies":"3 Cultists","floor":21,"turns":5},{"damage":11,"enemies":"Shelled Parasite and Fungi","floor":22,"turns":4},{"damage":1,"enemies":"Gremlin Leader","floor":23,"turns":5},{"damage":23,"enemies":"Slavers","floor":25,"turns":5},{"damage":1,"enemies":"Centurion and Healer","floor":27,"turns":3},{"damage":3,"enemies":"Snake Plant","floor":29,"turns":4},{"damage":17,"enemies":"Masked Bandits","floor":30,"turns":3},{"damage":8,"enemies":"Shelled Parasite and Fungi","floor":31,"turns":6},{"damage":41,"enemies":"Collector","floor":33,"turns":7},{"damage":1,"enemies":"3 Shapes","floor":35,"turns":2},{"damage":12,"enemies":"3 Darklings","floor":37,"turns":3},{"damage":31,"enemies":"2 Orb Walkers","floor":38,"turns":4},{"damage":0,"enemies":"Nemesis","floor":41,"turns":7},{"damage":13,"enemies":"Writhing Mass","floor":44,"turns":5},{"damage":6,"enemies":"Sphere and 2 Shapes","floor":47,"turns":4},{"damage":24,"enemies":"Spire Growth","floor":48,"turns":5},{"damage":9,"enemies":"Time Eater","floor":50,"turns":10},{"damage":25,"enemies":"Shield and Spear","floor":54,"turns":4},{"damage":51,"enemies":"The Heart","floor":55,"turns":7}],"seed_played":"-5897210084270168449","potions_obtained":[{"floor":1,"key":"Block Potion"},{"floor":7,"key":"Regen Potion"},{"floor":13,"key":"Swift Potion"},{"floor":19,"key":"FearPotion"},{"floor":23,"key":"AttackPotion"},{"floor":25,"key":"Ancient Potion"},{"floor":30,"key":"FairyPotion"},{"floor":37,"key":"Fire Potion"},{"floor":38,"key":"BlessingOfTheForge"},{"floor":54,"key":"FairyPotion"}],"is_trial":false,"path_per_floor":["M","M","?","?","$","R","M","E","T","R","E","R","M","$","R","B",null,"M","M","?","M","M","E","$","E","T","M","R","M","?","M","R","B",null,"M","?","M","?","$","R","E","R","T","M","?","$","M","M","R","B",null,"R","$","E","B",null],"character_chosen":"THE_SILENT","items_purchased":["Anchor","Shuriken","Matryoshka","Membership Card","Mango","MerchantsRug","Mayhem+1","After Image+1","Lee\u0027s Waffle","Regal Pillow","Ice Cream","Mercury Hourglass","TheAbacus","Boot","Vajra","Pantograph","Lizard Tail","Lantern","Bronze Scales"],"campfire_rested":1,"item_purchase_floors":[0,0,5,14,24,24,24,24,39,39,39,39,46,46,46,46,46,53,53],"current_hp_per_floor":[38,38,38,38,38,38,37,35,35,35,33,33,33,33,33,29,65,52,52,52,50,39,38,52,29,29,28,40,37,20,12,50,9,79,78,68,56,25,86,86,86,86,86,73,73,73,67,43,61,77,86,86,86,61,35],"gold":49,"neow_bonus":"","is_daily":false,"chose_seed":false,"campfire_upgraded":8,"win_rate":0.0,"timestamp":1610314573,"path_taken":["M","M","?","?","$","R","M","E","T","R","E","R","M","?","R","BOSS","M","M","?","?","M","E","?","E","T","?","R","M","?","M","R","BOSS","M","?","M","?","$","R","E","R","T","M","?","$","M","M","R","BOSS","R","$","E","BOSS"],"items_purchased_type":["Relic","Relic","Relic","Relic","Relic","Relic","Card","Card","Relic","Relic","Relic","Relic","Relic","Relic","Relic","Relic","Relic","Relic","Relic"],"build_version":"2020-12-22","purchased_purges":3,"victory":true,"max_hp_per_floor":[65,65,65,65,65,65,65,65,65,65,65,65,65,65,65,65,65,65,65,65,65,65,65,79,79,79,79,79,79,79,79,79,79,79,79,79,79,79,86,86,86,86,86,86,86,86,86,86,86,86,86,86,86,86,86],"card_choices":[{"not_picked":["Underhanded Strike","Setup","Acrobatics"],"picked":"SKIP","floor":1},{"not_picked":["Underhanded Strike","Acrobatics"],"picked":"Setup","floor":1},{"not_picked":["Flying Knee","Quick Slash"],"picked":"Noxious Fumes","floor":2},{"not_picked":["Flying Knee","PiercingWail"],"picked":"Backstab","floor":7},{"not_picked":["Outmaneuver","Dagger Throw","Accuracy"],"picked":"SKIP","floor":8},{"not_picked":["Outmaneuver","Dodge and Roll"],"picked":"Poisoned Stab","floor":11},{"not_picked":["Flechettes","Bullet Time"],"picked":"Deadly Poison","floor":13},{"not_picked":["Grand Finale","Unload"],"picked":"Envenom+1","floor":16},{"not_picked":["Finisher","Outmaneuver","Slice"],"picked":"SKIP","floor":18},{"not_picked":["Outmaneuver","Dodge and Roll"],"picked":"Crippling Poison","floor":19},{"not_picked":["Underhanded Strike","Deflect+1","Flechettes"],"picked":"SKIP","floor":21},{"not_picked":["Infinite Blades+1","Sucker Punch","Bane"],"picked":"SKIP","floor":22},{"not_picked":["Deflect","Backflip"],"picked":"Corpse Explosion","floor":23},{"not_picked":["Outmaneuver","Blade Dance","Endless Agony+1"],"picked":"SKIP","floor":25},{"not_picked":["Dagger Spray+1","Outmaneuver"],"picked":"Footwork+1","floor":27},{"not_picked":["Blur","Masterful Stab"],"picked":"Terror+1","floor":29},{"not_picked":["Poisoned Stab","Bane"],"picked":"Noxious Fumes+1","floor":30},{"not_picked":["Backflip","Dagger Throw","Infinite Blades+1"],"picked":"SKIP","floor":31},{"not_picked":["Night Terror","Die Die Die"],"picked":"After Image+1","floor":33},{"not_picked":["Slice+1","Dodge and Roll","Finisher"],"picked":"SKIP","floor":35},{"not_picked":["Dagger Spray+1","Acrobatics+1","Heel Hook+1"],"picked":"SKIP","floor":37},{"not_picked":["Outmaneuver+1","Endless Agony+1"],"picked":"Catalyst+1","floor":38},{"not_picked":["Escape Plan","Backflip","Dash"],"picked":"SKIP","floor":41},{"not_picked":["Deflect+1","PiercingWail","Acrobatics+1"],"picked":"SKIP","floor":44},{"not_picked":["Venomology","Acrobatics+1"],"picked":"Deadly Poison+1","floor":47},{"not_picked":["Bane","Slice+1"],"picked":"Blur+1","floor":48},{"not_picked":["Endless Agony","Deadly Poison","Dagger Throw+1"],"picked":"SKIP","floor":54}],"player_experience":300262,"relics_obtained":[{"floor":8,"key":"StrikeDummy"},{"floor":9,"key":"Snake Skull"},{"floor":9,"key":"Frozen Egg 2"},{"floor":11,"key":"Bag of Preparation"},{"floor":23,"key":"Bag of Marbles"},{"floor":23,"key":"Turnip"},{"floor":25,"key":"CeramicFish"},{"floor":25,"key":"Eternal Feather"},{"floor":26,"key":"The Courier"},{"floor":30,"key":"Red Mask"},{"floor":38,"key":"Tingsha"},{"floor":41,"key":"Oddly Smooth Stone"},{"floor":41,"key":"Art of War"},{"floor":43,"key":"Happy Flower"},{"floor":54,"key":"StoneCalendar"},{"floor":54,"key":"Thread and Needle"}],"event_choices":[{"damage_healed":0,"gold_gain":0,"player_choice":"Grow","damage_taken":0,"max_hp_gain":0,"max_hp_loss":0,"event_name":"Living Wall","floor":3,"gold_loss":0,"cards_upgraded":["Noxious Fumes"]},{"damage_healed":0,"gold_gain":175,"player_choice":"AGREE","damage_taken":0,"max_hp_gain":0,"max_hp_loss":0,"event_name":"Liars Game","floor":4,"gold_loss":0,"cards_obtained":["Doubt"]},{"damage_healed":0,"gold_gain":250,"player_choice":"Bet on Owner","damage_taken":0,"max_hp_gain":0,"max_hp_loss":0,"event_name":"The Joust","floor":20,"gold_loss":50},{"damage_healed":0,"gold_gain":0,"player_choice":"Fought Bandits","damage_taken":0,"max_hp_gain":0,"max_hp_loss":0,"event_name":"Masked Bandits","floor":30,"gold_loss":0},{"damage_healed":0,"gold_gain":0,"player_choice":"Embrace Madness","damage_taken":10,"max_hp_gain":0,"max_hp_loss":0,"event_name":"Winding Halls","floor":36,"gold_loss":0,"cards_obtained":["Madness","Madness"]},{"damage_healed":0,"gold_gain":0,"player_choice":"Fight","damage_taken":0,"max_hp_gain":0,"max_hp_loss":0,"event_name":"Mysterious Sphere","floor":38,"gold_loss":0},{"damage_healed":0,"gold_gain":275,"player_choice":"Desecrate","damage_taken":0,"max_hp_gain":0,"max_hp_loss":0,"event_name":"Golden Shrine","floor":45,"gold_loss":0,"cards_obtained":["Regret"]}],"is_beta":false,"boss_relics":[{"not_picked":["HoveringKite","Velvet Choker"],"picked":"Black Star"},{"not_picked":["Empty Cage","Philosopher\u0027s Stone"],"picked":"Ring of the Serpent"}],"items_purged_floors":[39,46,53],"is_endless":false,"potions_floor_spawned":[1,7,13,19,23,25,29,30,37,38,47,54],"ascension_level":0}}