{"host":"sian7qp8a9pc9xwd","time":1610273599,"event":{"mods":["BaseMod","Lobotomy","Minty Spire (QoL Compilation)","StSLib"],"gold_per_floor":[114,114,114,124,141,141,216,248,299,299,311,323,323,323,323,323,323],"floor_reached":16,"playtime":3447,"items_purged":[],"score":105,"play_id":"5363de9f-a3cf-4163-a33f-b8663d3181f7","local_time":"20210110051319","is_ascension_mode":true,"campfire_choices":[{"data":"Neutralize","floor":6,"key":"SMITH"},{"floor":13,"key":"REST"},{"floor":15,"key":"REST"}],"circlet_count":0,"master_deck":["Strike_G","Strike_G","Strike_G","Strike_G","Defend_G","Defend_G","Defend_G","Defend_G","Survivor","Neutralize+1","CrumblingArmor","BeautyBeast","Leg Sweep","SpiderBud","BigBird","Backflip","Rudolta","CENSORED","Deadly Poison"],"relics":["Ring of the Snake","CogitoBucket","Vajra","Ancient Tea Set","ResearcherNote","NlothsMask"],"acts_visited":["Exordium"],"potions_floor_usage":[8,8],"damage_taken":[{"damage":0,"enemies":"Small Slimes","floor":1,"turns":5},{"damage":2,"enemies":"Jaw Worm","floor":4,"turns":5},{"damage":0,"enemies":"2 Louse","floor":5,"turns":3},{"damage":29,"enemies":"3 Sentries","floor":8,"turns":12},{"damage":1,"enemies":"Red Slaver","floor":11,"turns":3},{"damage":24,"enemies":"Exordium Wildlife","floor":12,"turns":7},{"damage":57,"enemies":"Hexaghost","floor":16,"turns":8}],"seed_played":"-1913409770471727149","potions_obtained":[{"floor":4,"key":"AttackPotion"},{"floor":5,"key":"SkillPotion"}],"is_trial":false,"path_per_floor":["M","?","?","M","M","R","?","E","T","?","M","M","R","?","R","B"],"character_chosen":"THE_SILENT","items_purchased":[],"campfire_rested":2,"item_purchase_floors":[],"current_hp_per_floor":[70,63,68,66,66,66,55,26,26,26,25,1,23,23,45,29,29],"gold":323,"neow_bonus":"","is_daily":false,"chose_seed":false,"campfire_upgraded":1,"win_rate":0.0,"timestamp":1610273599,"path_taken":["M","?","?","M","M","R","?","E","T","?","?","M","R","?","R","BOSS"],"items_purchased_type":[],"build_version":"2020-12-22","purchased_purges":0,"victory":false,"max_hp_per_floor":[70,70,75,75,75,75,75,75,75,75,75,75,75,75,75,75,75],"card_choices":[{"not_picked":["Murderer","BeautyBeast"],"picked":"CrumblingArmor","floor":1},{"not_picked":["Bane","Underhanded Strike","Prepared"],"picked":"SKIP","floor":1},{"not_picked":["WallGazer","ShyLook","Murderer"],"picked":"Singing Bowl","floor":4},{"not_picked":["LittleHelper","Scarecrow"],"picked":"BeautyBeast","floor":4},{"not_picked":["Bouncing Flask","Distraction"],"picked":"Leg Sweep","floor":4},{"not_picked":["OldLady","MeatLantern"],"picked":"SpiderBud","floor":5},{"not_picked":["Blade Dance","Bane","Endless Agony"],"picked":"SKIP","floor":5},{"not_picked":["Blade Dance","Bane","Endless Agony"],"picked":"SKIP","floor":5},{"not_picked":["DreamingCurrent","Wellcheers"],"picked":"BigBird","floor":8},{"not_picked":["Leg Sweep","Venomology","Finisher"],"picked":"SKIP","floor":8},{"not_picked":["Leg Sweep","Venomology","Finisher"],"picked":"SKIP","floor":8},{"not_picked":["FieryBird","Bloodbath"],"picked":"Rudolta","floor":11},{"not_picked":["Choke","Predator","Dagger Throw"],"picked":"SKIP","floor":11},{"not_picked":["Choke","Predator","Dagger Throw"],"picked":"SKIP","floor":11},{"not_picked":["CherryBlossoms","Bloodbath"],"picked":"CENSORED","floor":12},{"not_picked":["Burst","Prepared"],"picked":"Deadly Poison","floor":12}],"player_experience":652939,"relics_obtained":[{"floor":8,"key":"Vajra"},{"floor":9,"key":"Ancient Tea Set"}],"event_choices":[{"cards_removed":["Defend_G"],"damage_healed":0,"gold_gain":0,"player_choice":"Card Removal","damage_taken":7,"max_hp_gain":0,"max_hp_loss":0,"event_name":"Golden Wing","floor":2,"gold_loss":0},{"damage_healed":0,"gold_gain":0,"player_choice":"Donut","damage_taken":0,"max_hp_gain":5,"max_hp_loss":0,"event_name":"Big Fish","floor":3,"gold_loss":0},{"damage_healed":0,"gold_gain":75,"player_choice":"Gather Gold","damage_taken":11,"max_hp_gain":0,"max_hp_loss":0,"event_name":"World of Goop","floor":7,"gold_loss":0},{"damage_healed":0,"gold_gain":0,"cards_transformed":["Strike_G"],"player_choice":"Change","damage_taken":0,"max_hp_gain":0,"max_hp_loss":0,"event_name":"Living Wall","floor":10,"gold_loss":0,"cards_obtained":["Backflip"]},{"damage_healed":0,"gold_gain":0,"player_choice":"Trade","damage_taken":0,"relics_obtained":["NlothsMask"],"max_hp_gain":0,"max_hp_loss":0,"event_name":"FaceTrader","floor":14,"gold_loss":0}],"is_beta":false,"boss_relics":[],"items_purged_floors":[],"is_endless":false,"potions_floor_spawned":[4,5],"killed_by":"Hexaghost","ascension_level":1}}