{"host":"7c402rm0fqc13zvz","time":1610309180,"event":{"mods":["BaseMod","Marisa（F雨　魔理沙）","Minty Spire (QoL Compilation)","Reimu（博丽灵梦）","StSLib","The Administrix","Youmu（魂魄妖梦）","[功能]功能增强和修复MOD"],"gold_per_floor":[117,117,112,62,74,74,174,191,191,206,206,220,220,237,237,355,355,372,372,392,302,302,302,337,353,353,353,366,380,401,444,444,564,564,583,593,613,633,608,608,641,641,690,724,745,745,759,759,759,759],"floor_reached":51,"playtime":4261,"items_purged":["Poor:ReiMu","Strike_Lin:ReiMu","Defend_Lin:ReiMu","Strike_Lin:ReiMu","Strike_Lin:ReiMu","Defend_Lin:ReiMu","Strike_Lin:ReiMu","Defend_Lin:ReiMu","Defend_Lin:ReiMu","Stagnation:ReiMu","Intuition:ReiMu","WonderfulDomain:ReiMu","Meditation:ReiMu","Amulet:ReiMu+1","OctopathBindingBorder2:ReiMu+1"],"score":1005,"play_id":"12b6059e-1597-49f4-9278-87960f80df7d","local_time":"20210111040620","is_ascension_mode":true,"campfire_choices":[{"data":"FantasyBorder:ReiMu","floor":6,"key":"SMITH"},{"data":"KyokaiOfKami:ReiMu","floor":15,"key":"SMITH"},{"data":"NineCharacters:ReiMu","floor":23,"key":"SMITH"},{"data":"ManaGlint:ReiMu","floor":27,"key":"SMITH"},{"data":"Authority:ReiMu","floor":32,"key":"SMITH"},{"data":"KamiRite:ReiMu","floor":40,"key":"SMITH"},{"data":"DependentForm:ReiMu","floor":42,"key":"SMITH"},{"data":"RainPray2:ReiMu","floor":46,"key":"SMITH"},{"data":"FoulBorder2:ReiMu","floor":49,"key":"SMITH"}],"circlet_count":0,"master_deck":["CardOfSanctity:ReiMu+1","FantasyBorder:ReiMu+1","KyokaiOfKami:ReiMu+1","DependentForm:ReiMu+1","YinYangSange:ReiMu","Finesse+1","NineCharacters:ReiMu+1","KamiSacrifice:ReiMu+1","RainPray2:ReiMu+1","YinYangSange:ReiMu","Master of Strategy","Deep Breath","ManaGlint:ReiMu+1","Dreaming2:ReiMu","Authority:ReiMu+1","FineLineFantasy:ReiMu+1","WonderfulDomain:ReiMu+1","Intuition:ReiMu+1","Gathering:ReiMu+1","FineLineFantasy:ReiMu+1","Revelation:ReiMu+1","KamiRite:ReiMu+1","Trip","FoulBorder2:ReiMu+1"],"relics":["FlyPower:ReiMu","YidongShenshe:ReiMu","Blood Vial","Sling","White Beast Statue","HornCleat","CrazyTorch:ReiMu","Art of War","DollysMirror","Golden Idol","SlaversCollar","FossilizedHelix","Nunchaku","Chemical X","Pocketwatch","Oddly Smooth Stone","CaptainsWheel","Regal Pillow","Bottled Flame","Astrolabe","Gremlin Horn","Bottled Lightning","Orrery","Eternal Feather","War Paint","Bag of Marbles","Mastiff:ReiMu","Happy Flower","Membership Card"],"acts_visited":["Exordium","TheCity","TheBeyond"],"potions_floor_usage":[8,16,16,18,20,30,33,33,35,36,37,41,44,50,50],"damage_taken":[{"damage":1,"enemies":"2 Louse","floor":1,"turns":4},{"damage":12,"enemies":"Jaw Worm","floor":3,"turns":5},{"damage":0,"enemies":"Cultist","floor":5,"turns":2},{"damage":13,"enemies":"Blue Slaver","floor":8,"turns":3},{"damage":5,"enemies":"Looter","floor":10,"turns":2},{"damage":0,"enemies":"Lots of Slimes","floor":12,"turns":1},{"damage":0,"enemies":"Large Slime","floor":14,"turns":4},{"damage":9,"enemies":"The Guardian","floor":16,"turns":7},{"damage":6,"enemies":"Shell Parasite","floor":18,"turns":4},{"damage":9,"enemies":"Chosen","floor":20,"turns":5},{"damage":0,"enemies":"Gremlin Leader","floor":24,"turns":3},{"damage":4,"enemies":"Snake Plant","floor":25,"turns":3},{"damage":4,"enemies":"Snecko","floor":28,"turns":7},{"damage":0,"enemies":"3 Cultists","floor":29,"turns":2},{"damage":0,"enemies":"Snake Plant","floor":30,"turns":3},{"damage":1,"enemies":"Slavers","floor":31,"turns":3},{"damage":4,"enemies":"Collector","floor":33,"turns":7},{"damage":0,"enemies":"Orb Walker","floor":35,"turns":4},{"damage":0,"enemies":"3 Darklings","floor":36,"turns":2},{"damage":0,"enemies":"Maw","floor":37,"turns":4},{"damage":0,"enemies":"Sphere and 2 Shapes","floor":38,"turns":3},{"damage":0,"enemies":"Giant Head","floor":41,"turns":2},{"damage":0,"enemies":"Reptomancer","floor":44,"turns":3},{"damage":0,"enemies":"3 Darklings","floor":45,"turns":3},{"damage":8,"enemies":"Maw","floor":47,"turns":5},{"damage":0,"enemies":"Time Eater","floor":50,"turns":6}],"seed_played":"-8243124758137497856","potions_obtained":[{"floor":1,"key":"DistilledChaos"},{"floor":12,"key":"BlessingOfTheForge"},{"floor":12,"key":"PinkPotion:ReiMu"},{"floor":16,"key":"Ancient Potion"},{"floor":16,"key":"EssenceOfSteel"},{"floor":18,"key":"ZuzhouPotion:ReiMu"},{"floor":20,"key":"BottledKami:ReiMu"},{"floor":24,"key":"Block Potion"},{"floor":30,"key":"SteroidPotion"},{"floor":33,"key":"DistilledChaos"},{"floor":33,"key":"DuplicationPotion"},{"floor":35,"key":"AttackPotion"},{"floor":36,"key":"DistilledChaos"},{"floor":38,"key":"Ancient Potion"},{"floor":41,"key":"Strength Potion"},{"floor":44,"key":"Fruit Juice"},{"floor":44,"key":"FairyPotion"}],"is_trial":false,"path_per_floor":["M","?","M","$","M","R","?","M","T","M","$","M","?","M","R","B",null,"M","$","M","?","$","R","E","M","T","R","M","M","M","E","R","B",null,"M","M","M","M","$","R","E","R","T","E","M","R","M","$","R","B",null],"character_chosen":"REIMU","items_purchased":["Blood Vial","Sling","White Beast Statue","Conquer:ReiMu","KyokaiOfKami:ReiMu","OrbThrow:ReiMu","Energy Potion","CrazyTorch:ReiMu","Art of War","Finesse","NineCharacters:ReiMu","KamiSacrifice:ReiMu","RainPray2:ReiMu","DollysMirror","PowerPotion","Block Potion","Master of Strategy","Deep Breath","FossilizedHelix","Nunchaku","ManaGlint:ReiMu","Chemical X","Pocketwatch","Oddly Smooth Stone","Gremlin Horn","Bottled Lightning","Orrery","Trip","FoulBorder2:ReiMu","Mastiff:ReiMu","Happy Flower","Membership Card"],"campfire_rested":0,"item_purchase_floors":[4,4,4,4,4,4,4,11,11,11,11,11,11,11,11,11,19,19,19,19,19,22,22,22,39,39,39,48,48,48,48,48],"current_hp_per_floor":[64,64,52,52,54,54,54,43,43,40,40,42,26,28,28,21,65,59,59,52,52,52,52,54,52,52,52,50,52,54,55,55,53,65,65,65,65,65,65,65,65,65,65,70,70,70,62,62,70,70],"gold":759,"neow_bonus":"ONE_RANDOM_RARE_CARD","is_daily":false,"chose_seed":false,"campfire_upgraded":9,"win_rate":0.0,"timestamp":1610309180,"path_taken":["M","?","M","$","M","R","?","M","T","?","$","M","?","M","R","BOSS","M","$","M","?","$","R","E","M","T","R","M","M","M","E","R","BOSS","M","M","M","M","$","R","E","R","T","E","M","R","M","$","R","BOSS"],"items_purchased_type":["Relic","Relic","Relic","Card","Card","Card","Potion","Relic","Relic","Card","Card","Card","Card","Relic","Potion","Potion","Card","Card","Relic","Relic","Card","Relic","Relic","Relic","Relic","Relic","Relic","Card","Card","Relic","Relic","Relic"],"build_version":"2020-12-22","purchased_purges":15,"victory":true,"max_hp_per_floor":[65,65,65,65,65,65,65,65,65,65,65,65,65,65,65,65,65,65,65,65,65,65,65,65,65,65,65,65,65,65,65,65,65,65,65,65,65,65,65,65,65,65,65,70,70,70,70,70,70,70],"card_choices":[{"not_picked":["SubAcupoint:ReiMu","Enchanting:ReiMu"],"picked":"Intuition:ReiMu","floor":1},{"not_picked":["Amulet:ReiMu","OrbThrow:ReiMu"],"picked":"FantasyBorder:ReiMu","floor":3},{"not_picked":["SafetyPray:ReiMu","DoubleButterfly:ReiMu"],"picked":"DependentForm:ReiMu","floor":5},{"not_picked":["SubAcupoint:ReiMu","CareerPray:ReiMu","Conquer:ReiMu"],"picked":"SKIP","floor":8},{"not_picked":["LearningPray:ReiMu","OctopathBindingBorder2:ReiMu"],"picked":"YinYangSange:ReiMu","floor":10},{"not_picked":["EmergencyTakeOff:ReiMu","AirManeuver:ReiMu"],"picked":"SpringWay:ReiMu","floor":12},{"not_picked":["YinYangSign:ReiMu","OrbThrow:ReiMu"],"picked":"WonderfulDomain:ReiMu","floor":14},{"not_picked":["Intuition:ReiMu","OctopathBindingBorder2:ReiMu","EmergencyTakeOff:ReiMu"],"picked":"SKIP","floor":18},{"not_picked":["SpringWay:ReiMu","PassingAway:ReiMu","Crusade:ReiMu+1"],"picked":"SKIP","floor":20},{"not_picked":["Conquer:ReiMu","LearningPray:ReiMu","ShadowOfCrow2:ReiMu+1"],"picked":"SKIP","floor":24},{"not_picked":["Conquer:ReiMu","LearningPray:ReiMu","ShadowOfCrow2:ReiMu+1"],"picked":"SKIP","floor":24},{"not_picked":["SealNeedle:ReiMu+1","SafetyPray:ReiMu+1","Meditation:ReiMu"],"picked":"SKIP","floor":25},{"not_picked":["ManaGlint:ReiMu","AlertArray:ReiMu"],"picked":"Dreaming2:ReiMu","floor":28},{"not_picked":["Intuition:ReiMu","SubAcupoint:ReiMu"],"picked":"Meditation:ReiMu","floor":29},{"not_picked":["SpiritualOutbreak2:ReiMu+1","KamiSacrifice:ReiMu"],"picked":"Authority:ReiMu","floor":30},{"not_picked":["SafetyPray:ReiMu","Amulet:ReiMu+1","Enchanting:ReiMu"],"picked":"SKIP","floor":31},{"not_picked":["Mountainwind:ReiMu","FantasyMoon:ReiMu","Amulet:ReiMu+1"],"picked":"SKIP","floor":35},{"not_picked":["AirStrike:ReiMu","TightArray:ReiMu+1"],"picked":"WonderfulDomain:ReiMu+1","floor":36},{"not_picked":["AirStrike:ReiMu","SubcavityInstant:ReiMu"],"picked":"Intuition:ReiMu+1","floor":37},{"not_picked":["WonderfulDomain:ReiMu","FantasyBorder:ReiMu+1"],"picked":"Gathering:ReiMu+1","floor":38},{"not_picked":["DoubleButterfly:ReiMu+1","SpiritualOutbreak2:ReiMu"],"picked":"FineLineFantasy:ReiMu+1","floor":39},{"not_picked":["BlastKick2:ReiMu","AlertArray:ReiMu+1"],"picked":"Revelation:ReiMu+1","floor":39},{"not_picked":["PrepareRite:ReiMu+1","AirStrike:ReiMu"],"picked":"KamiRite:ReiMu","floor":39},{"not_picked":["SubcavityInstant:ReiMu+1","InherentArray:ReiMu","YinYangSange:ReiMu"],"picked":"SKIP","floor":41},{"not_picked":["SpringWay:ReiMu+1","BlastKick2:ReiMu","Amulet:ReiMu"],"picked":"SKIP","floor":44},{"not_picked":["UniversalSpiritual:ReiMu+1","ForcedLanding:ReiMu","RainPray2:ReiMu"],"picked":"SKIP","floor":45},{"not_picked":["CollectionFlower2:ReiMu+1","SpreadBorder2:ReiMu+1","ShadowOfCrow2:ReiMu"],"picked":"SKIP","floor":47}],"player_experience":52007,"relics_obtained":[{"floor":9,"key":"HornCleat"},{"floor":24,"key":"CaptainsWheel"},{"floor":26,"key":"Regal Pillow"},{"floor":31,"key":"Bottled Flame"},{"floor":41,"key":"Eternal Feather"},{"floor":43,"key":"War Paint"},{"floor":44,"key":"Bag of Marbles"}],"event_choices":[{"damage_healed":0,"gold_gain":0,"player_choice":"带走神社","damage_taken":0,"relics_obtained":["YidongShenshe:ReiMu"],"max_hp_gain":0,"max_hp_loss":0,"event_name":"yidonshenshe","floor":2,"gold_loss":0,"cards_obtained":["Poor:ReiMu"]},{"damage_healed":0,"gold_gain":100,"player_choice":"Pray","damage_taken":0,"max_hp_gain":0,"max_hp_loss":0,"event_name":"Golden Shrine","floor":7,"gold_loss":0},{"damage_healed":0,"gold_gain":0,"player_choice":"Take Damage","damage_taken":16,"relics_obtained":["Golden Idol"],"max_hp_gain":0,"max_hp_loss":0,"event_name":"Golden Idol","floor":13,"gold_loss":0},{"cards_removed":["SpringWay:ReiMu"],"damage_healed":0,"gold_gain":0,"player_choice":"Upgrade and Remove","damage_taken":0,"max_hp_gain":0,"max_hp_loss":0,"event_name":"Designer","floor":21,"gold_loss":90,"cards_upgraded":["CardOfSanctity:ReiMu"]}],"is_beta":false,"boss_relics":[{"not_picked":["Snecko Eye","Busted Crown"],"picked":"SlaversCollar"},{"not_picked":["Philosopher\u0027s Stone","Coffee Dripper"],"picked":"Astrolabe"}],"items_purged_floors":[4,4,4,4,4,4,4,4,4,4,39,39,39,39,39],"is_endless":false,"potions_floor_spawned":[1,5,8,10,10,12,12,12,14,14,16,16,18,18,20,20,24,24,24,25,25,28,28,29,30,31,33,33,33,35,36,36,37,37,38,38,41,44,44,44,44,45,45,47,47],"ascension_level":2}}