{"host":"soyfmymeou4emntr","time":1610248546,"event":{"mods":["BaseMod","Minty Spire (QoL Compilation)","Relic Sorter","Relic Stats","StSLib"],"gold_per_floor":[112,37,54,71,121,150,162,192,241,268,268,308,308,342,342,422,422,448,461,478,478,29,65,65,96,96,11,11,35,35,64,64,64,64],"floor_reached":33,"playtime":3007,"items_purged":["Strike_R"],"score":646,"play_id":"aa8eaf84-14ce-45f6-ac4e-62fef7ed247b","local_time":"20210109201546","is_ascension_mode":true,"campfire_choices":[{"floor":11.0,"key":"REST"},{"floor":15.0,"key":"REST"},{"floor":24.0,"key":"REST"},{"floor":28,"key":"REST"},{"data":"Rupture","floor":30,"key":"SMITH"},{"floor":32,"key":"REST"}],"circlet_count":0,"master_deck":["AscendersBane","Strike_R","Strike_R","Strike_R","Strike_R","Defend_R","Defend_R","Defend_R","Defend_R","Bash","Combust","Hemokinesis","Flame Barrier","Shrug It Off","Armaments+1","Fire Breathing","True Grit+1","Fiend Fire","Offering+1","Demon Form","Bloodletting+1","Rupture+1","Warcry+1","Dark Shackles+1","Combust","Disarm+1"],"relics":["Black Blood","NeowsBlessing","Toxic Egg 2","CeramicFish","Regal Pillow","Akabeko","GremlinMask","Potion Belt","PreservedInsect","Orichalcum","Anchor","White Beast Statue","Toy Ornithopter","StrikeDummy"],"acts_visited":["Exordium","TheCity"],"potions_floor_usage":[33,33],"damage_taken":[{"damage":0.0,"enemies":"Small Slimes","floor":1.0,"turns":1.0},{"damage":0.0,"enemies":"Cultist","floor":3.0,"turns":1.0},{"damage":0.0,"enemies":"Jaw Worm","floor":4.0,"turns":1.0},{"damage":51.0,"enemies":"Lagavulin","floor":6.0,"turns":7.0},{"damage":3.0,"enemies":"Large Slime","floor":7.0,"turns":5.0},{"damage":22.0,"enemies":"Gremlin Gang","floor":10.0,"turns":5.0},{"damage":37.0,"enemies":"Gremlin Nob","floor":12.0,"turns":4.0},{"damage":1.0,"enemies":"Lagavulin","floor":14.0,"turns":5.0},{"damage":11.0,"enemies":"Slime Boss","floor":16.0,"turns":9.0},{"damage":7.0,"enemies":"Spheric Guardian","floor":18.0,"turns":2.0},{"damage":33.0,"enemies":"Shell Parasite","floor":19.0,"turns":5.0},{"damage":10.0,"enemies":"Snake Plant","floor":20.0,"turns":2.0},{"damage":54.0,"enemies":"Book of Stabbing","floor":23.0,"turns":5.0},{"damage":51,"enemies":"Slavers","floor":25,"turns":5},{"damage":40,"enemies":"Sentry and Sphere","floor":29,"turns":5},{"damage":14,"enemies":"Book of Stabbing","floor":31,"turns":3},{"damage":87,"enemies":"Collector","floor":33,"turns":9}],"seed_played":"-1038366518094187425","potions_obtained":[{"floor":3.0,"key":"Block Potion"},{"floor":7.0,"key":"LiquidMemories"},{"floor":10.0,"key":"BloodPotion"},{"floor":12.0,"key":"Swift Potion"},{"floor":18.0,"key":"Energy Potion"},{"floor":25,"key":"SpeedPotion"},{"floor":29,"key":"Fire Potion"},{"floor":31,"key":"LiquidBronze"}],"is_trial":false,"path_per_floor":["M","$","M","M","?","E","M","?","T","M","R","E","?","E","R","B",null,"M","M","M","?","$","E","R","E","T","?","R","M","R","E","R","B"],"character_chosen":"IRONCLAD","items_purchased":["Hemokinesis","PreservedInsect","Rupture","Warcry+1","Dark Shackles+1"],"campfire_rested":5,"item_purchase_floors":[2,22,22,22,22],"current_hp_per_floor":[74,74,75,75,75,30,33,33,33,17,54,23,23,28,65,60,71,75,54,56,56,56,29,66,27,27,27,64,36,36,34,71,0,0],"gold":64,"neow_bonus":"THREE_ENEMY_KILL","is_daily":false,"chose_seed":false,"campfire_upgraded":1,"win_rate":0.0,"timestamp":1610248546,"path_taken":["M","$","M","M","?","E","?","?","T","M","R","E","?","E","R","BOSS","M","M","?","?","$","E","R","E","T","?","R","M","R","E","R","BOSS"],"items_purchased_type":["Card","Relic","Card","Card","Card"],"build_version":"2020-12-22","purchased_purges":1,"victory":false,"max_hp_per_floor":[75,75,75,75,75,75,75,75,75,75,75,75,75,75,75,75,75,75,75,75,75,75,75,75,75,75,75,75,75,75,75,75,75,75],"relic_stats":{"Regal Pillow":75,"counters":[17,74],"CeramicFish":90,"Black Blood":126,"PreservedInsect":128,"Orichalcum":[24],"obtain_stats":[{"Potion Belt":14,"Regal Pillow":9,"NeowsBlessing":0,"CeramicFish":8,"Black Blood":17,"GremlinMask":13,"PreservedInsect":22,"Orichalcum":23,"Burning Blood":0,"Akabeko":12,"White Beast Statue":26,"Anchor":25,"Toxic Egg 2":6,"StrikeDummy":31,"Toy Ornithopter":27},{"Potion Belt":8,"Regal Pillow":5,"NeowsBlessing":0,"CeramicFish":5,"Black Blood":9,"GremlinMask":7,"PreservedInsect":12,"Orichalcum":13,"Burning Blood":0,"Akabeko":7,"White Beast Statue":14,"Anchor":14,"Toxic Egg 2":4,"StrikeDummy":16,"Toy Ornithopter":14},{"Potion Belt":29,"Regal Pillow":15,"NeowsBlessing":0,"CeramicFish":15,"Black Blood":38,"GremlinMask":24,"PreservedInsect":47,"Orichalcum":52,"Burning Blood":0,"Akabeko":24,"White Beast Statue":57,"Anchor":57,"Toxic Egg 2":10,"StrikeDummy":65,"Toy Ornithopter":57}],"Toy Ornithopter":10},"card_choices":[{"not_picked":["Perfected Strike","Heavy Blade"],"picked":"Combust","floor":1.0},{"not_picked":["Dark Embrace","Anger"],"picked":"Flame Barrier","floor":3.0},{"not_picked":["Searing Blow","Clash"],"picked":"Shrug It Off","floor":4.0},{"not_picked":["Limit Break+1","Feel No Pain"],"picked":"Armaments+1","floor":6.0},{"not_picked":["Cleave","Heavy Blade"],"picked":"Fire Breathing","floor":7.0},{"not_picked":["Flex+1","Rage+1"],"picked":"True Grit+1","floor":10.0},{"not_picked":["Heavy Blade","Searing Blow"],"picked":"Fiend Fire","floor":12.0},{"not_picked":["True Grit+1","Sword Boomerang"],"picked":"Offering+1","floor":14.0},{"not_picked":["Fiend Fire","Limit Break+1"],"picked":"Demon Form","floor":16.0},{"not_picked":["Flex+1","Clash"],"picked":"Bloodletting+1","floor":18.0},{"not_picked":["Clothesline","Shrug It Off+1","Heavy Blade"],"picked":"SKIP","floor":19.0},{"not_picked":["Burning Pact+1","Pommel Strike","Wild Strike"],"picked":"SKIP","floor":20.0},{"not_picked":["Bloodletting+1","Dark Embrace"],"picked":"Combust","floor":23.0},{"not_picked":["Second Wind+1","Infernal Blade+1","Combust"],"picked":"SKIP","floor":25},{"not_picked":["Iron Wave","Perfected Strike"],"picked":"Disarm+1","floor":29},{"not_picked":["Flex+1","Whirlwind","Double Tap+1"],"picked":"SKIP","floor":31}],"player_experience":2801899,"relics_obtained":[{"floor":6.0,"key":"Toxic Egg 2"},{"floor":9.0,"key":"Regal Pillow"},{"floor":12.0,"key":"Akabeko"},{"floor":14.0,"key":"Potion Belt"},{"floor":23.0,"key":"Orichalcum"},{"floor":25,"key":"Anchor"},{"floor":26,"key":"White Beast Statue"},{"floor":31,"key":"StrikeDummy"}],"event_choices":[{"damage_healed":0.0,"max_hp_gain":0.0,"max_hp_loss":0.0,"gold_gain":50.0,"event_name":"Golden Shrine","player_choice":"Pray","floor":5.0,"gold_loss":0.0,"damage_taken":0.0},{"damage_healed":0.0,"max_hp_gain":0.0,"max_hp_loss":0.0,"gold_gain":30.0,"event_name":"Dead Adventurer","player_choice":"Searched \u00272\u0027 times","floor":8.0,"gold_loss":0.0,"damage_taken":0.0,"relics_obtained":["CeramicFish"]},{"damage_healed":0.0,"max_hp_gain":0.0,"max_hp_loss":0.0,"gold_gain":0.0,"event_name":"FaceTrader","player_choice":"Trade","floor":13.0,"gold_loss":0.0,"damage_taken":0.0,"relics_obtained":["GremlinMask"]},{"damage_healed":0.0,"max_hp_gain":0.0,"max_hp_loss":0.0,"gold_gain":0.0,"event_name":"The Mausoleum","player_choice":"Ignored","floor":21.0,"gold_loss":0.0,"damage_taken":0.0},{"damage_healed":0,"gold_gain":0,"player_choice":"Obtained Relic","damage_taken":0,"relics_obtained":["Toy Ornithopter"],"max_hp_gain":0,"max_hp_loss":0,"event_name":"Addict","floor":27,"gold_loss":85}],"is_beta":false,"boss_relics":[{"not_picked":["Empty Cage","Astrolabe"],"picked":"Black Blood"}],"items_purged_floors":[22],"is_endless":false,"potions_floor_spawned":[3,7,10,12,18,25,29,31],"killed_by":"Collector","ascension_level":20}}