{"host":"ygfasg9u7olr7skw","time":1610321016,"event":{"mods":["AchievementEnabler","BaseMod","Better Note","Better Vampires","Colored Powertips","Minty Spire (QoL Compilation)","Replay The Spire","Spicy Shops","StSLib","The IronCluck"],"gold_per_floor":[209,134,154,164,164,189,189,218,218,218,218,118,134,164,164,263,263,275,286,11,22,22,56,56,67,67,81,21,21,21,34,34,34,34],"floor_reached":33,"playtime":2041,"items_purged":["Strike_R","Strike_R","Strike_R","Defy Death"],"score":300,"play_id":"33dc5d7c-c680-44ad-8c9b-d5bf6a2e95c2","local_time":"20210110182336","is_ascension_mode":false,"campfire_choices":[{"data":"Anger","floor":7,"key":"SMITH"},{"floor":15,"key":"REST"},{"floor":24,"key":"REST"},{"floor":29,"key":"REST"},{"floor":32,"key":"REST"}],"circlet_count":0,"master_deck":["Defend_R","Defend_R","Defend_R","Defend_R","Bash","Anger+1","Clash","Cleave","Dropkick","Heavy Blade","Thunderclap"],"relics":["Burning Blood","Du-Vu Doll","Replay:Multitool","Charon\u0027s Ashes","Regal Pillow","Velvet Choker","Blue Doll","Snack Pack"],"acts_visited":["Exordium","TheCity"],"potions_floor_usage":[16],"damage_taken":[{"damage":6,"enemies":"Cultist","floor":1,"turns":3},{"damage":4,"enemies":"2 Louse","floor":3,"turns":3},{"damage":11,"enemies":"Jaw Worm","floor":4,"turns":2},{"damage":0,"enemies":"Replay:BlueRogue","floor":6,"turns":5},{"damage":22,"enemies":"Lagavulin","floor":8,"turns":6},{"damage":16,"enemies":"Red Slaver","floor":13,"turns":5},{"damage":59,"enemies":"Fading Forest","floor":16,"turns":11},{"damage":5,"enemies":"3 Byrds","floor":18,"turns":5},{"damage":0,"enemies":"Chosen","floor":19,"turns":4},{"damage":16,"enemies":"Centurion and Healer","floor":21,"turns":5},{"damage":29,"enemies":"Replay:Snechameleon","floor":23,"turns":4},{"damage":10,"enemies":"Cultist and Chosen","floor":25,"turns":5},{"damage":43,"enemies":"Sentry and Sphere","floor":27,"turns":6},{"damage":36,"enemies":"Centurion and Healer","floor":31,"turns":4},{"damage":42,"enemies":"Champ","floor":33,"turns":8}],"seed_played":"8839953089060150189","potions_obtained":[{"floor":1,"key":"BloodPotion"},{"floor":3,"key":"Weak Potion"},{"floor":13,"key":"ElixirPotion"},{"floor":16,"key":"Reflective Coating"},{"floor":19,"key":"SteroidPotion"},{"floor":31,"key":"SteroidPotion"}],"is_trial":false,"path_per_floor":["M","$","M","M","?","E","R","E","T","R","?","$","M","?","R","B",null,"M","M","$","M","?","E","R","M","T","M","?","R","?","M","R","B"],"character_chosen":"IRONCLAD","items_purchased":[],"campfire_rested":4,"item_purchase_floors":[],"current_hp_per_floor":[80,80,80,75,68,74,74,58,58,58,63,63,53,53,85,32,85,85,85,85,75,75,52,85,81,81,48,48,85,85,59,85,57,57],"gold":34,"neow_bonus":"HUNDRED_GOLD","is_daily":false,"chose_seed":false,"campfire_upgraded":1,"win_rate":0.0,"timestamp":1610321016,"path_taken":["M","$","M","M","?","E","R","E","T","R","?","?","?","?","R","BOSS","M","M","$","M","?","E","R","M","T","M","?","R","?","M","R","BOSS"],"items_purchased_type":[],"build_version":"2020-12-22","purchased_purges":4,"victory":false,"max_hp_per_floor":[80,80,80,80,80,80,80,80,80,80,85,85,85,85,85,85,85,85,85,85,85,85,85,85,85,85,85,85,85,85,85,85,85,85],"card_choices":[{"not_picked":["Abandon","Sword Boomerang"],"picked":"Anger","floor":1},{"not_picked":["Twin Strike","Heavy Blade"],"picked":"Clash","floor":3},{"not_picked":["Pommel Strike","Blood for Blood","ReplayTheSpireMod:Strike From Hell"],"picked":"SKIP","floor":4},{"not_picked":["Hemogenesis","Armaments"],"picked":"Cleave","floor":6},{"not_picked":["Massacre","Pommel Strike"],"picked":"Dropkick","floor":8},{"not_picked":["Clothesline","Run Through","ReplayTheSpireMod:Stacked"],"picked":"SKIP","floor":13},{"not_picked":["Clash","Seeing Red+1"],"picked":"Heavy Blade","floor":18},{"not_picked":["ReplayReversal","Spot Weakness","ReplayTheSpireMod:LeadingStrike+1"],"picked":"SKIP","floor":19},{"not_picked":["Sword Boomerang+1","Whirlwind","Rage+1"],"picked":"SKIP","floor":21},{"not_picked":["ReplayTheSpireMod:Stacked","Juggernaut"],"picked":"Thunderclap","floor":23},{"not_picked":["True Grit","Havoc+1","Shrug It Off"],"picked":"SKIP","floor":25},{"not_picked":["Dual Wield","Cleave","Clothesline"],"picked":"SKIP","floor":27},{"not_picked":["Thunderclap","Cleave","True Grit"],"picked":"SKIP","floor":31}],"player_experience":241354,"relics_obtained":[{"floor":6,"key":"Du-Vu Doll"},{"floor":8,"key":"Replay:Multitool"},{"floor":9,"key":"Charon\u0027s Ashes"},{"floor":23,"key":"Blue Doll"},{"floor":26,"key":"Snack Pack"}],"event_choices":[{"cards_removed":["Strike_R"],"damage_healed":0,"gold_gain":0,"player_choice":"Card Removal","damage_taken":7,"max_hp_gain":0,"max_hp_loss":0,"event_name":"Golden Wing","floor":5,"gold_loss":0},{"damage_healed":0,"gold_gain":0,"player_choice":"Donut","damage_taken":0,"max_hp_gain":5,"max_hp_loss":0,"event_name":"Big Fish","floor":11,"gold_loss":0},{"damage_healed":0,"gold_gain":30,"player_choice":"Searched \u00272\u0027 times","damage_taken":0,"relics_obtained":["Regal Pillow"],"max_hp_gain":0,"max_hp_loss":0,"event_name":"Dead Adventurer","floor":14,"gold_loss":0},{"cards_removed":["Cleave"],"damage_healed":0,"gold_gain":0,"player_choice":"Give","damage_taken":0,"max_hp_gain":0,"max_hp_loss":0,"event_name":"betterNote:BetterNote","floor":22,"gold_loss":0,"cards_obtained":["Strike_G"]},{"damage_healed":0,"gold_gain":0,"player_choice":"Ignored","damage_taken":0,"max_hp_gain":0,"max_hp_loss":0,"event_name":"The Mausoleum","floor":30,"gold_loss":0}],"is_beta":false,"boss_relics":[{"not_picked":["Tiny House","Painkiller Herb"],"picked":"Velvet Choker"}],"items_purged_floors":[2,12,20,20],"is_endless":false,"potions_floor_spawned":[1,3,13,16,19,23,31],"killed_by":"Champ","ascension_level":0}}