{"host":"njruw0b0uprlitpx","time":1610256965,"event":{"mods":["2.2 Compatiblity","Bartender","BaseMod","Better Altar","Better Match","Better Note","Better Sensory Stone","Better Skull","Better Third Choice","Block Reminder","Colored Map","Colored Powertips","Downfall","Energized Spire","Jedi Mod","Keyboard Shortcuts","Minty Spire (QoL Compilation)","Quick Restart","Rare Cards Sparkle","Relic Stats","Replay The Spire","SacredBarkPlus","Spicy Shops","StSLib","SuperFastMode"],"gold_per_floor":[99,99,2,2,22,172,172,189,189,200,211,136,148,148,162,262,262,262,362,462,481,481,17,17,30,62,82,109,126,51,67,86,186,186,186,198,9,19,19,45,122,47,65,415,236,236,266,266,284,284,284,319,22,22,22],"floor_reached":56,"playtime":12035,"items_purged":["Slimebound:Icky","Guardian:Strike_Guardian"],"score":1412,"play_id":"ce8ae26a-ad39-4b41-87f1-8cfa0c3090f6","local_time":"20210109233605","is_ascension_mode":false,"campfire_choices":[{"floor":1,"key":"RECALL"},{"data":"Guardian:Suspension","floor":12,"key":"SMITH"},{"data":"Guardian:AncientConstruct","floor":18,"key":"SMITH"},{"floor":30,"key":"REST"},{"data":"Guardian:DecasProtection","floor":35,"key":"SMITH"},{"data":"Guardian:RefractedBeam","floor":42,"key":"SMITH"},{"data":"Guardian:Orbwalk","floor":46,"key":"SMITH"},{"data":"ReplayTheSpireMod:Brewmster","floor":54,"key":"SMITH"}],"circlet_count":0,"master_deck":["Guardian:Strike_Guardian","Guardian:Strike_Guardian","Guardian:Strike_Guardian","Guardian:Defend_Guardian","Guardian:Defend_Guardian","Guardian:Defend_Guardian","Guardian:Defend_Guardian","Guardian:CurlUp","Guardian:TwinSlam","Glass Knife","Guardian:Suspension+1","Guardian:FloatingOrbs+1","Guardian:ChargeCore","Guardian:TemporalStrike","Guardian:Incinerate+1","Guardian:Incinerate","Guardian:PrimingBeam","Guardian:AncientConstruct+1","Guardian:ArmoredProtocol","Glass Knife","Guardian:DecasProtection+1","Guardian:ChargeUp","Guardian:WalkerClaw+1","Guardian:Orbwalk+1","Guardian:WalkerClaw+1","Guardian:PiercingHide+1","Guardian:EvasiveProtocol","Guardian:ShieldCharger","Guardian:StasisField","Guardian:CrystalBeam+1","Guardian:Suspension+1","Guardian:RefractedBeam+1","Guardian:HyperBeam_Guardian","Guardian:HyperBeam_Guardian","Guardian:SentryBeam+1","Guardian:Aged","Guardian:FastForward","Guardian:GuardianWhirl","Guardian:Emergency+1","Guardian:SpikerProtocol","Guardian:PolyBeam","Guardian:PolyBeam","Guardian:Orbwalk+1","Guardian:MultiBeam+1","Guardian:SentryBeam","Guardian:BronzeArmor+1","Guardian:StasisStrike","Guardian:PiercingHide+1","Guardian:Harden+1","Guardian:BronzeOrb","Guardian:PrimingBeam","ReplayTheSpireMod:Brewmster+1"],"relics":["Guardian:ModeShifter","Guardian:GemstoneGun","Ginger","downfall:HeartBlessingRed","energizedSpire:RedRose","Membership Card","Guardian:BottledStasis","Oddly Smooth Stone","Snack Pack","Eternal Feather","Chameleon Ring","Happy Flower","downfall:HeartBlessingGreen","sneckomod:SneckoTalon","Guardian:StasisEgg","Cleaning_Rag","downfall:HeartBlessingBlue","Old Coin","champ:DuelingGlove","InkBottle","Singing Bowl","Orrery","Ice Cream","Prayer Wheel","Toy Ornithopter","Quantum Egg"],"acts_visited":["Exordium","TheCity","TheBeyond","TheEnding"],"potions_floor_usage":[16,16,16,16,16,28,31,33,33,33,40,44,50,50,55,55,55,55],"damage_taken":[{"damage":0,"enemies":"downfall:FleeingMerchant","floor":3,"turns":4},{"damage":0,"enemies":"Small Slimes","floor":5,"turns":3},{"damage":1,"enemies":"Jaw Worm","floor":8,"turns":3},{"damage":0,"enemies":"Cultist","floor":10,"turns":2},{"damage":0,"enemies":"3 Louse","floor":11,"turns":2},{"damage":0,"enemies":"2 Fungi Beasts","floor":13,"turns":2},{"damage":5,"enemies":"Gremlin Gang","floor":15,"turns":2},{"damage":17,"enemies":"downfall:Ironclad","floor":16,"turns":6},{"damage":12,"enemies":"Shell Parasite","floor":21,"turns":4},{"damage":11,"enemies":"downfall:FleeingMerchant","floor":23,"turns":4},{"damage":7,"enemies":"Spheric Guardian","floor":25,"turns":4},{"damage":29,"enemies":"Book of Stabbing","floor":26,"turns":5},{"damage":10,"enemies":"3 Cultists","floor":27,"turns":6},{"damage":3,"enemies":"Replay:Snechameleon","floor":28,"turns":4},{"damage":2,"enemies":"Snecko","floor":29,"turns":3},{"damage":16,"enemies":"Sentry and Sphere","floor":31,"turns":4},{"damage":13,"enemies":"Centurion and Healer","floor":32,"turns":5},{"damage":11,"enemies":"downfall:Defect","floor":33,"turns":6},{"damage":0,"enemies":"3 Darklings","floor":36,"turns":5},{"damage":3,"enemies":"downfall:FleeingMerchant","floor":37,"turns":4},{"damage":1,"enemies":"3 Shapes","floor":38,"turns":4},{"damage":0,"enemies":"Nemesis","floor":40,"turns":5},{"damage":10,"enemies":"3 Darklings","floor":43,"turns":3},{"damage":8,"enemies":"Mind Bloom Boss Battle","floor":44,"turns":4},{"damage":0,"enemies":"downfall:FleeingMerchant","floor":45,"turns":1},{"damage":16,"enemies":"Reptomancer","floor":47,"turns":4},{"damage":0,"enemies":"Transient","floor":49,"turns":5},{"damage":0,"enemies":"downfall:Watcher","floor":50,"turns":5},{"damage":20,"enemies":"downfall:CharBossMerchant","floor":52,"turns":6},{"damage":25,"enemies":"downfall:NeowBoss","floor":55,"turns":15}],"seed_played":"-6219901858027112926","potions_obtained":[{"floor":0,"key":"Reflective Coating"},{"floor":0,"key":"Regen Potion"},{"floor":0,"key":"EntropicBrew"},{"floor":8,"key":"Strength Potion"},{"floor":25,"key":"Guardian:DefensiveModePotion"},{"floor":26,"key":"GamblersBrew"},{"floor":28,"key":"Elixir"},{"floor":31,"key":"AttackPotion"},{"floor":32,"key":"jedi:tentaclejuice"},{"floor":38,"key":"SkillPotion"},{"floor":43,"key":"SpeedPotion"},{"floor":44,"key":"SteroidPotion"},{"floor":47,"key":"FearPotion"}],"is_trial":false,"path_per_floor":["R","?","$","?","M","?","T","M","?","M","M","R","M","?","M","B",null,"R","?","?","M","?","$","T","M","E","M","E","M","R","M","M","B",null,"R","M","$","M","?","E","T","R","M","?","$","R","E","T","M","B",null,"E","$","R","B",null],"character_chosen":"GUARDIAN","items_purchased":["Guardian:FloatingOrbs","Guardian:ChargeCore","Membership Card","Guardian:Gem_Cyan","Guardian:ChargeUp","Guardian:BottledStasis","Oddly Smooth Stone","Snack Pack","Guardian:RefractedBeam","Guardian:Gem_Red","Guardian:HyperBeam_Guardian","Strength Potion","Adrenaline Potion","Guardian:PolyBeam","Guardian:Orbwalk","champ:DuelingGlove","InkBottle","Singing Bowl","Orrery","Quantum Egg","Guardian:BronzeOrb","Guardian:PrimingBeam","ReplayTheSpireMod:Brewmster","FearPotion"],"campfire_rested":1,"item_purchase_floors":[3,3,23,23,23,23,23,23,37,37,37,37,37,45,45,45,45,45,45,53,53,53,53,53],"current_hp_per_floor":[80,72,72,72,72,72,72,71,71,71,71,71,71,71,66,49,80,80,80,80,68,68,57,57,54,29,23,22,24,66,54,41,36,80,80,80,79,80,80,80,80,90,82,80,84,94,80,80,84,88,94,84,84,96,96],"gold":22,"neow_bonus":"THREE_SMALL_POTIONS","is_daily":false,"chose_seed":false,"campfire_upgraded":6,"win_rate":0.0,"timestamp":1610256965,"path_taken":["R","?","$","?","?","?","T","M","?","M","M","R","?","?","M","BOSS","R","?","?","?","?","$","T","M","E","M","E","M","R","M","M","BOSS","R","M","$","M","?","E","T","R","M","?","$","R","E","?","M","BOSS","E","$","R","BOSS"],"items_purchased_type":["Card","Card","Relic","Card","Card","Relic","Relic","Relic","Card","Card","Card","Potion","Potion","Card","Card","Relic","Relic","Relic","Relic","Relic","Card","Card","Card","Potion"],"build_version":"2020-12-22","purchased_purges":2,"victory":true,"max_hp_per_floor":[80,80,80,80,80,80,80,80,80,80,80,80,80,80,80,80,80,80,80,80,80,80,80,80,80,80,80,80,80,80,80,80,80,80,80,80,80,80,80,80,80,90,90,90,94,94,94,94,94,94,94,96,96,96,96],"relic_stats":{"Happy Flower":[26],"Singing Bowl":6,"counters":[30,130],"Eternal Feather":40,"Prayer Wheel":1,"Ginger":[10],"obtain_stats":[{"Ice Cream":47,"champ:DuelingGlove":45,"Singing Bowl":45,"Guardian:StasisEgg":39,"downfall:HeartBlessingGreen":30,"Ginger":7,"Cleaning_Rag":40,"Old Coin":44,"Chameleon Ring":26,"downfall:HeartBlessingBlue":42,"Prayer Wheel":48,"InkBottle":45,"energizedSpire:RedRose":17,"Guardian:BottledStasis":23,"downfall:HeartBlessingRed":12,"Happy Flower":28,"Guardian:GemstoneGun":2,"Quantum Egg":53,"Guardian:ModeShifter":0,"Oddly Smooth Stone":23,"Eternal Feather":24,"sneckomod:SneckoTalon":34,"Orrery":45,"Snack Pack":23,"Membership Card":23,"Toy Ornithopter":52},{"Ice Cream":26,"champ:DuelingGlove":25,"Singing Bowl":25,"Guardian:StasisEgg":21,"downfall:HeartBlessingGreen":15,"Ginger":2,"Cleaning_Rag":22,"Old Coin":24,"Chameleon Ring":12,"downfall:HeartBlessingBlue":22,"Prayer Wheel":26,"InkBottle":25,"energizedSpire:RedRose":8,"Guardian:BottledStasis":10,"downfall:HeartBlessingRed":5,"Happy Flower":14,"Guardian:GemstoneGun":0,"Quantum Egg":29,"Guardian:ModeShifter":0,"Oddly Smooth Stone":10,"Eternal Feather":10,"sneckomod:SneckoTalon":18,"Orrery":25,"Snack Pack":10,"Membership Card":10,"Toy Ornithopter":29},{"Ice Cream":99,"champ:DuelingGlove":95,"Singing Bowl":95,"Guardian:StasisEgg":82,"downfall:HeartBlessingGreen":54,"Ginger":7,"Cleaning_Rag":87,"Old Coin":94,"Chameleon Ring":41,"downfall:HeartBlessingBlue":87,"Prayer Wheel":99,"InkBottle":95,"energizedSpire:RedRose":24,"Guardian:BottledStasis":32,"downfall:HeartBlessingRed":14,"Happy Flower":51,"Guardian:GemstoneGun":0,"Quantum Egg":115,"Guardian:ModeShifter":0,"Oddly Smooth Stone":32,"Eternal Feather":32,"sneckomod:SneckoTalon":69,"Orrery":95,"Snack Pack":32,"Membership Card":32,"Toy Ornithopter":115}],"InkBottle":[24],"Toy Ornithopter":10},"card_choices":[{"not_picked":["Guardian:FuturePlans","Guardian:Gem_Green"],"picked":"Guardian:Suspension","floor":3},{"not_picked":["Guardian:RollAttack","Guardian:Gem_Cyan"],"picked":"Guardian:TemporalStrike","floor":5},{"not_picked":["Guardian:ConstructionForm","Guardian:CrystalBeam","Guardian:FuturePlans"],"picked":"SKIP","floor":8},{"not_picked":["Guardian:Suspension","Guardian:PiercingHide"],"picked":"Guardian:Incinerate","floor":10},{"not_picked":["Guardian:FuturePlans","Guardian:Repulse"],"picked":"Guardian:Incinerate","floor":11},{"not_picked":["Guardian:Gem_Green","Guardian:FloatingOrbs"],"picked":"Guardian:PrimingBeam","floor":13},{"not_picked":["Guardian:FloatingOrbs","Guardian:Planning","Guardian:TimeCapacitor"],"picked":"SKIP","floor":15},{"not_picked":["Guardian:Gem_Synthetic","Guardian:FastForward"],"picked":"Guardian:AncientConstruct","floor":16},{"not_picked":["Guardian:RollAttack","Guardian:VentSteam"],"picked":"Guardian:ArmoredProtocol","floor":21},{"not_picked":["Guardian:Gem_Green","Guardian:ShieldCharger"],"picked":"Guardian:DecasProtection","floor":23},{"not_picked":["Guardian:Planning","Guardian:Gem_Green"],"picked":"Guardian:WalkerClaw+1","floor":25},{"not_picked":["Guardian:Suspension","Guardian:ChargeCore"],"picked":"Guardian:Orbwalk+1","floor":26},{"not_picked":["Guardian:PrimingBeam","Guardian:FloatingOrbs"],"picked":"Guardian:Gem_Synthetic","floor":27},{"not_picked":["Guardian:Gem_Cyan","Guardian:ChargeCore"],"picked":"Guardian:WalkerClaw+1","floor":28},{"not_picked":["Guardian:Gem_Lightblue","Guardian:Planning"],"picked":"Guardian:PiercingHide+1","floor":29},{"not_picked":["Guardian:Gem_Lightblue","Guardian:FloatingOrbs"],"picked":"Guardian:EvasiveProtocol","floor":31},{"not_picked":["Guardian:FloatingOrbs","Guardian:PrismaticBeam"],"picked":"Guardian:ShieldCharger","floor":32},{"not_picked":["Guardian:ConstructionForm","Guardian:GemFinder"],"picked":"Guardian:StasisField","floor":33},{"not_picked":["Guardian:Harden+1","Guardian:TemporalShield+1"],"picked":"Guardian:CrystalBeam+1","floor":36},{"not_picked":["Guardian:TemporalStrike","Guardian:Planning"],"picked":"Guardian:Suspension+1","floor":37},{"not_picked":["Guardian:Clone+1","Guardian:Gem_Purple"],"picked":"Guardian:SentryBeam+1","floor":38},{"not_picked":["Guardian:ChargeCore+1","Guardian:Gem_White"],"picked":"Guardian:FastForward","floor":40},{"not_picked":["Guardian:Incinerate","Guardian:PrismaticBeam"],"picked":"Guardian:GuardianWhirl","floor":43},{"not_picked":["Guardian:DecasProtection","Guardian:RollAttack+1"],"picked":"Guardian:Emergency+1","floor":44},{"not_picked":["Guardian:Gem_Cyan","Guardian:RollAttack+1"],"picked":"Guardian:SpikerProtocol","floor":45},{"not_picked":["Guardian:DecasProtection","Guardian:GuardianWhirl+1","Guardian:Recover"],"picked":"Singing Bowl","floor":45},{"not_picked":["Guardian:Gem_Fragmented","Guardian:TemporalShield+1"],"picked":"Guardian:MultiBeam+1","floor":45},{"not_picked":["Guardian:GemFire","Guardian:Harden","Guardian:TemporalStrike+1"],"picked":"Singing Bowl","floor":45},{"not_picked":["Guardian:Recover+1","Guardian:RefractedBeam"],"picked":"Guardian:SentryBeam","floor":45},{"not_picked":["Guardian:PiercingHide","Guardian:ChargeCore+1"],"picked":"Guardian:BronzeArmor+1","floor":45},{"not_picked":["Guardian:ChargeCore+1","Guardian:Harden+1"],"picked":"Guardian:StasisStrike","floor":47},{"not_picked":["Guardian:Recover","Guardian:CrystalBeam"],"picked":"Guardian:PiercingHide+1","floor":49},{"not_picked":["Guardian:PrismaticBeam+1","Guardian:SpikerProtocol+1"],"picked":"Guardian:Harden+1","floor":49},{"not_picked":["Guardian:Emergency","Guardian:TimeCapacitor","Guardian:Gem_Lightblue"],"picked":"Singing Bowl","floor":52}],"player_experience":1485804,"relics_obtained":[{"floor":7,"key":"Ginger"},{"floor":24,"key":"Eternal Feather"},{"floor":26,"key":"Chameleon Ring"},{"floor":28,"key":"Happy Flower"},{"floor":40,"key":"Cleaning_Rag"},{"floor":44,"key":"Old Coin"},{"floor":47,"key":"Ice Cream"},{"floor":48,"key":"Prayer Wheel"},{"floor":52,"key":"Toy Ornithopter"}],"event_choices":[{"damage_healed":0,"gold_gain":0,"player_choice":"Upgraded","damage_taken":0,"max_hp_gain":0,"max_hp_loss":0,"event_name":"Upgrade Shrine","floor":4,"gold_loss":0,"cards_upgraded":["Guardian:FloatingOrbs"]},{"damage_healed":0,"gold_gain":0,"player_choice":"Copied","damage_taken":0,"max_hp_gain":0,"max_hp_loss":0,"event_name":"Duplicator","floor":22,"gold_loss":0,"cards_obtained":["Glass Knife"]}],"is_beta":false,"boss_relics":[{"not_picked":["Silver_Glasses","jedi:hotpepper"],"picked":"energizedSpire:RedRose"},{"not_picked":["Tiny House","SacredBark"],"picked":"sneckomod:SneckoTalon"}],"items_purged_floors":[23,45],"is_endless":false,"potions_floor_spawned":[8,10,11,25,26,28,31,32,38,43,44,47],"ascension_level":0}}