{"host":"tnsigirk6wurdark","time":1610268892,"event":{"mods":["BaseMod","Colored Map","Colored Powertips","DeckTracker","Highlight Path","Minty Spire (QoL Compilation)","Quick Restart","Relic Sorter","StSLib","SuperFastMode","Synergy Search"],"gold_per_floor":[111,12,29,47,25,59,59,87,111,122,122,122],"floor_reached":11,"playtime":472,"items_purged":[],"score":141,"play_id":"0c34b127-207e-48b0-85b0-e5f4bfdc3bdc","local_time":"20210110085452","is_ascension_mode":true,"campfire_choices":[{"floor":7,"key":"REST"}],"circlet_count":0,"master_deck":["AscendersBane","Strike_G+1","Strike_G+1","Strike_G","Strike_G","Strike_G","Defend_G","Defend_G","Defend_G","Defend_G","Defend_G","Survivor","Neutralize","Dagger Spray","Infinite Blades","Sucker Punch","Deadly Poison","Cloak And Dagger","Cloak And Dagger"],"relics":["WristBlade","Whetstone","Nunchaku","Boot"],"acts_visited":["Exordium"],"potions_floor_usage":[11,11],"damage_taken":[{"damage":6,"enemies":"2 Louse","floor":1,"turns":3},{"damage":0,"enemies":"Cultist","floor":3,"turns":3},{"damage":4,"enemies":"Small Slimes","floor":4,"turns":4},{"damage":24,"enemies":"Lagavulin","floor":6,"turns":8},{"damage":25,"enemies":"3 Sentries","floor":8,"turns":7},{"damage":13,"enemies":"3 Louse","floor":10,"turns":4},{"damage":20,"enemies":"Gremlin Nob","floor":11,"turns":3}],"seed_played":"1336743451877469459","potions_obtained":[{"floor":6,"key":"Poison Potion"},{"floor":10,"key":"Block Potion"}],"is_trial":false,"path_per_floor":["M","$","M","M","$","E","R","E","T","M","E"],"character_chosen":"THE_SILENT","items_purchased":["Infinite Blades","Sucker Punch","Cloak And Dagger"],"campfire_rested":1,"item_purchase_floors":[2,2,5],"current_hp_per_floor":[53,53,53,49,49,25,44,19,19,6,0,0],"gold":122,"neow_bonus":"BOSS_RELIC","is_daily":false,"chose_seed":false,"campfire_upgraded":0,"win_rate":0.0,"timestamp":1610268892,"path_taken":["M","$","M","M","$","E","R","E","T","M","E"],"items_purchased_type":["Card","Card","Card"],"build_version":"2020-12-22","purchased_purges":0,"victory":false,"max_hp_per_floor":[66,66,66,66,66,66,66,66,66,66,66,66],"card_choices":[{"not_picked":["Bane","All Out Attack"],"picked":"Dagger Spray","floor":1},{"not_picked":["Acrobatics","Skewer"],"picked":"Deadly Poison","floor":3},{"not_picked":["Backflip","Dagger Throw"],"picked":"Cloak And Dagger","floor":4},{"not_picked":["Flechettes","Outmaneuver","Skewer"],"picked":"SKIP","floor":6},{"not_picked":["Reflex","Flechettes","Underhanded Strike"],"picked":"SKIP","floor":8},{"not_picked":["Prepared","Dagger Throw","Dodge and Roll"],"picked":"SKIP","floor":10}],"player_experience":656194,"relics_obtained":[{"floor":6,"key":"Whetstone"},{"floor":8,"key":"Nunchaku"},{"floor":9,"key":"Boot"}],"event_choices":[],"is_beta":false,"boss_relics":[],"items_purged_floors":[],"is_endless":false,"potions_floor_spawned":[6,10],"killed_by":"Gremlin Nob","ascension_level":14}}