{"host":"ek3xvuouaw6vk9if","time":1610263885,"event":{"mods":["BaseMod","BetterRewards","Minty Spire (QoL Compilation)","Permanent Neow","Quick Restart","Relic Stats","Replay The Spire","StSLib","The Disciple"],"gold_per_floor":[110,110,129,197,197,22,60,85,85,85,67,83,104,123,123,253,253,278,278,58,83,83,83,114,114,185,185,185,185],"floor_reached":28,"playtime":975,"items_purged":["Strike_Br","Injury","Strike_Br"],"score":370,"play_id":"972ebe28-cdaf-4ba6-9137-b8dcb195d18b","local_time":"20210110023125","is_ascension_mode":true,"campfire_choices":[{"data":"FormalWear","floor":15,"key":"SMITH"},{"data":"MasterKey","floor":23,"key":"SMITH"},{"floor":25,"key":"REST"}],"circlet_count":0,"master_deck":["Strike_Br","Strike_Br","Defend_Br","Defend_Br","Defend_Br","Defend_Br","SecondHand","PatternShift+1","CrunchTime","LockedMedicine","LockedScales","CrunchTime","LockedMedicine+1","ExoVibe","FormalWear+1","LockedUrn","LockedMawBank","Engulf","MasterKey","MasterKey+1","FormalWear","LockedAnchor","CrunchTime","LockedMercury+1","LockedTornado"],"relics":["Chronometer","Onion Ring","Golden Idol","ReplayTheSpireMod:Ninjato","Meat on the Bone","Snack Pack","SlaversCollar","Smiling Mask","Eternal Feather","Bottled Flame"],"acts_visited":["Exordium","TheCity"],"potions_floor_usage":[16,16],"damage_taken":[{"damage":5,"enemies":"2 Louse","floor":1,"turns":3},{"damage":0,"enemies":"Jaw Worm","floor":3,"turns":1},{"damage":18,"enemies":"Gremlin Nob","floor":7,"turns":5},{"damage":0,"enemies":"Small Slimes","floor":8,"turns":3},{"damage":0,"enemies":"Looter","floor":11,"turns":4},{"damage":0,"enemies":"Exordium Wildlife","floor":12,"turns":4},{"damage":8,"enemies":"Blue Slaver","floor":13,"turns":2},{"damage":1,"enemies":"Looter","floor":14,"turns":2},{"damage":32,"enemies":"The Guardian","floor":16,"turns":7},{"damage":6,"enemies":"3 Byrds","floor":18,"turns":3},{"damage":42,"enemies":"Shell Parasite","floor":21,"turns":7},{"damage":35,"enemies":"Book of Stabbing","floor":24,"turns":5},{"damage":42,"enemies":"Shelled Parasite and Fungi","floor":28,"turns":3}],"seed_played":"-7205818468873052445","potions_obtained":[{"floor":8,"key":"HastePotion"},{"floor":12,"key":"FearPotion"},{"floor":13,"key":"Explosive Potion"},{"floor":14,"key":"WardPotion"},{"floor":16,"key":"Elixir"},{"floor":21,"key":"Ancient Potion"}],"is_trial":false,"path_per_floor":["M","?","M","?","?","$","E","M","T","$","M","M","M","M","R","B",null,"M","?","$","M","$","R","E","R","T","T","M"],"character_chosen":"CHRONO_CLASS","items_purchased":["Onion Ring","CrunchTime","LockedMedicine","FormalWear","LockedAnchor","CrunchTime"],"campfire_rested":1,"item_purchase_floors":[0,0,0,6,20,20],"current_hp_per_floor":[60,60,60,34,21,21,3,17,17,17,29,43,35,34,34,16,65,59,59,59,37,37,37,14,33,33,33,0,0],"gold":185,"neow_bonus":"","is_daily":false,"chose_seed":false,"campfire_upgraded":2,"win_rate":0.0,"timestamp":1610263885,"path_taken":["M","?","M","?","?","$","E","M","T","$","M","M","M","M","R","BOSS","M","?","$","M","$","R","E","R","T","?","M"],"items_purchased_type":["Relic","Card","Card","Card","Card","Card"],"build_version":"2020-12-22","purchased_purges":3,"victory":false,"max_hp_per_floor":[65,65,65,65,65,65,65,65,65,65,65,65,65,65,65,65,65,65,65,65,65,65,65,65,65,65,65,65,65],"relic_stats":{"counters":[54,234],"Golden Idol":82,"Eternal Feather":0,"Smiling Mask":0,"obtain_stats":[{"ReplayFunnel":26,"Replay:PocketPolymizer":14,"Torii":37,"Nilry\u0027s Codex":19,"Metronome":34,"Vajra":30,"Blue Doll":14,"Bag of Preparation":14,"Ancient Tea Set":9,"Smiling Mask":24,"Sozu":34,"Replay:Bandana":42,"Matryoshka":9,"Philosopher\u0027s Stone":34,"Fusion Hammer":17,"Replay:Bottled Flurry":26,"Chemical X":0,"ReplayTheSpireMod:Ninjato":4,"Golden Idol":2,"Replay:Grab Bag":34,"Oddly Smooth Stone":7,"Eternal Feather":26,"SpringShield":43,"Omamori":45,"Replay:Kaleidoscope":27,"MawBank":26,"Akabeko":27,"WarpedTongs":21,"Chronograph":34,"SlaversCollar":17,"Bottled Flame":27,"ReplayTheSpireMod:Shallot":38,"Chronometer":0,"Onion Ring":0,"Art of War":7,"Snack Pack":9,"ReplayTheSpireMod:Lightbulb":48,"Unceasing Top":13,"Meat on the Bone":7},{"ReplayFunnel":30,"Replay:PocketPolymizer":6,"Torii":19,"Nilry\u0027s Codex":8,"Metronome":33,"Vajra":15,"Blue Doll":26,"Bag of Preparation":6,"Ancient Tea Set":24,"Smiling Mask":53,"Sozu":16,"Replay:Bandana":37,"Matryoshka":5,"Philosopher\u0027s Stone":16,"Fusion Hammer":7,"Replay:Bottled Flurry":12,"Chemical X":20,"ReplayTheSpireMod:Ninjato":43,"Golden Idol":42,"Replay:Grab Bag":16,"Oddly Smooth Stone":24,"Eternal Feather":53,"SpringShield":37,"Omamori":39,"Replay:Kaleidoscope":13,"MawBank":12,"Akabeko":31,"WarpedTongs":9,"Chronograph":16,"SlaversCollar":50,"Bottled Flame":53,"ReplayTheSpireMod:Shallot":19,"Chronometer":0,"Onion Ring":41,"Art of War":5,"Snack Pack":45,"ReplayTheSpireMod:Lightbulb":40,"Unceasing Top":6,"Meat on the Bone":44},{"ReplayFunnel":133,"Replay:PocketPolymizer":33,"Torii":88,"Nilry\u0027s Codex":43,"Metronome":149,"Vajra":72,"Blue Doll":114,"Bag of Preparation":33,"Ancient Tea Set":109,"Smiling Mask":231,"Sozu":79,"Replay:Bandana":171,"Matryoshka":28,"Philosopher\u0027s Stone":79,"Fusion Hammer":38,"Replay:Bottled Flurry":60,"Chemical X":94,"ReplayTheSpireMod:Ninjato":189,"Golden Idol":188,"Replay:Grab Bag":79,"Oddly Smooth Stone":109,"Eternal Feather":231,"SpringShield":171,"Omamori":177,"Replay:Kaleidoscope":64,"MawBank":60,"Akabeko":137,"WarpedTongs":46,"Chronograph":79,"SlaversCollar":216,"Bottled Flame":231,"ReplayTheSpireMod:Shallot":88,"Chronometer":0,"Onion Ring":185,"Art of War":28,"Snack Pack":197,"ReplayTheSpireMod:Lightbulb":181,"Unceasing Top":33,"Meat on the Bone":194}],"Meat on the Bone":72},"card_choices":[{"not_picked":["LockedMedicine","Echoward"],"picked":"CrunchTime","floor":1},{"not_picked":["ExoVibe","BiteCommand"],"picked":"LockedMedicine","floor":3},{"not_picked":["LockedBlood","BlueShift"],"picked":"ExoVibe","floor":4},{"not_picked":["Tempo","Parity"],"picked":"LockedUrn","floor":7},{"not_picked":["PrimeTime","ReapSow"],"picked":"LockedMawBank","floor":8},{"not_picked":["Echoward","LockedMercury"],"picked":"Engulf","floor":11},{"not_picked":["ResonantCall","LockedTurtyl"],"picked":"MasterKey","floor":12},{"not_picked":["Engulf","BiteCommand","LockedOrichalcum"],"picked":"SKIP","floor":13},{"not_picked":["LockedTurtyl","HandsUpB","Stagnate"],"picked":"SKIP","floor":14},{"not_picked":["Flay","BackFourSeconds"],"picked":"MasterKey","floor":16},{"not_picked":["WatchCommand","LockedMedicine"],"picked":"FormalWear","floor":18},{"not_picked":["ReapSow","BlueShift"],"picked":"LockedMercury+1","floor":21},{"not_picked":["BiteCommand","WindUp"],"picked":"LockedTornado","floor":24}],"player_experience":533477,"relics_obtained":[{"floor":4,"key":"ReplayTheSpireMod:Ninjato"},{"floor":7,"key":"Meat on the Bone"},{"floor":9,"key":"Snack Pack"},{"floor":24,"key":"Smiling Mask"},{"floor":26,"key":"Eternal Feather"},{"floor":27,"key":"Bottled Flame"}],"event_choices":[{"damage_healed":0,"gold_gain":0,"player_choice":"Take Wound","damage_taken":0,"relics_obtained":["Golden Idol"],"max_hp_gain":0,"max_hp_loss":0,"event_name":"Golden Idol","floor":2,"gold_loss":0,"cards_obtained":["Injury"]},{"damage_healed":0,"gold_gain":0,"player_choice":"Entered Light","damage_taken":13,"max_hp_gain":0,"max_hp_loss":0,"event_name":"Shining Light","floor":5,"gold_loss":0,"cards_upgraded":["PatternShift","LockedMedicine"]}],"is_beta":false,"boss_relics":[{"not_picked":["Snecko Eye","Runic Dome"],"picked":"SlaversCollar"}],"items_purged_floors":[0,6,20],"is_endless":false,"potions_floor_spawned":[8,12,13,14,16,21],"killed_by":"Shelled Parasite and Fungi","ascension_level":2}}