{"host":"cw25u8qal1h0d7ia","time":1610292671,"event":{"mods":["BaseMod","Downfall","Minty Spire (QoL Compilation)","StSLib"],"gold_per_floor":[99,111,111,129,304,304,304,333,350,382,65,65,65,77,94,190,190,190,208,220,220,235,77,77,108,108,132,162,173,190,190,209,313,313,238,252,262,272,92,92,92,118,118,131,156,156,184,84,100,100],"floor_reached":51,"playtime":6093,"items_purged":["Doubt","Slimebound:Gluttony"],"score":841,"play_id":"8456642a-cae7-4960-ace0-14ab578b9b42","local_time":"20210110163111","is_ascension_mode":true,"campfire_choices":[{"data":"Slimebound:Split","floor":1.0,"key":"SMITH"},{"data":"Slimebound:Nibble","floor":6.0,"key":"SMITH"},{"floor":12.0,"key":"DIG"},{"floor":18.0,"key":"DIG"},{"floor":35.0,"key":"DIG"},{"floor":43,"key":"DIG"}],"circlet_count":0,"master_deck":["Slimebound:Strike_Slimebound","Slimebound:Strike_Slimebound","Slimebound:Strike_Slimebound","Slimebound:Defend_Slimebound+1","Slimebound:Defend_Slimebound","Slimebound:Defend_Slimebound","Slimebound:Split+1","Slimebound:CorrosiveSpit","Slimebound:Nibble+1","Slimebound:SpikyOuterGoop","Slimebound:Repurpose","Slimebound:LivingWall+1","Slimebound:LeechEnergy","Slimebound:AcidTongue","Slimebound:LeechEnergy","Slimebound:Grow","Slimebound:SplitSpecialist","Slimebound:OneTwoCombo","Slimebound:SamplingLick+1","Slimebound:OozeBath","Slimebound:WasteNot","Slimebound:OozeBath","Slimebound:SpikyOuterGoop","Slimebound:SpikyOuterGoop+1","Slimebound:MegaLick","Slimebound:MinionMaster","Slimebound:MegaLick+1","Slimebound:SamplingLick+1","Slimebound:SplitMire+1","Slimebound:LeadByExample","Slimebound:Darklings","Slimebound:WasteNot"],"relics":["Slimebound:AbsorbEndCombat","Prayer Wheel","Odd Mushroom","War Paint","Shovel","Orichalcum","Coffee Dripper","Strawberry","Thread and Needle","Slimebound:AggressiveSlimeRelic","MutagenicStrength","Bronze Scales","FossilizedHelix","Nilry\u0027s Codex","SlaversCollar","downfall:HeartBlessingGreen","Nunchaku","Boot","Girya","Sundial","Incense Burner","Torii","Bottled Tornado","Lantern"],"acts_visited":["Exordium","TheCity","TheBeyond"],"potions_floor_usage":[],"damage_taken":[{"damage":14.0,"enemies":"Jaw Worm","floor":2.0,"turns":3.0},{"damage":8.0,"enemies":"Cultist","floor":4.0,"turns":3.0},{"damage":23.0,"enemies":"The Mushroom Lair","floor":8.0,"turns":6.0},{"damage":9.0,"enemies":"Small Slimes","floor":9.0,"turns":3.0},{"damage":23.0,"enemies":"Gremlin Nob","floor":10.0,"turns":5.0},{"damage":14.0,"enemies":"downfall:FleeingMerchant","floor":11.0,"turns":4.0},{"damage":14.0,"enemies":"Exordium Wildlife","floor":14.0,"turns":3.0},{"damage":14.0,"enemies":"Large Slime","floor":15.0,"turns":5.0},{"damage":25.0,"enemies":"downfall:Ironclad","floor":16.0,"turns":8.0},{"damage":24.0,"enemies":"Shell Parasite","floor":19.0,"turns":4.0},{"damage":16.0,"enemies":"3 Byrds","floor":20.0,"turns":5.0},{"damage":49.0,"enemies":"Sentry and Sphere","floor":22.0,"turns":7.0},{"damage":24.0,"enemies":"downfall:FleeingMerchant","floor":23.0,"turns":4.0},{"damage":24.0,"enemies":"Slavers","floor":25.0,"turns":5.0},{"damage":24.0,"enemies":"Gremlin Leader","floor":28.0,"turns":5.0},{"damage":20.0,"enemies":"Cultist and Chosen","floor":29.0,"turns":4.0},{"damage":17.0,"enemies":"Snake Plant","floor":30.0,"turns":4.0},{"damage":17.0,"enemies":"Shelled Parasite and Fungi","floor":32.0,"turns":4.0},{"damage":26.0,"enemies":"downfall:Watcher","floor":33.0,"turns":7.0},{"damage":38.0,"enemies":"3 Darklings","floor":36.0,"turns":5.0},{"damage":12,"enemies":"Orb Walker","floor":37,"turns":3},{"damage":20,"enemies":"Writhing Mass","floor":38,"turns":5},{"damage":28,"enemies":"downfall:FleeingMerchant","floor":39,"turns":4},{"damage":27,"enemies":"Reptomancer","floor":42,"turns":6},{"damage":40,"enemies":"Jaw Worm Horde","floor":44,"turns":4},{"damage":32,"enemies":"Giant Head","floor":45,"turns":8},{"damage":37,"enemies":"Reptomancer","floor":47,"turns":5},{"damage":11,"enemies":"Spire Growth","floor":49,"turns":4},{"damage":42,"enemies":"downfall:Silent","floor":50,"turns":5}],"seed_played":"-6387592837772605802","potions_obtained":[{"floor":2.0,"key":"Explosive Potion"},{"floor":9.0,"key":"Fire Potion"},{"floor":10.0,"key":"EntropicBrew"},{"floor":15.0,"key":"SteroidPotion"},{"floor":16.0,"key":"Slimebound:SlimedPotion"},{"floor":28.0,"key":"ColorlessPotion"},{"floor":30.0,"key":"Explosive Potion"},{"floor":37,"key":"Slimebound:SlimyTonguePotion"},{"floor":42,"key":"Swift Potion"}],"is_trial":false,"path_per_floor":["R","M","?","M","?","R","T","?","M","E","$","R","?","M","M","B",null,"R","M","M","?","M","$","T","E","?","T","E","M","M","?","M","B",null,"R","M","M","M","$","?","T","E","R","M","E","?","E","$","M","B",null],"character_chosen":"SLIMEBOUND","items_purchased":["Shovel","Slimebound:SpikyOuterGoop","Boot","Girya","Slimebound:LeadByExample"],"campfire_rested":0,"item_purchase_floors":[11,23,39,39,39],"current_hp_per_floor":[60,56,56,60,60,60,60,51,60,55,57,57,57,57,60,60,60,67,54,64,64,41,39,39,45,45,45,59,67,60,44,53,67,67,67,63,63,67,65,65,65,67,67,42,65,55,57,57,65,67],"gold":100,"neow_bonus":"REMOVE_CARD","is_daily":false,"chose_seed":false,"campfire_upgraded":2,"win_rate":0.0,"timestamp":1610292671,"path_taken":["R","M","?","?","?","R","T","?","M","E","$","R","?","M","M","BOSS","R","M","M","?","M","$","T","E","?","?","E","M","M","?","M","BOSS","R","M","M","M","$","?","T","E","R","M","E","?","E","?","M","BOSS"],"items_purchased_type":["Relic","Card","Relic","Relic","Card"],"build_version":"2020-12-22","purchased_purges":2,"victory":true,"max_hp_per_floor":[60,60,60,60,60,60,60,60,60,60,60,60,60,60,60,60,60,67,67,67,67,67,67,67,67,67,67,67,67,67,67,67,67,67,67,67,67,67,67,67,67,67,67,67,67,67,67,67,67,67],"card_choices":[{"not_picked":["Slimebound:ViciousTackle","Slimebound:SlimeSpikes"],"picked":"Slimebound:Nibble","floor":2.0},{"not_picked":["Slimebound:ServeAndProtect","Slimebound:ViciousTackle"],"picked":"Slimebound:SpikyOuterGoop","floor":4.0},{"not_picked":["Slimebound:ComboTackle","Slimebound:DivideAndConquer"],"picked":"Slimebound:Repurpose","floor":8.0},{"not_picked":["Slimebound:Schlurp","Slimebound:Replication"],"picked":"Slimebound:LivingWall","floor":9.0},{"not_picked":["Slimebound:SplitLeeching","Slimebound:Repurpose"],"picked":"Slimebound:LeechEnergy","floor":9.0},{"not_picked":["Slimebound:ProtectTheBoss","Slimebound:DivideAndConquer","Slimebound:ViciousTackle"],"picked":"SKIP","floor":10.0},{"not_picked":["Slimebound:PressTheAttack","Slimebound:ServeAndProtect"],"picked":"Slimebound:AcidTongue","floor":11.0},{"not_picked":["Slimebound:SlimeBrawl","Slimebound:SlimeSlap"],"picked":"Slimebound:LeechEnergy","floor":14.0},{"not_picked":["Slimebound:RollThrough","Slimebound:SplitAcid"],"picked":"Slimebound:Grow","floor":14.0},{"not_picked":["Slimebound:SplitLeeching","Slimebound:LeechingTouch"],"picked":"Slimebound:SplitSpecialist","floor":15.0},{"not_picked":["Slimebound:PressTheAttack","Slimebound:ProtectTheBoss","Slimebound:LeechEnergy"],"picked":"SKIP","floor":15.0},{"not_picked":["Slimebound:DouseInSlime","Slimebound:CheckThePlaybook"],"picked":"Slimebound:OneTwoCombo","floor":16.0},{"not_picked":["Slimebound:Chomp","Slimebound:RollThrough"],"picked":"Slimebound:SamplingLick+1","floor":19.0},{"not_picked":["Slimebound:SplitLeeching","Slimebound:LeechEnergy","Slimebound:LeechingTouch+1"],"picked":"SKIP","floor":19.0},{"not_picked":["Slimebound:SlimeSpikes+1","Slimebound:RollThrough","Slimebound:DivideAndConquer+1"],"picked":"SKIP","floor":20.0},{"not_picked":["Slimebound:SplitAcid","Slimebound:Schlurp","Slimebound:ViciousTackle+1"],"picked":"SKIP","floor":20.0},{"not_picked":["Slimebound:PressTheAttack+1","Slimebound:SamplingLick"],"picked":"Slimebound:WasteNot","floor":22.0},{"not_picked":["Slimebound:DivideAndConquer","Slimebound:Schlurp","Slimebound:FlameTackle+1"],"picked":"SKIP","floor":22.0},{"not_picked":["Slimebound:AcidTongue+1","Slimebound:FinishingTackle+1"],"picked":"Slimebound:OozeBath","floor":23.0},{"not_picked":["Slimebound:SlimeSpikes","Slimebound:ComboTackle","Slimebound:PressTheAttack+1"],"picked":"SKIP","floor":25.0},{"not_picked":["Slimebound:SplitAcid","Slimebound:LeechEnergy"],"picked":"Slimebound:SpikyOuterGoop+1","floor":28.0},{"not_picked":["Slimebound:Schlurp","Slimebound:RollThrough+1","Slimebound:DivideAndConquer"],"picked":"SKIP","floor":29.0},{"not_picked":["Slimebound:Schlurp+1","Slimebound:Teamwork","Slimebound:SplitBruiser+1"],"picked":"SKIP","floor":29.0},{"not_picked":["Slimebound:PressTheAttack","Slimebound:Grow+1"],"picked":"Slimebound:MegaLick","floor":30.0},{"not_picked":["Slimebound:LeechEnergy","Slimebound:SamplingLick","Slimebound:ServeAndProtect"],"picked":"SKIP","floor":30.0},{"not_picked":["Slimebound:GoopSpray+1","Slimebound:GrowthPunch","Slimebound:DisruptingSlam"],"picked":"SKIP","floor":32.0},{"not_picked":["Slimebound:ViciousTackle+1","Slimebound:FinishingTackle+1","Slimebound:PressTheAttack"],"picked":"SKIP","floor":32.0},{"not_picked":["Slimebound:TagTeam","Slimebound:PrepareCrush"],"picked":"Slimebound:MinionMaster","floor":33.0},{"not_picked":["Slimebound:Schlurp","Slimebound:SlimeSpikes","Slimebound:SplitBruiser+1"],"picked":"SKIP","floor":36},{"not_picked":["Slimebound:ForwardTackle+1","Slimebound:Nibble","Slimebound:ViciousTackle"],"picked":"SKIP","floor":36},{"not_picked":["Slimebound:LeechEnergy+1","Slimebound:LeechingTouch"],"picked":"Slimebound:MegaLick+1","floor":37},{"not_picked":["Slimebound:DivideAndConquer","Slimebound:ForwardTackle+1","Slimebound:RollThrough+1"],"picked":"SKIP","floor":37},{"not_picked":["Slimebound:DuplicatedForm","Slimebound:FormOfPuddle"],"picked":"Slimebound:SamplingLick+1","floor":38},{"not_picked":["Slimebound:ComboTackle+1","Slimebound:ServeAndProtect","Slimebound:Nibble+1"],"picked":"SKIP","floor":38},{"not_picked":["Slimebound:FirmFortitude+1","Slimebound:GrowthPunch"],"picked":"Slimebound:SplitMire+1","floor":39},{"not_picked":["Slimebound:SamplingLick+1","Slimebound:FormOfPuddle"],"picked":"Slimebound:WasteNot","floor":42},{"not_picked":["Slimebound:SplitMire+1","Slimebound:GrowthPunch"],"picked":"Slimebound:Gluttony","floor":44},{"not_picked":["Slimebound:Equalize","Slimebound:Nibble+1","Slimebound:ServeAndProtect+1"],"picked":"SKIP","floor":44},{"not_picked":["Slimebound:FinishingTackle","Slimebound:RollThrough","Slimebound:MinionMaster"],"picked":"SKIP","floor":45},{"not_picked":["Slimebound:Nibble","Slimebound:Schlurp+1","Slimebound:ViciousTackle"],"picked":"SKIP","floor":47},{"not_picked":["Slimebound:FinishingTackle","Slimebound:PressTheAttack+1","Slimebound:Replication+1"],"picked":"SKIP","floor":49},{"not_picked":["Slimebound:RollThrough","Slimebound:SlimeSpikes","Slimebound:Gluttony"],"picked":"SKIP","floor":49}],"player_experience":512643,"relics_obtained":[{"floor":7.0,"key":"Prayer Wheel"},{"floor":8.0,"key":"Odd Mushroom"},{"floor":10.0,"key":"War Paint"},{"floor":12.0,"key":"Orichalcum"},{"floor":18.0,"key":"Strawberry"},{"floor":24.0,"key":"Thread and Needle"},{"floor":25.0,"key":"Slimebound:AggressiveSlimeRelic"},{"floor":27.0,"key":"Bronze Scales"},{"floor":28.0,"key":"FossilizedHelix"},{"floor":31.0,"key":"Nilry\u0027s Codex"},{"floor":35.0,"key":"Nunchaku"},{"floor":41,"key":"Sundial"},{"floor":42,"key":"Incense Burner"},{"floor":43,"key":"Torii"},{"floor":45,"key":"Bottled Tornado"},{"floor":47,"key":"Lantern"}],"event_choices":[{"cards_removed":["Slimebound:Tackle"],"damage_healed":0.0,"max_hp_gain":0.0,"max_hp_loss":0.0,"gold_gain":0.0,"event_name":"Bonfire Elementals","player_choice":"Offered Basic","floor":3.0,"gold_loss":0.0,"damage_taken":0.0},{"damage_healed":0.0,"max_hp_gain":0.0,"max_hp_loss":0.0,"gold_gain":0.0,"event_name":"Mushrooms","player_choice":"Fought Mushrooms","floor":8.0,"gold_loss":0.0,"damage_taken":0.0},{"damage_healed":0.0,"max_hp_gain":0.0,"max_hp_loss":0.0,"gold_gain":0.0,"event_name":"The Library","player_choice":"Read","floor":21.0,"gold_loss":0.0,"damage_taken":0.0,"cards_obtained":["Slimebound:OozeBath"]},{"damage_healed":0.0,"max_hp_gain":0.0,"max_hp_loss":0.0,"gold_gain":0.0,"event_name":"Drug Dealer","player_choice":"Inject Mutagens","floor":26.0,"gold_loss":0.0,"damage_taken":0.0,"relics_obtained":["MutagenicStrength"]}],"is_beta":false,"boss_relics":[{"not_picked":["Tiny House","Slimebound:AbsorbEndCombatUpgraded"],"picked":"Coffee Dripper"},{"not_picked":["Pandora\u0027s Box","Astrolabe"],"picked":"SlaversCollar"}],"items_purged_floors":[23,48],"is_endless":false,"potions_floor_spawned":[2,9,10,15,16,19,20,28,30,37,38,42,44],"ascension_level":1}}