{"host":"6swbl1yqdi8v28pk","time":1610314989,"event":{"mods":["AchievementEnabler","BaseMod","Colored Map","Minty Spire (QoL Compilation)","Quick Restart"],"gold_per_floor":[115,2,2,21,21,21,47,63,113,113,123,134,134,151,151,256,256,270,281,292,66,76,76,91,91,117,136,151,151,183,196,196,295,295,305,305,321,321,336,336,336],"floor_reached":40,"playtime":2309,"items_purged":["Strike_R"],"score":439,"play_id":"6439c2f4-01d1-4604-acb6-5145eb0ab1ea","local_time":"20210110154309","is_ascension_mode":false,"campfire_choices":[{"data":"Flame Barrier","floor":6,"key":"SMITH"},{"floor":15,"key":"REST"},{"data":"Shrug It Off","floor":23,"key":"SMITH"},{"floor":29,"key":"REST"},{"data":"Demon Form","floor":32,"key":"SMITH"}],"circlet_count":0,"master_deck":["Strike_R","Strike_R","Strike_R","Defend_R","Defend_R","Defend_R","Defend_R","Bash","Blood for Blood","Metallicize","Regret","Flame Barrier+1","Disarm","Clash","Juggernaut+1","Headbutt","Pummel","Clothesline","Demon Form+1","Infernal Blade","Shrug It Off+1","Shockwave","Warcry","Body Slam","Offering","Ghostly Armor","Feed","Ghostly Armor+1","Sadistic Nature","Clothesline+1","True Grit+1"],"relics":["Black Blood","FossilizedHelix","Toy Ornithopter","Darkstone Periapt","Vajra","Snecko Eye","Medical Kit","Red Skull","Bag of Preparation"],"acts_visited":["Exordium","TheCity","TheBeyond"],"potions_floor_usage":[27,30,33,33,40,40],"damage_taken":[{"damage":2,"enemies":"Small Slimes","floor":1,"turns":5},{"damage":5,"enemies":"2 Louse","floor":4,"turns":4},{"damage":29,"enemies":"Lagavulin","floor":7,"turns":11},{"damage":5,"enemies":"Cultist","floor":8,"turns":7},{"damage":10,"enemies":"Exordium Wildlife","floor":11,"turns":4},{"damage":7,"enemies":"Looter","floor":12,"turns":4},{"damage":9,"enemies":"Large Slime","floor":14,"turns":5},{"damage":24,"enemies":"The Guardian","floor":16,"turns":10},{"damage":4,"enemies":"Spheric Guardian","floor":18,"turns":4},{"damage":0,"enemies":"Shell Parasite","floor":19,"turns":4},{"damage":7,"enemies":"Shelled Parasite and Fungi","floor":20,"turns":5},{"damage":5,"enemies":"Centurion and Healer","floor":22,"turns":5},{"damage":22,"enemies":"3 Cultists","floor":24,"turns":5},{"damage":19,"enemies":"Snake Plant","floor":27,"turns":4},{"damage":16,"enemies":"Shelled Parasite and Fungi","floor":28,"turns":5},{"damage":0,"enemies":"Gremlin Leader","floor":30,"turns":5},{"damage":13,"enemies":"Centurion and Healer","floor":31,"turns":4},{"damage":38,"enemies":"Champ","floor":33,"turns":9},{"damage":20,"enemies":"3 Darklings","floor":35,"turns":4},{"damage":4,"enemies":"Orb Walker","floor":37,"turns":4},{"damage":36,"enemies":"Jaw Worm Horde","floor":39,"turns":5},{"damage":55,"enemies":"Giant Head","floor":40,"turns":7}],"seed_played":"7673088855717792483","potions_obtained":[{"floor":1,"key":"SpeedPotion"},{"floor":8,"key":"DuplicationPotion"},{"floor":12,"key":"Fire Potion"},{"floor":30,"key":"Block Potion"},{"floor":31,"key":"ElixirPotion"},{"floor":39,"key":"Swift Potion"}],"is_trial":false,"path_per_floor":["M","$","?","M","$","R","E","M","T","?","M","M","?","M","R","B",null,"M","M","M","$","M","R","M","$","T","M","M","R","E","M","R","B",null,"M","?","M","?","M","E"],"character_chosen":"IRONCLAD","items_purchased":["Metallicize","Medical Kit","Shockwave"],"campfire_rested":2,"item_purchase_floors":[2,21,21],"current_hp_per_floor":[72,72,72,72,72,72,49,50,50,50,46,45,45,42,63,45,72,72,72,71,71,72,72,56,56,56,48,38,59,70,63,63,41,72,64,64,72,68,44,0,0],"gold":336,"neow_bonus":"ONE_RARE_RELIC","is_daily":false,"chose_seed":false,"campfire_upgraded":3,"win_rate":0.0,"timestamp":1610314989,"path_taken":["M","$","?","M","$","R","E","M","T","?","M","?","?","M","R","BOSS","M","M","M","$","M","R","M","$","T","M","M","R","E","M","R","BOSS","M","?","M","?","M","E"],"items_purchased_type":["Card","Relic","Card"],"build_version":"2020-12-22","purchased_purges":1,"victory":false,"max_hp_per_floor":[72,72,72,72,72,72,72,72,72,72,72,72,72,72,72,72,72,72,72,72,72,72,72,72,72,72,72,72,72,72,72,72,72,72,72,72,72,68,68,68,68],"card_choices":[{"not_picked":["Power Through","True Grit"],"picked":"Blood for Blood","floor":1},{"not_picked":["Dark Embrace","Sword Boomerang"],"picked":"Flame Barrier","floor":4},{"not_picked":["Dropkick","Perfected Strike"],"picked":"Disarm","floor":7},{"not_picked":["True Grit","Twin Strike"],"picked":"Clash","floor":8},{"not_picked":["Heavy Blade","Rupture"],"picked":"Headbutt","floor":11},{"not_picked":["Thunderclap","True Grit"],"picked":"Pummel","floor":12},{"not_picked":["True Grit","Pummel"],"picked":"Clothesline","floor":14},{"not_picked":["Reaper","Berserk"],"picked":"Demon Form","floor":16},{"not_picked":["Iron Wave","Heavy Blade"],"picked":"Infernal Blade","floor":18},{"not_picked":["Clothesline+1","Flex"],"picked":"Shrug It Off","floor":19},{"not_picked":["Bloodletting","Searing Blow","Headbutt"],"picked":"SKIP","floor":20},{"not_picked":["Armaments","Clothesline"],"picked":"Warcry","floor":22},{"not_picked":["Rage","Dropkick"],"picked":"Body Slam","floor":24},{"not_picked":["Burning Pact+1","Cleave"],"picked":"Offering","floor":27},{"not_picked":["Warcry","Wild Strike","Flex+1"],"picked":"SKIP","floor":28},{"not_picked":["Disarm","Twin Strike"],"picked":"Ghostly Armor","floor":30},{"not_picked":["Infernal Blade","Wild Strike","Flex"],"picked":"SKIP","floor":31},{"not_picked":["Offering","Reaper"],"picked":"Feed","floor":33},{"not_picked":["Spot Weakness","Anger"],"picked":"Ghostly Armor+1","floor":35},{"not_picked":["Jack Of All Trades","Deep Breath"],"picked":"Sadistic Nature","floor":36},{"not_picked":["Flex+1","Headbutt+1"],"picked":"Clothesline+1","floor":37},{"not_picked":["Pommel Strike+1","Dark Embrace+1"],"picked":"True Grit+1","floor":39}],"player_experience":92117,"relics_obtained":[{"floor":7,"key":"Darkstone Periapt"},{"floor":9,"key":"Vajra"},{"floor":26,"key":"Red Skull"},{"floor":30,"key":"Bag of Preparation"}],"event_choices":[{"damage_healed":0,"gold_gain":0,"player_choice":"Box","damage_taken":0,"relics_obtained":["Toy Ornithopter"],"max_hp_gain":0,"max_hp_loss":0,"event_name":"Big Fish","floor":3,"gold_loss":0,"cards_obtained":["Regret"]},{"damage_healed":0,"gold_gain":0,"cards_transformed":["Strike_R"],"player_choice":"Transformed","damage_taken":0,"max_hp_gain":0,"max_hp_loss":0,"event_name":"Transmorgrifier","floor":10,"gold_loss":0,"cards_obtained":["Juggernaut"]},{"damage_healed":0,"gold_gain":0,"player_choice":"Grow","damage_taken":0,"max_hp_gain":0,"max_hp_loss":0,"event_name":"Living Wall","floor":13,"gold_loss":0,"cards_upgraded":["Juggernaut"]},{"damage_healed":0,"gold_gain":0,"player_choice":"Memory 1","damage_taken":0,"max_hp_gain":0,"max_hp_loss":0,"event_name":"SensoryStone","floor":36,"gold_loss":0},{"damage_healed":0,"gold_gain":0,"player_choice":"Max HP","damage_taken":0,"max_hp_gain":0,"max_hp_loss":4,"event_name":"Winding Halls","floor":38,"gold_loss":0}],"is_beta":false,"boss_relics":[{"not_picked":["Sozu","Pandora\u0027s Box"],"picked":"Snecko Eye"},{"not_picked":["Coffee Dripper","Runic Dome"],"picked":"Black Blood"}],"items_purged_floors":[2],"is_endless":false,"potions_floor_spawned":[1,8,12,14,19,30,31,39],"killed_by":"Giant Head","ascension_level":0}}