{"host":"a0paspe0zwqgzttz","time":1610317874,"event":{"mods":["AchievementEnabler","Act Like it!","BaseMod","BetterRewards","Colored Powertips","Conspire","Downfall","GifTheSpireLib","Hermit","Highlight Path","Lobotomy","Mad Scientist","Marisa????????","Minty Spire (QoL Compilation)","Quick Restart","Replay The Spire","Robot Space Explorer","Shop Mod","StSLib","SuperFastMode","The Bug Knight","The Construct","The Cursed","The Hierophant","The Jungle","The Mystic","The Necromancer","The Runesmith","The Senshi","The Servant 0.9.4"],"gold_per_floor":[99,113,113,132,147,160,160,160,85,360,371,271,271,281,295,394,394,394,414,429,429,329,381,381,423,464,389,416,447,159,196,246,283,283],"floor_reached":33,"playtime":1374,"items_purged":[],"score":403,"play_id":"ff605db1-dfa5-456a-9fda-ca6ccbb7a238","local_time":"20210110173114","is_ascension_mode":true,"campfire_choices":[{"floor":1,"key":"RECALL"},{"data":"hermit:FromBeyond","floor":9,"key":"SMITH"},{"floor":13,"key":"REST"},{"floor":27,"key":"REST"}],"circlet_count":0,"master_deck":["hermit:Strike_Hermit","hermit:Strike_Hermit","hermit:Strike_Hermit","hermit:Strike_Hermit","hermit:Defend_Hermit","hermit:Defend_Hermit","hermit:Defend_Hermit","hermit:Defend_Hermit","hermit:Snapshot","hermit:Covet","hermit:FromBeyond+1","hermit:Quickdraw","hermit:FlashPowder","hermit:FlashPowder+1","hermit:Roulette","Regret","hermit:Brawl","Ghostly","hermit:GhostlyPresence","hermit:Coalescence","hermit:FromBeyond","hermit:FlashPowder","hermit:FlashPowder","Writhe","conspire:SpireCoStock","conspire:SpireCoStock","hermit:Horror","hermit:Horror","hermit:EyeOfTheStorm+1","hermit:Vantage","hermit:TakeCover","hermit:GoldenBullet","Delirium","hermit:Headshot","Chrysalis","hermit:HoleUp+1","hermit:Scavenge+1"],"relics":["hermit:Momento","Letter Opener","Replay:Bottled Flurry","downfall:HeartBlessingRed","hermit:DentedPlate","ReplayTheSpireMod:Ninjato","downfall:HeartBlessingBlue","ReplayTheSpireMod:CursedCoin","hermit:Horseshoe","Bag of Marbles"],"acts_visited":["Exordium","TheCity"],"potions_floor_usage":[16,16,16,31,31],"damage_taken":[{"damage":6,"enemies":"Jaw Worm","floor":2,"turns":3},{"damage":1,"enemies":"Cultist","floor":4,"turns":3},{"damage":0,"enemies":"2 Louse","floor":5,"turns":2},{"damage":0,"enemies":"Large Slime","floor":6,"turns":5},{"damage":19,"enemies":"Gremlin Gang","floor":11,"turns":5},{"damage":3,"enemies":"Looter","floor":14,"turns":4},{"damage":1,"enemies":"Blue Slaver","floor":15,"turns":3},{"damage":11,"enemies":"Fading Forest","floor":16,"turns":11},{"damage":5,"enemies":"Shell Parasite","floor":19,"turns":7},{"damage":41,"enemies":"3 Cultists","floor":20,"turns":7},{"damage":12,"enemies":"Shelled Parasite and Fungi","floor":23,"turns":6},{"damage":2,"enemies":"Snake Plant","floor":25,"turns":6},{"damage":5,"enemies":"Snecko","floor":26,"turns":5},{"damage":7,"enemies":"Cultist and Chosen","floor":28,"turns":6},{"damage":22,"enemies":"Centurion and Healer","floor":29,"turns":7},{"damage":5,"enemies":"downfall:FleeingMerchant","floor":30,"turns":4},{"damage":28,"enemies":"HollowMod:Nosk","floor":31,"turns":9},{"damage":3,"enemies":"conspire:HollyBat","floor":32,"turns":9},{"damage":79,"enemies":"downfall:Ironclad","floor":33,"turns":10}],"seed_played":"1896345902388024000","potions_obtained":[{"floor":2,"key":"Explosive Potion"},{"floor":11,"key":"FearPotion"},{"floor":15,"key":"Fire Potion"},{"floor":16,"key":"FairyPotion"},{"floor":23,"key":"hermit:BlackBile"},{"floor":26,"key":"SkillPotion"}],"is_trial":false,"path_per_floor":["R","M","?","M","M","M","T","?","R","?","M","?","R","M","M","B",null,"R","M","M","?","?","M","T","M","M","R","M","M","$","E","M","B"],"character_chosen":"HERMIT","items_purchased":["ReplayTheSpireMod:CursedCoin","hermit:Horseshoe","hermit:Headshot","Chrysalis"],"campfire_rested":2,"item_purchase_floors":[30,30,30,30],"current_hp_per_floor":[75,69,69,68,68,68,68,61,61,61,42,42,64,61,60,49,81,107,102,61,61,61,49,49,47,42,87,80,58,53,25,22,0,0],"gold":283,"neow_bonus":"ONE_RANDOM_RARE_CARD","is_daily":false,"chose_seed":false,"campfire_upgraded":1,"win_rate":0.0,"timestamp":1610317874,"path_taken":["R","M","?","?","?","M","T","?","R","?","?","?","R","M","M","BOSS","R","M","M","?","?","M","T","?","M","R","M","M","$","E","M","BOSS"],"items_purchased_type":["Relic","Relic","Card","Card"],"build_version":"2020-12-22","purchased_purges":0,"victory":false,"max_hp_per_floor":[75,75,75,75,75,75,75,75,75,75,75,75,75,75,75,75,107,107,107,107,107,107,107,107,107,107,117,117,117,117,117,117,117,117],"card_choices":[{"not_picked":["hermit:DeadMansHand","hermit:WideOpen"],"picked":"hermit:Quickdraw","floor":2},{"not_picked":["hermit:HoleUp","hermit:CalledShot"],"picked":"hermit:FlashPowder","floor":4},{"not_picked":["hermit:Glare","hermit:Brawl"],"picked":"hermit:FlashPowder","floor":5},{"not_picked":["hermit:Showdown","hermit:TrackingShot"],"picked":"hermit:Roulette","floor":6},{"not_picked":["hermit:ItchyTrigger","hermit:LowProfile"],"picked":"hermit:Brawl","floor":11},{"not_picked":["hermit:Midnight","hermit:PistolWhip"],"picked":"hermit:GhostlyPresence","floor":14},{"not_picked":["hermit:Roulette","hermit:HoleUp"],"picked":"hermit:Coalescence","floor":15},{"not_picked":["hermit:Roughhouse","hermit:OverwhelmingPower"],"picked":"hermit:FromBeyond","floor":16},{"not_picked":["hermit:DeadMansHand","hermit:Midnight"],"picked":"hermit:FlashPowder","floor":19},{"not_picked":["hermit:Manifest","hermit:NoHoldsBarred"],"picked":"hermit:FlashPowder","floor":20},{"not_picked":["hermit:HighCaliber","hermit:TakeCover"],"picked":"hermit:Horror","floor":23},{"not_picked":["hermit:Feint","hermit:PistolWhip"],"picked":"hermit:Horror","floor":25},{"not_picked":["hermit:Dive","hermit:Desperado"],"picked":"hermit:EyeOfTheStorm+1","floor":26},{"not_picked":["hermit:TrackingShot","hermit:SprayPray"],"picked":"hermit:Vantage","floor":28},{"not_picked":["hermit:Desperado+1","hermit:Combo+1"],"picked":"hermit:TakeCover","floor":29},{"not_picked":["hermit:Roulette","hermit:Gambit"],"picked":"hermit:GoldenBullet","floor":30},{"not_picked":["hermit:Determination","hermit:Brawl+1"],"picked":"hermit:HoleUp+1","floor":31},{"not_picked":["hermit:LowProfile","hermit:TrackingShot+1"],"picked":"hermit:Scavenge+1","floor":32}],"player_experience":478487,"relics_obtained":[{"floor":7,"key":"Letter Opener"},{"floor":31,"key":"Bag of Marbles"}],"event_choices":[{"damage_healed":0,"gold_gain":0,"player_choice":"Ignored","damage_taken":0,"max_hp_gain":0,"max_hp_loss":0,"event_name":"Purifier","floor":3,"gold_loss":0},{"damage_healed":0,"gold_gain":0,"player_choice":"Success","damage_taken":7,"relics_obtained":["Replay:Bottled Flurry"],"max_hp_gain":0,"max_hp_loss":0,"event_name":"Scrap Ooze","floor":8,"gold_loss":0},{"damage_healed":0,"gold_gain":275,"player_choice":"Desecrate","damage_taken":0,"max_hp_gain":0,"max_hp_loss":0,"event_name":"Golden Shrine","floor":10,"gold_loss":0,"cards_obtained":["Regret"]},{"damage_healed":0,"gold_gain":0,"player_choice":"Argue","damage_taken":0,"max_hp_gain":0,"max_hp_loss":0,"event_name":"conspire:LoneGhost","floor":12,"gold_loss":0},{"damage_healed":0,"gold_gain":0,"player_choice":"Invest 2","damage_taken":0,"max_hp_gain":0,"max_hp_loss":0,"event_name":"conspire:Investor","floor":22,"gold_loss":0}],"is_beta":false,"boss_relics":[{"not_picked":["Coffee Dripper","Painkiller Herb"],"picked":"hermit:DentedPlate"}],"items_purged_floors":[],"is_endless":false,"potions_floor_spawned":[2,11,15,16,23,26,29],"killed_by":"downfall:Ironclad","ascension_level":1}}