{"host":"brd61wijv1cf72gn","time":1610256147,"event":{"mods":["Act Like it!","BaseMod","Conspire","Gensokyo","Marisa£®ÏF”Í°°ƒß¿Ì…≥£©","Minty Spire (QoL Compilation)","Replay The Spire","StSLib","The Bug Knight","The Cursed","The Runesmith","The Servant 0.9.4"],"gold_per_floor":[109,124,124,137,30,58,58,84,84,119,119,119,137,148,148,247,247,263,20,35,46,6,31,48,83,83,111,111,37,37,50,50,50,50],"floor_reached":33,"playtime":1945,"items_purged":[],"score":337,"play_id":"f03687c9-03c2-4c76-b532-f672f94f4bbe","local_time":"20210110132227","is_ascension_mode":true,"campfire_choices":[{"data":"Blade Dance","floor":7,"key":"SMITH"},{"data":"Prepared","floor":12,"key":"SMITH"},{"floor":15,"key":"REST"},{"floor":28,"key":"REST"},{"data":"conspire:DoublingDagger","floor":30,"key":"SMITH"},{"floor":32,"key":"REST"}],"circlet_count":0,"master_deck":["Strike_G","Strike_G","Strike_G","Strike_G","Strike_G","Defend_G","Defend_G","Defend_G","Defend_G","Defend_G","Survivor","ReplayTheSpireMod:The Works","Blade Dance+1","All Out Attack+1","Blade Dance+1","Footwork","Prepared+1","Replay:Bag of Tricks","Backflip+1","Choke+1","A Thousand Cuts","conspire:DoublingDagger+1","Gensokyo:TarnishedGold","Gensokyo:Shovel"],"relics":["Ring of the Snake","Replay:Wax Seal","conspire:DecoderRing","ReplayTheSpireMod:TigerMarble","Replay:WaspNest","Runesmith:Nanobots","Gensokyo:Mercy","WristBlade","Mummified Hand","Runesmith:AutoHammer","Sundial","Ninja Scroll","Counterbalance"],"acts_visited":["Exordium","Gensokyo:Gensokyo"],"potions_floor_usage":[6,16,20,23,23,25,27],"damage_taken":[{"damage":1,"enemies":"Gensokyo:Gryphon","floor":1,"turns":4},{"damage":6,"enemies":"Gensokyo:Python","floor":2,"turns":4},{"damage":0,"enemies":"Gensokyo:2_Kodama","floor":4,"turns":2},{"damage":13,"enemies":"Gensokyo:Mamizou","floor":6,"turns":7},{"damage":2,"enemies":"Gensokyo:Aya","floor":8,"turns":6},{"damage":19,"enemies":"Gensokyo:Cirno","floor":10,"turns":5},{"damage":0,"enemies":"Gensokyo:CorruptedTreant","floor":13,"turns":4},{"damage":0,"enemies":"Gensokyo:Python_and_Kodama","floor":14,"turns":2},{"damage":42,"enemies":"Gensokyo:Reimu","floor":16,"turns":11},{"damage":0,"enemies":"Gensokyo:AngelMirror","floor":18,"turns":1},{"damage":0,"enemies":"Gensokyo:CosmicMonolith","floor":20,"turns":1},{"damage":0,"enemies":"Gensokyo:Chomper_and_Gloop","floor":21,"turns":2},{"damage":7,"enemies":"Gensokyo:Reisen","floor":23,"turns":5},{"damage":0,"enemies":"Gensokyo:Monolith_and_Dog","floor":24,"turns":2},{"damage":8,"enemies":"Gensokyo:Tenshi","floor":25,"turns":4},{"damage":39,"enemies":"Gensokyo:Koishi","floor":27,"turns":6},{"damage":16,"enemies":"Gensokyo:Wraith","floor":31,"turns":4},{"damage":52,"enemies":"Gensokyo:Eternal_Rivals","floor":33,"turns":4}],"seed_played":"798035501094737775","potions_obtained":[{"floor":1,"key":"PowerPotion"},{"floor":2,"key":"Dexterity Potion"},{"floor":6,"key":"Energy Potion"},{"floor":10,"key":"Energy Potion"},{"floor":18,"key":"Dexterity Potion"},{"floor":23,"key":"Ancient Potion"},{"floor":25,"key":"Swift Potion"}],"is_trial":false,"path_per_floor":["M","M","?","M","COS","E","R","E","T","E","?","R","M","M","R","B",null,"M","$","M","M","?","E","M","E","T","E","R","COS","R","M","R","B"],"character_chosen":"THE_SILENT","items_purchased":["Mummified Hand"],"campfire_rested":3,"item_purchase_floors":[19],"current_hp_per_floor":[69,63,63,63,63,50,50,48,48,33,33,33,33,33,54,12,70,70,70,70,70,70,63,63,59,59,20,41,41,41,25,46,0,0],"gold":50,"neow_bonus":"RANDOM_COMMON_RELIC","is_daily":false,"chose_seed":false,"campfire_upgraded":3,"win_rate":0.0,"timestamp":1610256147,"path_taken":["M","M","?","M","COS","E","R","E","T","E","?","R","M","?","R","BOSS","M","$","M","M","?","E","M","E","T","E","R","COS","R","M","R","BOSS"],"items_purchased_type":["Relic"],"build_version":"2020-12-22","purchased_purges":0,"victory":false,"max_hp_per_floor":[70,70,70,70,70,70,70,70,70,70,70,70,70,70,70,70,70,70,70,70,70,70,70,70,70,70,70,70,70,70,70,70,70,70],"card_choices":[{"not_picked":["Catalyst","Distraction"],"picked":"ReplayTheSpireMod:The Works","floor":1},{"not_picked":["conspire:PoisonWeapons","ReplayTheSpireMod:Speed Training"],"picked":"Blade Dance","floor":2},{"not_picked":["ReplayTheSpireMod:Exploit Weakness","Dagger Throw","PiercingWail"],"picked":"SKIP","floor":4},{"not_picked":["Leg Sweep+1","Flying Knee+1"],"picked":"Blade Dance+1","floor":6},{"not_picked":["Flechettes","Quick Slash"],"picked":"Footwork","floor":6},{"not_picked":["ReplayTheSpireMod:Speed Training","ReplayTheSpireMod:Tripwire","Flying Knee"],"picked":"SKIP","floor":8},{"not_picked":["Quick Slash","Catalyst"],"picked":"Prepared","floor":10},{"not_picked":["Outmaneuver","PiercingWail","Sucker Punch"],"picked":"SKIP","floor":13},{"not_picked":["Deadly Poison","Fluid Movement","Slice"],"picked":"SKIP","floor":14},{"not_picked":["A Thousand Cuts","Venomology"],"picked":"Replay:Bag of Tricks","floor":16},{"not_picked":["Poisoned Stab","Blur","Hidden Blade"],"picked":"SKIP","floor":18},{"not_picked":["Underhanded Strike","Flying Knee"],"picked":"Backflip+1","floor":20},{"not_picked":["Acrobatics","Endless Agony"],"picked":"Choke","floor":21},{"not_picked":["Outmaneuver+1","Acrobatics"],"picked":"A Thousand Cuts","floor":23},{"not_picked":["Well Laid Plans","Predator"],"picked":"conspire:DoublingDagger","floor":24},{"not_picked":["Poisoned Stab","Sucker Punch","Flechettes+1"],"picked":"SKIP","floor":25},{"not_picked":["Dodge and Roll","Hidden Blade","Poison Darts"],"picked":"SKIP","floor":27},{"not_picked":["Heel Hook","Deflect","Slice"],"picked":"SKIP","floor":31}],"player_experience":20698,"relics_obtained":[{"floor":6,"key":"conspire:DecoderRing"},{"floor":8,"key":"ReplayTheSpireMod:TigerMarble"},{"floor":9,"key":"Replay:WaspNest"},{"floor":10,"key":"Runesmith:Nanobots"},{"floor":23,"key":"Runesmith:AutoHammer"},{"floor":25,"key":"Sundial"},{"floor":26,"key":"Ninja Scroll"},{"floor":27,"key":"Counterbalance"}],"event_choices":[],"is_beta":false,"boss_relics":[{"not_picked":["Fusion Hammer","Ring of the Serpent"],"picked":"WristBlade"}],"items_purged_floors":[],"is_endless":false,"potions_floor_spawned":[1,2,6,10,18,23,25],"killed_by":"Gensokyo:Eternal_Rivals","ascension_level":1}}