{"host":"ef0di4u2iht71tvj","time":1610249667,"event":{"mods":["2.2 Compatiblity","Act Like it!","BaseMod","DeckTracker","Downfall","Hermit","HololiveMod","JesterMod","Koishi","Marisa????????","Minty Spire (QoL Compilation)","StSLib","SuperFastMode","Synergy Search","The Animator","The Bug Knight","The Clintock","The Construct","The Cursed","The Disciple","The Forsaken","The Gatherer","The Hierophant","The Jungle","The Servant 0.9.4"],"gold_per_floor":[113,130,130,140,156,184,184,215,215,227,227,242,276,226,226,330,330,347,364,364,378,3,28,5,5,5,20,45,59,59,78,78,183,183,198,10,22,72,0,17,52,63,63,82,97,128,128,138,138,138,138,138,13,43,43],"floor_reached":56,"playtime":7872,"items_purged":["Strike_S","Strike_S","Strike_S"],"score":1448,"play_id":"79ebecd2-c34a-49b5-9aa5-894a9a619458","local_time":"20210110043427","is_ascension_mode":false,"campfire_choices":[{"data":"Sunlight","floor":7,"key":"SMITH"},{"data":"Exchange","floor":11,"key":"SMITH"},{"data":"Comet","floor":15,"key":"SMITH"},{"data":"MurderousAura","floor":25,"key":"SMITH"},{"data":"Alleviate","floor":30,"key":"SMITH"},{"data":"Panache","floor":32,"key":"SMITH"},{"floor":47,"key":"RECALL"},{"data":"expansioncontent:Chronoboost","floor":49,"key":"SMITH"},{"data":"BottledTime","floor":52,"key":"SMITH"}],"circlet_count":0,"master_deck":["Defend_S","Defend_S","Defend_S","Defend_S","KidneyShot+1","Exchange+1","TimeWarp","ShiftingGears","DualDimension","Sunlight+1","BottledTime+1","MurderousAura+1","Comet+1","TheWorld","SpecialFormula+1","FastForward","TheWorld","Panache+1","Alleviate+1","Sabotage+1","Misdirection","ForgedInTime","expansioncontent:Chronoboost+1","Sabotage+1","Desolation+1","TheWorld","Moondial","Luminosity","Replace+1"],"relics":["SplendidAttire","Singing Bowl","Mercury Hourglass","HornCleat","Bird Faced Urn","Coffee Dripper","Bottled Tornado","Matryoshka","InkBottle","Ice Cream","Red Mask","Bag of Marbles","theForsaken:Lifeblossom","Pear","Centennial Puzzle"],"acts_visited":["Exordium","TheCity","TheBeyond","TheEnding"],"potions_floor_usage":[33,33,55,55,55],"damage_taken":[{"damage":1,"enemies":"Cultist","floor":1,"turns":4},{"damage":0,"enemies":"2 Louse","floor":2,"turns":3},{"damage":0,"enemies":"Small Slimes","floor":4,"turns":3},{"damage":2,"enemies":"Red Slaver","floor":5,"turns":4},{"damage":9,"enemies":"Lagavulin","floor":6,"turns":7},{"damage":6,"enemies":"HollowMod:MossKnight","floor":8,"turns":5},{"damage":0,"enemies":"Gremlin Gang","floor":10,"turns":2},{"damage":6,"enemies":"Exordium Wildlife","floor":12,"turns":2},{"damage":15,"enemies":"Lagavulin","floor":13,"turns":5},{"damage":0,"enemies":"The Guardian","floor":16,"turns":9},{"damage":7,"enemies":"2 Thieves","floor":18,"turns":3},{"damage":0,"enemies":"Chosen","floor":19,"turns":4},{"damage":6,"enemies":"Shelled Parasite and Fungi","floor":21,"turns":3},{"damage":0,"enemies":"Gremlin Leader","floor":23,"turns":4},{"damage":0,"enemies":"Cultist and Chosen","floor":27,"turns":4},{"damage":0,"enemies":"Book of Stabbing","floor":28,"turns":5},{"damage":8,"enemies":"Centurion and Healer","floor":29,"turns":2},{"damage":0,"enemies":"Snecko","floor":31,"turns":3},{"damage":0,"enemies":"Collector","floor":33,"turns":7},{"damage":2,"enemies":"3 Darklings","floor":35,"turns":4},{"damage":13,"enemies":"3 Shapes","floor":37,"turns":3},{"damage":0,"enemies":"Mind Bloom Boss Battle","floor":38,"turns":4},{"damage":12,"enemies":"3 Darklings","floor":40,"turns":2},{"damage":0,"enemies":"HollowMod:StalkingDevout","floor":41,"turns":6},{"damage":0,"enemies":"Jaw Worm Horde","floor":42,"turns":3},{"damage":0,"enemies":"Sphere and 2 Shapes","floor":44,"turns":2},{"damage":0,"enemies":"Writhing Mass","floor":45,"turns":6},{"damage":0,"enemies":"Reptomancer","floor":46,"turns":4},{"damage":0,"enemies":"3 Darklings","floor":48,"turns":3},{"damage":2,"enemies":"Awakened One","floor":50,"turns":12},{"damage":5,"enemies":"Shield and Spear","floor":54,"turns":4},{"damage":45,"enemies":"The Heart","floor":55,"turns":10}],"seed_played":"1304874317769297674","potions_obtained":[{"floor":2,"key":"Weak Potion"},{"floor":10,"key":"Fire Potion"},{"floor":12,"key":"Guardian:BlockOnCardUsePotion"},{"floor":18,"key":"LiquidMemories"},{"floor":19,"key":"Fire Potion"},{"floor":29,"key":"Dexterity Potion"},{"floor":31,"key":"Energy Potion"},{"floor":33,"key":"Strength Potion"},{"floor":37,"key":"Swift Potion"},{"floor":45,"key":"Dexterity Potion"}],"is_trial":false,"path_per_floor":["M","M","?","M","M","E","R","E","T","M","R","M","E","?","R","B",null,"M","M","?","M","$","E","$","R","T","M","E","M","R","M","R","B",null,"M","$","M","?","?","M","E","M","T","M","M","E","R","M","R","B",null,"R","$","E","B",null],"character_chosen":"THE_SERVANT","items_purchased":["TheWorld","Panache","Alleviate","expansioncontent:Chronoboost"],"campfire_rested":0,"item_purchase_floors":[22,22,24,36],"current_hp_per_floor":[58,58,58,58,56,47,47,41,41,43,43,37,24,24,24,26,81,76,78,78,82,82,85,85,85,85,85,87,79,79,89,89,89,89,89,89,86,93,93,93,95,95,95,95,97,107,107,107,107,107,107,107,107,108,77],"gold":43,"neow_bonus":"TWENTY_PERCENT_HP_BONUS","is_daily":false,"chose_seed":false,"campfire_upgraded":8,"win_rate":0.0,"timestamp":1610249667,"path_taken":["M","M","?","M","?","E","R","E","T","?","R","M","E","?","R","BOSS","M","M","?","M","$","E","?","R","T","M","E","M","R","M","R","BOSS","M","?","M","?","?","M","E","M","T","M","?","E","R","M","R","BOSS","R","$","E","BOSS"],"items_purchased_type":["Card","Card","Card","Card"],"build_version":"2020-12-22","purchased_purges":3,"victory":true,"max_hp_per_floor":[77,77,77,77,77,77,77,77,77,79,79,79,81,81,81,81,81,83,83,83,83,83,85,85,85,85,85,87,87,87,89,89,89,89,91,91,91,93,93,95,95,95,95,95,97,107,107,107,107,107,107,107,107,109,109],"card_choices":[{"not_picked":["Spin","Defy"],"picked":"TimeWarp","floor":1},{"not_picked":["ShatteredReality","FanOfKnives"],"picked":"ShiftingGears","floor":2},{"not_picked":["Revamp","Rewind"],"picked":"DualDimension","floor":4},{"not_picked":["DoubleEdge","ShatteredReality"],"picked":"Sunlight","floor":5},{"not_picked":["Read","TimeWarp"],"picked":"BottledTime","floor":6},{"not_picked":["Hightail","ShatteredReality"],"picked":"MurderousAura","floor":8},{"not_picked":["Defy","Rearm","WasteNot"],"picked":"Singing Bowl","floor":10},{"not_picked":["StarChef","Potential"],"picked":"Comet","floor":12},{"not_picked":["MoonPhase","Defy","FastForward"],"picked":"Singing Bowl","floor":13},{"not_picked":["SilverMatrix","Duplication"],"picked":"TheWorld","floor":16},{"not_picked":["DancingSilver","Potential","Spin"],"picked":"Singing Bowl","floor":18},{"not_picked":["TimeTheft","Defy"],"picked":"SpecialFormula+1","floor":19},{"not_picked":["ShatteredReality","DancingSilver+1"],"picked":"FastForward","floor":21},{"not_picked":["Revamp","DancingSilver","TrueSight"],"picked":"Singing Bowl","floor":23},{"not_picked":["Rewind","ShatteredReality+1"],"picked":"Sabotage+1","floor":27},{"not_picked":["Rewind","Collapse","TimeWarp"],"picked":"Singing Bowl","floor":28},{"not_picked":["Spin","Unruled"],"picked":"Misdirection","floor":29},{"not_picked":["DoubleEdge","Collapse+1","Defy"],"picked":"Singing Bowl","floor":31},{"not_picked":["FlawlessForm","Dilation"],"picked":"ForgedInTime","floor":33},{"not_picked":["Revamp","Unruled+1","ShatteredReality+1"],"picked":"Singing Bowl","floor":35},{"not_picked":["Defy+1","DoubleEdge+1"],"picked":"Sabotage+1","floor":37},{"not_picked":["Starlight","Revamp+1","ReturningBlade"],"picked":"Singing Bowl","floor":38},{"not_picked":["Ricochet","MoonPhase+1","Defy+1"],"picked":"Singing Bowl","floor":40},{"not_picked":["Snipe","Potential"],"picked":"Desolation+1","floor":41},{"not_picked":["Desolation+1","Snipe+1"],"picked":"TheWorld","floor":42},{"not_picked":["Rearm+1","Alleviate"],"picked":"Moondial","floor":44},{"not_picked":["Rewind","Foresight","Alleviate+1"],"picked":"Singing Bowl","floor":45},{"not_picked":["Barrier+1","FastForward"],"picked":"Luminosity","floor":46},{"not_picked":["DancingSilver","Deny"],"picked":"Replace+1","floor":48},{"not_picked":["Read","Rewind","Advance"],"picked":"Singing Bowl","floor":54}],"player_experience":1826325,"relics_obtained":[{"floor":6,"key":"Singing Bowl"},{"floor":8,"key":"Mercury Hourglass"},{"floor":9,"key":"HornCleat"},{"floor":13,"key":"Bird Faced Urn"},{"floor":23,"key":"Bottled Tornado"},{"floor":26,"key":"Matryoshka"},{"floor":28,"key":"InkBottle"},{"floor":38,"key":"Ice Cream"},{"floor":41,"key":"Bag of Marbles"},{"floor":43,"key":"theForsaken:Lifeblossom"},{"floor":46,"key":"Pear"},{"floor":54,"key":"Centennial Puzzle"}],"event_choices":[{"damage_healed":0,"gold_gain":0,"player_choice":"Forge","damage_taken":0,"max_hp_gain":0,"max_hp_loss":0,"event_name":"Accursed Blacksmith","floor":3,"gold_loss":0,"cards_upgraded":["KidneyShot"]},{"cards_removed":["Strike_S"],"damage_healed":0,"gold_gain":0,"player_choice":"Card Removal","damage_taken":0,"max_hp_gain":0,"max_hp_loss":0,"event_name":"The Cleric","floor":14,"gold_loss":50},{"damage_healed":0,"gold_gain":0,"player_choice":"Bought 0 Potions","damage_taken":0,"max_hp_gain":0,"max_hp_loss":0,"event_name":"The Woman in Blue","floor":20,"gold_loss":0},{"damage_healed":0,"gold_gain":0,"player_choice":"Fight","damage_taken":0,"max_hp_gain":0,"max_hp_loss":0,"event_name":"MindBloom","floor":38,"gold_loss":0},{"damage_healed":0,"gold_gain":0,"player_choice":"Paid","damage_taken":0,"relics_obtained":["Red Mask"],"max_hp_gain":0,"max_hp_loss":0,"event_name":"Tomb of Lord Red Mask","floor":39,"gold_loss":72}],"is_beta":false,"boss_relics":[{"not_picked":["jesterMod:MachoBrace","MysterySword"],"picked":"Coffee Dripper"},{"not_picked":["theForsaken:PaleLantern","Runic Dome"],"picked":"SplendidAttire"}],"items_purged_floors":[22,36,53],"is_endless":false,"potions_floor_spawned":[2,10,12,13,16,18,19,23,29,31,33,37,40,45,48],"ascension_level":0}}