{"host":"qrt7o4dq2qslzw13","time":1610255705,"event":{"mods":["AchievementEnabler","BaseMod","Colored Map","Colored Powertips","Minty Spire (QoL Compilation)","Quick Restart","StSLib","SuperFastMode"],"gold_per_floor":[111,124,124,144,144,144,180,12,12,28,28,28,28,28,28,147,147,183,209,271,297,329,341,353,365,403,186,186,202,202,240,240,240,240],"floor_reached":33,"playtime":579,"items_purged":[],"score":278,"play_id":"bce6ce66-5bc4-49df-9511-4cb66be4556d","local_time":"20210110001505","is_ascension_mode":false,"campfire_choices":[{"data":"Bash","floor":6.0,"key":"SMITH"},{"data":"Whirlwind","floor":11.0,"key":"SMITH"},{"data":"Trip","floor":12.0,"key":"SMITH"},{"data":"Shrug It Off","floor":13.0,"key":"SMITH"},{"data":"Dual Wield","floor":15.0,"key":"SMITH"},{"data":"Fiend Fire","floor":23.0,"key":"SMITH"},{"data":"Seeing Red","floor":25.0,"key":"SMITH"},{"data":"Ghostly Armor","floor":28.0,"key":"SMITH"},{"data":"Rage","floor":30.0,"key":"SMITH"},{"floor":32.0,"key":"REST"}],"circlet_count":0,"master_deck":["Strike_R","Strike_R","Strike_R","Strike_R","Strike_R","Defend_R","Defend_R","Defend_R","Defend_R","Bash+1","Seeing Red+1","Headbutt","Anger+1","Dual Wield+1","Trip+1","Whirlwind+1","Shrug It Off+1","Fiend Fire+1","CurseOfTheBell","Thunderclap+1","Havoc+1","Iron Wave+1","Sentinel","Ghostly Armor+1","Rage+1","Armaments+1"],"relics":["Burning Blood","NeowsBlessing","Golden Idol","Odd Mushroom","WingedGreaves","Calling Bell","MawBank","Blue Candle","Pocketwatch","Happy Flower","Centennial Puzzle","PreservedInsect","Akabeko"],"acts_visited":["Exordium","TheCity"],"potions_floor_usage":[],"damage_taken":[{"damage":0.0,"enemies":"Small Slimes","floor":1.0,"turns":1.0},{"damage":0.0,"enemies":"Jaw Worm","floor":2.0,"turns":1.0},{"damage":0.0,"enemies":"2 Louse","floor":4.0,"turns":1.0},{"damage":29.0,"enemies":"The Mushroom Lair","floor":7.0,"turns":5.0},{"damage":5.0,"enemies":"Large Slime","floor":10.0,"turns":4.0},{"damage":42.0,"enemies":"Hexaghost","floor":16.0,"turns":7.0},{"damage":20.0,"enemies":"2 Thieves","floor":18.0,"turns":4.0},{"damage":0.0,"enemies":"Spheric Guardian","floor":19.0,"turns":2.0},{"damage":18.0,"enemies":"Shelled Parasite and Fungi","floor":21.0,"turns":6.0},{"damage":10.0,"enemies":"Snake Plant","floor":22.0,"turns":3.0},{"damage":10.0,"enemies":"Centurion and Healer","floor":29.0,"turns":5.0},{"damage":0.0,"enemies":"Gremlin Leader","floor":31.0,"turns":5.0},{"damage":0,"enemies":"Champ","floor":33,"turns":1}],"seed_played":"5490920982825939651","potions_obtained":[{"floor":1.0,"key":"SpeedPotion"},{"floor":7.0,"key":"AttackPotion"},{"floor":18.0,"key":"Fire Potion"},{"floor":22.0,"key":"ElixirPotion"}],"is_trial":false,"path_per_floor":["M","M","?","M","?","R","?","$","T","M","R","R","R","?","R","B",null,"M","M","?","M","M","R","?","R","T","$","R","M","R","E","R","B"],"character_chosen":"IRONCLAD","items_purchased":["Trip","Whirlwind","Ghostly Armor","PreservedInsect"],"campfire_rested":1,"item_purchase_floors":[8,8,27,27],"current_hp_per_floor":[80,80,80,80,80,80,57,57,57,58,58,58,58,58,58,22,80,66,72,72,60,56,56,56,56,56,56,56,52,52,58,80,80,80],"gold":240,"neow_bonus":"THREE_ENEMY_KILL","is_daily":false,"chose_seed":false,"campfire_upgraded":9,"win_rate":0.0,"timestamp":1610255705,"path_taken":["M","M","?","M","?","R","?","$","T","M","R","R","R","?","R","BOSS","M","?","?","?","M","R","?","R","T","$","R","M","R","E","R","BOSS"],"items_purchased_type":["Card","Card","Card","Relic"],"build_version":"2020-12-22","purchased_purges":0,"victory":false,"max_hp_per_floor":[80,80,80,80,80,80,80,80,80,80,80,80,80,80,80,80,80,80,80,80,80,80,80,80,80,80,80,80,80,80,80,80,80,80],"card_choices":[{"not_picked":["Cleave","Warcry"],"picked":"Seeing Red","floor":1.0},{"not_picked":["Feel No Pain","Wild Strike"],"picked":"Headbutt","floor":2.0},{"not_picked":["Clothesline","Havoc"],"picked":"Anger","floor":4.0},{"not_picked":["Armaments","Infernal Blade"],"picked":"Dual Wield","floor":7.0},{"not_picked":["Perfected Strike","Sword Boomerang"],"picked":"Shrug It Off","floor":10.0},{"not_picked":["Reaper","Brutality"],"picked":"Fiend Fire","floor":16.0},{"not_picked":["Anger","Combust+1"],"picked":"Thunderclap+1","floor":18.0},{"not_picked":["Warcry","Heavy Blade+1"],"picked":"Havoc+1","floor":19.0},{"not_picked":["Feed","Fire Breathing"],"picked":"Iron Wave+1","floor":21.0},{"not_picked":["Pommel Strike","Thunderclap"],"picked":"Sentinel","floor":22.0},{"not_picked":["Iron Wave","Clash"],"picked":"Rage","floor":29.0},{"not_picked":["Juggernaut","Sword Boomerang+1"],"picked":"Armaments+1","floor":31.0}],"player_experience":532420,"relics_obtained":[{"floor":7.0,"key":"Odd Mushroom"},{"floor":9.0,"key":"WingedGreaves"},{"floor":17.0,"key":"MawBank"},{"floor":17.0,"key":"Blue Candle"},{"floor":17.0,"key":"Pocketwatch"},{"floor":26.0,"key":"Centennial Puzzle"},{"floor":31.0,"key":"Akabeko"}],"event_choices":[{"damage_healed":0.0,"max_hp_gain":0.0,"max_hp_loss":0.0,"gold_gain":0.0,"event_name":"Golden Idol","player_choice":"Take Wound","floor":3.0,"gold_loss":0.0,"damage_taken":0.0,"relics_obtained":["Golden Idol"],"cards_obtained":["Injury"]},{"damage_healed":0.0,"max_hp_gain":0.0,"max_hp_loss":0.0,"gold_gain":0.0,"event_name":"Living Wall","player_choice":"Grow","floor":5.0,"gold_loss":0.0,"damage_taken":0.0,"cards_upgraded":["Anger"]},{"damage_healed":0.0,"max_hp_gain":0.0,"max_hp_loss":0.0,"gold_gain":0.0,"event_name":"Mushrooms","player_choice":"Fought Mushrooms","floor":7.0,"gold_loss":0.0,"damage_taken":0.0},{"cards_removed":["Injury"],"damage_healed":0.0,"max_hp_gain":0.0,"max_hp_loss":0.0,"gold_gain":0.0,"event_name":"Wheel of Change","player_choice":"Card Removal","floor":14.0,"gold_loss":0.0,"damage_taken":0.0},{"damage_healed":0.0,"max_hp_gain":0.0,"max_hp_loss":0.0,"gold_gain":100.0,"event_name":"The Joust","player_choice":"Bet on Murderer","floor":20.0,"gold_loss":50.0,"damage_taken":0.0},{"damage_healed":0.0,"max_hp_gain":0.0,"max_hp_loss":0.0,"gold_gain":0.0,"event_name":"WeMeetAgain","player_choice":"Gave Potion","floor":24.0,"gold_loss":0.0,"damage_taken":0.0,"relics_obtained":["Happy Flower"]}],"is_beta":false,"boss_relics":[{"not_picked":["Mark of Pain","Astrolabe"],"picked":"Calling Bell"}],"items_purged_floors":[],"is_endless":false,"potions_floor_spawned":[1,7,18,22],"killed_by":"Champ","ascension_level":0}}