{"host":"tnsigirk6wurdark","time":1610273009,"event":{"mods":["BaseMod","Colored Map","Colored Powertips","DeckTracker","Highlight Path","Minty Spire (QoL Compilation)","Quick Restart","Relic Sorter","StSLib","SuperFastMode","Synergy Search"],"gold_per_floor":[111,131,147,158,158,158,189,154,154,154,154],"floor_reached":10,"playtime":466,"items_purged":[],"score":116,"play_id":"fb2677bd-238e-4c44-86e0-85943d666f9d","local_time":"20210110100329","is_ascension_mode":true,"campfire_choices":[{"data":"Dramatic Entrance","floor":6,"key":"SMITH"}],"circlet_count":0,"master_deck":["AscendersBane","Strike_G","Strike_G","Strike_G","Strike_G","Defend_G","Defend_G","Defend_G","Defend_G","Defend_G","Survivor","Neutralize","Dramatic Entrance+1","Backflip","Backflip","Cloak And Dagger","Noxious Fumes","Venomology"],"relics":["Ring of the Snake","InkBottle","Ninja Scroll"],"acts_visited":["Exordium"],"potions_floor_usage":[2,7,10],"damage_taken":[{"damage":0,"enemies":"Cultist","floor":1,"turns":4},{"damage":0,"enemies":"Jaw Worm","floor":2,"turns":5},{"damage":0,"enemies":"2 Louse","floor":3,"turns":2},{"damage":27,"enemies":"Large Slime","floor":4,"turns":11},{"damage":17,"enemies":"3 Sentries","floor":7,"turns":8},{"damage":27,"enemies":"Lagavulin","floor":10,"turns":8}],"seed_played":"-4355184066369712037","potions_obtained":[{"floor":1,"key":"GamblersBrew"},{"floor":4,"key":"Poison Potion"}],"is_trial":false,"path_per_floor":["M","M","M","M","?","R","E","?","T","E"],"character_chosen":"THE_SILENT","items_purchased":[],"campfire_rested":0,"item_purchase_floors":[],"current_hp_per_floor":[59,59,59,32,25,25,8,24,24,0,0],"gold":154,"neow_bonus":"RANDOM_COLORLESS","is_daily":false,"chose_seed":false,"campfire_upgraded":1,"win_rate":0.0,"timestamp":1610273009,"path_taken":["M","M","M","?","?","R","E","?","T","E"],"items_purchased_type":[],"build_version":"2020-12-22","purchased_purges":0,"victory":false,"max_hp_per_floor":[66,66,66,66,66,66,66,66,66,66,66],"card_choices":[{"not_picked":["Trip","Finesse"],"picked":"Dramatic Entrance","floor":0},{"not_picked":["Outmaneuver","Underhanded Strike"],"picked":"Backflip","floor":1},{"not_picked":["Poisoned Stab","Outmaneuver"],"picked":"Backflip","floor":2},{"not_picked":["Bane","Masterful Stab"],"picked":"Cloak And Dagger","floor":3},{"not_picked":["Dodge and Roll","Slice"],"picked":"Noxious Fumes","floor":4},{"not_picked":["Backstab","Dagger Throw"],"picked":"Venomology","floor":7}],"player_experience":656194,"relics_obtained":[{"floor":7,"key":"InkBottle"},{"floor":9,"key":"Ninja Scroll"}],"event_choices":[{"cards_removed":["Strike_G"],"damage_healed":0,"gold_gain":0,"player_choice":"Card Removal","damage_taken":7,"max_hp_gain":0,"max_hp_loss":0,"event_name":"Golden Wing","floor":5,"gold_loss":0},{"damage_healed":16,"gold_gain":0,"player_choice":"Healed","damage_taken":0,"max_hp_gain":0,"max_hp_loss":0,"event_name":"The Cleric","floor":8,"gold_loss":35}],"is_beta":false,"boss_relics":[],"items_purged_floors":[],"is_endless":false,"potions_floor_spawned":[1,4],"killed_by":"Lagavulin","ascension_level":14}}