{"host":"htox8xlq8uiapwxq","time":1610285624,"event":{"mods":["ATMod(∞¢Ë™Mod)","Act Like it!","Arknights The Spire","BaseMod","Gensokyo","KinomotoSakuraMod(ƒæ÷Æ±æ”£)","Koishi","Lobotomy","LobotomyExtend","Minty Spire (QoL Compilation)","Prisma Mod","Remilia£®¿Ÿ√◊¿Ú—«£©","StSLib","The Alterego","WarShipGirlsR/’ΩΩ¢…Ÿ≈ÆR mod","Yakumo Yukari mod","Youmu£®ªÍ∆«—˝√Œ£©"],"gold_per_floor":[111,111,111,142,142,142,192,192,192,292,292,328,328,377,377,498,498,529,529,529,313,13,44,682,682,706,706,738,748,748,748,748,1277,1277,1314,1329,1114,1411,1411,1411,1440,1440,1440,1440,1457,1484,1484,1484,1484,1484],"floor_reached":51,"playtime":3930,"items_purged":[],"score":795,"play_id":"30a8f148-2c8d-4a18-9aea-6c18b0f02d8d","local_time":"20210110213344","is_ascension_mode":false,"campfire_choices":[{"data":"Stigmanizer","floor":6.0,"key":"SMITH"},{"floor":13.0,"key":"REST"},{"data":"FitfulNightmare","floor":15.0,"key":"SMITH"},{"data":"AT_EmpoweredMortalDraw","floor":27.0,"key":"SMITH"},{"floor":30,"key":"REST"},{"floor":32,"key":"REST"},{"data":"TwelveNightmare","floor":40,"key":"SMITH"},{"floor":42,"key":"REST"},{"data":"EternalNight","floor":49,"key":"SMITH"}],"circlet_count":0,"master_deck":["Strike_RM","Strike_RM","Strike_RM+1","Strike_RM+1","Defend_RM","Defend_RM","RedMoon","ScarletShoot","FavorOfDestiny","Stigmanizer+1","BloodRain","FitfulNightmare+1","ScarletImprint","EquivalentExchange","AT_EmpoweredMortalDraw+1","ChainGang","GlobalNightmare","BloodAndWine+1","ScarletImprint+1","StarOfDavid+1","CharismaGuard","RedNightlessCastle+1","Gensokyo:SpontaneousHumanCombustion","ScarletCoffin+1","TwelveNightmare+1","VampireKiss+1","SuperhumanBloodyKnife+1","NightLord+1","EternalNight+1","MastersStateliness+1","UnstableMagic+1"],"relics":["ScarletHat","AT_ATBox","Strawberry","AT_TimeSand","Gensokyo:NagashiBinaDoll","Sundial","Pocketwatch","LetterFromLob","Lantern","AT_MortalBlade","Gensokyo:MosesMiracle","PreservedInsect","Orichalcum","Molten Egg 2","Bronze Scales","Whetstone","Blood Vial","Philosopher\u0027s Stone","MealTicket","Strawberry","Prayer Wheel","Gaze_r","AT_ForceNature","Mango"],"acts_visited":["Gensokyo:Gensokyo","Gensokyo:Gensokyoer","Gensokyo:Gensokyoest"],"potions_floor_usage":[29,41,41,50,51,51],"damage_taken":[{"damage":0.0,"enemies":"Gensokyo:3_Fairies","floor":1.0,"turns":3.0},{"damage":2.0,"enemies":"Gensokyo:2_Kodama","floor":4.0,"turns":8.0},{"damage":47.0,"enemies":"Gensokyo:Aya","floor":7.0,"turns":10.0},{"damage":7.0,"enemies":"Gensokyo:Python","floor":12.0,"turns":5.0},{"damage":1.0,"enemies":"Gensokyo:Mamizou","floor":14.0,"turns":8.0},{"damage":8.0,"enemies":"Gensokyo:Reimu","floor":16.0,"turns":8.0},{"damage":0.0,"enemies":"Gensokyo:Chomper","floor":18.0,"turns":3.0},{"damage":17.0,"enemies":"Gensokyo:Koishi","floor":23.0,"turns":2.0},{"damage":37.0,"enemies":"Gensokyo:AngelMirror","floor":24.0,"turns":2.0},{"damage":20,"enemies":"Gensokyo:Tenshi","floor":28,"turns":5},{"damage":0,"enemies":"Gensokyo:Chomper_and_Gloop","floor":29,"turns":3},{"damage":55,"enemies":"Gensokyo:Eternal_Rivals","floor":33,"turns":5},{"damage":12,"enemies":"Gensokyo:AncientGuardian","floor":35,"turns":3},{"damage":0,"enemies":"Gensokyo:3_Boulders","floor":36,"turns":2},{"damage":47,"enemies":"Gensokyo:Rafflesia","floor":38,"turns":4},{"damage":24,"enemies":"Gensokyo:Marisa","floor":41,"turns":3},{"damage":0,"enemies":"Gensokyo:Marisa","floor":44,"turns":1},{"damage":12,"enemies":"Gensokyo:SeedOfUnknown","floor":45,"turns":6},{"damage":19,"enemies":"Gensokyo:Kasen","floor":46,"turns":3},{"damage":37,"enemies":"Gensokyo:Scarlet_Devils","floor":50,"turns":9},{"damage":46,"enemies":"Malkuth","floor":51,"turns":6},{"damage":72,"enemies":"Netzach","floor":51,"turns":6}],"seed_played":"8029717430481299855","potions_obtained":[{"floor":12.0,"key":"Energy Potion"},{"floor":16.0,"key":"Strength Potion"},{"floor":29,"key":"AttackPotion"},{"floor":33,"key":"SpeedPotion"},{"floor":35,"key":"LiquidBronze"},{"floor":41,"key":"DistilledChaos"},{"floor":45,"key":"Fire Potion"}],"is_trial":false,"path_per_floor":["M","?","?","M","?","R","E","?","T","?","T","M","R","E","R","B",null,"M","?","T","$","COS","E","M","?","T","R","E","M","R","?","R","B",null,"M","M","$","M","?","R","E","R","T","?","M","E","?","?","R","B",null],"character_chosen":"REMILIA","items_purchased":["GlobalNightmare","Orichalcum","MealTicket","SuperhumanBloodyKnife+1"],"campfire_rested":4,"item_purchase_floors":[21,21,37,37],"current_hp_per_floor":[75,75,72,70,70,70,27,27,27,27,27,22,46,48,48,51,82,82,82,82,82,82,65,28,28,28,28,8,12,36,36,58,23,74,62,65,65,31,31,31,19,43,43,60,53,57,57,46,46,27],"gold":1484,"neow_bonus":"","is_daily":false,"chose_seed":false,"campfire_upgraded":5,"win_rate":0.0,"timestamp":1610285624,"path_taken":["M","?","?","?","?","R","E","?","T","?","?","?","R","E","R","BOSS","M","?","?","?","COS","E","?","?","T","R","E","M","R","?","R","BOSS","M","M","$","M","?","R","E","R","T","?","?","E","?","?","R","BOSS"],"items_purchased_type":["Card","Relic","Relic","Card"],"build_version":"2020-12-22","purchased_purges":0,"victory":true,"max_hp_per_floor":[75,75,82,82,82,82,82,82,82,82,82,82,82,82,82,82,82,82,82,82,82,82,82,82,82,82,82,82,82,82,74,74,74,74,74,74,74,74,74,74,81,81,81,60,60,74,74,74,74,74],"card_choices":[{"not_picked":["BloodHunter","BadLadyScramble"],"picked":"FavorOfDestiny","floor":1.0},{"not_picked":["LeisurelyOfLord","BombardNight"],"picked":"Stigmanizer","floor":4.0},{"not_picked":["ScarletGensokyo","UnderTheZenith"],"picked":"BloodRain","floor":7.0},{"not_picked":["BlasphemousPunishment","MastersStateliness"],"picked":"FitfulNightmare","floor":12.0},{"not_picked":["FavorOfDestiny","CharismaGuard"],"picked":"ScarletImprint","floor":14.0},{"not_picked":["ForecastOfChange","BloodyHallows"],"picked":"EquivalentExchange","floor":16.0},{"not_picked":["Maim","CharismaGuard"],"picked":"ChainGang","floor":18.0},{"not_picked":["ScarletDevil+1","ScarletImprint+1"],"picked":"BloodAndWine+1","floor":23.0},{"not_picked":["RedRainbow+1","EmergencyRegeneration+1"],"picked":"ScarletImprint+1","floor":24.0},{"not_picked":["ScarletImprint+1","BloodHunter+1"],"picked":"StarOfDavid+1","floor":28},{"not_picked":["ScarletDevil+1","RedMagic"],"picked":"CharismaGuard","floor":28},{"not_picked":["BlasphemousPunishment+1","Stigmanizer+1"],"picked":"RedNightlessCastle+1","floor":29},{"not_picked":["Gensokyo:Apocalypse+1","Gensokyo:ManorOfTheDishes"],"picked":"Gensokyo:SpontaneousHumanCombustion","floor":31},{"not_picked":["CeilingFear","BloodySeventeenLaser+1"],"picked":"ScarletCoffin+1","floor":33},{"not_picked":["ChainGang+1","Stigmanizer+1"],"picked":"TwelveNightmare","floor":35},{"not_picked":["ScarletGensokyo","UnderTheZenith"],"picked":"VampireKiss+1","floor":36},{"not_picked":["BloodHunter+1","BloodyMagicSquare"],"picked":"NightLord+1","floor":38},{"not_picked":["TwelveNightmare","GlobalNightmare"],"picked":"EternalNight","floor":41},{"not_picked":["NightDance+1","ScarletImprint+1"],"picked":"MastersStateliness+1","floor":45},{"not_picked":["Stigmanizer+1","BlasphemousPunishment+1","StarOfDavid+1"],"picked":"SKIP","floor":45},{"not_picked":["RedMagic+1","MastersStateliness+1"],"picked":"UnstableMagic+1","floor":46}],"player_experience":357012,"relics_obtained":[{"floor":7.0,"key":"AT_TimeSand"},{"floor":9.0,"key":"Sundial"},{"floor":11.0,"key":"Pocketwatch"},{"floor":12.0,"key":"LetterFromLob"},{"floor":14.0,"key":"Lantern"},{"floor":20.0,"key":"PreservedInsect"},{"floor":23.0,"key":"Molten Egg 2"},{"floor":26.0,"key":"Bronze Scales"},{"floor":28,"key":"Gensokyo:MosesMiracle"},{"floor":28,"key":"Whetstone"},{"floor":41,"key":"Strawberry"},{"floor":43,"key":"Prayer Wheel"},{"floor":45,"key":"AT_ForceNature"},{"floor":46,"key":"Mango"}],"event_choices":[],"is_beta":false,"boss_relics":[{"not_picked":["Calling Bell","APieceOfRedMist"],"picked":"AT_MortalBlade"},{"not_picked":["Sozu","Coffee Dripper"],"picked":"Philosopher\u0027s Stone"}],"items_purged_floors":[],"is_endless":false,"potions_floor_spawned":[12,16,29,33,35,41,45],"ascension_level":0}}