{"host":"kw4o7b3ro2ktmmbe","time":1610240409,"event":{"mods":["BaseMod","Evolution","Minty Spire (QoL Compilation)","StSLib","The Death Knight"],"gold_per_floor":[113,188,201,221,221,221,234,234,234,234,234,244,194,206,206,302,302,318,318,65,85,99,99,99,99,169,169,202,222,222,69,69,168,168,182,282,294,294,314,314,339,351,351,311,17,44,44,44],"floor_reached":47,"playtime":3487,"items_purged":[],"score":691,"play_id":"45005e57-d3eb-4cd0-ac6e-f701a7d76e4d","local_time":"20210110140009","is_ascension_mode":true,"campfire_choices":[{"data":"DeathKnight:UnholyPresence","floor":6.0,"key":"SMITH"},{"data":"DeathKnight:BladedArmor","floor":8.0,"key":"SMITH"},{"floor":10.0,"key":"REST"},{"data":"DeathKnight:RuneTap","floor":15.0,"key":"SMITH"},{"data":"DeathKnight:MarkOfBlood","floor":23.0,"key":"SMITH"},{"data":"DeathKnight:Contagion","floor":25.0,"key":"SMITH"},{"floor":27.0,"key":"REST"},{"floor":30.0,"key":"REST"},{"floor":32.0,"key":"REST"},{"data":"DeathKnight:Simulacrum","floor":40.0,"key":"SMITH"}],"circlet_count":0,"master_deck":["DeathKnight:Strike_DeathKnight","DeathKnight:Strike_DeathKnight","DeathKnight:Strike_DeathKnight","DeathKnight:Strike_DeathKnight","DeathKnight:Strike_DeathKnight","DeathKnight:Defend_DeathKnight","DeathKnight:Defend_DeathKnight+1","DeathKnight:Defend_DeathKnight","DeathKnight:Defend_DeathKnight+1","DeathKnight:RuneTap+1","DeathKnight:UnholyPresence+1","DeathKnight:SindragosasBreath","DeathKnight:BladedArmor+1","DeathKnight:MarkOfBlood+1","DeathKnight:IcyTouch","DeathKnight:Contagion+1","DeathKnight:Simulacrum+1","DeathKnight:DancingRuneblade","DeathKnight:Simulacrum"],"relics":["DeathKnight:ReforgedRuneblade","EVO:Axolotl","DeathKnight:SindragosasSkull","HornCleat","InkBottle","Busted Crown","Kunai","DeathKnight:TomeOfBloodSpecialization","Meat on the Bone","Strawberry","Velvet Choker","StrikeDummy","Pen Nib","Centennial Puzzle","OrangePellets","DeathKnight:JainasLocket","Ornamental Fan"],"acts_visited":["Exordium","TheCity","TheBeyond"],"potions_floor_usage":[42,46,46,47],"damage_taken":[{"damage":1.0,"enemies":"Cultist","floor":1.0,"turns":4.0},{"damage":7.0,"enemies":"Jaw Worm","floor":3.0,"turns":4.0},{"damage":0.0,"enemies":"Small Slimes","floor":4.0,"turns":4.0},{"damage":4.0,"enemies":"3 Louse","floor":7.0,"turns":5.0},{"damage":1.0,"enemies":"Exordium Thugs","floor":12.0,"turns":4.0},{"damage":3.0,"enemies":"Large Slime","floor":14.0,"turns":6.0},{"damage":58.0,"enemies":"Slime Boss","floor":16.0,"turns":11.0},{"damage":0.0,"enemies":"Chosen","floor":18.0,"turns":5.0},{"damage":4.0,"enemies":"3 Byrds","floor":21.0,"turns":4.0},{"damage":16.0,"enemies":"Snecko","floor":22.0,"turns":5.0},{"damage":32.0,"enemies":"Book of Stabbing","floor":28.0,"turns":5.0},{"damage":33.0,"enemies":"Sentry and Sphere","floor":29.0,"turns":6.0},{"damage":55.0,"enemies":"Collector","floor":33.0,"turns":7.0},{"damage":5.0,"enemies":"3 Darklings","floor":35.0,"turns":6.0},{"damage":0.0,"enemies":"3 Shapes","floor":37.0,"turns":5.0},{"damage":26.0,"enemies":"Transient","floor":39.0,"turns":5.0},{"damage":33.0,"enemies":"Giant Head","floor":41.0,"turns":6.0},{"damage":19,"enemies":"Sphere and 2 Shapes","floor":42,"turns":4},{"damage":24,"enemies":"Reptomancer","floor":46,"turns":4},{"damage":21,"enemies":"4 Shapes","floor":47,"turns":1}],"seed_played":"-813533492494153583","potions_obtained":[{"floor":1.0,"key":"DeathKnight:RimePotion"},{"floor":14.0,"key":"EssenceOfSteel"},{"floor":16.0,"key":"Weak Potion"},{"floor":21.0,"key":"Strength Potion"},{"floor":22.0,"key":"FearPotion"},{"floor":29.0,"key":"EntropicBrew"},{"floor":35.0,"key":"PowerPotion"},{"floor":41.0,"key":"DistilledChaos"},{"floor":42,"key":"Dexterity Potion"}],"is_trial":false,"path_per_floor":["M","?","M","M","T","R","M","R","T","R","?","M","?","M","R","B",null,"M","?","$","M","M","R","?","R","T","R","E","M","R","$","R","B",null,"M","?","M","T","M","R","E","M","T","?","$","E","M"],"character_chosen":"DEATH_KNIGHT","items_purchased":["Kunai","Strawberry","OrangePellets","DeathKnight:JainasLocket"],"campfire_rested":4,"item_purchase_floors":[20,31,45,45],"current_hp_per_floor":[74,63,56,56,56,56,52,52,52,76,76,75,75,72,72,14,65,65,65,65,61,45,45,45,45,45,69,37,16,40,47,73,30,74,69,69,69,69,55,55,34,27,27,27,27,15,0,0],"gold":44,"neow_bonus":"TEN_PERCENT_HP_BONUS","is_daily":false,"chose_seed":false,"campfire_upgraded":6,"win_rate":0.0,"timestamp":1610240409,"path_taken":["M","?","M","M","?","R","M","R","T","R","?","M","?","?","R","BOSS","M","?","$","?","M","R","?","R","T","R","E","M","R","?","R","BOSS","M","?","?","?","?","R","E","M","T","?","?","E","?"],"items_purchased_type":["Relic","Relic","Relic","Relic"],"build_version":"2020-12-22","purchased_purges":0,"victory":false,"max_hp_per_floor":[82,82,82,82,82,82,82,82,82,82,82,82,82,82,82,82,82,82,82,82,82,82,82,82,82,82,82,82,82,82,89,89,89,89,89,89,89,89,89,89,89,89,89,89,89,89,89,89],"card_choices":[{"not_picked":["DeathKnight:IcyTouch","DeathKnight:RuneShock","DeathKnight:BloodTap"],"picked":"SKIP","floor":1.0},{"not_picked":["DeathKnight:IcyTouch","DeathKnight:BoneSpear"],"picked":"DeathKnight:UnholyPresence","floor":3.0},{"not_picked":["DeathKnight:HowlingBlast","DeathKnight:HornOfWinter"],"picked":"DeathKnight:SindragosasBreath","floor":4.0},{"not_picked":["DeathKnight:Hemostasis","DeathKnight:IceboundArmor"],"picked":"DeathKnight:BladedArmor","floor":7.0},{"not_picked":["DeathKnight:Hemostasis","DeathKnight:Parry","DeathKnight:Rot"],"picked":"SKIP","floor":12.0},{"not_picked":["DeathKnight:HartStrike","DeathKnight:RuneShock","DeathKnight:MindFreeze"],"picked":"SKIP","floor":14.0},{"not_picked":["DeathKnight:ReapingStrike","DeathKnight:Razorice"],"picked":"DeathKnight:MarkOfBlood","floor":16.0},{"not_picked":["DeathKnight:DeathAndDecay"],"picked":"SKIP","floor":18.0},{"not_picked":["DeathKnight:RuneShock"],"picked":"SKIP","floor":21.0},{"not_picked":[],"picked":"DeathKnight:Contagion","floor":22.0},{"not_picked":["DeathKnight:RaiseAlly"],"picked":"SKIP","floor":28.0},{"not_picked":["DeathKnight:DeathsAdvance+1"],"picked":"SKIP","floor":29.0},{"not_picked":[],"picked":"DeathKnight:Simulacrum","floor":33.0},{"not_picked":[],"picked":"DeathKnight:DancingRuneblade","floor":35.0},{"not_picked":["DeathKnight:MindFreeze+1"],"picked":"SKIP","floor":37.0},{"not_picked":["DeathKnight:Parry"],"picked":"SKIP","floor":39.0},{"not_picked":["DeathKnight:RaiseAlly+1"],"picked":"SKIP","floor":41.0},{"not_picked":["DeathKnight:RaiseAlly"],"picked":"SKIP","floor":42},{"not_picked":[],"picked":"DeathKnight:Simulacrum","floor":46}],"player_experience":1909132,"relics_obtained":[{"floor":5.0,"key":"DeathKnight:SindragosasSkull"},{"floor":9.0,"key":"HornCleat"},{"floor":26.0,"key":"DeathKnight:TomeOfBloodSpecialization"},{"floor":28.0,"key":"Meat on the Bone"},{"floor":38.0,"key":"StrikeDummy"},{"floor":41.0,"key":"Pen Nib"},{"floor":43,"key":"Centennial Puzzle"},{"floor":46,"key":"Ornamental Fan"}],"event_choices":[{"damage_healed":0.0,"max_hp_gain":0.0,"max_hp_loss":0.0,"gold_gain":75.0,"event_name":"World of Goop","player_choice":"Gather Gold","floor":2.0,"gold_loss":0.0,"damage_taken":11.0},{"damage_healed":0.0,"max_hp_gain":0.0,"max_hp_loss":0.0,"gold_gain":0.0,"event_name":"Dead Adventurer","player_choice":"Searched \u00271\u0027 times","floor":11.0,"gold_loss":0.0,"damage_taken":0.0,"relics_obtained":["InkBottle"]},{"cards_removed":["DeathKnight:RuneStrike"],"damage_healed":0.0,"max_hp_gain":0.0,"max_hp_loss":0.0,"gold_gain":0.0,"event_name":"The Cleric","player_choice":"Card Removal","floor":13.0,"gold_loss":50.0,"damage_taken":0.0},{"damage_healed":0.0,"max_hp_gain":0.0,"max_hp_loss":0.0,"gold_gain":0.0,"cards_transformed":["DeathKnight:Defend_DeathKnight"],"event_name":"Transmorgrifier","player_choice":"Transformed","floor":19.0,"gold_loss":0.0,"damage_taken":0.0,"cards_obtained":["DeathKnight:IcyTouch"]},{"damage_healed":0.0,"max_hp_gain":0.0,"max_hp_loss":0.0,"gold_gain":100.0,"event_name":"Golden Shrine","player_choice":"Pray","floor":36.0,"gold_loss":0.0,"damage_taken":0.0},{"damage_healed":0,"gold_gain":0,"player_choice":"Upgraded Two","damage_taken":0,"max_hp_gain":0,"max_hp_loss":0,"event_name":"Designer","floor":44,"gold_loss":40,"cards_upgraded":["DeathKnight:Defend_DeathKnight","DeathKnight:Defend_DeathKnight"]}],"is_beta":false,"boss_relics":[{"not_picked":["Astrolabe","Snecko Eye"],"picked":"Busted Crown"},{"not_picked":["Tiny House","Runic Pyramid"],"picked":"Velvet Choker"}],"items_purged_floors":[],"is_endless":false,"potions_floor_spawned":[1,14,16,21,22,29,35,41,42],"killed_by":"4 Shapes","ascension_level":7}}