{"host":"ty2cix8xj6r3ad26","time":1610315225,"event":{"mods":["AchievementEnabler","BaseMod","BetterRewards","Minty Spire (QoL Compilation)","StSLib","SuperFastMode","The Servant 0.9.4"],"gold_per_floor":[115,65,76,76,93,93,93,122,148,161,179,179,29,29,29,128,128,143,159,84,84,109,109,128,154,154,9,9,38,38,38,38,135,185,203,303,318,337,85,85,114,114,114,139,361,380,398,448,448,448,448,448,29,54,54],"floor_reached":56,"playtime":3787,"items_purged":["Strike_S","Defend_S","Strike_S","Strike_S"],"score":1734,"play_id":"ba4ef69c-086f-41fc-b29d-8924d9cc70bc","local_time":"20210110234705","is_ascension_mode":true,"campfire_choices":[{"data":"KidneyShot","floor":6,"key":"SMITH"},{"data":"Potential","floor":12,"key":"SMITH"},{"floor":15,"key":"DIG"},{"data":"MurderousAura","floor":23,"key":"SMITH"},{"data":"SilverBlades","floor":28,"key":"SMITH"},{"data":"Moonlight","floor":32,"key":"SMITH"},{"data":"SurpressingFire","floor":40,"key":"SMITH"},{"floor":42,"key":"RECALL"},{"floor":49,"key":"DIG"},{"data":"Defend_S","floor":52,"key":"SMITH"}],"circlet_count":0,"master_deck":["Defend_S+1","KidneyShot+1","Exchange+1","GearUp+1","SilverBlades+1","Ricochet+1","Potential+1","MurderousAura+1","SurpressingFire+1","InstantArmor","Moonlight+1","DualDimension+1","TheWorld","Read+1","SurpressingFire+1","Dilation"],"relics":["Uniform","Lee\u0027s Waffle","Shovel","Ice Cream","Meat on the Bone","War Paint","Pantograph","Vajra","StrikeDummy","Coffee Dripper","Red Mask","Bird Faced Urn","Pen Nib","Boot","Tiny House","Sundial","Du-Vu Doll","Bag of Preparation","Bronze Scales","Pocketwatch","Happy Flower","Membership Card","Shuriken","Lantern"],"acts_visited":["Exordium","TheCity","TheBeyond","TheEnding"],"potions_floor_usage":[8,10,16,18,22,25,38,41,44,48,48,54,54,55],"damage_taken":[{"damage":0,"enemies":"Small Slimes","floor":1,"turns":3},{"damage":0,"enemies":"2 Louse","floor":3,"turns":2},{"damage":3,"enemies":"Jaw Worm","floor":5,"turns":3},{"damage":0,"enemies":"Lagavulin","floor":8,"turns":6},{"damage":0,"enemies":"Red Slaver","floor":10,"turns":2},{"damage":1,"enemies":"3 Louse","floor":11,"turns":3},{"damage":0,"enemies":"The Guardian","floor":16,"turns":9},{"damage":6,"enemies":"3 Byrds","floor":18,"turns":3},{"damage":0,"enemies":"Chosen","floor":19,"turns":3},{"damage":0,"enemies":"Masked Bandits","floor":22,"turns":4},{"damage":3,"enemies":"Centurion and Healer","floor":24,"turns":3},{"damage":13,"enemies":"Slavers","floor":25,"turns":4},{"damage":0,"enemies":"Book of Stabbing","floor":29,"turns":4},{"damage":0,"enemies":"Automaton","floor":33,"turns":6},{"damage":0,"enemies":"3 Shapes","floor":35,"turns":3},{"damage":0,"enemies":"3 Darklings","floor":37,"turns":4},{"damage":0,"enemies":"Writhing Mass","floor":38,"turns":4},{"damage":0,"enemies":"Nemesis","floor":41,"turns":5},{"damage":0,"enemies":"Reptomancer","floor":44,"turns":4},{"damage":0,"enemies":"Jaw Worm Horde","floor":46,"turns":3},{"damage":0,"enemies":"Sphere and 2 Shapes","floor":47,"turns":4},{"damage":12,"enemies":"2 Orb Walkers","floor":48,"turns":4},{"damage":21,"enemies":"Time Eater","floor":50,"turns":10},{"damage":30,"enemies":"Shield and Spear","floor":54,"turns":7},{"damage":43,"enemies":"The Heart","floor":55,"turns":10}],"seed_played":"4028942987394893937","potions_obtained":[{"floor":1,"key":"Block Potion"},{"floor":3,"key":"SpeedPotion"},{"floor":5,"key":"PowerPotion"},{"floor":8,"key":"Explosive Potion"},{"floor":16,"key":"Ancient Potion"},{"floor":19,"key":"DuplicationPotion"},{"floor":22,"key":"SteroidPotion"},{"floor":34,"key":"SmokeBomb"},{"floor":37,"key":"SneckoOil"},{"floor":41,"key":"Fruit Juice"},{"floor":44,"key":"SkillPotion"},{"floor":46,"key":"Block Potion"}],"is_trial":false,"path_per_floor":["M","?","M","?","M","R","$","E","T","M","M","R","$","?","R","B",null,"M","M","?","?","?","R","M","E","T","$","R","E","?","$","R","B",null,"M","?","M","M","$","R","E","R","T","E","?","M","M","?","R","B",null,"R","$","E","B",null],"character_chosen":"THE_SERVANT","items_purchased":["Lee\u0027s Waffle","Shovel","Ice Cream","GearUp","SilverBlades","Meat on the Bone","Ricochet","Dexterity Potion","Pen Nib","Sundial","Membership Card","Dilation","Shuriken","EntropicBrew","BlessingOfTheForge"],"campfire_rested":0,"item_purchase_floors":[0,0,0,0,0,0,0,0,27,39,53,53,53,53,53],"current_hp_per_floor":[72,72,72,54,51,51,51,51,51,51,50,50,50,50,50,72,72,66,66,66,66,66,66,63,50,50,50,50,56,43,43,43,74,82,82,82,82,82,82,82,87,87,87,87,87,87,87,75,75,66,87,87,87,61,46],"gold":54,"neow_bonus":"","is_daily":false,"chose_seed":false,"campfire_upgraded":7,"win_rate":0.0,"timestamp":1610315225,"path_taken":["M","?","M","?","M","R","?","E","T","?","M","R","$","?","R","BOSS","M","M","?","?","?","R","M","E","T","$","R","E","?","?","R","BOSS","M","?","?","M","$","R","E","R","T","E","?","M","M","?","R","BOSS","R","$","E","BOSS"],"items_purchased_type":["Relic","Relic","Relic","Card","Card","Relic","Card","Potion","Relic","Relic","Relic","Card","Relic","Potion","Potion"],"build_version":"2020-12-22","purchased_purges":4,"victory":true,"max_hp_per_floor":[72,72,72,72,72,72,72,72,72,72,72,72,72,72,72,72,72,72,72,72,72,72,72,72,72,72,72,72,72,77,77,77,77,82,82,82,82,82,82,82,87,87,87,87,87,87,87,87,87,87,87,87,87,87,87],"card_choices":[{"not_picked":["FanOfKnives","Reset","Rewind"],"picked":"SKIP","floor":1},{"not_picked":["Unruled","WasteNot"],"picked":"Potential","floor":3},{"not_picked":["FastForward","Misdirection","Potential"],"picked":"SKIP","floor":5},{"not_picked":["Contraction","Collapse","FastForward"],"picked":"SKIP","floor":8},{"not_picked":["RealityMarble","Moonlight","Revamp"],"picked":"SKIP","floor":10},{"not_picked":["Unruled","Contraction","Rearm"],"picked":"SKIP","floor":11},{"not_picked":["Initiator","ForgedInTime"],"picked":"MurderousAura","floor":16},{"not_picked":["Reset","Replace"],"picked":"SurpressingFire","floor":18},{"not_picked":["ShatteredReality","Alleviate","Ricochet"],"picked":"SKIP","floor":19},{"not_picked":["ReturningBlade","Rewind+1"],"picked":"Moonlight","floor":22},{"not_picked":["Rewind","Contraction+1","Foresight+1"],"picked":"SKIP","floor":24},{"not_picked":["ShatteredReality","Shuttle+1","WasteNot"],"picked":"SKIP","floor":25},{"not_picked":["SilverBlades","Starlight"],"picked":"DualDimension+1","floor":29},{"not_picked":["Deny","Duplication"],"picked":"TheWorld","floor":33},{"not_picked":["FanOfKnives","Desolation+1","FastForward"],"picked":"SKIP","floor":35},{"not_picked":["StarChef","Rearm+1","TimeWarp"],"picked":"SKIP","floor":37},{"not_picked":["Revamp+1","ShatteredReality+1"],"picked":"Read+1","floor":38},{"not_picked":["BestPractice","Rearm"],"picked":"SurpressingFire+1","floor":41},{"not_picked":["TheWorld","TimeWarp","Misdirection+1"],"picked":"SKIP","floor":44},{"not_picked":["Foresight","Ricochet","Rearm"],"picked":"SKIP","floor":46},{"not_picked":["BottledTime","Unruled","Replace"],"picked":"SKIP","floor":47},{"not_picked":["ShatteredReality","Replace","Starlight"],"picked":"SKIP","floor":54}],"player_experience":471976,"relics_obtained":[{"floor":8,"key":"Pantograph"},{"floor":9,"key":"Vajra"},{"floor":15,"key":"StrikeDummy"},{"floor":22,"key":"Red Mask"},{"floor":25,"key":"Bird Faced Urn"},{"floor":29,"key":"Boot"},{"floor":41,"key":"Du-Vu Doll"},{"floor":43,"key":"Bag of Preparation"},{"floor":44,"key":"Bronze Scales"},{"floor":48,"key":"Pocketwatch"},{"floor":49,"key":"Happy Flower"},{"floor":54,"key":"Lantern"}],"event_choices":[{"cards_removed":["Defend_S"],"damage_healed":0,"gold_gain":0,"player_choice":"Card Removal","damage_taken":0,"max_hp_gain":0,"max_hp_loss":0,"event_name":"The Cleric","floor":2,"gold_loss":50},{"damage_healed":0,"gold_gain":0,"player_choice":"Success","damage_taken":18,"relics_obtained":["War Paint"],"max_hp_gain":0,"max_hp_loss":0,"event_name":"Scrap Ooze","floor":4,"gold_loss":0},{"cards_removed":["Strike_S"],"damage_healed":0,"gold_gain":0,"player_choice":"Forget","damage_taken":0,"max_hp_gain":0,"max_hp_loss":0,"event_name":"Living Wall","floor":14,"gold_loss":0},{"cards_removed":["Defend_S"],"damage_healed":0,"gold_gain":0,"player_choice":"Gave Gold","damage_taken":0,"max_hp_gain":0,"max_hp_loss":0,"event_name":"Beggar","floor":20,"gold_loss":75},{"damage_healed":0,"gold_gain":0,"player_choice":"Read","damage_taken":0,"max_hp_gain":0,"max_hp_loss":0,"event_name":"The Library","floor":21,"gold_loss":0,"cards_obtained":["InstantArmor"]},{"damage_healed":0,"gold_gain":0,"player_choice":"Fought Bandits","damage_taken":0,"max_hp_gain":0,"max_hp_loss":0,"event_name":"Masked Bandits","floor":22,"gold_loss":0},{"damage_healed":0,"gold_gain":0,"player_choice":"Shed Blood","damage_taken":18,"max_hp_gain":5,"max_hp_loss":0,"event_name":"Forgotten Altar","floor":30,"gold_loss":0},{"damage_healed":0,"gold_gain":100,"player_choice":"Pray","damage_taken":0,"max_hp_gain":0,"max_hp_loss":0,"event_name":"Golden Shrine","floor":36,"gold_loss":0},{"damage_healed":0,"gold_gain":222,"player_choice":"Wore Mask","damage_taken":0,"max_hp_gain":0,"max_hp_loss":0,"event_name":"Tomb of Lord Red Mask","floor":45,"gold_loss":0},{"damage_healed":0,"gold_gain":0,"player_choice":"Fight","damage_taken":0,"max_hp_gain":0,"max_hp_loss":0,"event_name":"Mysterious Sphere","floor":48,"gold_loss":0}],"is_beta":false,"boss_relics":[{"not_picked":["Cursed Key","Snecko Eye"],"picked":"Coffee Dripper"},{"not_picked":["SlaversCollar","Fusion Hammer"],"picked":"Tiny House"}],"items_purged_floors":[0,0,0,13],"is_endless":false,"potions_floor_spawned":[1,3,5,8,16,19,22,37,41,44,46],"ascension_level":1}}