{"host":"7z9izfsmsy4azoxx","time":1610246694,"event":{"mods":["AchievementEnabler","BaseMod","Colored Map","Custom Start","Hermit","Minty Spire (QoL Compilation)","StSLib","SuperFastMode"],"gold_per_floor":[10,10,5464696,5464696,5464711,5464711,5464636,5463702,5463729,5463729,5463729,5463762,5463141,5463156,5463156,5463234,5463234,5463245,5462818,5462829,5462845,5462373,5462373,5462288,5462288,5462370,5462370,5462370,5462370,5462370,5462382,5462382,5462455,5462455,5462467,5462467,5462120,5462120,5462135,5462160,5462160,5462190,5462190,5462215,5462229,5462241,5462241,5461924,5461924,5461924,5461924,5461924,5461924,5461471,5461496,5461496],"floor_reached":57,"playtime":1280,"items_purged":["Strike_G","Strike_G","Strike_G","Defend_G","Defend_G","Defend_G"],"score":2914,"play_id":"c1903c91-7fa0-4640-9bdf-4500009dd500","local_time":"20210110114454","is_ascension_mode":true,"campfire_choices":[{"data":"Deadly Poison","floor":6.0,"key":"SMITH"},{"data":"Corpse Explosion","floor":11.0,"key":"SMITH"},{"data":"Acrobatics","floor":15.0,"key":"SMITH"},{"data":"Bouncing Flask","floor":23.0,"key":"SMITH"},{"data":"Catalyst","floor":25.0,"key":"SMITH"},{"data":"Escape Plan","floor":27.0,"key":"SMITH"},{"data":"Dodge and Roll","floor":29.0,"key":"SMITH"},{"floor":32.0,"key":"REST"},{"floor":41,"key":"RECALL"},{"data":"Wraith Form v2","floor":47,"key":"SMITH"},{"data":"Crippling Poison","floor":49,"key":"SMITH"},{"data":"Adrenaline","floor":53,"key":"SMITH"}],"circlet_count":0,"master_deck":["AscendersBane","Defend_G+1","Defend_G+1","Survivor","Neutralize+1","Corpse Explosion+1","Noxious Fumes+1","Deadly Poison+1","Footwork+1","Acrobatics+1","Poisoned Stab+1","Catalyst+1","Backflip","Bouncing Flask+1","Escape Plan+1","Dodge and Roll+1","Crippling Poison+1","Blur","Adrenaline+1","Wraith Form v2+1","Prepared+1","Flash of Steel","Finesse","Malaise"],"relics":["Ring of the Snake","Snake Skull","Mango","Pantograph","Prayer Wheel","Sling","Dream Catcher","Anchor","Bag of Preparation","War Paint","Membership Card","SacredBark","Lee\u0027s Waffle","Pen Nib","InkBottle","PreservedInsect","Sundial","Chemical X","Toy Ornithopter","Gremlin Horn","HoveringKite","Strawberry","Blood Vial","Boot","Happy Flower","Paper Crane","TheAbacus","Regal Pillow","Whetstone","Mummified Hand","Tough Bandages","ClockworkSouvenir","Torii"],"acts_visited":["Exordium","TheCity","TheBeyond","TheEnding"],"potions_floor_usage":[40,40,50,56,56],"damage_taken":[{"damage":6.0,"enemies":"Cultist","floor":1.0,"turns":3.0},{"damage":9.0,"enemies":"Jaw Worm","floor":5.0,"turns":4.0},{"damage":27.0,"enemies":"Gremlin Nob","floor":12.0,"turns":5.0},{"damage":2.0,"enemies":"2 Louse","floor":14.0,"turns":2.0},{"damage":21.0,"enemies":"The Guardian","floor":16.0,"turns":6.0},{"damage":0.0,"enemies":"Spheric Guardian","floor":18.0,"turns":3.0},{"damage":14.0,"enemies":"Shell Parasite","floor":20.0,"turns":4.0},{"damage":27.0,"enemies":"Shelled Parasite and Fungi","floor":21.0,"turns":4.0},{"damage":30.0,"enemies":"Chosen and Byrds","floor":31.0,"turns":4.0},{"damage":28.0,"enemies":"Champ","floor":33.0,"turns":6.0},{"damage":1,"enemies":"3 Shapes","floor":35,"turns":3},{"damage":18,"enemies":"3 Darklings","floor":39,"turns":3},{"damage":3,"enemies":"Nemesis","floor":40,"turns":3},{"damage":14,"enemies":"Reptomancer","floor":42,"turns":5},{"damage":9,"enemies":"Giant Head","floor":44,"turns":6},{"damage":2,"enemies":"4 Shapes","floor":45,"turns":3},{"damage":5,"enemies":"Writhing Mass","floor":46,"turns":5},{"damage":12,"enemies":"Donu and Deca","floor":50,"turns":6},{"damage":44,"enemies":"Awakened One","floor":51,"turns":14},{"damage":9,"enemies":"Shield and Spear","floor":55,"turns":4},{"damage":50,"enemies":"The Heart","floor":56,"turns":8}],"seed_played":"-5894246518817549990","potions_obtained":[{"floor":16.0,"key":"DistilledChaos"},{"floor":33.0,"key":"ColorlessPotion"},{"floor":35,"key":"Fire Potion"},{"floor":42,"key":"Explosive Potion"}],"is_trial":false,"path_per_floor":["M","?","$","?","M","R","?","$","T","?","R","E","$","M","R","B",null,"M","$","M","M","$","R","?","R","T","R","?","R","?","M","R","B",null,"M","?","$","?","M","E","R","E","T","E","M","M","R","$","R","B","B",null,"R","$","E","B",null],"character_chosen":"THE_SILENT","items_purchased":["Snake Skull","Mango","Deadly Poison","AttackPotion","Energy Potion","Footwork","Pantograph","Prayer Wheel","Sling","Acrobatics","Bag of Preparation","War Paint","Membership Card","Poisoned Stab","AttackPotion","Lee\u0027s Waffle","Pen Nib","InkBottle","Bouncing Flask","PreservedInsect","Sundial","Chemical X","Escape Plan","Dodge and Roll","Strawberry","Blood Vial","Adrenaline","TheAbacus","Regal Pillow","Whetstone","Flash of Steel","Block Potion","Mummified Hand","Tough Bandages","ClockworkSouvenir","Finesse","Swift Potion"],"campfire_rested":1,"item_purchase_floors":[3,3,3,3,3,3,8,8,8,8,13,13,13,13,13,19,19,19,19,22,22,22,22,22,37,37,37,48,48,48,48,48,54,54,54,54,54],"current_hp_per_floor":[53,53,67,67,58,58,58,58,58,58,58,31,31,29,29,33,68,68,87,73,46,46,46,46,46,46,46,46,46,46,16,42,49,78,77,77,84,84,68,77,77,65,65,58,58,55,55,55,55,75,50,83,83,83,76,49],"gold":5461496,"neow_bonus":"THREE_RARE_CARDS","is_daily":false,"chose_seed":false,"campfire_upgraded":10,"win_rate":0.0,"timestamp":1610246694,"path_taken":["M","?","$","?","?","R","?","$","T","?","R","E","$","?","R","BOSS","M","$","M","M","$","R","?","R","T","R","?","R","?","M","R","BOSS","M","?","$","?","?","E","R","E","T","E","M","M","R","$","R","BOSS","BOSS","R","$","E","BOSS"],"items_purchased_type":["Relic","Relic","Card","Potion","Potion","Card","Relic","Relic","Relic","Card","Relic","Relic","Relic","Card","Potion","Relic","Relic","Relic","Card","Relic","Relic","Relic","Card","Card","Relic","Relic","Card","Relic","Relic","Relic","Card","Potion","Relic","Relic","Relic","Card","Potion"],"build_version":"2020-12-22","purchased_purges":6,"victory":true,"max_hp_per_floor":[66,66,80,80,80,80,80,80,80,80,80,80,80,80,80,80,80,80,87,87,87,87,87,87,87,87,87,87,87,87,87,87,87,87,87,87,94,94,94,94,94,94,94,94,94,94,94,94,94,94,94,94,94,94,94,94],"card_choices":[{"not_picked":["Storm of Steel","Adrenaline"],"picked":"Corpse Explosion","floor":0.0},{"not_picked":["Backflip","Slice"],"picked":"Noxious Fumes","floor":1.0},{"not_picked":["Cloak And Dagger","Expertise","Flying Knee"],"picked":"SKIP","floor":5.0},{"not_picked":["Well Laid Plans","Acrobatics","Unload"],"picked":"SKIP","floor":12.0},{"not_picked":["Backstab","Acrobatics"],"picked":"Catalyst","floor":14.0},{"not_picked":["Footwork","Skewer"],"picked":"Backflip","floor":14.0},{"not_picked":["Deadly Poison","Acrobatics","Flechettes"],"picked":"SKIP","floor":18.0},{"not_picked":["Predator","Distraction","Poisoned Stab"],"picked":"SKIP","floor":18.0},{"not_picked":["Eviscerate+1","Riddle With Holes","Acrobatics"],"picked":"SKIP","floor":20.0},{"not_picked":["Acrobatics","Heel Hook","Backstab"],"picked":"SKIP","floor":20.0},{"not_picked":["Choke","Masterful Stab","Caltrops"],"picked":"SKIP","floor":21.0},{"not_picked":["Sucker Punch","Acrobatics","Deadly Poison"],"picked":"SKIP","floor":21.0},{"not_picked":["Poisoned Stab","Predator"],"picked":"Crippling Poison","floor":31.0},{"not_picked":["Dagger Throw","Poisoned Stab","Blade Dance"],"picked":"SKIP","floor":31.0},{"not_picked":["Quick Slash","Prepared"],"picked":"Blur","floor":35},{"not_picked":["Sucker Punch","Predator","Footwork"],"picked":"SKIP","floor":35},{"not_picked":["Acrobatics+1","Cloak And Dagger","Bane+1"],"picked":"SKIP","floor":39},{"not_picked":["Expertise","Underhanded Strike","Deflect"],"picked":"SKIP","floor":39},{"not_picked":["Prepared","Cloak And Dagger","Quick Slash+1"],"picked":"SKIP","floor":40},{"not_picked":["Underhanded Strike","Dagger Spray+1","Flying Knee"],"picked":"SKIP","floor":42},{"not_picked":["Choke","Predator"],"picked":"Wraith Form v2","floor":44},{"not_picked":["PiercingWail","Dodge and Roll","Flying Knee"],"picked":"SKIP","floor":45},{"not_picked":["Choke","Outmaneuver","Backflip"],"picked":"SKIP","floor":45},{"not_picked":["Slice","Underhanded Strike+1"],"picked":"Prepared+1","floor":46},{"not_picked":["Quick Slash","Deadly Poison+1","Flechettes"],"picked":"SKIP","floor":46},{"not_picked":["Eviscerate+1","Flying Knee"],"picked":"Malaise","floor":55}],"player_experience":523181,"relics_obtained":[{"floor":9.0,"key":"Dream Catcher"},{"floor":12.0,"key":"Anchor"},{"floor":26.0,"key":"Gremlin Horn"},{"floor":40,"key":"Boot"},{"floor":42,"key":"Happy Flower"},{"floor":44,"key":"Paper Crane"},{"floor":55,"key":"Torii"}],"event_choices":[{"damage_healed":0.0,"max_hp_gain":0.0,"max_hp_loss":0.0,"gold_gain":0.0,"event_name":"Living Wall","player_choice":"Grow","floor":2.0,"gold_loss":0.0,"damage_taken":0.0,"cards_upgraded":["Noxious Fumes"]},{"cards_removed":["Strike_G"],"damage_healed":0.0,"max_hp_gain":0.0,"max_hp_loss":0.0,"gold_gain":0.0,"event_name":"Purifier","player_choice":"Purged","floor":4.0,"gold_loss":0.0,"damage_taken":0.0},{"cards_removed":["Strike_G"],"damage_healed":0.0,"max_hp_gain":0.0,"max_hp_loss":0.0,"gold_gain":0.0,"event_name":"The Cleric","player_choice":"Card Removal","floor":7.0,"gold_loss":75.0,"damage_taken":0.0},{"damage_healed":0.0,"max_hp_gain":0.0,"max_hp_loss":0.0,"gold_gain":0.0,"event_name":"Accursed Blacksmith","player_choice":"Forge","floor":10.0,"gold_loss":0.0,"damage_taken":0.0,"cards_upgraded":["Footwork"]},{"damage_healed":0.0,"max_hp_gain":0.0,"max_hp_loss":0.0,"gold_gain":0.0,"event_name":"Addict","player_choice":"Obtained Relic","floor":24.0,"gold_loss":85.0,"damage_taken":0.0,"relics_obtained":["Toy Ornithopter"]},{"damage_healed":0.0,"max_hp_gain":0.0,"max_hp_loss":0.0,"gold_gain":0.0,"event_name":"Ghosts","player_choice":"Ignored","floor":28.0,"gold_loss":0.0,"damage_taken":0.0},{"damage_healed":0.0,"max_hp_gain":0.0,"max_hp_loss":0.0,"gold_gain":0.0,"event_name":"Vampires","player_choice":"Ignored","floor":30.0,"gold_loss":0.0,"damage_taken":0.0},{"damage_healed":0,"gold_gain":0,"player_choice":"Memory 1","damage_taken":0,"max_hp_gain":0,"max_hp_loss":0,"event_name":"SensoryStone","floor":36,"gold_loss":0},{"damage_healed":0,"gold_gain":0,"player_choice":"0 cards matched","damage_taken":0,"max_hp_gain":0,"max_hp_loss":0,"event_name":"Match and Keep!","floor":38,"gold_loss":0,"cards_obtained":[]}],"is_beta":false,"boss_relics":[{"not_picked":["Fusion Hammer","Snecko Eye"],"picked":"SacredBark"},{"not_picked":["Philosopher\u0027s Stone","Cursed Key"],"picked":"HoveringKite"}],"items_purged_floors":[3,8,13,19,22,37],"is_endless":false,"potions_floor_spawned":[16,20,31,33,35,42],"ascension_level":20}}