{"host":"7mo9b2f9hhzb5x6f","time":1610245120,"event":{"mods":["2.2 Compatiblity","ATMod(阿瑾Mod)","Act Like it!","Arknights The Spire","BaseMod","Better-Laid Plans","LazyManMod","Library of Ruina","Library of Ruina Extra","Marked Mod","Minty Spire (QoL Compilation)","MostiFishMod","Relic Stats","Robot Space Explorer","Spicy Shops","StSLib","TestMod","The Alterego","The Dragon Tamer","The Hayseed","The Marked","UnlockEverythingMod","Yakumo Yukari mod","【功能Mod】混沌之环修复补丁","【功能Mod】精心准备"],"gold_per_floor":[418,343,354,372,383,411,411,18,18,49,67,97,97,18,18,120,120,157,72,72,132,198,301,370,477,477,477,477,477,582,623,623,648,648],"floor_reached":33,"playtime":3839,"items_purged":["Defend_P"],"score":800,"play_id":"88e6f8db-a6be-41d0-b2d3-a2e94b323dbc","local_time":"20210110101840","is_ascension_mode":true,"campfire_choices":[{"data":"Eruption","floor":7,"key":"SMITH"},{"data":"Fasting2","floor":13,"key":"SMITH"},{"data":"Study","floor":15,"key":"SMITH"},{"data":"MostiFishMod:Disappear","floor":27,"key":"SMITH"},{"data":"AT_FamilyPortrait","floor":29,"key":"SMITH"},{"data":"Vengeance","floor":32,"key":"SMITH"}],"circlet_count":0,"master_deck":["AscendersBane","Strike_P","Strike_P","Strike_P","Defend_P","Defend_P","Defend_P","Eruption+1","Vigilance","AT_FamilyPortrait+1","FlurryOfBlows","BowlingBash","Vengeance+1","Study+1","Fasting2+1","MostiFishMod:Disappear+1","MostiFishMod:PathToVictory+1","CutThroughFate","Adaptation","SignatureMove+1"],"relics":["testmod-TestBox","DaveBox","AT_ATBox","Old Coin","testmod-HeartOfStrike","testmod-Fanaticism","PageOfBloodbath","SynthV:TestCard","Mango","AT_ImmortalShieldbow","AT_RedNoBalance","Unceasing Top","Mummified Hand","AT_MibuBalloonWealth","ShadowXiaoBlade","Blue Candle","Darkstone Periapt","testmod-Antiphasic","testmod-LifeArmor","alterego_mod:SomeoneToFightFor","Matryoshka"],"acts_visited":["Exordium","TheCity"],"potions_floor_usage":[5],"damage_taken":[{"damage":0,"enemies":"Jaw Worm","floor":1,"turns":1},{"damage":19,"enemies":"Small Slimes","floor":3,"turns":2},{"damage":0,"enemies":"2 Louse","floor":4,"turns":2},{"damage":10,"enemies":"Large Slime","floor":5,"turns":3},{"damage":12,"enemies":"Gremlin Nob","floor":6,"turns":3},{"damage":34,"enemies":"Lagavulin","floor":10,"turns":5},{"damage":0,"enemies":"2 Fungi Beasts","floor":11,"turns":2},{"damage":0,"enemies":"Gremlin Nob","floor":12,"turns":2},{"damage":68,"enemies":"The Guardian","floor":16,"turns":6},{"damage":0,"enemies":"Chosen","floor":18,"turns":2},{"damage":32,"enemies":"2 Thieves","floor":21,"turns":2},{"damage":0,"enemies":"Cultist and Chosen","floor":22,"turns":1},{"damage":52,"enemies":"Slavers","floor":23,"turns":2},{"damage":1,"enemies":"Sentry and Sphere","floor":24,"turns":2},{"damage":17,"enemies":"Gremlin Leader","floor":25,"turns":3},{"damage":12,"enemies":"Slavers","floor":30,"turns":2},{"damage":0,"enemies":"Snecko","floor":31,"turns":2},{"damage":91,"enemies":"RedHoodMercenary","floor":33,"turns":5}],"seed_played":"-7771430654279366975","potions_obtained":[{"floor":5,"key":"testmod-SpacePotion"},{"floor":12,"key":"PowerPotion"},{"floor":22,"key":"ColorlessPotion"},{"floor":25,"key":"BottledMiracle"}],"is_trial":false,"path_per_floor":["M","?","M","M","M","E","R","$","T","E","M","E","R","$","R","B",null,"M","?","$","M","M","E","M","E","T","R","?","R","E","M","R","B"],"character_chosen":"WATCHER","items_purchased":["AT_ImmortalShieldbow","Study","AT_MibuBalloonWealth"],"campfire_rested":0,"item_purchase_floors":[8,8,14],"current_hp_per_floor":[61,61,55,55,51,60,60,60,60,42,41,41,41,41,41,82,82,41,41,41,68,68,82,81,75,75,75,75,75,73,79,79,87,87],"gold":648,"neow_bonus":"RANDOM_COMMON_RELIC","is_daily":false,"chose_seed":false,"campfire_upgraded":6,"win_rate":0.0,"timestamp":1610245120,"path_taken":["M","?","M","M","M","E","R","$","T","E","M","E","R","$","R","BOSS","M","?","$","M","M","E","M","E","T","R","?","R","E","M","R","BOSS"],"items_purchased_type":["Relic","Card","Relic"],"build_version":"2020-12-22","purchased_purges":1,"victory":false,"max_hp_per_floor":[68,68,68,68,68,82,82,82,82,82,82,82,82,82,82,82,82,82,82,82,82,82,82,82,82,82,82,82,82,82,82,82,87,87],"relic_stats":{"Darkstone Periapt":0,"counters":[18,47],"Mummified Hand":[20],"Blue Candle":[1],"obtain_stats":[{"Darkstone Periapt":23,"testmod-HeartOfStrike":0,"testmod-TestBox":0,"AT_ATBox":0,"DaveBox":0,"AT_MibuBalloonWealth":14,"Blue Candle":19,"PageOfBloodbath":0,"Mango":6,"ShadowXiaoBlade":17,"AT_SilverBalance":9,"testmod-LifeArmor":26,"alterego_mod:SomeoneToFightFor":28,"Old Coin":0,"AT_ImmortalShieldbow":8,"testmod-Fanaticism":0,"testmod-Antiphasic":25,"SynthV:TestCard":1,"Matryoshka":30,"Mummified Hand":12,"PureWater":0,"AT_RedNoBalance":18,"Unceasing Top":10},{"Darkstone Periapt":13,"testmod-HeartOfStrike":0,"testmod-TestBox":0,"AT_ATBox":0,"DaveBox":0,"AT_MibuBalloonWealth":8,"Blue Candle":10,"PageOfBloodbath":0,"Mango":5,"ShadowXiaoBlade":9,"AT_SilverBalance":5,"testmod-LifeArmor":15,"alterego_mod:SomeoneToFightFor":15,"Old Coin":0,"AT_ImmortalShieldbow":5,"testmod-Fanaticism":0,"testmod-Antiphasic":15,"SynthV:TestCard":1,"Matryoshka":16,"Mummified Hand":8,"PureWater":0,"AT_RedNoBalance":10,"Unceasing Top":6},{"Darkstone Periapt":33,"testmod-HeartOfStrike":0,"testmod-TestBox":0,"AT_ATBox":0,"DaveBox":0,"AT_MibuBalloonWealth":20,"Blue Candle":28,"PageOfBloodbath":0,"Mango":11,"ShadowXiaoBlade":26,"AT_SilverBalance":11,"testmod-LifeArmor":38,"alterego_mod:SomeoneToFightFor":38,"Old Coin":0,"AT_ImmortalShieldbow":11,"testmod-Fanaticism":0,"testmod-Antiphasic":38,"SynthV:TestCard":1,"Matryoshka":40,"Mummified Hand":20,"PureWater":0,"AT_RedNoBalance":26,"Unceasing Top":16}],"Unceasing Top":[4]},"card_choices":[{"not_picked":["CarveReality","Prostrate"],"picked":"FlurryOfBlows","floor":1},{"not_picked":["MarkedMod:FirstStrike","SashWhip","EmptyFist","ClearTheMind","MarkedMod:Acupuncture"],"picked":"SKIP","floor":3},{"not_picked":["MarkedMod:Acupuncture","ThirdEye","Evaluate","BattleHymn"],"picked":"BowlingBash","floor":4},{"not_picked":["BowlingBash","Crescendo","Blasphemy","EmptyFist"],"picked":"Vengeance","floor":5},{"not_picked":["MostiFishMod:FlowState","Perseverance","LikeWater","SandsOfTime","ThirdEye"],"picked":"SKIP","floor":6},{"not_picked":["WaveOfTheHand","MarkedMod:GentlePulse","AT_SoftenMuscles","SignatureMove"],"picked":"Fasting2","floor":10},{"not_picked":["Sanctity","DeceiveReality","EmptyBody","PathToVictory","TalkToTheHand"],"picked":"SKIP","floor":11},{"not_picked":["Protect","Devotion","DeceiveReality","MarkedMod:Acupuncture","TalkToTheHand"],"picked":"SKIP","floor":12},{"not_picked":["MostiFishMod:OutWit","MostiFishMod:StarWish","MarkedMod:NorthStar","Judgement"],"picked":"MostiFishMod:Disappear","floor":16},{"not_picked":["CarveReality","ClearTheMind","AT_ChampionStep","AT_SoftenMuscles"],"picked":"MostiFishMod:PathToVictory+1","floor":18},{"not_picked":["EmptyBody","Crescendo","FlurryOfBlows","MarkedMod:FirstStrike"],"picked":"CutThroughFate","floor":21},{"not_picked":["EmptyFist","PathToVictory","MostiFishMod:FlowState","MarkedMod:GracefulMovements"],"picked":"Adaptation","floor":22},{"not_picked":["Conclude+1","InnerPeace","WheelKick","Nirvana","MarkedMod:Acupuncture"],"picked":"SKIP","floor":23},{"not_picked":["Halt+1","Prostrate","Collect","Sanctity"],"picked":"SignatureMove+1","floor":24},{"not_picked":["MarkedMod:GentlePulse","AT_IrregularMenstruation","Evaluate","Conclude+1","Vengeance"],"picked":"SKIP","floor":25},{"not_picked":["Study","InnerPeace","Evaluate","ReachHeaven","MarkedMod:Acupuncture"],"picked":"SKIP","floor":30},{"not_picked":["BowlingBash","MostiFishMod:PathToVictory","Nirvana+1","SignatureMove","Crescendo"],"picked":"SKIP","floor":31}],"player_experience":100094,"relics_obtained":[{"floor":1,"key":"SynthV:TestCard"},{"floor":6,"key":"Mango"},{"floor":9,"key":"AT_SilverBalance"},{"floor":10,"key":"Unceasing Top"},{"floor":12,"key":"Mummified Hand"},{"floor":23,"key":"Darkstone Periapt"},{"floor":25,"key":"testmod-Antiphasic"},{"floor":26,"key":"testmod-LifeArmor"},{"floor":30,"key":"Matryoshka"}],"event_choices":[{"cards_removed":["Strike_P"],"damage_healed":0,"gold_gain":0,"player_choice":"Card Removal","damage_taken":0,"max_hp_gain":0,"max_hp_loss":0,"event_name":"The Cleric","floor":2,"gold_loss":75},{"damage_healed":0,"gold_gain":0,"player_choice":"Obtained Relic","damage_taken":0,"relics_obtained":["Blue Candle"],"max_hp_gain":0,"max_hp_loss":0,"event_name":"Addict","floor":19,"gold_loss":85},{"damage_healed":0,"gold_gain":0,"player_choice":"Choice 2","damage_taken":0,"relics_obtained":["alterego_mod:SomeoneToFightFor"],"max_hp_gain":0,"max_hp_loss":0,"event_name":"爱的神圣花园","floor":28,"gold_loss":0}],"is_beta":false,"boss_relics":[{"not_picked":["Tiny House","HereWithMe"],"picked":"ShadowXiaoBlade"}],"items_purged_floors":[8],"is_endless":false,"potions_floor_spawned":[4,5,10,11,12,22,25,30],"killed_by":"RedHoodMercenary","ascension_level":20}}