{"host":"qljev0q3rb9h3k1a","time":1610316078,"event":{"mods":["AchievementEnabler","Ascension Unlocker","BaseMod","Colored Map","Minty Spire (QoL Compilation)","Permanent Neow","Quick Restart","Relic Filter","StSLib","SuperFastMode"],"gold_per_floor":[111,186,34,48,13,39,53,53,53,53,53,53],"floor_reached":11,"playtime":223,"items_purged":[],"score":71,"play_id":"4d29dbe9-4fae-4534-9741-1bdb839dd17e","local_time":"20210110170118","is_ascension_mode":false,"campfire_choices":[{"data":"Catalyst","floor":8,"key":"SMITH"}],"circlet_count":0,"master_deck":["Strike_G","Strike_G","Strike_G","Strike_G","Defend_G","Defend_G","Defend_G","Defend_G","Defend_G","Survivor","Neutralize","Corpse Explosion","Catalyst+1","Backflip"],"relics":["Ring of the Snake","Membership Card","Kunai","Ornamental Fan"],"acts_visited":["Exordium"],"potions_floor_usage":[],"damage_taken":[{"damage":0,"enemies":"Small Slimes","floor":1,"turns":4},{"damage":0,"enemies":"Cultist","floor":4,"turns":4},{"damage":20,"enemies":"3 Sentries","floor":6,"turns":6},{"damage":0,"enemies":"2 Louse","floor":7,"turns":1},{"damage":10,"enemies":"Gremlin Nob","floor":11,"turns":3}],"seed_played":"-7365867132428072614","potions_obtained":[{"floor":4,"key":"SpeedPotion"},{"floor":6,"key":"PowerPotion"}],"is_trial":false,"path_per_floor":["M","?","$","M","?","E","M","R","T","$","E"],"character_chosen":"THE_SILENT","items_purchased":["Membership Card"],"campfire_rested":0,"item_purchase_floors":[3],"current_hp_per_floor":[70,63,63,63,70,50,50,50,50,50,40,40],"gold":53,"neow_bonus":"TRANSFORM_CARD","is_daily":false,"chose_seed":false,"campfire_upgraded":1,"win_rate":0.0,"timestamp":1610316078,"path_taken":["M","?","$","?","?","E","M","R","T","?","E"],"items_purchased_type":["Relic"],"build_version":"2020-12-22","purchased_purges":0,"victory":false,"max_hp_per_floor":[70,70,70,70,70,70,70,70,70,70,70,70],"card_choices":[{"not_picked":["Poisoned Stab","Riddle With Holes"],"picked":"Catalyst","floor":1},{"not_picked":["Flying Knee","Riddle With Holes"],"picked":"Backflip","floor":4},{"not_picked":["Heel Hook","PiercingWail","Terror"],"picked":"SKIP","floor":6},{"not_picked":["Backstab","Masterful Stab","Prepared"],"picked":"SKIP","floor":7}],"player_experience":2222,"relics_obtained":[{"floor":6,"key":"Kunai"},{"floor":9,"key":"Ornamental Fan"}],"event_choices":[{"damage_healed":0,"gold_gain":75,"player_choice":"Touch","damage_taken":7,"max_hp_gain":0,"max_hp_loss":0,"event_name":"FaceTrader","floor":2,"gold_loss":0},{"damage_healed":17,"gold_gain":0,"player_choice":"Healed","damage_taken":0,"max_hp_gain":0,"max_hp_loss":0,"event_name":"The Cleric","floor":5,"gold_loss":35}],"is_beta":false,"boss_relics":[],"items_purged_floors":[],"is_endless":false,"potions_floor_spawned":[4,6],"killed_by":"Gremlin Nob","ascension_level":0}}