{"host":"pgqkv8mh62pnrbci","time":1610241907,"event":{"mods":["2.2 Compatiblity","AchievementEnabler","BaseMod","Custom Start","DeckTracker","Minty Spire (QoL Compilation)","StSLib","SuperFastMode"],"gold_per_floor":[109,109,120,140,158,192,208,208,208,208,219,144,144,155,155,229,229,242,242,142,158,33,33,43,43,43,53,71,71,71],"floor_reached":29,"playtime":689,"items_purged":["Strike_P","Defend_P","Defend_P"],"score":598,"play_id":"e20f21f3-0ed4-4802-8cfc-fccb4f69c37f","local_time":"20210110102507","is_ascension_mode":true,"campfire_choices":[{"data":"Eruption","floor":10.0,"key":"SMITH"},{"data":"Conclude","floor":13.0,"key":"SMITH"},{"data":"Establishment","floor":15.0,"key":"SMITH"},{"floor":25.0,"key":"REST"}],"circlet_count":0,"master_deck":["AscendersBane","Strike_P","Strike_P","Defend_P","Eruption+1","Vigilance","Conclude+1","Establishment+1","ClearTheMind","InnerPeace","Scrawl","FearNoEvil","Collect","EmptyMind"],"relics":["PureWater","NeowsBlessing","Nunchaku","Oddly Smooth Stone","Pear","Black Star","Letter Opener"],"acts_visited":["Exordium","TheCity"],"potions_floor_usage":[],"damage_taken":[{"damage":0.0,"enemies":"2 Louse","floor":1.0,"turns":2.0},{"damage":0.0,"enemies":"Cultist","floor":3.0,"turns":1.0},{"damage":0.0,"enemies":"Jaw Worm","floor":4.0,"turns":1.0},{"damage":3.0,"enemies":"Exordium Thugs","floor":5.0,"turns":2.0},{"damage":16.0,"enemies":"Gremlin Nob","floor":6.0,"turns":3.0},{"damage":9.0,"enemies":"2 Fungi Beasts","floor":7.0,"turns":3.0},{"damage":14.0,"enemies":"Exordium Wildlife","floor":11.0,"turns":4.0},{"damage":15.0,"enemies":"3 Louse","floor":14.0,"turns":2.0},{"damage":0.0,"enemies":"Slime Boss","floor":16.0,"turns":7.0},{"damage":0.0,"enemies":"Spheric Guardian","floor":18.0,"turns":1.0},{"damage":22.0,"enemies":"2 Thieves","floor":21.0,"turns":2.0},{"damage":0.0,"enemies":"Book of Stabbing","floor":23.0,"turns":1.0},{"damage":28.0,"enemies":"Shelled Parasite and Fungi","floor":24.0,"turns":3.0},{"damage":0.0,"enemies":"Snake Plant","floor":27.0,"turns":2.0},{"damage":3,"enemies":"Chosen and Byrds","floor":28,"turns":3},{"damage":33,"enemies":"Gremlin Leader","floor":29,"turns":3}],"seed_played":"-4410928283163226584","potions_obtained":[{"floor":1.0,"key":"Weak Potion"},{"floor":4.0,"key":"Dexterity Potion"},{"floor":7.0,"key":"Explosive Potion"},{"floor":11.0,"key":"Strength Potion"},{"floor":14.0,"key":"Energy Potion"},{"floor":21.0,"key":"SmokeBomb"},{"floor":27.0,"key":"Block Potion"},{"floor":28,"key":"SpeedPotion"}],"is_trial":false,"path_per_floor":["M","?","M","M","M","E","M","?","T","R","M","$","R","M","R","B",null,"M","?","$","M","$","E","M","R","T","M","M","E"],"character_chosen":"WATCHER","items_purchased":[],"campfire_rested":1,"item_purchase_floors":[],"current_hp_per_floor":[61,61,61,61,58,42,33,33,43,43,29,29,29,14,14,14,62,62,62,62,40,40,40,12,35,35,35,32,0,0],"gold":71,"neow_bonus":"THREE_ENEMY_KILL","is_daily":false,"chose_seed":false,"campfire_upgraded":3,"win_rate":0.0,"timestamp":1610241907,"path_taken":["M","?","M","M","?","E","M","?","T","R","M","?","R","M","R","BOSS","M","?","$","M","$","E","M","R","T","M","M","E"],"items_purchased_type":[],"build_version":"2020-12-22","purchased_purges":3,"victory":false,"max_hp_per_floor":[68,68,68,68,68,68,68,68,78,78,78,78,78,78,78,78,78,78,78,78,78,78,78,78,78,78,78,78,78,78],"card_choices":[{"not_picked":["FlurryOfBlows","JustLucky"],"picked":"Conclude","floor":1.0},{"not_picked":["Protect","FlurryOfBlows","FlyingSleeves"],"picked":"SKIP","floor":3.0},{"not_picked":["SashWhip","Protect","BowlingBash"],"picked":"SKIP","floor":4.0},{"not_picked":["Prostrate","Study","BowlingBash"],"picked":"SKIP","floor":5.0},{"not_picked":["Fasting2","Wallop"],"picked":"Establishment","floor":6.0},{"not_picked":["SashWhip","Crescendo"],"picked":"ClearTheMind","floor":7.0},{"not_picked":["WindmillStrike","SashWhip","CarveReality"],"picked":"SKIP","floor":11.0},{"not_picked":["SashWhip","Pray"],"picked":"InnerPeace","floor":14.0},{"not_picked":["Judgement","Brilliance"],"picked":"Scrawl","floor":16.0},{"not_picked":["SashWhip","Conclude","JustLucky"],"picked":"SKIP","floor":18.0},{"not_picked":["EmptyBody","ThirdEye","SignatureMove"],"picked":"SKIP","floor":21.0},{"not_picked":["EmptyFist","Consecrate"],"picked":"FearNoEvil","floor":24.0},{"not_picked":["ClearTheMind","Protect"],"picked":"Collect","floor":27.0},{"not_picked":["Fasting2","MasterReality"],"picked":"EmptyMind","floor":28}],"player_experience":608161,"relics_obtained":[{"floor":6.0,"key":"Nunchaku"},{"floor":9.0,"key":"Pear"},{"floor":26.0,"key":"Letter Opener"}],"event_choices":[{"cards_removed":["Defend_P"],"damage_healed":0.0,"max_hp_gain":0.0,"max_hp_loss":0.0,"gold_gain":0.0,"event_name":"Bonfire Elementals","player_choice":"Offered Basic","floor":2.0,"gold_loss":0.0,"damage_taken":0.0},{"damage_healed":0.0,"max_hp_gain":0.0,"max_hp_loss":0.0,"gold_gain":0.0,"event_name":"WeMeetAgain","player_choice":"Gave Potion","floor":8.0,"gold_loss":0.0,"damage_taken":0.0,"relics_obtained":["Oddly Smooth Stone"]},{"cards_removed":["Strike_P"],"damage_healed":0.0,"max_hp_gain":0.0,"max_hp_loss":0.0,"gold_gain":0.0,"event_name":"Back to Basics","player_choice":"Elegance","floor":19.0,"gold_loss":0.0,"damage_taken":0.0}],"is_beta":false,"boss_relics":[{"not_picked":["Runic Pyramid","Ectoplasm"],"picked":"Black Star"}],"items_purged_floors":[12,20,22],"is_endless":false,"potions_floor_spawned":[1,4,7,11,14,21,27,28],"killed_by":"Gremlin Leader","ascension_level":20}}