{"host":"6h0diz2ap0m56grs","time":1610305437,"event":{"mods":["2.2 Compatiblity","BaseMod","Colored Map","Marisa????????","Minty Spire (QoL Compilation)","Quick Restart","Replay The Spire","Shop Mod","StSLib","The Servant 0.9.4"],"gold_per_floor":[117,133,191,42,42,69,99,133,133,168,217,217,217],"floor_reached":12,"playtime":430,"items_purged":[],"score":162,"play_id":"05f40aef-e877-49ef-a400-40b6fe6ff136","local_time":"20210110130357","daily_mods":["SealedDeck","Heirloom","Time Dilation","Flight"],"is_ascension_mode":true,"campfire_choices":[],"circlet_count":0,"master_deck":["Replay:BluntJabs","EmptyBody","Halt+1","CrushJoints+1","EmptyFist","Protect","Meditate+1","FlurryOfBlows","WaveOfTheHand","TalkToTheHand","SandsOfTime","FlurryOfBlows","Vault","Wallop"],"relics":["PureWater","replay:Trail_Library","Girya","Bag of Marbles","Centennial Puzzle","Gremlin Horn","Durian","War Paint","HornCleat","MealTicket"],"acts_visited":["Exordium"],"potions_floor_usage":[],"damage_taken":[{"damage":0,"enemies":"2 Louse","floor":1,"turns":3},{"damage":0,"enemies":"Small Slimes","floor":2,"turns":3},{"damage":0,"enemies":"Gremlin Nob","floor":6,"turns":3},{"damage":3,"enemies":"Lagavulin","floor":7,"turns":5},{"damage":4,"enemies":"Gremlin Nob","floor":8,"turns":4},{"damage":0,"enemies":"Lagavulin","floor":10,"turns":5},{"damage":0,"enemies":"3 Sentries","floor":12,"turns":3}],"seed_played":"-6618553360509921147","potions_obtained":[{"floor":2,"key":"Milkshake"},{"floor":6,"key":"Elixir"},{"floor":8,"key":"DistilledChaos"}],"is_trial":true,"path_per_floor":["M","M","?","$","?","E","E","E","T","E","T","E"],"character_chosen":"WATCHER","items_purchased":["Bag of Marbles"],"campfire_rested":0,"item_purchase_floors":[4],"current_hp_per_floor":[72,72,72,72,72,72,69,70,70,70,70,70,70],"gold":217,"neow_bonus":"","is_daily":false,"chose_seed":false,"campfire_upgraded":0,"win_rate":0.0,"timestamp":1610305437,"path_taken":["M","M","?","$","?","E","E","E","T","E","?","E"],"items_purchased_type":["Relic"],"build_version":"2020-12-22","purchased_purges":0,"victory":false,"max_hp_per_floor":[72,72,72,72,72,72,72,77,77,77,77,77,77],"card_choices":[{"not_picked":["Evaluate","EmptyBody"],"picked":"SandsOfTime","floor":1},{"not_picked":["Sanctity","FollowUp"],"picked":"FlurryOfBlows","floor":2},{"not_picked":["ThirdEye","SignatureMove"],"picked":"Vault","floor":6},{"not_picked":["BattleHymn","EmptyBody"],"picked":"Wallop","floor":7},{"not_picked":["Worship","Replay:Cycle","ThirdEye"],"picked":"SKIP","floor":8},{"not_picked":["FollowUp","CrushJoints","Halt"],"picked":"SKIP","floor":10}],"player_experience":157279,"relics_obtained":[{"floor":6,"key":"Centennial Puzzle"},{"floor":7,"key":"Gremlin Horn"},{"floor":8,"key":"Durian"},{"floor":9,"key":"War Paint"},{"floor":10,"key":"HornCleat"},{"floor":11,"key":"MealTicket"}],"event_choices":[{"damage_healed":0,"gold_gain":58,"player_choice":"Gained Gold","damage_taken":0,"max_hp_gain":0,"max_hp_loss":0,"event_name":"Golden Wing","floor":3,"gold_loss":0}],"is_beta":false,"boss_relics":[],"items_purged_floors":[],"is_endless":false,"potions_floor_spawned":[2,6,8],"killed_by":"3 Sentries","ascension_level":1}}