{"host":"2s2u0oiujacicbpp","time":1610301131,"event":{"mods":["Act Like it!","Arknights The Spire","BaseMod","Colored Powertips","Conspire","Downfall","Gensokyo","Hallownest","Hermit","Hero for Fun","Hubris","Infinite Spire","Koishi","Marisa????????","Minty Spire (QoL Compilation)","Remilia??????","Replay The Spire","Robot Space Explorer","Shop Mod","StSLib","Td1madao Mod","The Bug Knight","The Cursed","The Death Knight","The Dragon Tamer","The Hierophant","The Jungle","The Marked","The Necromancer","The Runesmith","The Servant 0.9.4","vexMod"],"gold_per_floor":[118,79,7,7,7,7,7,32,32,32,62,73,32,32,32,227,227,287,287,287],"floor_reached":19,"playtime":3744,"items_purged":[],"score":186,"play_id":"78e1bb14-cf13-4a35-8c49-fec1a6c65fbf","local_time":"20210110185211","is_ascension_mode":false,"campfire_choices":[{"data":"Koishi:HauntingSlash","floor":6,"key":"SMITH"},{"data":"Koishi:RacingHeart","floor":10,"key":"SMITH"},{"data":"Koishi:BloodcurdlingScream","floor":15,"key":"SMITH"}],"circlet_count":0,"master_deck":["Koishi:BasicStrike","Koishi:BasicStrike","Koishi:BasicStrike","Koishi:BasicStrike","Koishi:BasicDefend","Koishi:BasicDefend","Koishi:BasicDefend","Koishi:BasicDefend","Koishi:Provoke","Koishi:HauntingSlash+1","Koishi:UnconsciousUprising+1","Koishi:SubterraneanRose","Koishi:RacingHeart+1","Injury","Koishi:BloodcurdlingScream+1","Koishi:Bloodlust","Koishi:Jaunt","Koishi:FreudianInstinct","Koishi:FreudianInstinct","Pain","Koishi:Heartbroken","Koishi:SubconsciousSweep+1"],"relics":["Koishi:ImaginaryFriend","NeowsBlessing","Gensokyo:OccultBall","hubris:MobiusCoin","Replay:Rubber Ducky","White Beast Statue","Blue Doll","Gensokyo:LunaticRedEyes","Ring of Chaos"],"acts_visited":["Exordium","Gensokyo:Gensokyo"],"potions_floor_usage":[16],"damage_taken":[{"damage":0,"enemies":"Gensokyo:Python","floor":1,"turns":1},{"damage":0,"enemies":"Gensokyo:Mamizou","floor":11,"turns":2},{"damage":0,"enemies":"Gensokyo:2_Kodama","floor":12,"turns":1},{"damage":50,"enemies":"Gensokyo:Yukari","floor":16,"turns":16},{"damage":46,"enemies":"theJungle:Flameango_and_Byrd","floor":18,"turns":10},{"damage":27,"enemies":"theJungle:5_Spyders","floor":19,"turns":10}],"seed_played":"4484764435516582283","potions_obtained":[{"floor":11,"key":"BlessingOfTheForge"},{"floor":12,"key":"CultistPotion"},{"floor":16,"key":"GamblersBrew"},{"floor":18,"key":"SpeedPotion"}],"is_trial":false,"path_per_floor":["M","$","$","?","?","R","?","T","T","R","E","M","$","?","R","B",null,"M","M"],"character_chosen":"KOISHI","items_purchased":["Koishi:UnconsciousUprising+1","Koishi:SubterraneanRose","Koishi:RacingHeart","Koishi:FreudianInstinct"],"campfire_rested":0,"item_purchase_floors":[2,3,3,13],"current_hp_per_floor":[60,60,60,60,60,60,60,60,60,60,60,60,60,60,60,17,60,23,0,0],"gold":287,"neow_bonus":"THREE_ENEMY_KILL","is_daily":false,"chose_seed":false,"campfire_upgraded":3,"win_rate":0.0,"timestamp":1610301131,"path_taken":["M","?","$","?","?","R","?","?","T","R","E","?","$","?","R","BOSS","M","M"],"items_purchased_type":["Card","Card","Card","Card"],"build_version":"2020-12-22","purchased_purges":0,"victory":false,"max_hp_per_floor":[60,60,60,60,60,60,60,60,60,60,60,60,60,60,60,60,60,60,60,60],"card_choices":[{"not_picked":["Koishi:SpiritedAway","Koishi:EmbryosDream"],"picked":"Koishi:UnseenTerror","floor":1},{"not_picked":["Koishi:IdleWhim","Koishi:SpiritedAway"],"picked":"Koishi:Bloodlust","floor":11},{"not_picked":["Koishi:SubterraneanRose","Koishi:UnansweredLove"],"picked":"Koishi:Jaunt","floor":12},{"not_picked":["Koishi:MentalBreakdown","Koishi:ConfinedInnocent"],"picked":"Koishi:Heartbroken","floor":16},{"not_picked":["Koishi:Jaunt","Koishi:PhantomStrike"],"picked":"Koishi:SubconsciousSweep+1","floor":18}],"player_experience":217030,"relics_obtained":[{"floor":8,"key":"Replay:Rubber Ducky"},{"floor":9,"key":"White Beast Statue"},{"floor":11,"key":"Blue Doll"},{"floor":16,"key":"Gensokyo:OccultBall"}],"event_choices":[],"is_beta":false,"boss_relics":[{"not_picked":["Empty Cage","Runic Pyramid"],"picked":"Ring of Chaos"}],"items_purged_floors":[],"is_endless":false,"potions_floor_spawned":[11,12,16,18],"killed_by":"theJungle:5_Spyders","ascension_level":0}}