{"host":"j0tja808rg8hkg8v","time":1610242515,"event":{"mods":["Aspiration","BaseMod","Colored Powertips","Downfall","Energized Spire","Hermit","Infinite Spire","Ironclad Rager","Magitek Elite","Minty Spire (QoL Compilation)","Relic Stats","Replay The Spire","StSLib","The Bladedancer","The Cursed","The Disciple","The Runesmith"],"gold_per_floor":[118,133,133,148,163,163,83,102,153,179,194,219,219,230,230,333,333,320,320,320,320,362,362,362,362],"floor_reached":24,"playtime":2727,"items_purged":[],"score":208,"play_id":"825f9b9f-9fe9-4b6a-8954-852a3ac99a05","local_time":"20210110013515","is_ascension_mode":false,"campfire_choices":[{"data":"TheCursedMod:LuckyCharm","floor":6,"key":"SMITH"},{"data":"TheCursedMod:PrepareRite","floor":13,"key":"SMITH"},{"data":"TheCursedMod:Defend_TheCursed","floor":15,"key":"PURGE"},{"floor":23,"key":"REST"}],"circlet_count":0,"master_deck":["TheCursedMod:Strike_TheCursed","TheCursedMod:Strike_TheCursed","TheCursedMod:Strike_TheCursed","TheCursedMod:Defend_TheCursed","TheCursedMod:Defend_TheCursed","TheCursedMod:CursedWand","TheCursedMod:CleanUpWorkshop","TheCursedMod:Dregs","TheCursedMod:CursedStaff","TheCursedMod:SmokeScreen","TheCursedMod:LuckyCharm+1","TheCursedMod:CursedArmor","TheCursedMod:DemonSword","TheCursedMod:DoubleShield","TheCursedMod:DemonSword","TheCursedMod:PrepareRite+1","TheCursedMod:Grudge","TheCursedMod:DemonicPact","Looming Evil","hexamod:Float","TheCursedMod:AntiAging","expansioncontent:DefensiveStance","ReplayTheSpireMod:??????????????????????","TheCursedMod:FleshFromBone+1","TheCursedMod:RavingStaff","TheCursedMod:LuckyCharm","TheCursedMod:ManaBullet+1"],"relics":["TheCursedMod:BlackMagic101","aspiration:Nostalgia","hexamod:SpiritBrand","Bag of Marbles","infinitespire:Lychee Nut","Peace Pipe","ReplayTheSpireMod:SealedPack"],"acts_visited":["Exordium","TheCity"],"potions_floor_usage":[11,18,22,22,22],"damage_taken":[{"damage":1,"enemies":"Jaw Worm","floor":1,"turns":4},{"damage":13,"enemies":"infinitespire:Voidling","floor":2,"turns":6},{"damage":3,"enemies":"Small Slimes","floor":4,"turns":4},{"damage":4,"enemies":"Looter","floor":5,"turns":3},{"damage":0,"enemies":"3 Louse","floor":8,"turns":4},{"damage":7,"enemies":"3 Sentries","floor":10,"turns":14},{"damage":11,"enemies":"Gremlin Gang","floor":11,"turns":8},{"damage":10,"enemies":"Gremlin Nob","floor":12,"turns":5},{"damage":4,"enemies":"Exordium Wildlife","floor":14,"turns":3},{"damage":25,"enemies":"Fading Forest","floor":16,"turns":11},{"damage":35,"enemies":"2 Thieves","floor":18,"turns":4},{"damage":26,"enemies":"Chosen","floor":22,"turns":8},{"damage":122,"enemies":"3 Cultists","floor":24,"turns":5}],"seed_played":"3023494489298062654","potions_obtained":[{"floor":4,"key":"GamblersBrew"},{"floor":8,"key":"sneckomod:MuddlingPotion"},{"floor":11,"key":"SteroidPotion"},{"floor":14,"key":"SpeedPotion"},{"floor":18,"key":"SkillPotion"},{"floor":21,"key":"hexamod:EctoCoolerPotion"},{"floor":21,"key":"Adrenaline Potion"},{"floor":22,"key":"Elixir"}],"is_trial":false,"path_per_floor":["M","M","?","M","M","R","$","M","T","E","M","E","R","M","R","B",null,"M","?","?","?","M","R","M"],"character_chosen":"THE_CURSED","items_purchased":["TheCursedMod:DemonSword"],"campfire_rested":1,"item_purchase_floors":[7],"current_hp_per_floor":[74,70,63,60,56,56,56,56,56,49,44,40,40,41,41,32,56,24,24,24,24,4,20,0,0],"gold":362,"neow_bonus":"NOSTALGIA","is_daily":false,"chose_seed":false,"campfire_upgraded":2,"win_rate":0.0,"timestamp":1610242515,"path_taken":["M","M","?","?","M","R","$","M","T","E","M","E","R","M","R","BOSS","M","?","?","?","M","R","M"],"items_purchased_type":["Card"],"build_version":"2020-12-22","purchased_purges":0,"victory":false,"max_hp_per_floor":[75,75,75,75,75,75,75,75,75,56,56,56,56,56,56,56,56,56,56,56,56,56,56,56,56],"relic_stats":{"Peace Pipe":1,"counters":[13,79],"obtain_stats":[{"Peace Pipe":12,"TheCursedMod:BlackMagic101":0,"aspiration:Nostalgia":0,"infinitespire:Lychee Nut":10,"ReplayTheSpireMod:SealedPack":17,"Bag of Marbles":9,"hexamod:SpiritBrand":0},{"Peace Pipe":8,"TheCursedMod:BlackMagic101":0,"aspiration:Nostalgia":0,"infinitespire:Lychee Nut":6,"ReplayTheSpireMod:SealedPack":10,"Bag of Marbles":5,"hexamod:SpiritBrand":0},{"Peace Pipe":48,"TheCursedMod:BlackMagic101":0,"aspiration:Nostalgia":0,"infinitespire:Lychee Nut":35,"ReplayTheSpireMod:SealedPack":62,"Bag of Marbles":21,"hexamod:SpiritBrand":0}]},"card_choices":[{"not_picked":["TheCursedMod:CircleOfAmplification","TheCursedMod:SmokeScreen"],"picked":"TheCursedMod:CursedStaff","floor":1},{"not_picked":["TheCursedMod:TacticalStrike","TheCursedMod:CursedMace"],"picked":"TheCursedMod:SmokeScreen","floor":2},{"not_picked":["TheCursedMod:CircleOfCorruption","TheCursedMod:VitalStrike"],"picked":"TheCursedMod:LuckyCharm","floor":4},{"not_picked":["TheCursedMod:CursedMace","TheCursedMod:CursedRelics"],"picked":"TheCursedMod:CursedArmor","floor":5},{"not_picked":["TheCursedMod:EmpowerCircles","TheCursedMod:CircleOfCorruption","TheCursedMod:Torture"],"picked":"SKIP","floor":8},{"not_picked":["TheCursedMod:CursedBlade","TheCursedMod:VitalStrike"],"picked":"TheCursedMod:DoubleShield","floor":10},{"not_picked":["TheCursedMod:Torture","TheCursedMod:ReleasedKnowledge"],"picked":"TheCursedMod:DemonSword","floor":11},{"not_picked":["TheCursedMod:SurpriseAttack","TheCursedMod:AbyssShockwave"],"picked":"TheCursedMod:PrepareRite","floor":12},{"not_picked":["TheCursedMod:SurpriseAttack","TheCursedMod:Mangle"],"picked":"TheCursedMod:Grudge","floor":14},{"not_picked":["TheCursedMod:Neurasthenia","TheCursedMod:ParallelWorld"],"picked":"TheCursedMod:DemonicPact","floor":16},{"not_picked":["Bash","Guardian:CurlUp"],"picked":"hexamod:Float","floor":17},{"not_picked":["TheCursedMod:CursedRelics","TheCursedMod:ForbiddenAlchemy"],"picked":"TheCursedMod:AntiAging","floor":17},{"not_picked":["expansioncontent:Sear","Swift Strike"],"picked":"expansioncontent:DefensiveStance","floor":17},{"not_picked":["infinitespire:NeuralNetwork","ReplayTheSpireMod:Book of Names"],"picked":"ReplayTheSpireMod:??????????????????????","floor":17},{"not_picked":["TheCursedMod:CursedBlade","TheCursedMod:CursedAmulet"],"picked":"TheCursedMod:FleshFromBone+1","floor":18},{"not_picked":["TheCursedMod:Wield","TheCursedMod:FuryStrike"],"picked":"TheCursedMod:ManaBullet+1","floor":22}],"player_experience":44415,"relics_obtained":[{"floor":9,"key":"Bag of Marbles"},{"floor":10,"key":"infinitespire:Lychee Nut"},{"floor":12,"key":"Peace Pipe"}],"event_choices":[{"damage_healed":0,"gold_gain":0,"player_choice":"Damaged","damage_taken":7,"max_hp_gain":0,"max_hp_loss":0,"event_name":"Wheel of Change","floor":3,"gold_loss":0},{"damage_healed":0,"gold_gain":0,"cards_transformed":["TheCursedMod:Defend_TheCursed","TheCursedMod:Strike_TheCursed"],"player_choice":"Became Test Subject","damage_taken":0,"max_hp_gain":0,"max_hp_loss":0,"event_name":"Drug Dealer","floor":19,"gold_loss":0,"cards_obtained":["TheCursedMod:RavingStaff","TheCursedMod:LuckyCharm"]},{"damage_healed":0,"gold_gain":0,"player_choice":"Got Potions","damage_taken":0,"max_hp_gain":0,"max_hp_loss":0,"event_name":"Lab","floor":21,"gold_loss":0}],"is_beta":false,"boss_relics":[{"not_picked":["SlaversCollar","energizedSpire:NeverEndingSparkler"],"picked":"ReplayTheSpireMod:SealedPack"}],"items_purged_floors":[],"is_endless":false,"potions_floor_spawned":[4,8,11,14,18,22],"killed_by":"3 Cultists","ascension_level":0}}