{"host":"7gewg82ormp6yt4e","time":1610269368,"event":{"mods":["BaseMod","Block Reminder","Colored Map","Colored Powertips","DeckTracker","Highlight Path","Minty Spire (QoL Compilation)","Relic Stats","StSLib","ojb\u0027s Info Mod"],"gold_per_floor":[363,363,382,307,457,457,48,78,78,89,109,109,109,119,119,193,193,211,3,3,18,18,18,52,62,62,62,78,95,95,95],"floor_reached":30,"playtime":1739,"items_purged":["Doubt"],"score":500,"play_id":"1429150b-586c-4763-8f9b-5c2596a3d39e","local_time":"20210110180248","is_ascension_mode":true,"campfire_choices":[{"data":"Doom and Gloom","floor":6.0,"key":"SMITH"},{"floor":12,"key":"REST"},{"data":"Defragment","floor":15,"key":"SMITH"},{"data":"Ghostly","floor":23,"key":"SMITH"},{"data":"Defragment","floor":27,"key":"SMITH"}],"circlet_count":0,"master_deck":["AscendersBane","Strike_B","Strike_B","Strike_B","Strike_B","Defend_B","Defend_B","Defend_B","Defend_B+1","Zap","Dualcast+1","Auto Shields","Doom and Gloom+1","Leap","Self Repair","BootSequence","Defragment+1","Redo","Cold Snap","Echo Form","Turbo","Self Repair","Ball Lightning","Chill","Cold Snap","Ghostly","Ghostly","Ghostly+1","Glacier","Defragment+1","Conserve Battery"],"relics":["Cracked Core","Calipers","Ancient Tea Set","Coffee Dripper","Membership Card","Pen Nib","Kunai"],"acts_visited":["Exordium","TheCity"],"potions_floor_usage":[16,16,24,28,28,28,30],"damage_taken":[{"damage":1.0,"enemies":"2 Louse","floor":1.0,"turns":2.0},{"damage":3.0,"enemies":"Small Slimes","floor":3.0,"turns":3.0},{"damage":20.0,"enemies":"3 Sentries","floor":8.0,"turns":4.0},{"damage":7.0,"enemies":"Jaw Worm","floor":10.0,"turns":3.0},{"damage":0.0,"enemies":"3 Louse","floor":11.0,"turns":3.0},{"damage":4,"enemies":"Red Slaver","floor":14,"turns":2},{"damage":14,"enemies":"The Guardian","floor":16,"turns":10},{"damage":22,"enemies":"Chosen","floor":18,"turns":6},{"damage":30,"enemies":"3 Byrds","floor":21,"turns":8},{"damage":33,"enemies":"Gremlin Leader","floor":24,"turns":7},{"damage":0,"enemies":"Snake Plant","floor":25,"turns":6},{"damage":24,"enemies":"Cultist and Chosen","floor":28,"turns":5},{"damage":0,"enemies":"Sentry and Sphere","floor":29,"turns":11},{"damage":31,"enemies":"Book of Stabbing","floor":30,"turns":5}],"seed_played":"-7542913484074336083","potions_obtained":[{"floor":1.0,"key":"Energy Potion"},{"floor":3.0,"key":"LiquidBronze"},{"floor":10.0,"key":"ColorlessPotion"},{"floor":18,"key":"ColorlessPotion"},{"floor":24,"key":"GamblersBrew"},{"floor":25,"key":"EntropicBrew"}],"is_trial":false,"path_per_floor":["M","?","M","?","?","R","$","E","T","M","M","R","?","M","R","B",null,"M","$","?","M","?","R","E","M","T","R","M","M","E"],"character_chosen":"DEFECT","items_purchased":["Calipers","Membership Card","Self Repair","Ball Lightning"],"campfire_rested":1,"item_purchase_floors":[7,19,19,19],"current_hp_per_floor":[63,42,39,39,39,39,39,19,19,12,12,33,33,29,29,22,59,44,44,44,35,35,35,19,33,33,33,9,23,0,0],"gold":95,"neow_bonus":"TWO_FIFTY_GOLD","is_daily":false,"chose_seed":false,"campfire_upgraded":4,"win_rate":0.0,"timestamp":1610269368,"path_taken":["M","?","M","?","?","R","$","E","T","M","?","R","?","?","R","BOSS","M","$","?","M","?","R","E","M","T","R","M","M","E"],"items_purchased_type":["Relic","Relic","Card","Card"],"build_version":"2020-12-22","purchased_purges":1,"victory":false,"max_hp_per_floor":[71,71,71,71,71,71,71,71,71,71,71,71,71,71,71,71,71,71,71,71,71,35,35,35,35,35,35,35,35,35,35],"relic_stats":{"counters":[14,75],"Pen Nib":[3],"Kunai":[1],"obtain_stats":[{"Calipers":7,"Pen Nib":24,"Coffee Dripper":17,"Membership Card":19,"Kunai":26,"Cracked Core":0,"Ancient Tea Set":8},{"Calipers":2,"Pen Nib":10,"Coffee Dripper":7,"Membership Card":8,"Kunai":11,"Cracked Core":0,"Ancient Tea Set":3},{"Calipers":5,"Pen Nib":48,"Coffee Dripper":27,"Membership Card":33,"Kunai":54,"Cracked Core":0,"Ancient Tea Set":9}]},"card_choices":[{"not_picked":["Capacitor","Storm"],"picked":"Auto Shields","floor":1.0},{"not_picked":["Leap","Rebound"],"picked":"Doom and Gloom","floor":3.0},{"not_picked":["Lockon","Melter"],"picked":"Leap","floor":8.0},{"not_picked":["Leap","Rebound"],"picked":"Self Repair","floor":10.0},{"not_picked":["Streamline","Leap"],"picked":"BootSequence","floor":11},{"not_picked":["Steam","Barrage"],"picked":"Cold Snap","floor":14},{"not_picked":["Biased Cognition","Seek"],"picked":"Echo Form","floor":16},{"not_picked":["Compile Driver","Rip and Tear"],"picked":"Turbo","floor":18},{"not_picked":["Stack","Recycle"],"picked":"Cold Snap","floor":21},{"not_picked":["Recycle","Fusion"],"picked":"Glacier","floor":24},{"not_picked":["Force Field","Go for the Eyes"],"picked":"Defragment","floor":25},{"not_picked":["Sunder","Sweeping Beam"],"picked":"Conserve Battery","floor":28},{"not_picked":["Leap","Doom and Gloom","Turbo"],"picked":"SKIP","floor":29}],"player_experience":2514777,"relics_obtained":[{"floor":8.0,"key":"Ancient Tea Set"},{"floor":24,"key":"Pen Nib"},{"floor":26,"key":"Kunai"}],"event_choices":[{"damage_healed":0.0,"max_hp_gain":0.0,"max_hp_loss":0.0,"gold_gain":0.0,"event_name":"Shining Light","player_choice":"Entered Light","floor":2.0,"gold_loss":0.0,"damage_taken":21.0,"cards_upgraded":["Defend_B","Dualcast"]},{"cards_removed":["Shame"],"damage_healed":0.0,"max_hp_gain":0.0,"max_hp_loss":0.0,"gold_gain":0.0,"event_name":"The Cleric","player_choice":"Card Removal","floor":4.0,"gold_loss":75.0,"damage_taken":0.0},{"damage_healed":0.0,"max_hp_gain":0.0,"max_hp_loss":0.0,"gold_gain":150.0,"event_name":"Liars Game","player_choice":"AGREE","floor":5.0,"gold_loss":0.0,"damage_taken":0.0,"cards_obtained":["Doubt"]},{"damage_healed":0,"gold_gain":0,"player_choice":"2 cards matched","damage_taken":0,"max_hp_gain":0,"max_hp_loss":0,"event_name":"Match and Keep!","floor":13,"gold_loss":0,"cards_obtained":["Defragment","Redo"]},{"damage_healed":0,"gold_gain":0,"player_choice":"Read","damage_taken":0,"max_hp_gain":0,"max_hp_loss":0,"event_name":"The Library","floor":20,"gold_loss":0,"cards_obtained":["Chill"]},{"damage_healed":0,"gold_gain":0,"player_choice":"Became a Ghost","damage_taken":0,"max_hp_gain":0,"max_hp_loss":36,"event_name":"Ghosts","floor":22,"gold_loss":0,"cards_obtained":["Ghostly","Ghostly","Ghostly"]}],"is_beta":false,"boss_relics":[{"not_picked":["Busted Crown","Runic Dome"],"picked":"Coffee Dripper"}],"items_purged_floors":[7],"is_endless":false,"potions_floor_spawned":[1,3,10,18,24,25],"killed_by":"Book of Stabbing","ascension_level":20}}