{"host":"2tgyrzvaa7l04o2e","time":1610291415,"event":{"mods":["BaseMod","Highlight Path","Minty Spire (QoL Compilation)","Permanent Neow","Relic Stats"],"gold_per_floor":[363,374,374,5,42,42,70,86,86,112,112,112,145,145,145,250,250,264,264,264,189,288,308,308,335,335,365,389,418,431,444,444,444,444],"floor_reached":33,"playtime":1838,"items_purged":["Strike_B"],"score":470,"play_id":"7528c9d0-4864-4c55-9c68-284061334496","local_time":"20210110161015","is_ascension_mode":true,"campfire_choices":[{"data":"Self Repair","floor":6,"key":"SMITH"},{"data":"Genetic Algorithm","floor":12,"key":"SMITH"},{"data":"Zap","floor":15,"key":"SMITH"},{"data":"Hologram","floor":24,"key":"SMITH"},{"floor":32,"key":"RECALL"}],"circlet_count":0,"master_deck":["AscendersBane","Defend_B+1","Defend_B","Defend_B+1","Defend_B","Zap+1","Dualcast","Ball Lightning","Core Surge","Genetic Algorithm+1","Self Repair+1","Streamline","Hologram+1","Meteor Strike","Chaos","Reboot","Hello World+1","Recycle+1","Conserve Battery","Sunder+1"],"relics":["Cracked Core","Toolbox","Meat on the Bone","Tiny Chest","Torii","Coffee Dripper","Pantograph","Oddly Smooth Stone","White Beast Statue","Question Card","Bag of Preparation","War Paint"],"acts_visited":["Exordium","TheCity"],"potions_floor_usage":[8,10,18,25,25,29,33,33,33],"damage_taken":[{"damage":11,"enemies":"Cultist","floor":1,"turns":4},{"damage":7,"enemies":"Jaw Worm","floor":2,"turns":3},{"damage":5,"enemies":"2 Louse","floor":5,"turns":2},{"damage":16,"enemies":"Gremlin Nob","floor":7,"turns":3},{"damage":12,"enemies":"Large Slime","floor":8,"turns":5},{"damage":30,"enemies":"3 Sentries","floor":10,"turns":6},{"damage":1,"enemies":"3 Louse","floor":13,"turns":3},{"damage":2,"enemies":"Hexaghost","floor":16,"turns":9},{"damage":7,"enemies":"2 Thieves","floor":18,"turns":3},{"damage":19,"enemies":"Shell Parasite","floor":23,"turns":5},{"damage":32,"enemies":"Slavers","floor":25,"turns":6},{"damage":1,"enemies":"Gremlin Leader","floor":27,"turns":6},{"damage":1,"enemies":"Slavers","floor":29,"turns":4},{"damage":15,"enemies":"Snake Plant","floor":30,"turns":4},{"damage":0,"enemies":"Chosen and Byrds","floor":31,"turns":4},{"damage":81,"enemies":"Collector","floor":33,"turns":7}],"seed_played":"-6163722676339353416","potions_obtained":[{"floor":2,"key":"SneckoOil"},{"floor":7,"key":"SpeedPotion"},{"floor":13,"key":"Fire Potion"},{"floor":16,"key":"Explosive Potion"},{"floor":23,"key":"EssenceOfSteel"},{"floor":27,"key":"DistilledChaos"},{"floor":29,"key":"Strength Potion"},{"floor":30,"key":"SpeedPotion"},{"floor":31,"key":"AttackPotion"}],"is_trial":false,"path_per_floor":["M","M","T","$","M","R","E","M","T","E","?","R","M","?","R","B",null,"M","T","?","?","?","M","R","E","T","E","T","E","M","M","R","B"],"character_chosen":"DEFECT","items_purchased":["Genetic Algorithm","Self Repair","Toolbox"],"campfire_rested":0,"item_purchase_floors":[4,4,4],"current_hp_per_floor":[39,32,32,32,27,27,21,31,31,23,23,23,34,34,34,54,70,73,73,73,73,73,64,64,54,54,63,63,72,67,75,75,0,0],"gold":444,"neow_bonus":"TWO_FIFTY_GOLD","is_daily":false,"chose_seed":false,"campfire_upgraded":4,"win_rate":0.0,"timestamp":1610291415,"path_taken":["M","M","?","$","M","R","E","?","T","E","?","R","?","?","R","BOSS","M","?","?","?","?","M","R","E","T","E","?","E","M","?","R","BOSS"],"items_purchased_type":["Card","Card","Relic"],"build_version":"2020-12-22","purchased_purges":1,"victory":false,"max_hp_per_floor":[75,75,75,75,75,75,75,75,75,75,75,75,75,75,75,75,75,75,75,75,75,75,75,75,75,75,75,75,75,75,75,75,75,75],"relic_stats":{"Torii":16,"counters":[16,74],"Pantograph":0,"Tiny Chest":2,"Bag of Preparation":[8],"War Paint":["Defend_B","Defend_B"],"Question Card":3,"obtain_stats":[{"Torii":10,"Pantograph":19,"Toolbox":4,"Oddly Smooth Stone":25,"Tiny Chest":9,"Coffee Dripper":17,"Bag of Preparation":28,"War Paint":29,"Cracked Core":0,"Question Card":27,"White Beast Statue":26,"Meat on the Bone":7},{"Torii":6,"Pantograph":9,"Toolbox":2,"Oddly Smooth Stone":11,"Tiny Chest":5,"Coffee Dripper":8,"Bag of Preparation":12,"War Paint":13,"Cracked Core":0,"Question Card":12,"White Beast Statue":11,"Meat on the Bone":4},{"Torii":23,"Pantograph":38,"Toolbox":7,"Oddly Smooth Stone":49,"Tiny Chest":17,"Coffee Dripper":35,"Bag of Preparation":55,"War Paint":59,"Cracked Core":0,"Question Card":55,"White Beast Statue":49,"Meat on the Bone":12}],"Meat on the Bone":60},"card_choices":[{"not_picked":["Leap","Gash"],"picked":"Ball Lightning","floor":1},{"not_picked":["Stack","Coolheaded"],"picked":"Core Surge","floor":2},{"not_picked":["Reinforced Body","Darkness"],"picked":"Streamline","floor":5},{"not_picked":["Force Field","Turbo"],"picked":"Hologram","floor":7},{"not_picked":["Streamline","Barrage","Leap"],"picked":"SKIP","floor":8},{"not_picked":["Streamline","Barrage","Leap"],"picked":"SKIP","floor":10},{"not_picked":["Streamline","Barrage"],"picked":"Chaos","floor":13},{"not_picked":["Rainbow","Multi-Cast"],"picked":"Reboot","floor":16},{"not_picked":["Turbo","Rip and Tear","Self Repair"],"picked":"SKIP","floor":18},{"not_picked":["Heatsinks","Reinforced Body","Leap+1"],"picked":"SKIP","floor":23},{"not_picked":["Self Repair","Thunder Strike"],"picked":"Hello World+1","floor":25},{"not_picked":["Force Field","Gash"],"picked":"Recycle+1","floor":27},{"not_picked":["Ball Lightning+1","Go for the Eyes","Barrage+1"],"picked":"Conserve Battery","floor":29},{"not_picked":["Ball Lightning","Leap","Compile Driver"],"picked":"Sunder+1","floor":30},{"not_picked":["Hologram","Tempest+1","Glacier","Leap"],"picked":"SKIP","floor":31}],"player_experience":568235,"relics_obtained":[{"floor":7,"key":"Meat on the Bone"},{"floor":9,"key":"Tiny Chest"},{"floor":10,"key":"Torii"},{"floor":19,"key":"Pantograph"},{"floor":25,"key":"Oddly Smooth Stone"},{"floor":26,"key":"White Beast Statue"},{"floor":27,"key":"Question Card"},{"floor":28,"key":"Bag of Preparation"},{"floor":29,"key":"War Paint"}],"event_choices":[{"damage_healed":0,"gold_gain":0,"cards_transformed":["Strike_B"],"player_choice":"Transformed","damage_taken":0,"max_hp_gain":0,"max_hp_loss":0,"event_name":"Transmorgrifier","floor":11,"gold_loss":0,"cards_obtained":["Meteor Strike"]},{"damage_healed":0,"gold_gain":0,"player_choice":"Ignored","damage_taken":0,"max_hp_gain":0,"max_hp_loss":0,"event_name":"Liars Game","floor":14,"gold_loss":0},{"cards_removed":["Strike_B"],"damage_healed":0,"gold_gain":0,"player_choice":"Elegance","damage_taken":0,"max_hp_gain":0,"max_hp_loss":0,"event_name":"Back to Basics","floor":20,"gold_loss":0},{"cards_removed":["Strike_B"],"damage_healed":0,"gold_gain":0,"player_choice":"Gave Gold","damage_taken":0,"max_hp_gain":0,"max_hp_loss":0,"event_name":"Beggar","floor":21,"gold_loss":75},{"damage_healed":0,"gold_gain":99,"player_choice":"Stole From Cult","damage_taken":0,"max_hp_gain":0,"max_hp_loss":0,"event_name":"Nest","floor":22,"gold_loss":0}],"is_beta":false,"boss_relics":[{"not_picked":["Astrolabe","Runic Pyramid"],"picked":"Coffee Dripper"}],"items_purged_floors":[4],"is_endless":false,"potions_floor_spawned":[2,7,13,16,23,27,29,30,31],"killed_by":"Collector","ascension_level":10}}