{"host":"j7au2ovow4c9pz79","time":1610307707,"event":{"mods":["AchievementEnabler","BaseMod","Better Third Choice","BetterRewards","Colored Powertips","Defuse TimeMaze Blight","Energized Spire","Googly Eyes","Hubris","Infinite Spire","Minty Spire (QoL Compilation)","Quick Restart","Replay The Spire","Spicy Shops","StSLib","SuperFastMode","Transform Curses"],"gold_per_floor":[110,110,128,143,143,176,100,100,100,100,175,175,175,193,193,193,193],"floor_reached":16,"playtime":542,"items_purged":["Pain"],"score":98,"play_id":"da96a17b-c2aa-4017-895b-623bf828242b","local_time":"20210110204147","is_ascension_mode":false,"campfire_choices":[{"data":"Metallicize","floor":8,"key":"SMITH"},{"data":"Replay:Undeath\u0027s Touch","floor":10,"key":"SMITH"},{"data":"Armaments","floor":13,"key":"SMITH"},{"data":"Rampage","floor":15,"key":"SMITH"}],"circlet_count":0,"master_deck":["Strike_R","Strike_R","Strike_R","Strike_R","Strike_R","Defend_R","Defend_R","Defend_R","Defend_R","Bash","Shrug It Off","Replay:Undeath\u0027s Touch+1","Metallicize+1","Armaments+1","Rampage+1"],"relics":["Burning Blood","NeowsBlessing","Orichalcum","HandDrill","ReplayTheSpireMod:CursedCoin","hubris:Icosahedron"],"acts_visited":["Exordium"],"potions_floor_usage":[14],"damage_taken":[{"damage":0,"enemies":"Cultist","floor":1,"turns":1},{"damage":0,"enemies":"Jaw Worm","floor":3,"turns":1},{"damage":0,"enemies":"2 Louse","floor":4,"turns":1},{"damage":48,"enemies":"Lagavulin","floor":6,"turns":8},{"damage":0,"enemies":"Large Slime","floor":14,"turns":9},{"damage":46,"enemies":"Slime Boss","floor":16,"turns":9}],"seed_played":"488488754568862542","potions_obtained":[{"floor":3,"key":"Explosive Potion"},{"floor":4,"key":"BlessingOfTheForge"},{"floor":14,"key":"Dexterity Potion"}],"is_trial":false,"path_per_floor":["M","$","M","M","?","E","$","R","T","R","$","?","R","M","R","B"],"character_chosen":"IRONCLAD","items_purchased":["HandDrill","ReplayTheSpireMod:CursedCoin"],"campfire_rested":0,"item_purchase_floors":[7,11],"current_hp_per_floor":[80,80,80,80,80,38,38,38,38,38,38,38,38,44,44,0,0],"gold":193,"neow_bonus":"THREE_ENEMY_KILL","is_daily":false,"chose_seed":false,"campfire_upgraded":4,"win_rate":0.0,"timestamp":1610307707,"path_taken":["M","$","?","?","?","E","$","R","T","R","?","?","R","M","R","BOSS"],"items_purchased_type":["Relic","Relic"],"build_version":"2020-12-22","purchased_purges":1,"victory":false,"max_hp_per_floor":[80,80,80,80,80,80,80,80,80,80,80,80,80,80,80,80,80],"card_choices":[{"not_picked":["Sword Boomerang","ReplayTheSpireMod:Corrosion Curse"],"picked":"Shrug It Off","floor":1},{"not_picked":["Armaments","Warcry"],"picked":"Replay:Undeath\u0027s Touch","floor":3},{"not_picked":["Power Through","ReplayTheSpireMod:Corrosion Curse"],"picked":"Metallicize","floor":4},{"not_picked":["Run Through","Clothesline"],"picked":"Armaments","floor":6},{"not_picked":["Havoc","Sword Boomerang"],"picked":"Rampage","floor":14}],"player_experience":1883633,"relics_obtained":[{"floor":6,"key":"Orichalcum"}],"event_choices":[{"damage_healed":0,"gold_gain":0,"player_choice":"Leave","damage_taken":0,"max_hp_gain":0,"max_hp_loss":0,"event_name":"The Cleric","floor":5,"gold_loss":0}],"is_beta":false,"boss_relics":[],"items_purged_floors":[11],"is_endless":false,"potions_floor_spawned":[3,4,14],"killed_by":"Slime Boss","ascension_level":0}}