{"host":"640uue19m79c7wbt","time":1610248965,"event":{"mods":["BaseMod","Colored Map","Googly Eyes","Highlight Path","Minty Spire (QoL Compilation)","Quick Restart","StSLib"],"gold_per_floor":[116,116,128,128,128,154,154,2,2,2,2],"floor_reached":10,"playtime":171,"items_purged":[],"score":129,"play_id":"ac17d530-50ed-46dd-b8b0-4f54d262c9a3","local_time":"20210109222245","is_ascension_mode":true,"campfire_choices":[{"data":"Tools of the Trade","floor":7,"key":"SMITH"}],"circlet_count":0,"master_deck":["Strike_G","Strike_G","Strike_G","Defend_G","Defend_G","Defend_G","Defend_G","Defend_G","Survivor","Neutralize","Riddle With Holes","Terror","Tools of the Trade+1","Bullet Time"],"relics":["Ring of the Snake","NeowsBlessing","The Courier","Gremlin Horn","Membership Card","Pen Nib"],"acts_visited":["Exordium"],"potions_floor_usage":[],"damage_taken":[{"damage":0,"enemies":"Small Slimes","floor":1,"turns":1},{"damage":0,"enemies":"Cultist","floor":3,"turns":1},{"damage":0,"enemies":"Gremlin Nob","floor":6,"turns":1},{"damage":56,"enemies":"3 Sentries","floor":10,"turns":6}],"seed_played":"-8578720265306443288","potions_obtained":[{"floor":3,"key":"Weak Potion"}],"is_trial":false,"path_per_floor":["M","?","M","?","?","E","R","$","T","E"],"character_chosen":"THE_SILENT","items_purchased":["Membership Card","Bullet Time"],"campfire_rested":0,"item_purchase_floors":[8,8],"current_hp_per_floor":[63,63,63,60,53,53,53,53,53,0,0],"gold":2,"neow_bonus":"THREE_ENEMY_KILL","is_daily":false,"chose_seed":false,"campfire_upgraded":1,"win_rate":0.0,"timestamp":1610248965,"path_taken":["M","?","?","?","?","E","R","$","T","E"],"items_purchased_type":["Relic","Card"],"build_version":"2020-12-22","purchased_purges":0,"victory":false,"max_hp_per_floor":[70,70,70,70,70,70,70,70,70,70,70],"card_choices":[{"not_picked":["PiercingWail","Slice"],"picked":"Riddle With Holes","floor":1},{"not_picked":["Deadly Poison","Sucker Punch"],"picked":"Terror","floor":3},{"not_picked":["Cloak And Dagger","Expertise"],"picked":"Tools of the Trade","floor":6}],"player_experience":576948,"relics_obtained":[{"floor":6,"key":"Gremlin Horn"},{"floor":9,"key":"Pen Nib"}],"event_choices":[{"cards_removed":["Strike_G"],"damage_healed":0,"gold_gain":0,"player_choice":"Purged","damage_taken":0,"max_hp_gain":0,"max_hp_loss":0,"event_name":"Purifier","floor":2,"gold_loss":0},{"damage_healed":0,"gold_gain":0,"player_choice":"Success","damage_taken":3,"relics_obtained":["The Courier"],"max_hp_gain":0,"max_hp_loss":0,"event_name":"Scrap Ooze","floor":4,"gold_loss":0},{"cards_removed":["Strike_G"],"damage_healed":0,"gold_gain":0,"player_choice":"Card Removal","damage_taken":7,"max_hp_gain":0,"max_hp_loss":0,"event_name":"Golden Wing","floor":5,"gold_loss":0}],"is_beta":false,"boss_relics":[],"items_purged_floors":[],"is_endless":false,"potions_floor_spawned":[3],"killed_by":"3 Sentries","ascension_level":9}}