{"host":"4id8injl4bo2b6ih","time":1610277590,"event":{"mods":["Act Like it!","BaseMod","Better Third Choice","Colored Map","Downfall","Ekko","Friendly Minions","Highlight Path","Ironclad Rager","Minty Spire (QoL Compilation)","Relic Stats","Robot Space Explorer","Shade Mod","Shop Mod","Spicy Shops","StSLib","The Bug Knight"],"gold_per_floor":[99,117,131,147,161,179,205,218,393,419,419,438,363,379,398,494,494,494,512,525,525,525],"floor_reached":21,"playtime":1987,"items_purged":[],"score":177,"play_id":"9e898eae-3fff-4775-b822-8aa0b1a5a7ec","local_time":"20210110121950","is_ascension_mode":false,"campfire_choices":[{"floor":1,"key":"RECALL"},{"data":"ekkoTheBoyWhoShatteredTime:NashorsTooth","floor":13,"key":"SMITH"},{"data":"ekkoTheBoyWhoShatteredTime:AfterimageSetup","floor":18,"key":"SMITH"}],"circlet_count":0,"master_deck":["ekkoTheBoyWhoShatteredTime:Strike","ekkoTheBoyWhoShatteredTime:Strike","ekkoTheBoyWhoShatteredTime:Strike","ekkoTheBoyWhoShatteredTime:Strike","ekkoTheBoyWhoShatteredTime:Strike","ekkoTheBoyWhoShatteredTime:Defend","ekkoTheBoyWhoShatteredTime:Defend","ekkoTheBoyWhoShatteredTime:Defend","ekkoTheBoyWhoShatteredTime:Defend","ekkoTheBoyWhoShatteredTime:TimeMaster","ekkoTheBoyWhoShatteredTime:Powered","ekkoTheBoyWhoShatteredTime:HailOfBlades","ekkoTheBoyWhoShatteredTime:WideSlice","ekkoTheBoyWhoShatteredTime:VelocityConsuming","ekkoTheBoyWhoShatteredTime:AfterimageSetup+1","ekkoTheBoyWhoShatteredTime:TimeIndustry","Doubt","ekkoTheBoyWhoShatteredTime:Process","ekkoTheBoyWhoShatteredTime:NashorsTooth+1","ekkoTheBoyWhoShatteredTime:MicCheck","ekkoTheBoyWhoShatteredTime:AcademyAttraction","ekkoTheBoyWhoShatteredTime:Knowledge","ekkoTheBoyWhoShatteredTime:MicCheck"],"relics":["ekkoTheBoyWhoShatteredTime:zDriveResonance","Bag of Marbles","Odd Mushroom","downfall:HeartBlessingRed","Philosopher\u0027s Stone"],"acts_visited":["Exordium","TheCity"],"potions_floor_usage":[16,16,21],"damage_taken":[{"damage":1,"enemies":"Jaw Worm","floor":2,"turns":4},{"damage":5,"enemies":"Small Slimes","floor":3,"turns":4},{"damage":2,"enemies":"2 Louse","floor":4,"turns":4},{"damage":0,"enemies":"Gremlin Gang","floor":5,"turns":3},{"damage":16,"enemies":"Exordium Thugs","floor":6,"turns":5},{"damage":1,"enemies":"Gremlin Gang","floor":8,"turns":3},{"damage":4,"enemies":"The Mushroom Lair","floor":10,"turns":4},{"damage":6,"enemies":"Large Slime","floor":12,"turns":4},{"damage":14,"enemies":"Exordium Thugs","floor":14,"turns":5},{"damage":6,"enemies":"3 Louse","floor":15,"turns":4},{"damage":17,"enemies":"downfall:Silent","floor":16,"turns":8},{"damage":19,"enemies":"Shell Parasite","floor":19,"turns":4},{"damage":65,"enemies":"3 Byrds","floor":20,"turns":7},{"damage":9,"enemies":"Shelled Parasite and Fungi","floor":21,"turns":1}],"seed_played":"-5751624951331345357","potions_obtained":[{"floor":4,"key":"DuplicationPotion"},{"floor":10,"key":"LiquidMemories"},{"floor":11,"key":"downfall:CursedFountainPotion"},{"floor":15,"key":"ekkoTheBoyWhoShatteredTime:BottledSheen"},{"floor":19,"key":"Energy Potion"},{"floor":20,"key":"Explosive Potion"}],"is_trial":false,"path_per_floor":["R","M","M","M","M","M","T","M","?","?","?","M","R","M","M","B",null,"R","M","M","M"],"character_chosen":"EKKO_THE_BOY_WHO_SHATTERED_TIME","items_purchased":[],"campfire_rested":0,"item_purchase_floors":[],"current_hp_per_floor":[85,84,79,77,77,61,61,60,60,56,56,50,50,36,30,13,85,85,66,1,0,0],"gold":525,"neow_bonus":"TEN_PERCENT_HP_BONUS","is_daily":false,"chose_seed":false,"campfire_upgraded":2,"win_rate":0.0,"timestamp":1610277590,"path_taken":["R","M","M","M","M","M","T","M","?","?","?","M","R","M","M","BOSS","R","M","M","?"],"items_purchased_type":[],"build_version":"2020-12-22","purchased_purges":0,"victory":false,"max_hp_per_floor":[85,85,85,85,85,85,85,85,85,85,85,85,85,85,85,85,85,85,85,85,85,85],"relic_stats":{"counters":[14,60],"obtain_stats":[{"downfall:HeartBlessingRed":13,"Philosopher\u0027s Stone":17,"Bag of Marbles":7,"Odd Mushroom":10,"ekkoTheBoyWhoShatteredTime:zDriveResonance":0},{"downfall:HeartBlessingRed":8,"Philosopher\u0027s Stone":11,"Bag of Marbles":5,"Odd Mushroom":7,"ekkoTheBoyWhoShatteredTime:zDriveResonance":0},{"downfall:HeartBlessingRed":31,"Philosopher\u0027s Stone":48,"Bag of Marbles":20,"Odd Mushroom":27,"ekkoTheBoyWhoShatteredTime:zDriveResonance":0}]},"card_choices":[{"not_picked":["ekkoTheBoyWhoShatteredTime:AfterimageTease","ekkoTheBoyWhoShatteredTime:AfterimageSetup"],"picked":"ekkoTheBoyWhoShatteredTime:HailOfBlades","floor":2},{"not_picked":["ekkoTheBoyWhoShatteredTime:HauntedAfterimage","ekkoTheBoyWhoShatteredTime:AfterimageBait"],"picked":"ekkoTheBoyWhoShatteredTime:WideSlice","floor":3},{"not_picked":["ekkoTheBoyWhoShatteredTime:WaitForKeyTiming","ekkoTheBoyWhoShatteredTime:NeedlesslyLargeRod"],"picked":"ekkoTheBoyWhoShatteredTime:VelocityConsuming","floor":4},{"not_picked":["ekkoTheBoyWhoShatteredTime:FeelIt","ekkoTheBoyWhoShatteredTime:TimeRecall","ekkoTheBoyWhoShatteredTime:Greed"],"picked":"SKIP","floor":5},{"not_picked":["ekkoTheBoyWhoShatteredTime:SneakHit","ekkoTheBoyWhoShatteredTime:NeedlesslyLargeRod"],"picked":"ekkoTheBoyWhoShatteredTime:AfterimageSetup","floor":6},{"not_picked":["ekkoTheBoyWhoShatteredTime:HauntedAfterimage","ekkoTheBoyWhoShatteredTime:Timewinder"],"picked":"ekkoTheBoyWhoShatteredTime:TimeIndustry","floor":8},{"not_picked":["ekkoTheBoyWhoShatteredTime:WaitForKeyTiming","ekkoTheBoyWhoShatteredTime:Greed"],"picked":"ekkoTheBoyWhoShatteredTime:Process","floor":10},{"not_picked":["ekkoTheBoyWhoShatteredTime:PhaseDive","ekkoTheBoyWhoShatteredTime:LevelUp"],"picked":"ekkoTheBoyWhoShatteredTime:NashorsTooth","floor":12},{"not_picked":["ekkoTheBoyWhoShatteredTime:TimeRecall","ekkoTheBoyWhoShatteredTime:WideSlice","ekkoTheBoyWhoShatteredTime:SpHit"],"picked":"SKIP","floor":14},{"not_picked":["ekkoTheBoyWhoShatteredTime:SneakHit","ekkoTheBoyWhoShatteredTime:GuinsoosRageblade"],"picked":"ekkoTheBoyWhoShatteredTime:MicCheck","floor":15},{"not_picked":["ekkoTheBoyWhoShatteredTime:URF","ekkoTheBoyWhoShatteredTime:GuinsoosRageblade"],"picked":"ekkoTheBoyWhoShatteredTime:AcademyAttraction","floor":16},{"not_picked":["ekkoTheBoyWhoShatteredTime:FeelIt","ekkoTheBoyWhoShatteredTime:AfterimageSetup"],"picked":"ekkoTheBoyWhoShatteredTime:Knowledge","floor":19},{"not_picked":["ekkoTheBoyWhoShatteredTime:AfterimageHit+1","ekkoTheBoyWhoShatteredTime:HauntedAfterimage+1"],"picked":"ekkoTheBoyWhoShatteredTime:MicCheck","floor":20}],"player_experience":398956,"relics_obtained":[{"floor":7,"key":"Bag of Marbles"},{"floor":10,"key":"Odd Mushroom"}],"event_choices":[{"damage_healed":0,"gold_gain":0,"player_choice":"Fought Mushrooms","damage_taken":0,"max_hp_gain":0,"max_hp_loss":0,"event_name":"Mushrooms","floor":10,"gold_loss":0}],"is_beta":false,"boss_relics":[{"not_picked":["Runic Pyramid","SlaversCollar"],"picked":"Philosopher\u0027s Stone"}],"items_purged_floors":[],"is_endless":false,"potions_floor_spawned":[4,10,12,14,15,19,20],"killed_by":"Shelled Parasite and Fungi","ascension_level":0}}