{"host":"foq4mrde4mssg7vt","time":1610270298,"event":{"mods":["AchievementEnabler","BaseMod","Colored Map","Colored Powertips","Highlight Path","Minty Spire (QoL Compilation)","Relic Stats","everything is the same but u backflip on backflip"],"gold_per_floor":[128,149,149,69,88,108,137,156,227,252,273,273,114,114,114,201,201,223,232,254,254,16,16,40,40,40,40,56,65,84,84,84,84,84],"floor_reached":33,"playtime":1008,"items_purged":["Strike_B"],"score":463,"play_id":"fbb8f900-40b4-4a34-a26d-e870b1301f9a","local_time":"20210110171818","is_ascension_mode":true,"campfire_choices":[{"floor":12.0,"key":"REST"},{"data":"Barrage","floor":15.0,"key":"SMITH"},{"floor":23.0,"key":"REST"},{"floor":25.0,"key":"REST"},{"data":"1","floor":27.0,"key":"LIFT"},{"floor":32.0,"key":"REST"}],"circlet_count":0,"master_deck":["AscendersBane","Strike_B","Strike_B","Strike_B","Defend_B","Defend_B","Defend_B","Defend_B","Zap","Dualcast","Gash","Sunder","Compile Driver","Chill","Conserve Battery","Barrage+1","White Noise","Auto Shields","Capacitor","Seek","Consume","Decay","Sweeping Beam+1","Undo","Self Repair+1"],"relics":["Cracked Core","CeramicFish","Mummified Hand","Gremlin Horn","Girya","Fusion Hammer","Runic Capacitor","Frozen Egg 2","Mercury Hourglass"],"acts_visited":["Exordium","TheCity"],"potions_floor_usage":[33],"damage_taken":[{"damage":0.0,"enemies":"2 Louse","floor":1.0,"turns":2.0},{"damage":9.0,"enemies":"Jaw Worm","floor":2.0,"turns":4.0},{"damage":1.0,"enemies":"Small Slimes","floor":5.0,"turns":3.0},{"damage":1.0,"enemies":"Exordium Wildlife","floor":6.0,"turns":3.0},{"damage":21.0,"enemies":"Lagavulin","floor":7.0,"turns":7.0},{"damage":9.0,"enemies":"Exordium Thugs","floor":8.0,"turns":4.0},{"damage":16.0,"enemies":"Gremlin Nob","floor":10.0,"turns":3.0},{"damage":0.0,"enemies":"2 Fungi Beasts","floor":11.0,"turns":3.0},{"damage":36.0,"enemies":"The Guardian","floor":16.0,"turns":11.0},{"damage":27.0,"enemies":"3 Byrds","floor":18.0,"turns":5.0},{"damage":19.0,"enemies":"Spheric Guardian","floor":20.0,"turns":4.0},{"damage":10.0,"enemies":"Centurion and Healer","floor":24.0,"turns":7.0},{"damage":19.0,"enemies":"Shelled Parasite and Fungi","floor":28.0,"turns":4.0},{"damage":24.0,"enemies":"Snecko","floor":30.0,"turns":7.0},{"damage":37,"enemies":"Champ","floor":33,"turns":5}],"seed_played":"-2786847350399674353","potions_obtained":[{"floor":2.0,"key":"PowerPotion"},{"floor":5.0,"key":"Regen Potion"},{"floor":11.0,"key":"Strength Potion"}],"is_trial":false,"path_per_floor":["M","M","?","$","M","M","E","M","T","E","M","R","$","?","R","B",null,"M","?","M","?","$","R","M","R","T","R","M","?","M","T","R","B"],"character_chosen":"DEFECT","items_purchased":["Compile Driver","Chill","Auto Shields","FocusPotion","Capacitor","Runic Capacitor"],"campfire_rested":4,"item_purchase_floors":[4,4,13,13,13,22],"current_hp_per_floor":[64,55,55,55,54,53,47,38,38,22,22,43,43,48,48,12,60,33,33,14,14,14,36,26,48,48,48,29,29,15,15,37,0,0],"gold":84,"neow_bonus":"RANDOM_COMMON_RELIC","is_daily":false,"chose_seed":false,"campfire_upgraded":1,"win_rate":0.0,"timestamp":1610270298,"path_taken":["M","M","?","$","M","M","E","M","T","E","M","R","$","?","R","BOSS","M","?","M","?","?","R","M","R","T","R","M","?","?","?","R","BOSS"],"items_purchased_type":["Card","Card","Card","Potion","Card","Relic"],"build_version":"2020-12-22","purchased_purges":1,"victory":false,"max_hp_per_floor":[71,71,71,71,71,71,71,71,71,71,71,71,71,76,76,76,76,76,76,76,76,76,76,76,76,76,76,76,76,76,76,76,76,76],"relic_stats":{"Gremlin Horn":[5,5],"counters":[15,72],"Mummified Hand":[28],"CeramicFish":135,"obtain_stats":[{"Girya":10,"Gremlin Horn":9,"Mummified Hand":7,"CeramicFish":0,"Fusion Hammer":17,"Runic Capacitor":22,"Frozen Egg 2":26,"Cracked Core":0,"Mercury Hourglass":31},{"Girya":7,"Gremlin Horn":6,"Mummified Hand":5,"CeramicFish":0,"Fusion Hammer":9,"Runic Capacitor":11,"Frozen Egg 2":12,"Cracked Core":0,"Mercury Hourglass":14},{"Girya":26,"Gremlin Horn":23,"Mummified Hand":19,"CeramicFish":0,"Fusion Hammer":40,"Runic Capacitor":49,"Frozen Egg 2":56,"Cracked Core":0,"Mercury Hourglass":67}],"Mercury Hourglass":[15]},"card_choices":[{"not_picked":["Steam","Hologram"],"picked":"Gash","floor":1.0},{"not_picked":["Stack","Conserve Battery"],"picked":"Sunder","floor":2.0},{"not_picked":["Streamline","Gash"],"picked":"Conserve Battery","floor":5.0},{"not_picked":["Leap","Chaos"],"picked":"Barrage","floor":6.0},{"not_picked":["Beam Cell","Redo","Turbo"],"picked":"SKIP","floor":7.0},{"not_picked":["Streamline","Steam","Rainbow"],"picked":"SKIP","floor":8.0},{"not_picked":["Skim","Streamline","Hello World"],"picked":"SKIP","floor":10.0},{"not_picked":["Fusion","Stack"],"picked":"White Noise","floor":11.0},{"not_picked":["Thunder Strike","Buffer"],"picked":"Seek","floor":16.0},{"not_picked":["FTL","Go for the Eyes"],"picked":"Consume","floor":18.0},{"not_picked":["Beam Cell","Ball Lightning"],"picked":"Sweeping Beam+1","floor":20.0},{"not_picked":["Reinforced Body","Heatsinks"],"picked":"Undo","floor":24.0},{"not_picked":["Conserve Battery+1","Sweeping Beam+1","Barrage"],"picked":"SKIP","floor":28.0},{"not_picked":["Rebound","Steam","Ball Lightning"],"picked":"SKIP","floor":30.0}],"player_experience":437571,"relics_obtained":[{"floor":7.0,"key":"Mummified Hand"},{"floor":9.0,"key":"Gremlin Horn"},{"floor":10.0,"key":"Girya"},{"floor":26.0,"key":"Frozen Egg 2"},{"floor":31.0,"key":"Mercury Hourglass"}],"event_choices":[{"damage_healed":0.0,"max_hp_gain":0.0,"max_hp_loss":0.0,"gold_gain":0.0,"event_name":"Shining Light","player_choice":"Ignored","floor":3.0,"gold_loss":0.0,"damage_taken":0.0},{"damage_healed":0.0,"max_hp_gain":5.0,"max_hp_loss":0.0,"gold_gain":0.0,"event_name":"Big Fish","player_choice":"Donut","floor":14.0,"gold_loss":0.0,"damage_taken":0.0},{"damage_healed":0.0,"max_hp_gain":0.0,"max_hp_loss":0.0,"gold_gain":0.0,"event_name":"Forgotten Altar","player_choice":"Smashed Altar","floor":19.0,"gold_loss":0.0,"damage_taken":0.0,"cards_obtained":["Decay"]},{"damage_healed":0.0,"max_hp_gain":0.0,"max_hp_loss":0.0,"gold_gain":0.0,"event_name":"The Mausoleum","player_choice":"Ignored","floor":21.0,"gold_loss":0.0,"damage_taken":0.0},{"damage_healed":0.0,"max_hp_gain":0.0,"max_hp_loss":0.0,"gold_gain":0.0,"event_name":"The Library","player_choice":"Read","floor":29.0,"gold_loss":0.0,"damage_taken":0.0,"cards_obtained":["Self Repair"]}],"is_beta":false,"boss_relics":[{"not_picked":["Ectoplasm","Inserter"],"picked":"Fusion Hammer"}],"items_purged_floors":[22],"is_endless":false,"potions_floor_spawned":[2,5,6,11,30],"killed_by":"Champ","ascension_level":16}}