{"host":"oiw60b5ins9fyx34","time":1610260085,"event":{"mods":["BaseMod","Colored Map","Colored Powertips","Minty Spire (QoL Compilation)","Permanent Neow","Quick Restart","Relic Stats","StSLib"],"gold_per_floor":[115,115,15,15,25,25,52,52,52,52,65,65,75,107,119,228,240,270,33,33,53,72,72],"floor_reached":22,"playtime":716,"items_purged":["Strike_B","Strike_B"],"score":219,"play_id":"5318c752-de73-43c1-929b-fc32aa0c9320","local_time":"20210110152805","is_ascension_mode":false,"campfire_choices":[{"data":"Sweeping Beam","floor":6,"key":"SMITH"},{"data":"Zap","floor":8,"key":"SMITH"},{"data":"Coolheaded","floor":12,"key":"SMITH"},{"floor":15,"key":"REST"}],"circlet_count":0,"master_deck":["Strike_B+1","Zap+1","Dualcast","Sweeping Beam+1","Coolheaded+1","Streamline+1","Compile Driver+1","Rebound+1","Loop","Leap","Core Surge+1","Doom and Gloom+1","Stack+1","Creative AI+1","Cold Snap+1","Fission","Capacitor","Coolheaded","Stack+1"],"relics":["Cracked Core","NeowsBlessing","Juzu Bracelet","Molten Egg 2","Letter Opener","MawBank","Astrolabe","Bag of Preparation"],"acts_visited":["TheCity"],"potions_floor_usage":[],"damage_taken":[{"damage":0,"enemies":"Jaw Worm","floor":1,"turns":1},{"damage":0,"enemies":"Small Slimes","floor":5,"turns":1},{"damage":0,"enemies":"Gremlin Nob","floor":7,"turns":1},{"damage":0,"enemies":"2 Louse","floor":11,"turns":1},{"damage":5,"enemies":"Blue Slaver","floor":13,"turns":3},{"damage":27,"enemies":"Lagavulin","floor":14,"turns":5},{"damage":31,"enemies":"Hexaghost","floor":16,"turns":11},{"damage":33,"enemies":"Shell Parasite","floor":18,"turns":6},{"damage":12,"enemies":"Spheric Guardian","floor":21,"turns":4},{"damage":18,"enemies":"Chosen and Byrds","floor":22,"turns":4}],"seed_played":"-1930206519799937942","potions_obtained":[{"floor":5,"key":"LiquidMemories"},{"floor":7,"key":"GamblersBrew"},{"floor":16,"key":"Block Potion"}],"is_trial":false,"path_per_floor":["M","?","$","?","M","R","E","R","T","?","M","R","M","E","R","B",null,"M","$","?","M","M"],"character_chosen":"DEFECT","items_purchased":["Coolheaded","Bag of Preparation"],"campfire_rested":1,"item_purchase_floors":[3,19],"current_hp_per_floor":[75,63,63,68,68,68,68,68,68,52,52,52,47,20,44,13,80,47,47,47,35,17,17],"gold":72,"neow_bonus":"THREE_ENEMY_KILL","is_daily":false,"chose_seed":false,"campfire_upgraded":3,"win_rate":0.0,"timestamp":1610260085,"path_taken":["M","?","$","?","M","R","E","R","T","?","M","R","M","E","R","BOSS","M","$","?","M","M"],"items_purchased_type":["Card","Relic"],"build_version":"2020-12-22","purchased_purges":2,"victory":false,"max_hp_per_floor":[75,75,75,80,80,80,80,80,80,80,80,80,80,80,80,80,80,80,80,80,80,80,80],"relic_stats":{"counters":[10,37],"Astrolabe":["Doom and Gloom","Stack","Creative AI"],"Juzu Bracelet":0,"Bag of Preparation":[4],"Letter Opener":[15],"MawBank":60,"obtain_stats":[{"NeowsBlessing":0,"Astrolabe":17,"Molten Egg 2":7,"Juzu Bracelet":2,"Bag of Preparation":19,"Letter Opener":9,"Cracked Core":0,"MawBank":14},{"NeowsBlessing":0,"Astrolabe":7,"Molten Egg 2":3,"Juzu Bracelet":1,"Bag of Preparation":8,"Letter Opener":3,"Cracked Core":0,"MawBank":6},{"NeowsBlessing":0,"Astrolabe":23,"Molten Egg 2":3,"Juzu Bracelet":1,"Bag of Preparation":29,"Letter Opener":3,"Cracked Core":0,"MawBank":12}]},"card_choices":[{"not_picked":["Conserve Battery","Beam Cell"],"picked":"Sweeping Beam","floor":1},{"not_picked":["Sweeping Beam","Conserve Battery"],"picked":"Streamline","floor":5},{"not_picked":["Reprogram","Darkness"],"picked":"Compile Driver+1","floor":7},{"not_picked":["Hologram","Recycle"],"picked":"Rebound+1","floor":11},{"not_picked":["Go for the Eyes+1","Consume"],"picked":"Loop","floor":13},{"not_picked":["Skim","Barrage+1"],"picked":"Leap","floor":14},{"not_picked":["Reboot","Multi-Cast"],"picked":"Core Surge+1","floor":16},{"not_picked":["Hello World","Go for the Eyes+1"],"picked":"Cold Snap+1","floor":18},{"not_picked":["Heatsinks","Double Energy"],"picked":"Coolheaded","floor":21},{"not_picked":["Turbo","Sweeping Beam+1"],"picked":"Stack+1","floor":22}],"player_experience":593648,"relics_obtained":[{"floor":7,"key":"Molten Egg 2"},{"floor":9,"key":"Letter Opener"},{"floor":14,"key":"MawBank"}],"event_choices":[{"damage_healed":0,"gold_gain":0,"player_choice":"Success","damage_taken":12,"relics_obtained":["Juzu Bracelet"],"max_hp_gain":0,"max_hp_loss":0,"event_name":"Scrap Ooze","floor":2,"gold_loss":0},{"damage_healed":0,"gold_gain":0,"player_choice":"Donut","damage_taken":0,"max_hp_gain":5,"max_hp_loss":0,"event_name":"Big Fish","floor":4,"gold_loss":0},{"damage_healed":0,"gold_gain":0,"player_choice":"Entered Light","damage_taken":16,"max_hp_gain":0,"max_hp_loss":0,"event_name":"Shining Light","floor":10,"gold_loss":0,"cards_upgraded":["Strike_B","Streamline"]},{"damage_healed":0,"gold_gain":0,"cards_transformed":["Defend_B","Defend_B"],"player_choice":"Became Test Subject","damage_taken":0,"max_hp_gain":0,"max_hp_loss":0,"event_name":"Drug Dealer","floor":20,"gold_loss":0,"cards_obtained":["Fission","Capacitor"]}],"is_beta":false,"boss_relics":[{"not_picked":["Calling Bell","Runic Dome"],"picked":"Astrolabe"}],"items_purged_floors":[3,19],"is_endless":false,"potions_floor_spawned":[5,7,16,18],"killed_by":"Chosen and Byrds","ascension_level":0}}