{"host":"2c1pg2m9wpz3w4c0","time":1610245320,"event":{"mods":["AchievementEnabler","Act Like it!","Aspiration","BaseMod","Better Note","BetterRewards","Curses Come First","Disable Question Mark Monsters","Halation","Hubris","Infinite Spire","Lotus Mark","Marisa????????","Minty Spire (QoL Compilation)","Replay The Spire","StSLib","SuperFastMode","The Clintock","The Jungle","The Marked","The Runesmith","Transform Curses"],"gold_per_floor":[116,116,133,146,146,146,146,146,146,160,160,214,214,230,230,329,329,349,349,364,364,364,364,364],"floor_reached":23,"playtime":681,"items_purged":[],"score":279,"play_id":"d550dcd1-68ed-4c3b-b2ad-bf34f72a9800","local_time":"20210109192200","is_ascension_mode":false,"campfire_choices":[{"data":"Impervious","floor":6,"key":"SMITH"},{"data":"Infernal Blade","floor":8,"key":"SMITH"},{"data":"hubris:ReadiedAction","floor":11,"key":"SMITH"},{"data":"Anger","floor":15,"key":"SMITH"}],"circlet_count":0,"master_deck":["Strike_R","Strike_R","Strike_R","Strike_R","Strike_R","Defend_R","Defend_R","Defend_R","Bash","Impervious+1","Shrug It Off+1","Seeing Red","Shrug It Off+1","hubris:ReadiedAction+1","Infernal Blade+1","Heavy Blade","infinitespire:OneForAll","Bludgeon+1","Anger+1","Demonic Infusion","Disarm","Flex","Feed+1","hubris:Compulsion","Voices","infinitespire:FutureSight"],"relics":["Burning Blood","Shuriken","hubris:Icosahedron","hubris:BottledRain","Replay:Bottled Eggs","Philosopher\u0027s Stone","infinitespire:CheckeredPen"],"acts_visited":["Exordium","theJungle:Jungle"],"potions_floor_usage":[1,14,16],"damage_taken":[{"damage":6,"enemies":"Jaw Worm","floor":1,"turns":4},{"damage":4,"enemies":"Cultist","floor":3,"turns":4},{"damage":1,"enemies":"2 Louse","floor":4,"turns":3},{"damage":2,"enemies":"Blue Slaver","floor":10,"turns":4},{"damage":5,"enemies":"Gremlin Gang","floor":14,"turns":5},{"damage":17,"enemies":"Fading Forest","floor":16,"turns":11},{"damage":4,"enemies":"theJungle:MUSHROOMGANG","floor":18,"turns":4},{"damage":0,"enemies":"theJungle:GiantWrat","floor":20,"turns":4},{"damage":94,"enemies":"Nightmare","floor":23,"turns":9}],"seed_played":"8028513069925047353","potions_obtained":[{"floor":3,"key":"SneckoOil"},{"floor":4,"key":"Languid Potion"},{"floor":10,"key":"Fire Potion"}],"is_trial":false,"path_per_floor":["M","?","M","M","?","R","?","R","T","M","R","?","?","M","R","B",null,"M","?","M","?","?","NM"],"character_chosen":"IRONCLAD","items_purchased":["Shuriken","Impervious","Shrug It Off","Fruit Juice"],"campfire_rested":0,"item_purchase_floors":[0,0,0,0],"current_hp_per_floor":[65,74,76,81,81,81,81,81,81,85,85,51,51,52,52,51,85,85,85,85,85,85,0,0],"gold":364,"neow_bonus":"","is_daily":false,"chose_seed":false,"campfire_upgraded":4,"win_rate":0.0,"timestamp":1610245320,"path_taken":["M","?","M","M","?","R","?","R","T","?","R","?","?","M","R","BOSS","M","?","M","?","?","NM"],"items_purchased_type":["Relic","Card","Card","Potion"],"build_version":"2020-12-22","purchased_purges":0,"victory":false,"max_hp_per_floor":[85,85,85,85,85,85,85,85,85,85,85,85,85,85,85,85,85,85,85,85,85,85,85,85],"card_choices":[{"not_picked":["Havoc","Sever Soul"],"picked":"Seeing Red","floor":1},{"not_picked":["Clothesline","Replay:Undeath\u0027s Touch"],"picked":"Shrug It Off","floor":3},{"not_picked":["Corruption","Abandon"],"picked":"hubris:ReadiedAction","floor":4},{"not_picked":["Twin Strike","Perfected Strike"],"picked":"Heavy Blade","floor":10},{"not_picked":["Body Slam","Reckless Charge"],"picked":"infinitespire:OneForAll","floor":12},{"not_picked":["Feel No Pain","Demonic Infusion"],"picked":"Anger","floor":14},{"not_picked":["Impervious","Hemogenesis"],"picked":"Demonic Infusion","floor":16},{"not_picked":["ReplayTheSpireMod:LeadingStrike","Warcry"],"picked":"Disarm","floor":18},{"not_picked":["Havoc","Reckless Charge"],"picked":"Flex","floor":20},{"not_picked":["ReplayTheSpireMod:Haul","infinitespire:Execution"],"picked":"infinitespire:FutureSight","floor":22}],"player_experience":1160840,"relics_obtained":[{"floor":9,"key":"hubris:BottledRain"},{"floor":12,"key":"Replay:Bottled Eggs"}],"event_choices":[{"damage_healed":0,"gold_gain":0,"player_choice":"1 cards matched","damage_taken":0,"max_hp_gain":0,"max_hp_loss":0,"event_name":"Match and Keep!","floor":7,"gold_loss":0,"cards_obtained":["Infernal Blade"]},{"damage_healed":0,"gold_gain":0,"player_choice":"Gave Potion","damage_taken":0,"relics_obtained":["infinitespire:CheckeredPen"],"max_hp_gain":0,"max_hp_loss":0,"event_name":"WeMeetAgain","floor":19,"gold_loss":0},{"cards_removed":["hubris:ReadiedAction"],"damage_healed":0,"gold_gain":0,"player_choice":"Take \u0026 Give","damage_taken":0,"max_hp_gain":0,"max_hp_loss":0,"event_name":"betterNote:BetterNote","floor":21,"gold_loss":0,"cards_obtained":["Feed"]}],"is_beta":false,"boss_relics":[{"not_picked":["Replay:Bronze Core","infinitespire:Burning Sword"],"picked":"Philosopher\u0027s Stone"}],"items_purged_floors":[],"is_endless":false,"potions_floor_spawned":[3,4,10],"killed_by":"Nightmare","ascension_level":0}}