{"host":"1c52r9kaxdyo25eq","time":1610287855,"event":{"mods":["AchievementEnabler","BaseMod","Minty Spire (QoL Compilation)","Rare Cards Sparkle","SuperFastMode","everything is the same but u backflip on backflip"],"gold_per_floor":[119,131,48,65,8,8,8,8,8,34,34,49,59,24,24,101,101,112,37,37,37,37,37],"floor_reached":22,"playtime":416,"items_purged":["Defend_G"],"score":364,"play_id":"1aab76ab-d628-4960-bd14-03fb653ad9dc","local_time":"20210110231055","is_ascension_mode":true,"campfire_choices":[{"data":"Poisoned Stab","floor":6,"key":"SMITH"},{"data":"Predator","floor":8,"key":"SMITH"},{"floor":11,"key":"REST"},{"data":"Catalyst","floor":15,"key":"SMITH"}],"circlet_count":0,"master_deck":["AscendersBane","Strike_G","Strike_G","Strike_G","Strike_G","Defend_G","Defend_G","Defend_G","Defend_G","Survivor+1","Neutralize+1","Poisoned Stab+1","Footwork","Predator+1","Catalyst+1","Calculated Gamble","Burst"],"relics":["Ring of the Snake","NeowsBlessing","Molten Egg 2","Gremlin Horn","HoveringKite"],"acts_visited":["Exordium","TheCity"],"potions_floor_usage":[10,16,22],"damage_taken":[{"damage":0,"enemies":"Cultist","floor":1,"turns":1},{"damage":0,"enemies":"2 Louse","floor":2,"turns":1},{"damage":0,"enemies":"Jaw Worm","floor":4,"turns":1},{"damage":25,"enemies":"Lagavulin","floor":10,"turns":6},{"damage":1,"enemies":"Blue Slaver","floor":12,"turns":4},{"damage":6,"enemies":"2 Fungi Beasts","floor":13,"turns":2},{"damage":29,"enemies":"The Guardian","floor":16,"turns":12},{"damage":37,"enemies":"3 Byrds","floor":18,"turns":8},{"damage":28,"enemies":"Spheric Guardian","floor":22,"turns":8}],"seed_played":"4007379252479516293","potions_obtained":[{"floor":10,"key":"SteroidPotion"},{"floor":12,"key":"BlessingOfTheForge"},{"floor":18,"key":"Regen Potion"}],"is_trial":false,"path_per_floor":["M","M","$","M","$","R","?","R","T","E","R","M","M","?","R","B",null,"M","$","?","?","M"],"character_chosen":"THE_SILENT","items_purchased":["Footwork","PowerPotion"],"campfire_rested":1,"item_purchase_floors":[3,5],"current_hp_per_floor":[59,59,59,59,59,59,39,39,39,14,33,32,26,42,42,13,53,16,16,16,16,3,3],"gold":37,"neow_bonus":"THREE_ENEMY_KILL","is_daily":false,"chose_seed":false,"campfire_upgraded":3,"win_rate":0.0,"timestamp":1610287855,"path_taken":["M","M","$","?","$","R","?","R","T","E","R","M","M","?","R","BOSS","M","$","?","?","M"],"items_purchased_type":["Card","Potion"],"build_version":"2020-12-22","purchased_purges":1,"victory":false,"max_hp_per_floor":[66,66,66,66,66,66,66,66,66,66,66,66,66,66,66,66,66,66,66,66,66,66,66],"card_choices":[{"not_picked":["Escape Plan","Dodge and Roll"],"picked":"Poisoned Stab","floor":1},{"not_picked":["Sucker Punch","Dodge and Roll","Dagger Spray"],"picked":"SKIP","floor":2},{"not_picked":["Blade Dance","Sucker Punch"],"picked":"Predator","floor":4},{"not_picked":["Caltrops","Acrobatics"],"picked":"Catalyst","floor":10},{"not_picked":["Outmaneuver","Doppelganger"],"picked":"Calculated Gamble","floor":12},{"not_picked":["Dagger Throw+1","Endless Agony+1","Predator+1"],"picked":"SKIP","floor":13},{"not_picked":["Envenom","Glass Knife+1"],"picked":"Burst","floor":16},{"not_picked":["Expertise","Quick Slash+1","Dodge and Roll"],"picked":"SKIP","floor":18}],"player_experience":574383,"relics_obtained":[{"floor":9,"key":"Molten Egg 2"},{"floor":10,"key":"Gremlin Horn"}],"event_choices":[{"damage_healed":0,"gold_gain":0,"player_choice":"Entered Light","damage_taken":20,"max_hp_gain":0,"max_hp_loss":0,"event_name":"Shining Light","floor":7,"gold_loss":0,"cards_upgraded":["Survivor","Neutralize"]},{"damage_healed":16,"gold_gain":0,"player_choice":"Healed","damage_taken":0,"max_hp_gain":0,"max_hp_loss":0,"event_name":"The Cleric","floor":14,"gold_loss":35},{"cards_removed":["Strike_G"],"damage_healed":0,"gold_gain":0,"player_choice":"Elegance","damage_taken":0,"max_hp_gain":0,"max_hp_loss":0,"event_name":"Back to Basics","floor":20,"gold_loss":0},{"damage_healed":0,"gold_gain":0,"player_choice":"Ignored","damage_taken":0,"max_hp_gain":0,"max_hp_loss":0,"event_name":"The Mausoleum","floor":21,"gold_loss":0}],"is_beta":false,"boss_relics":[{"not_picked":["Philosopher\u0027s Stone","Busted Crown"],"picked":"HoveringKite"}],"items_purged_floors":[19],"is_endless":false,"potions_floor_spawned":[10,12,18],"killed_by":"Spheric Guardian","ascension_level":20}}