{"host":"vumwfieg2b2mnrfl","time":1610310000,"event":{"mods":["AchievementEnabler","BaseMod","Minty Spire (QoL Compilation)","Rare Cards Sparkle","Relic Stats"],"gold_per_floor":[115,132,145,145,145,180,180,255,255,255,277,326,343,376,376,450,450,415,150,180,190,206,206,226,226,226],"floor_reached":25,"playtime":1020,"items_purged":[],"score":380,"play_id":"5a27717d-93ef-454b-b49a-de8773f1935e","local_time":"20210110142000","is_ascension_mode":true,"campfire_choices":[{"data":"Inflame","floor":7,"key":"SMITH"},{"data":"Bash","floor":10,"key":"SMITH"},{"floor":15,"key":"REST"},{"floor":23,"key":"REST"}],"circlet_count":0,"master_deck":["AscendersBane","Strike_R","Strike_R","Strike_R","Strike_R","Defend_R","Defend_R","Defend_R","Defend_R","Bash+1","Battle Trance","Ghostly Armor","Pommel Strike","Inflame+1","Exhume","Clothesline","Uppercut","Reaper","Evolve","Whirlwind+1","Headbutt"],"relics":["Burning Blood","InkBottle","Self Forming Clay","Odd Mushroom","Boot","Blue Candle","Mark of Pain","Singing Bowl","Red Mask"],"acts_visited":["Exordium","TheCity"],"potions_floor_usage":[6,11,22],"damage_taken":[{"damage":2,"enemies":"Jaw Worm","floor":1,"turns":3},{"damage":3,"enemies":"2 Louse","floor":2,"turns":3},{"damage":0,"enemies":"Small Slimes","floor":3,"turns":3},{"damage":26,"enemies":"Gremlin Nob","floor":6,"turns":4},{"damage":28,"enemies":"The Mushroom Lair","floor":11,"turns":6},{"damage":11,"enemies":"Looter","floor":13,"turns":4},{"damage":12,"enemies":"Lagavulin","floor":14,"turns":5},{"damage":55,"enemies":"The Guardian","floor":16,"turns":13},{"damage":22,"enemies":"2 Thieves","floor":18,"turns":5},{"damage":54,"enemies":"Masked Bandits","floor":20,"turns":6},{"damage":12,"enemies":"Chosen","floor":21,"turns":5},{"damage":20,"enemies":"Snake Plant","floor":22,"turns":3},{"damage":22,"enemies":"Centurion and Healer","floor":24,"turns":7},{"damage":47,"enemies":"Book of Stabbing","floor":25,"turns":7}],"seed_played":"-378124484232653500","potions_obtained":[{"floor":1,"key":"DistilledChaos"},{"floor":2,"key":"ElixirPotion"},{"floor":6,"key":"BloodPotion"},{"floor":13,"key":"Ancient Potion"},{"floor":20,"key":"Weak Potion"},{"floor":21,"key":"AttackPotion"},{"floor":24,"key":"SpeedPotion"}],"is_trial":false,"path_per_floor":["M","M","M","?","?","E","R","?","T","R","?","T","M","E","R","B",null,"M","$","?","M","M","R","M","E"],"character_chosen":"IRONCLAD","items_purchased":["Singing Bowl"],"campfire_rested":2,"item_purchase_floors":[19],"current_hp_per_floor":[79,82,82,82,82,62,62,51,51,51,45,45,40,34,58,9,64,48,48,21,22,8,33,33,0,0],"gold":226,"neow_bonus":"TEN_PERCENT_HP_BONUS","is_daily":false,"chose_seed":false,"campfire_upgraded":2,"win_rate":0.0,"timestamp":1610310000,"path_taken":["M","M","M","?","?","E","R","?","T","R","?","?","M","E","R","BOSS","M","$","?","M","M","R","M","E"],"items_purchased_type":["Relic"],"build_version":"2020-12-22","purchased_purges":0,"victory":false,"max_hp_per_floor":[82,82,82,82,82,82,82,82,82,82,82,82,82,82,82,82,82,82,82,84,84,84,84,86,86,86],"relic_stats":{"Singing Bowl":4,"counters":[14,74],"Self Forming Clay":[138],"Blue Candle":[0],"Boot":[4],"obtain_stats":[{"Singing Bowl":19,"Self Forming Clay":9,"Blue Candle":14,"Mark of Pain":17,"Red Mask":20,"Odd Mushroom":11,"Boot":12,"Burning Blood":0,"InkBottle":6},{"Singing Bowl":9,"Self Forming Clay":4,"Blue Candle":7,"Mark of Pain":8,"Red Mask":10,"Odd Mushroom":5,"Boot":5,"Burning Blood":0,"InkBottle":4},{"Singing Bowl":46,"Self Forming Clay":13,"Blue Candle":28,"Mark of Pain":41,"Red Mask":52,"Odd Mushroom":19,"Boot":19,"Burning Blood":0,"InkBottle":13}],"Burning Blood":72,"InkBottle":[10]},"card_choices":[{"not_picked":["Thunderclap","Heavy Blade"],"picked":"Battle Trance","floor":1},{"not_picked":["Battle Trance","Pummel"],"picked":"Ghostly Armor","floor":2},{"not_picked":["Clash","Body Slam"],"picked":"Pommel Strike","floor":3},{"not_picked":["Clash","Thunderclap"],"picked":"Exhume","floor":6},{"not_picked":["Pommel Strike","Havoc"],"picked":"Clothesline","floor":11},{"not_picked":["Dark Embrace","Sever Soul"],"picked":"Uppercut","floor":13},{"not_picked":["Havoc","Burning Pact","Shockwave"],"picked":"SKIP","floor":14},{"not_picked":["Exhume","Fiend Fire"],"picked":"Reaper","floor":16},{"not_picked":["Anger","Flex"],"picked":"Evolve","floor":18},{"not_picked":["Clothesline","Sever Soul","Clash"],"picked":"Singing Bowl","floor":20},{"not_picked":["Pommel Strike","Blood for Blood"],"picked":"Whirlwind+1","floor":21},{"not_picked":["Perfected Strike","Havoc"],"picked":"Headbutt","floor":22},{"not_picked":["Dark Embrace","Warcry+1","Armaments"],"picked":"Singing Bowl","floor":24}],"player_experience":401922,"relics_obtained":[{"floor":6,"key":"InkBottle"},{"floor":9,"key":"Self Forming Clay"},{"floor":11,"key":"Odd Mushroom"},{"floor":12,"key":"Boot"},{"floor":14,"key":"Blue Candle"},{"floor":20,"key":"Red Mask"}],"event_choices":[{"damage_healed":0,"gold_gain":0,"player_choice":"Leave","damage_taken":0,"max_hp_gain":0,"max_hp_loss":0,"event_name":"The Cleric","floor":4,"gold_loss":0},{"damage_healed":0,"gold_gain":0,"cards_transformed":["Strike_R"],"player_choice":"Change","damage_taken":0,"max_hp_gain":0,"max_hp_loss":0,"event_name":"Living Wall","floor":5,"gold_loss":0,"cards_obtained":["Inflame"]},{"damage_healed":0,"gold_gain":75,"player_choice":"Gather Gold","damage_taken":11,"max_hp_gain":0,"max_hp_loss":0,"event_name":"World of Goop","floor":8,"gold_loss":0},{"damage_healed":0,"gold_gain":0,"player_choice":"Fought Mushrooms","damage_taken":0,"max_hp_gain":0,"max_hp_loss":0,"event_name":"Mushrooms","floor":11,"gold_loss":0},{"damage_healed":0,"gold_gain":0,"player_choice":"Fought Bandits","damage_taken":0,"max_hp_gain":0,"max_hp_loss":0,"event_name":"Masked Bandits","floor":20,"gold_loss":0}],"is_beta":false,"boss_relics":[{"not_picked":["SacredBark","Runic Dome"],"picked":"Mark of Pain"}],"items_purged_floors":[],"is_endless":false,"potions_floor_spawned":[1,2,6,13,20,21,24],"killed_by":"Book of Stabbing","ascension_level":16}}