{"host":"konjmgczbcns2r3g","time":1610298091,"event":{"mods":["AchievementEnabler","BaseMod","Colored Powertips","Hermit","Infinite Spire","Koishi","Marisa????????","Minty Spire (QoL Compilation)","Replay The Spire","StSLib","The Cursed","The Necromancer","The Servant 0.9.4"],"gold_per_floor":[112,112,130,145,70,99,99,48,101,101,137,174,174,217,217,337,337,354,354,399,440,185,219,219,219],"floor_reached":24,"playtime":2066,"items_purged":[],"score":210,"play_id":"f18b3d06-51bb-4f61-b33c-d30acfb27970","local_time":"20210110120131","is_ascension_mode":false,"campfire_choices":[{"data":"WitchOfGreed","floor":10,"key":"SMITH"},{"floor":13,"key":"REST"},{"floor":15,"key":"REST"}],"circlet_count":0,"master_deck":["Strike_MRS+1","Strike_MRS","Strike_MRS","Strike_MRS","Defend_MRS","Defend_MRS","Defend_MRS","Defend_MRS","MasterSpark","UpSweep","SporeBomb","GravityBeat","MilkyWay","DoubleSpark+1","WitchOfGreed+1","PowerUp","DoubleSpark+1","LuminesStrike","PropBag","StarDustReverie","SatelliteIllusion","6A","Replay:Fractal Strike","LuminesStrike+1","DragonMeteor+1","Orbital","ShootTheMoon","EnergyFlow","UltimateShortwave","StarBarrage","Discovery","PulseMagic"],"relics":["MiniHakkero","Nunchaku","RampagingMagicTools","ExperimentalFamiliar","Replay:Bottled Eggs","BargainBundle","Tiny Chest","Sundial"],"acts_visited":["Exordium","TheCity"],"potions_floor_usage":[11,14,16,16,16,16,16,16,20,21,23,23,23],"damage_taken":[{"damage":0,"enemies":"2 Louse","floor":1,"turns":3},{"damage":0,"enemies":"Jaw Worm","floor":3,"turns":3},{"damage":0,"enemies":"Cultist","floor":4,"turns":3},{"damage":23,"enemies":"Lots of Slimes","floor":6,"turns":5},{"damage":7,"enemies":"Looter","floor":11,"turns":4},{"damage":11,"enemies":"3 Louse","floor":12,"turns":2},{"damage":3,"enemies":"Gremlin Gang","floor":14,"turns":3},{"damage":71,"enemies":"Fading Forest","floor":16,"turns":11},{"damage":8,"enemies":"Shell Parasite","floor":18,"turns":3},{"damage":47,"enemies":"2 Thieves","floor":20,"turns":3},{"damage":0,"enemies":"Chosen and Byrds","floor":21,"turns":2},{"damage":3,"enemies":"Slavers","floor":23,"turns":3},{"damage":36,"enemies":"Snake Plant","floor":24,"turns":2}],"seed_played":"-794540089343719491","potions_obtained":[{"floor":3,"key":"DuplicationPotion"},{"floor":4,"key":"DuplicationPotion"},{"floor":6,"key":"Explosive Potion"},{"floor":11,"key":"EntropicBrew"},{"floor":11,"key":"LiquidBronze"},{"floor":14,"key":"Adrenaline Potion"},{"floor":16,"key":"Regen Potion"},{"floor":16,"key":"SteroidPotion"},{"floor":18,"key":"Strength Potion"},{"floor":20,"key":"AttackPotion"},{"floor":21,"key":"Block Potion"}],"is_trial":false,"path_per_floor":["M","?","M","M","$","M","?","$","T","R","M","M","R","M","R","B",null,"M","AVR","M","M","$","E","M"],"character_chosen":"MARISA","items_purchased":["DoubleSpark","WitchOfGreed","DoubleSpark","BargainBundle","Orbital","ShootTheMoon","EnergyFlow","UltimateShortwave","StarBarrage","Discovery"],"campfire_rested":2,"item_purchase_floors":[5,5,8,22,22,22,22,22,22,22],"current_hp_per_floor":[80,80,80,80,80,57,57,57,57,57,50,39,63,60,80,19,80,72,72,34,34,34,31,0,0],"gold":219,"neow_bonus":"RANDOM_EVENT","is_daily":false,"chose_seed":false,"campfire_upgraded":1,"win_rate":0.0,"timestamp":1610298091,"path_taken":["M","?","M","M","$","M","?","?","T","R","M","?","R","M","R","BOSS","M","AVR","M","M","$","E","M"],"items_purchased_type":["Card","Card","Card","Relic","Card","Card","Card","Card","Card","Card"],"build_version":"2020-12-22","purchased_purges":0,"victory":false,"max_hp_per_floor":[80,80,80,80,80,80,80,80,80,80,80,80,80,80,80,80,80,80,80,80,80,80,80,80,80],"card_choices":[{"not_picked":["DC","6A"],"picked":"SporeBomb","floor":1},{"not_picked":["GalacticHalo","WitchLeyline"],"picked":"GravityBeat","floor":3},{"not_picked":["SporeBomb","AsteroidBelt"],"picked":"MilkyWay","floor":4},{"not_picked":["EarthLightRay","UnstableBomb"],"picked":"PowerUp","floor":6},{"not_picked":["Singularity","DarkMatter"],"picked":"LuminesStrike","floor":11},{"not_picked":["BlazeAway","IllusionStar"],"picked":"PropBag","floor":12},{"not_picked":["GalacticHalo","DC"],"picked":"StarDustReverie","floor":14},{"not_picked":["EscapeVelocity","SuperNova"],"picked":"SatelliteIllusion","floor":16},{"not_picked":["GalacticHalo","GravityBeat"],"picked":"6A","floor":18},{"not_picked":["StarlightTyphoon","ShootingEcho"],"picked":"LuminesStrike+1","floor":20},{"not_picked":["SprinkleStarSeal","MeteoricShower"],"picked":"DragonMeteor+1","floor":21},{"not_picked":["OpenUniverse","GravityBeat"],"picked":"PulseMagic","floor":23}],"player_experience":301085,"relics_obtained":[{"floor":9,"key":"Nunchaku"},{"floor":23,"key":"Tiny Chest"}],"event_choices":[{"damage_healed":0,"gold_gain":0,"player_choice":"Donut","damage_taken":0,"max_hp_gain":5,"max_hp_loss":0,"event_name":"Big Fish","floor":0,"gold_loss":0},{"damage_healed":0,"gold_gain":0,"player_choice":"Ignored","damage_taken":0,"max_hp_gain":0,"max_hp_loss":0,"event_name":"Liars Game","floor":2,"gold_loss":0}],"is_beta":false,"boss_relics":[{"not_picked":["Velvet Choker","Painkiller Herb"],"picked":"RampagingMagicTools"}],"items_purged_floors":[],"is_endless":false,"potions_floor_spawned":[3,4,11,12,16,18,21],"killed_by":"Snake Plant","ascension_level":0}}