{"host":"my77oq6kb6j47rwl","time":1610297166,"event":{"mods":["BaseMod","Better Third Choice","Curses Come First","Displayed Cursed Tome","Emptier Cage","Hermit","Ironclad Rager","Minty Spire (QoL Compilation)","Quick Restart","Rare Cards Sparkle","StSLib"],"gold_per_floor":[364,151,151,167,167,167,192,192,270,296,315,347,360,360,360,434,434,449,460,470,52,52,80,80,100,100,114,114,133,145,155,155,226,226,243,16,30,30,30],"floor_reached":38,"playtime":2740,"items_purged":["Strike_R"],"score":736,"play_id":"09ee21ec-3b2b-42eb-824e-a5dfbbd3db45","local_time":"20210110114606","is_ascension_mode":true,"campfire_choices":[{"data":"Footwork","floor":6,"key":"SMITH"},{"floor":8,"key":"REST"},{"floor":15,"key":"REST"},{"floor":28,"key":"REST"},{"floor":32,"key":"REST"}],"circlet_count":0,"master_deck":["AscendersBane","Strike_R","Strike_R","Defend_R","Defend_R","Defend_R","Defend_R","Bash","Rampage","Rampage","Shrug It Off+1","Footwork+1","Cleave+1","Pommel Strike+1","Limit Break","Iron Wave+1","Headbutt+1","Apotheosis","Writhe","Impervious","Anger+1","Shockwave","Feel No Pain","Thunderclap+1"],"relics":["Burning Blood","Regal Pillow","Molten Egg 2","Mummified Hand","Singing Bowl","Centennial Puzzle","Busted Crown","Lantern","Happy Flower","Boot","Torii","SlaversCollar","Sling"],"acts_visited":["Exordium","TheCity","TheBeyond"],"potions_floor_usage":[2,12,21,23,23,27,37],"damage_taken":[{"damage":16,"enemies":"Cultist","floor":1,"turns":4},{"damage":0,"enemies":"Small Slimes","floor":4,"turns":3},{"damage":38,"enemies":"3 Sentries","floor":7,"turns":10},{"damage":47,"enemies":"Gremlin Nob","floor":10,"turns":5},{"damage":2,"enemies":"Jaw Worm","floor":11,"turns":4},{"damage":6,"enemies":"3 Sentries","floor":12,"turns":6},{"damage":6,"enemies":"Looter","floor":13,"turns":4},{"damage":50,"enemies":"Slime Boss","floor":16,"turns":9},{"damage":17,"enemies":"2 Thieves","floor":18,"turns":4},{"damage":3,"enemies":"Spheric Guardian","floor":19,"turns":6},{"damage":31,"enemies":"Shelled Parasite and Fungi","floor":20,"turns":6},{"damage":42,"enemies":"Slavers","floor":23,"turns":6},{"damage":6,"enemies":"Sentry and Sphere","floor":25,"turns":5},{"damage":1,"enemies":"3 Cultists","floor":27,"turns":6},{"damage":20,"enemies":"Cultist and Chosen","floor":29,"turns":6},{"damage":24,"enemies":"Snake Plant","floor":30,"turns":4},{"damage":7,"enemies":"Centurion and Healer","floor":31,"turns":5},{"damage":66,"enemies":"Champ","floor":33,"turns":14},{"damage":26,"enemies":"3 Shapes","floor":35,"turns":7},{"damage":26,"enemies":"3 Darklings","floor":37,"turns":6},{"damage":39,"enemies":"Spire Growth","floor":38,"turns":6}],"seed_played":"8489482157745736536","potions_obtained":[{"floor":4,"key":"SteroidPotion"},{"floor":10,"key":"SkillPotion"},{"floor":12,"key":"BloodPotion"},{"floor":13,"key":"Dexterity Potion"},{"floor":23,"key":"SteroidPotion"},{"floor":27,"key":"Ancient Potion"},{"floor":31,"key":"ElixirPotion"}],"is_trial":false,"path_per_floor":["M","$","?","M","?","R","E","R","T","E","M","E","M","?","R","B",null,"M","M","M","$","?","E","?","M","T","M","R","M","M","M","R","B",null,"M","$","M","M"],"character_chosen":"IRONCLAD","items_purchased":["Rampage","Fruit Juice","Apotheosis","Fruit Juice","Lantern","Sling","DistilledChaos"],"campfire_rested":4,"item_purchase_floors":[2,2,21,21,21,36,36],"current_hp_per_floor":[58,63,63,69,53,53,21,57,57,18,22,24,26,26,64,20,64,53,58,33,49,49,18,18,20,20,27,69,57,39,40,83,25,78,58,58,38,0,0],"gold":30,"neow_bonus":"TWO_FIFTY_GOLD","is_daily":false,"chose_seed":false,"campfire_upgraded":1,"win_rate":0.0,"timestamp":1610297166,"path_taken":["M","$","?","M","?","R","E","R","T","E","M","E","?","?","R","BOSS","M","?","M","$","?","E","?","M","T","?","R","M","M","M","R","BOSS","M","$","M","M"],"items_purchased_type":["Card","Potion","Card","Potion","Relic","Relic","Potion"],"build_version":"2020-12-22","purchased_purges":1,"victory":false,"max_hp_per_floor":[68,73,73,73,73,73,73,73,73,75,75,77,79,79,79,79,79,79,81,81,81,81,86,86,88,88,90,90,92,92,94,94,96,96,96,96,96,96,96],"card_choices":[{"not_picked":["Twin Strike","Flame Barrier"],"picked":"Rampage","floor":1},{"not_picked":["Cleave","Power Through"],"picked":"Shrug It Off","floor":4},{"not_picked":["True Grit","Armaments"],"picked":"Cleave+1","floor":7},{"not_picked":["Second Wind","Offering","Thunderclap+1"],"picked":"Singing Bowl","floor":10},{"not_picked":["True Grit","Thunderclap+1"],"picked":"Pommel Strike+1","floor":11},{"not_picked":["Second Wind","Wild Strike+1","Heavy Blade+1"],"picked":"Singing Bowl","floor":12},{"not_picked":["Feel No Pain","Heavy Blade+1","Wild Strike+1"],"picked":"Singing Bowl","floor":13},{"not_picked":["Corruption","Exhume"],"picked":"Limit Break","floor":16},{"not_picked":[],"picked":"Iron Wave+1","floor":18},{"not_picked":["Wild Strike+1"],"picked":"Singing Bowl","floor":19},{"not_picked":[],"picked":"Headbutt+1","floor":20},{"not_picked":[],"picked":"Impervious","floor":23},{"not_picked":["Thunderclap+1"],"picked":"Singing Bowl","floor":25},{"not_picked":["Intimidate"],"picked":"Singing Bowl","floor":27},{"not_picked":["Warcry"],"picked":"Singing Bowl","floor":29},{"not_picked":[],"picked":"Shockwave","floor":30},{"not_picked":["Anger+1"],"picked":"Singing Bowl","floor":31},{"not_picked":["Impervious"],"picked":"Singing Bowl","floor":33},{"not_picked":[],"picked":"Feel No Pain","floor":35},{"not_picked":[],"picked":"Thunderclap+1","floor":37}],"player_experience":1079143,"relics_obtained":[{"floor":7,"key":"Molten Egg 2"},{"floor":9,"key":"Mummified Hand"},{"floor":10,"key":"Singing Bowl"},{"floor":12,"key":"Centennial Puzzle"},{"floor":23,"key":"Boot"},{"floor":26,"key":"Torii"}],"event_choices":[{"cards_removed":["Strike_R"],"damage_healed":0,"gold_gain":0,"player_choice":"Forget","damage_taken":0,"max_hp_gain":0,"max_hp_loss":0,"event_name":"Living Wall","floor":3,"gold_loss":0},{"damage_healed":0,"gold_gain":0,"player_choice":"Upgraded","damage_taken":0,"max_hp_gain":0,"max_hp_loss":0,"event_name":"Upgrade Shrine","floor":14,"gold_loss":0,"cards_upgraded":["Shrug It Off"]},{"damage_healed":0,"gold_gain":0,"player_choice":"Opened","damage_taken":0,"relics_obtained":["Happy Flower"],"max_hp_gain":0,"max_hp_loss":0,"event_name":"The Mausoleum","floor":22,"gold_loss":0,"cards_obtained":["Writhe"]},{"damage_healed":0,"gold_gain":0,"cards_transformed":["Strike_R"],"player_choice":"Transformed","damage_taken":0,"max_hp_gain":0,"max_hp_loss":0,"event_name":"Transmorgrifier","floor":24,"gold_loss":0,"cards_obtained":["Anger"]}],"is_beta":false,"boss_relics":[{"not_picked":["Mark of Pain","Coffee Dripper"],"picked":"Busted Crown"},{"not_picked":["Tiny House","Runic Dome"],"picked":"SlaversCollar"}],"items_purged_floors":[2],"is_endless":false,"potions_floor_spawned":[4,10,12,13,19,23,27,31,33],"killed_by":"Spire Growth","ascension_level":14}}