{"host":"in5s4fio2qo0qywm","time":1610279018,"event":{"mods":["BaseMod","Hermit","Infinite Spire","Minty Spire (QoL Compilation)","Shop Mod","StSLib","Uncapped"],"gold_per_floor":[109,126,146,5,15,29,304,304,331,331,346,364,1,16,16,111,111,123,138,138,138],"floor_reached":20,"playtime":2176,"items_purged":["Regret"],"score":170,"play_id":"8c5c61de-a784-4d63-a54b-5592a9817db6","local_time":"20210110134338","is_ascension_mode":false,"campfire_choices":[{"floor":8,"key":"REST"},{"data":"Eruption","floor":10,"key":"SMITH"},{"floor":15,"key":"REST"}],"circlet_count":0,"master_deck":["Strike_P","Strike_P","Strike_P","Strike_P","Defend_P","Defend_P","Defend_P","Defend_P","Eruption+1","Vigilance","Nirvana","Wallop","JustLucky","PathToVictory","SignatureMove","ThirdEye","Wireheading","Nirvana","JustLucky","Alpha","Mayhem","FearNoEvil","Study","FlurryOfBlows","DevaForm","WaveOfTheHand+1","BattleHymn"],"relics":["PureWater","NeowsBlessing","infinitespire:Satchel","Fusion Hammer"],"acts_visited":["Exordium","TheCity"],"potions_floor_usage":[12,12,20],"damage_taken":[{"damage":0,"enemies":"infinitespire:Voidling","floor":1,"turns":1},{"damage":0,"enemies":"Cultist","floor":2,"turns":1},{"damage":0,"enemies":"Jaw Worm","floor":3,"turns":1},{"damage":12,"enemies":"3 Louse","floor":5,"turns":2},{"damage":13,"enemies":"2 Fungi Beasts","floor":6,"turns":4},{"damage":14,"enemies":"Looter","floor":11,"turns":3},{"damage":15,"enemies":"3 Louse","floor":12,"turns":4},{"damage":7,"enemies":"Large Slime","floor":14,"turns":5},{"damage":20,"enemies":"Slime Boss","floor":16,"turns":7},{"damage":24,"enemies":"Shell Parasite","floor":18,"turns":2},{"damage":20,"enemies":"3 Byrds","floor":19,"turns":4},{"damage":54,"enemies":"Shelled Parasite and Fungi","floor":20,"turns":4}],"seed_played":"-4394557487402447766","potions_obtained":[{"floor":2,"key":"FearPotion"},{"floor":3,"key":"Swift Potion"},{"floor":12,"key":"FairyPotion"},{"floor":16,"key":"PowerPotion"},{"floor":18,"key":"SpeedPotion"}],"is_trial":false,"path_per_floor":["M","M","M","$","M","M","?","R","T","R","M","M","$","M","R","B",null,"M","M","M"],"character_chosen":"WATCHER","items_purchased":["PathToVictory","SignatureMove","ThirdEye","Mayhem","FearNoEvil","Study"],"campfire_rested":2,"item_purchase_floors":[4,4,4,13,13,13],"current_hp_per_floor":[72,72,72,72,60,47,47,68,68,68,54,39,39,32,53,33,72,48,28,0,0],"gold":138,"neow_bonus":"THREE_ENEMY_KILL","is_daily":false,"chose_seed":false,"campfire_upgraded":1,"win_rate":0.0,"timestamp":1610279018,"path_taken":["M","M","?","$","M","M","?","R","T","R","M","M","$","M","R","BOSS","M","?","M"],"items_purchased_type":["Card","Card","Card","Card","Card","Card"],"build_version":"2020-12-22","purchased_purges":1,"victory":false,"max_hp_per_floor":[72,72,72,72,72,72,72,72,72,72,72,72,72,72,72,72,72,72,72,72,72],"card_choices":[{"not_picked":["BowlingBash","ThirdEye"],"picked":"Nirvana","floor":1},{"not_picked":["Tantrum","CutThroughFate"],"picked":"Wallop","floor":2},{"not_picked":["Worship","Fasting2"],"picked":"JustLucky","floor":3},{"not_picked":["Vengeance","CutThroughFate"],"picked":"Wireheading","floor":5},{"not_picked":["Wireheading","Conclude"],"picked":"Nirvana","floor":6},{"not_picked":["Halt","SignatureMove"],"picked":"JustLucky","floor":11},{"not_picked":["EmptyBody","JustLucky"],"picked":"Alpha","floor":12},{"not_picked":["FollowUp","Adaptation"],"picked":"FlurryOfBlows","floor":14},{"not_picked":["Vault","SpiritShield"],"picked":"DevaForm","floor":16},{"not_picked":["Conclude+1","Perseverance"],"picked":"WaveOfTheHand+1","floor":18},{"not_picked":["CrushJoints","ReachHeaven"],"picked":"BattleHymn","floor":19}],"player_experience":111850,"relics_obtained":[{"floor":9,"key":"infinitespire:Satchel"}],"event_choices":[{"damage_healed":0,"gold_gain":275,"player_choice":"Desecrate","damage_taken":0,"max_hp_gain":0,"max_hp_loss":0,"event_name":"Golden Shrine","floor":7,"gold_loss":0,"cards_obtained":["Regret"]}],"is_beta":false,"boss_relics":[{"not_picked":["Snecko Eye","Coffee Dripper"],"picked":"Fusion Hammer"}],"items_purged_floors":[13],"is_endless":false,"potions_floor_spawned":[2,3,12,16,18,19],"killed_by":"Shelled Parasite and Fungi","ascension_level":0}}