{"host":"i5mpj6c318yblse4","time":1610281277,"event":{"mods":["AchievementEnabler","BaseMod","Colored Map","Minty Spire (QoL Compilation)","Shop Mod","StSLib","SuperFastMode"],"gold_per_floor":[116,134,84,84,107,151,151,151,177,30,44,59,84,84,84,205,205,225,225,245,170,21,52,52,70,124,168,168,192,192,192,192,318,318,331,208,483,102,118,118,118,118],"floor_reached":41,"playtime":1029,"items_purged":["Strike_P"],"score":470,"play_id":"7cd90467-9f5a-430d-ac28-2511bfe9994e","local_time":"20210110212117","is_ascension_mode":true,"campfire_choices":[{"data":"SandsOfTime","floor":7.0,"key":"SMITH"},{"floor":15.0,"key":"REST"},{"floor":24.0,"key":"REST"},{"data":"Judgement","floor":28.0,"key":"SMITH"},{"floor":32.0,"key":"REST"},{"floor":40,"key":"REST"}],"circlet_count":0,"master_deck":["Strike_P","Strike_P","Defend_P","Defend_P+1","Defend_P+1","Eruption+1","Vigilance","SandsOfTime+1","SandsOfTime+1","Judgement+1","Blasphemy"],"relics":["PureWater","Golden Idol","Vajra","Happy Flower","War Paint","MerchantsRug","Odd Mushroom","Frozen Egg 2","Black Star","MutagenicStrength","Blood Vial","Anchor","Tiny Chest","MealTicket","Bag of Preparation","The Courier","Sozu","Omamori","HandDrill","Shuriken"],"acts_visited":["Exordium","TheCity","TheBeyond"],"potions_floor_usage":[39,41],"damage_taken":[{"damage":0.0,"enemies":"Jaw Worm","floor":1.0,"turns":3.0},{"damage":7.0,"enemies":"2 Louse","floor":2.0,"turns":2.0},{"damage":9.0,"enemies":"3 Sentries","floor":6.0,"turns":4.0},{"damage":0.0,"enemies":"Cultist","floor":11.0,"turns":3.0},{"damage":0.0,"enemies":"Blue Slaver","floor":12.0,"turns":3.0},{"damage":12.0,"enemies":"The Mushroom Lair","floor":13.0,"turns":4.0},{"damage":27.0,"enemies":"The Guardian","floor":16.0,"turns":7.0},{"damage":0.0,"enemies":"Shell Parasite","floor":18.0,"turns":4.0},{"damage":0.0,"enemies":"Chosen","floor":20.0,"turns":3.0},{"damage":40.0,"enemies":"Slavers","floor":23.0,"turns":5.0},{"damage":3.0,"enemies":"Shelled Parasite and Fungi","floor":25.0,"turns":4.0},{"damage":5.0,"enemies":"Book of Stabbing","floor":27.0,"turns":4.0},{"damage":0.0,"enemies":"Centurion and Healer","floor":29.0,"turns":3.0},{"damage":0.0,"enemies":"Cultist and Chosen","floor":31.0,"turns":1.0},{"damage":28.0,"enemies":"Collector","floor":33.0,"turns":6.0},{"damage":0.0,"enemies":"Orb Walker","floor":35.0,"turns":3.0},{"damage":15,"enemies":"3 Darklings","floor":39,"turns":4},{"damage":100055,"enemies":"Reptomancer","floor":41,"turns":4}],"seed_played":"7679701041534392177","potions_obtained":[{"floor":2.0,"key":"Explosive Potion"},{"floor":6.0,"key":"Swift Potion"},{"floor":13.0,"key":"Swift Potion"},{"floor":16.0,"key":"Block Potion"},{"floor":23.0,"key":"Explosive Potion"},{"floor":27.0,"key":"SmokeBomb"},{"floor":33.0,"key":"DistilledChaos"}],"is_trial":false,"path_per_floor":["M","M","?","?","T","E","R","?","T","$","M","M","?","T","R","B",null,"M","?","M","?","$","E","R","M","T","E","R","M","?","M","R","B",null,"M","$","?","$","M","R","E"],"character_chosen":"WATCHER","items_purchased":["MerchantsRug","Blood Vial","Omamori","HandDrill","Shuriken"],"campfire_rested":4,"item_purchase_floors":[10,22,36,38,38],"current_hp_per_floor":[72,65,65,47,47,38,38,38,38,38,38,38,26,26,47,20,72,72,72,72,72,72,32,53,52,52,49,49,51,51,53,72,44,72,72,72,72,72,57,72,0,0],"gold":118,"neow_bonus":"UPGRADE_CARD","is_daily":false,"chose_seed":false,"campfire_upgraded":2,"win_rate":0.0,"timestamp":1610281277,"path_taken":["M","M","?","?","?","E","R","?","T","$","?","M","?","?","R","BOSS","M","?","M","?","$","E","R","M","T","E","R","M","?","M","R","BOSS","M","$","?","$","M","R","E"],"items_purchased_type":["Relic","Relic","Relic","Relic","Relic"],"build_version":"2020-12-22","purchased_purges":1,"victory":false,"max_hp_per_floor":[72,72,72,72,72,72,72,72,72,72,72,72,72,72,72,72,72,72,72,72,72,72,72,72,72,72,72,72,72,72,72,72,72,72,72,72,72,72,72,72,72,72],"card_choices":[{"not_picked":["EmptyBody","Pray"],"picked":"SandsOfTime","floor":1.0},{"not_picked":["CrushJoints","FollowUp","ClearTheMind"],"picked":"SKIP","floor":2.0},{"not_picked":["DeceiveReality","Adaptation"],"picked":"SandsOfTime","floor":6.0},{"not_picked":["SandsOfTime","SashWhip","BattleHymn"],"picked":"SKIP","floor":11.0},{"not_picked":["SashWhip","WaveOfTheHand","Vengeance"],"picked":"SKIP","floor":12.0},{"not_picked":["MasterReality+1","Wish"],"picked":"Judgement","floor":16.0},{"not_picked":["Consecrate+1","ThirdEye","LikeWater+1"],"picked":"SKIP","floor":18.0},{"not_picked":["WaveOfTheHand","Study+1","ClearTheMind"],"picked":"SKIP","floor":20.0},{"not_picked":["FearNoEvil","ClearTheMind","Adaptation+1"],"picked":"SKIP","floor":23.0},{"not_picked":["Evaluate+1","ReachHeaven","EmptyFist"],"picked":"SKIP","floor":25.0},{"not_picked":["Swivel","PathToVictory","Sanctity"],"picked":"SKIP","floor":27.0},{"not_picked":["EmptyBody+1","BowlingBash","CutThroughFate"],"picked":"SKIP","floor":29.0},{"not_picked":["Alpha","DeusExMachina"],"picked":"Blasphemy","floor":33.0},{"not_picked":["FearNoEvil","CrushJoints","CarveReality"],"picked":"SKIP","floor":35.0},{"not_picked":["WaveOfTheHand","Prostrate+1","EmptyFist+1"],"picked":"SKIP","floor":39}],"player_experience":360216,"relics_obtained":[{"floor":5.0,"key":"Vajra"},{"floor":6.0,"key":"Happy Flower"},{"floor":9.0,"key":"War Paint"},{"floor":13.0,"key":"Odd Mushroom"},{"floor":14.0,"key":"Frozen Egg 2"},{"floor":23.0,"key":"Anchor"},{"floor":23.0,"key":"Tiny Chest"},{"floor":26.0,"key":"MealTicket"},{"floor":27.0,"key":"Bag of Preparation"},{"floor":27.0,"key":"The Courier"}],"event_choices":[{"cards_removed":["Defend_P"],"damage_healed":0.0,"max_hp_gain":0.0,"max_hp_loss":0.0,"gold_gain":0.0,"event_name":"The Cleric","player_choice":"Card Removal","floor":3.0,"gold_loss":50.0,"damage_taken":0.0},{"damage_healed":0.0,"max_hp_gain":0.0,"max_hp_loss":0.0,"gold_gain":0.0,"event_name":"Golden Idol","player_choice":"Take Damage","floor":4.0,"gold_loss":0.0,"damage_taken":18.0,"relics_obtained":["Golden Idol"]},{"damage_healed":0.0,"max_hp_gain":0.0,"max_hp_loss":0.0,"gold_gain":0.0,"event_name":"Upgrade Shrine","player_choice":"Upgraded","floor":8.0,"gold_loss":0.0,"damage_taken":0.0,"cards_upgraded":["SandsOfTime"]},{"damage_healed":0.0,"max_hp_gain":0.0,"max_hp_loss":0.0,"gold_gain":0.0,"event_name":"Mushrooms","player_choice":"Fought Mushrooms","floor":13.0,"gold_loss":0.0,"damage_taken":0.0},{"damage_healed":0.0,"max_hp_gain":0.0,"max_hp_loss":0.0,"gold_gain":0.0,"event_name":"Drug Dealer","player_choice":"Inject Mutagens","floor":19.0,"gold_loss":0.0,"damage_taken":0.0,"relics_obtained":["MutagenicStrength"]},{"cards_removed":["Strike_P"],"damage_healed":0.0,"max_hp_gain":0.0,"max_hp_loss":0.0,"gold_gain":0.0,"event_name":"Beggar","player_choice":"Gave Gold","floor":21.0,"gold_loss":75.0,"damage_taken":0.0},{"damage_healed":0.0,"max_hp_gain":0.0,"max_hp_loss":0.0,"gold_gain":0.0,"event_name":"Cursed Tome","player_choice":"Ignored","floor":30.0,"gold_loss":0.0,"damage_taken":0.0},{"damage_healed":0.0,"max_hp_gain":0.0,"max_hp_loss":0.0,"gold_gain":275.0,"event_name":"Golden Shrine","player_choice":"Desecrate","floor":37.0,"gold_loss":0.0,"damage_taken":0.0,"cards_obtained":["Regret"]}],"is_beta":false,"boss_relics":[{"not_picked":["Snecko Eye","VioletLotus"],"picked":"Black Star"},{"not_picked":["Cursed Key","Pandora\u0027s Box"],"picked":"Sozu"}],"items_purged_floors":[38],"is_endless":false,"potions_floor_spawned":[2,6,13,16,23,27,31,33,35,39],"killed_by":"Reptomancer","ascension_level":2}}