{"host":"lxgv1wbl12oya7hr","time":1610257088,"event":{"mods":["BaseMod","Minty Spire (QoL Compilation)","Permanent Neow","StSLib"],"gold_per_floor":[113,123,123,1,1,1,1,17,17,44,60,85,96,11,11,113,113,131,131,46,46,46,46,59,91,117,117,94,193,208,208,208,309,309,322,322,340,81,94,94,112,112,112,112,112,123,23,0,0,0,0],"floor_reached":50,"playtime":1536,"items_purged":["Defend_R","Doubt"],"score":539,"play_id":"13c31005-a313-462e-835e-d22772707d89","local_time":"20210109213808","is_ascension_mode":true,"campfire_choices":[{"data":"Rampage","floor":6.0,"key":"SMITH"},{"data":"Clash","floor":15.0,"key":"SMITH"},{"floor":23.0,"key":"RECALL"},{"data":"Blind","floor":27,"key":"SMITH"},{"data":"Clash","floor":32,"key":"SMITH"},{"data":"Offering","floor":40,"key":"SMITH"},{"data":"Inflame","floor":42,"key":"SMITH"},{"data":"Anger","floor":49,"key":"SMITH"}],"circlet_count":0,"master_deck":["Defend_R+1","Defend_R+1","Rampage+1","Clash+1","Clash+1","Anger+1","Pommel Strike+1","Clothesline+1","Clash+1","Blind+1","Bludgeon+1","Flex","Bite+1","Bite+1","Bite+1","Bite+1","Bite+1","Anger+1","Iron Wave+1","Headbutt+1","Clothesline+1","Twin Strike+1","Fiend Fire+1","Offering+1","Headbutt+1","Clash+1","Inflame+1","Iron Wave+1"],"relics":["SacredBark","Molten Egg 2","Blood Vial","War Paint","Sozu","Juzu Bracelet","MealTicket","Busted Crown","Medical Kit","White Beast Statue","Red Mask"],"acts_visited":["TheBeyond"],"potions_floor_usage":[],"damage_taken":[{"damage":1.0,"enemies":"Cultist","floor":1.0,"turns":3.0},{"damage":6.0,"enemies":"Jaw Worm","floor":2.0,"turns":6.0},{"damage":0.0,"enemies":"2 Louse","floor":8.0,"turns":2.0},{"damage":18.0,"enemies":"3 Sentries","floor":10.0,"turns":5.0},{"damage":7.0,"enemies":"2 Fungi Beasts","floor":11.0,"turns":2.0},{"damage":6.0,"enemies":"Gremlin Nob","floor":12.0,"turns":3.0},{"damage":5.0,"enemies":"Looter","floor":13.0,"turns":2.0},{"damage":29.0,"enemies":"Hexaghost","floor":16.0,"turns":7.0},{"damage":2.0,"enemies":"Chosen","floor":18.0,"turns":2.0},{"damage":0.0,"enemies":"Spheric Guardian","floor":24.0,"turns":2.0},{"damage":28.0,"enemies":"Book of Stabbing","floor":25.0,"turns":4.0},{"damage":13,"enemies":"Centurion and Healer","floor":30,"turns":4},{"damage":70,"enemies":"Automaton","floor":33,"turns":9},{"damage":7,"enemies":"Orb Walker","floor":35,"turns":2},{"damage":31,"enemies":"3 Shapes","floor":37,"turns":3},{"damage":39,"enemies":"Writhing Mass","floor":39,"turns":5},{"damage":42,"enemies":"4 Shapes","floor":41,"turns":3},{"damage":10,"enemies":"Transient","floor":46,"turns":5},{"damage":88,"enemies":"Time Eater","floor":50,"turns":8}],"seed_played":"-6385791721862960367","potions_obtained":[{"floor":8.0,"key":"PowerPotion"},{"floor":11.0,"key":"Fruit Juice"},{"floor":13.0,"key":"Fruit Juice"}],"is_trial":false,"path_per_floor":["M","M","?","$","?","R","$","M","T","E","M","E","M","$","R","B",null,"M","?","?","?","?","R","M","E","T","R","$","?","M","?","R","B",null,"M","?","M","$","M","R","M","R","T","?","?","M","$","?","R","B"],"character_chosen":"IRONCLAD","items_purchased":["Clash","Blind","Headbutt+1","Clash+1","Inflame","Medical Kit"],"campfire_rested":0,"item_purchase_floors":[4,14,28,38,38,38],"current_hp_per_floor":[79,73,73,73,78,78,78,78,78,60,65,61,58,58,58,41,105,103,103,103,103,73,73,73,57,57,57,72,72,70,70,70,15,73,66,66,49,64,36,36,2,2,2,2,73,69,73,73,73,0,0],"gold":0,"neow_bonus":"BOSS_RELIC","is_daily":false,"chose_seed":false,"campfire_upgraded":7,"win_rate":0.0,"timestamp":1610257088,"path_taken":["M","M","?","?","?","R","$","M","T","E","M","E","?","$","R","BOSS","M","?","?","?","?","R","M","E","T","R","$","?","M","?","R","BOSS","M","?","M","$","M","R","M","R","T","?","?","M","$","?","R","BOSS"],"items_purchased_type":["Card","Card","Card","Card","Card","Relic"],"build_version":"2020-12-22","purchased_purges":2,"victory":false,"max_hp_per_floor":[80,80,80,80,85,85,85,85,85,85,95,95,95,95,95,105,105,105,105,105,105,73,73,73,73,73,73,73,73,73,73,73,73,73,73,73,73,73,73,73,73,73,73,73,73,73,73,73,73,73,73],"card_choices":[{"not_picked":["Wild Strike","Armaments"],"picked":"Rampage","floor":1.0},{"not_picked":["Havoc","Combust"],"picked":"Clash","floor":2.0},{"not_picked":["Body Slam","Iron Wave"],"picked":"Anger","floor":8.0},{"not_picked":["Limit Break","Double Tap"],"picked":"Pommel Strike+1","floor":10.0},{"not_picked":["Sword Boomerang+1","Clothesline+1","Cleave+1"],"picked":"SKIP","floor":11.0},{"not_picked":["Body Slam+1","Blood for Blood+1"],"picked":"Clothesline+1","floor":12.0},{"not_picked":["Iron Wave+1","Sword Boomerang+1"],"picked":"Clash+1","floor":13.0},{"not_picked":["Juggernaut","Corruption"],"picked":"Bludgeon+1","floor":16.0},{"not_picked":["Armaments+1","Heavy Blade+1"],"picked":"Ghostly Armor","floor":18.0},{"not_picked":["True Grit","Iron Wave+1"],"picked":"Anger+1","floor":24.0},{"not_picked":["Wild Strike+1","Intimidate"],"picked":"Iron Wave+1","floor":25},{"not_picked":["Body Slam+1","Fiend Fire+1"],"picked":"Clothesline+1","floor":30},{"not_picked":["Exhume","Juggernaut"],"picked":"Offering","floor":33},{"not_picked":["Sword Boomerang+1"],"picked":"SKIP","floor":35},{"not_picked":[],"picked":"Headbutt+1","floor":37},{"not_picked":[],"picked":"Iron Wave+1","floor":39},{"not_picked":["Reckless Charge+1"],"picked":"SKIP","floor":41},{"not_picked":["Searing Blow+1"],"picked":"SKIP","floor":46}],"player_experience":2273332,"relics_obtained":[{"floor":9.0,"key":"Molten Egg 2"},{"floor":10.0,"key":"Blood Vial"},{"floor":12.0,"key":"War Paint"},{"floor":25,"key":"MealTicket"},{"floor":43,"key":"White Beast Statue"}],"event_choices":[{"cards_removed":["Strike_R"],"damage_healed":0.0,"max_hp_gain":0.0,"max_hp_loss":0.0,"gold_gain":0.0,"event_name":"Purifier","player_choice":"Purged","floor":3.0,"gold_loss":0.0,"damage_taken":0.0},{"damage_healed":0.0,"max_hp_gain":5.0,"max_hp_loss":0.0,"gold_gain":0.0,"event_name":"Big Fish","player_choice":"Donut","floor":5.0,"gold_loss":0.0,"damage_taken":0.0},{"damage_healed":0.0,"max_hp_gain":0.0,"max_hp_loss":0.0,"gold_gain":0.0,"event_name":"The Library","player_choice":"Read","floor":19.0,"gold_loss":0.0,"damage_taken":0.0,"cards_obtained":["Flex"]},{"damage_healed":0.0,"max_hp_gain":0.0,"max_hp_loss":0.0,"gold_gain":0.0,"event_name":"Addict","player_choice":"Obtained Relic","floor":20.0,"gold_loss":85.0,"damage_taken":0.0,"relics_obtained":["Juzu Bracelet"]},{"cards_removed":["Strike_R"],"damage_healed":0.0,"max_hp_gain":0.0,"max_hp_loss":0.0,"gold_gain":0.0,"event_name":"Back to Basics","player_choice":"Elegance","floor":21.0,"gold_loss":0.0,"damage_taken":0.0},{"damage_healed":0.0,"max_hp_gain":0.0,"max_hp_loss":32.0,"gold_gain":0.0,"event_name":"Vampires","player_choice":"Became a vampire","floor":22.0,"gold_loss":0.0,"damage_taken":0.0,"cards_obtained":["Bite","Bite","Bite","Bite","Bite"]},{"damage_healed":0,"gold_gain":99,"player_choice":"Stole From Cult","damage_taken":0,"max_hp_gain":0,"max_hp_loss":0,"event_name":"Nest","floor":29,"gold_loss":0},{"damage_healed":0,"gold_gain":0,"cards_transformed":["Defend_R","Bash"],"player_choice":"Became Test Subject","damage_taken":0,"max_hp_gain":0,"max_hp_loss":0,"event_name":"Drug Dealer","floor":31,"gold_loss":0,"cards_obtained":["Twin Strike","Fiend Fire"]},{"cards_removed":["Ghostly Armor"],"damage_healed":0,"gold_gain":0,"player_choice":"Removed Skill","damage_taken":0,"max_hp_gain":0,"max_hp_loss":0,"event_name":"Falling","floor":36,"gold_loss":0},{"damage_healed":0,"gold_gain":0,"player_choice":"Ignored","damage_taken":0,"max_hp_gain":0,"max_hp_loss":0,"event_name":"Mysterious Sphere","floor":44,"gold_loss":0},{"damage_healed":71,"gold_gain":0,"player_choice":"Heal","damage_taken":0,"max_hp_gain":0,"max_hp_loss":0,"event_name":"MindBloom","floor":45,"gold_loss":0,"cards_obtained":["Doubt"]},{"damage_healed":0,"gold_gain":0,"player_choice":"Paid","damage_taken":0,"relics_obtained":["Red Mask"],"max_hp_gain":0,"max_hp_loss":0,"event_name":"Tomb of Lord Red Mask","floor":48,"gold_loss":23}],"is_beta":false,"boss_relics":[{"not_picked":["Philosopher\u0027s Stone","Tiny House"],"picked":"Sozu"},{"not_picked":["Pandora\u0027s Box","Snecko Eye"],"picked":"Busted Crown"}],"items_purged_floors":[4,47],"is_endless":false,"potions_floor_spawned":[8,11,13,18,25,30,35,39,46],"killed_by":"Time Eater","ascension_level":1}}