{"host":"me6mz5vfpl3z3a3z","time":1610267311,"event":{"mods":["Act Like it!","Aspiration","BaseMod","CapriCore","Downfall","Friendly Minions","Gensokyo","Koishi","KomeijiMod","Marisa£®ÏF”Í°°ƒß¿Ì…≥£©","Minty Spire (QoL Compilation)","Pale of the Ancients","Reimu£®≤©¿ˆ¡È√Œ£©","Remilia£®¿Ÿ√◊¿Ú—«£©","RumiaBox-¬∂√◊Ê´µƒ…Ò√ÿ∫–◊”","Spicy Shops","StSLib","The Gatherer","The Hierophant","The Immortal","Yuyuko","°æπ¶ƒ‹Mod°øªÏ„Á÷Æª∑–ﬁ∏¥≤π∂°"],"gold_per_floor":[99,111,111,131,145,145,145,179,43,56,71,56,56,68,87,188,188,38,54,39,59,59,70,142,142,142,142],"floor_reached":25,"playtime":1216,"items_purged":[],"score":215,"play_id":"49bd325a-9d2a-41c3-b58d-583ad850100e","local_time":"20210110162831","is_ascension_mode":true,"campfire_choices":[{"floor":1,"key":"RECALL"},{"floor":13,"key":"REST"},{"data":"MokouMod:Geothermal","floor":18,"key":"SMITH"}],"circlet_count":0,"master_deck":["MokouMod:Strike","MokouMod:Strike","MokouMod:Strike","MokouMod:Defend","MokouMod:Defend","MokouMod:Defend","MokouMod:HeatSpark","MokouMod:SacredFire+1","MokouMod:FlareStarter","MokouMod:IgneousBlow","MokouMod:SearingShot","MokouMod:Overheat","MokouMod:BlazingComet","MokouMod:Geothermal+1","MokouMod:ResonatingAura"],"relics":["MokouMod:PhoenixFeather","Juzu Bracelet","GodSword4","Empty Cage","downfall:HeartBlessingRed","downfall:HeartBlessingBlue","aspiration:HummingbirdHeart"],"acts_visited":["Exordium","TheCity"],"potions_floor_usage":[8,16,16,25,25],"damage_taken":[{"damage":3,"enemies":"Jaw Worm","floor":2,"turns":3},{"damage":0,"enemies":"Cultist","floor":4,"turns":2},{"damage":3,"enemies":"Small Slimes","floor":5,"turns":3},{"damage":18,"enemies":"3 Sentries","floor":8,"turns":6},{"damage":5,"enemies":"downfall:FleeingMerchant","floor":9,"turns":4},{"damage":0,"enemies":"Exordium Wildlife","floor":10,"turns":2},{"damage":0,"enemies":"2 Fungi Beasts","floor":11,"turns":2},{"damage":5,"enemies":"downfall:FleeingMerchant","floor":12,"turns":4},{"damage":4,"enemies":"Gremlin Gang","floor":14,"turns":3},{"damage":16,"enemies":"Exordium Wildlife","floor":15,"turns":2},{"damage":22,"enemies":"downfall:Silent","floor":16,"turns":8},{"damage":14,"enemies":"Shell Parasite","floor":19,"turns":4},{"damage":15,"enemies":"downfall:FleeingMerchant","floor":20,"turns":4},{"damage":28,"enemies":"3 Byrds","floor":21,"turns":6},{"damage":30,"enemies":"Centurion and Healer","floor":23,"turns":7},{"damage":78,"enemies":"Gremlin Leader","floor":25,"turns":7}],"seed_played":"4937200198470523645","potions_obtained":[{"floor":4,"key":"Fire Potion"},{"floor":5,"key":"champ:CounterPotion"},{"floor":8,"key":"EssenceOfSteel"},{"floor":10,"key":"PowerPotion"},{"floor":23,"key":"SkillPotion"}],"is_trial":false,"path_per_floor":["R","M","?","M","M","?","T","E","$","M","M","$","R","M","M","B",null,"R","M","$","M","?","M","T","E"],"character_chosen":"MKU","items_purchased":["GodSword4"],"campfire_rested":1,"item_purchase_floors":[9],"current_hp_per_floor":[68,65,65,65,62,62,62,44,39,39,39,34,54,50,34,12,68,78,64,49,21,36,6,6,0,0,0],"gold":142,"neow_bonus":"THREE_RARE_CARDS","is_daily":false,"chose_seed":false,"campfire_upgraded":1,"win_rate":0.0,"timestamp":1610267311,"path_taken":["R","M","?","M","?","?","T","E","?","M","M","$","R","M","M","BOSS","R","M","$","M","?","M","T","E"],"items_purchased_type":["Relic"],"build_version":"2020-12-22","purchased_purges":0,"victory":false,"max_hp_per_floor":[68,68,68,68,68,68,68,68,68,68,68,68,68,68,68,68,68,78,78,78,78,78,78,78,78,78,78],"card_choices":[{"not_picked":["MokouMod:RadiantBlade","MokouMod:Extinguish"],"picked":"MokouMod:SacredFire","floor":0},{"not_picked":["MokouMod:Sear","MokouMod:WarmUp"],"picked":"MokouMod:FlareStarter","floor":2},{"not_picked":["MokouMod:IndiscriminateIgnition","MokouMod:Burn","MokouMod:Singe"],"picked":"SKIP","floor":4},{"not_picked":["MokouMod:Ember","MokouMod:RetainTemperature"],"picked":"MokouMod:IgneousBlow","floor":5},{"not_picked":["MokouMod:Overheat","MokouMod:ImperishableFlame","MokouMod:BurningDraft"],"picked":"SKIP","floor":8},{"not_picked":["MokouMod:IndiscriminateIgnition","MokouMod:Rekindle","MokouMod:ImperishableFlame"],"picked":"SKIP","floor":9},{"not_picked":["MokouMod:IndiscriminateIgnition","MokouMod:EternalBurstReactor"],"picked":"MokouMod:SearingShot","floor":10},{"not_picked":["MokouMod:FlickeringFlame","MokouMod:Trailblazer"],"picked":"MokouMod:Overheat","floor":11},{"not_picked":["MokouMod:Sear","MokouMod:Singe","MokouMod:ScorchingColumn"],"picked":"SKIP","floor":12},{"not_picked":["MokouMod:Singe","MokouMod:DanceofFlames"],"picked":"MokouMod:BlazingComet","floor":14},{"not_picked":["MokouMod:FujiyamaVolcano","MokouMod:UncontrollableSolarReaction","MokouMod:Firecracker"],"picked":"SKIP","floor":15},{"not_picked":["MokouMod:Rebirth","MokouMod:ExplosiveFlame"],"picked":"MokouMod:Geothermal","floor":16},{"not_picked":["MokouMod:Ember","MokouMod:ResoluteFlare","MokouMod:DanceofFlames"],"picked":"SKIP","floor":19},{"not_picked":["MokouMod:Extinguish","MokouMod:RoaringFlare"],"picked":"MokouMod:ResonatingAura","floor":20},{"not_picked":["MokouMod:SearingShot+1","MokouMod:RoaringFlare+1","MokouMod:FlickeringFlame"],"picked":"SKIP","floor":21},{"not_picked":["MokouMod:IndiscriminateIgnition","MokouMod:Sear","MokouMod:AdaptivePyromancy+1"],"picked":"SKIP","floor":23}],"player_experience":422467,"relics_obtained":[{"floor":8,"key":"Juzu Bracelet"},{"floor":24,"key":"aspiration:HummingbirdHeart"}],"event_choices":[{"damage_healed":0,"gold_gain":0,"player_choice":"Forge","damage_taken":0,"max_hp_gain":0,"max_hp_loss":0,"event_name":"Accursed Blacksmith","floor":3,"gold_loss":0,"cards_upgraded":["MokouMod:SacredFire"]}],"is_beta":false,"boss_relics":[{"not_picked":["Cursed Key","Runic Pyramid"],"picked":"Empty Cage"}],"items_purged_floors":[],"is_endless":false,"potions_floor_spawned":[4,5,8,10,15,23],"killed_by":"Gremlin Leader","ascension_level":1}}