{"host":"3qkmyeoym75lj4wn","time":1610288796,"event":{"mods":["2.2 Compatiblity","BaseMod","Block Reminder","Colored Powertips","Highlight Path","Minty Spire (QoL Compilation)","Permanent Neow","Potion Indicator Mod","Rare Cards Sparkle","Relic Stats","StSLib","Unceasing Turn Reminder"],"gold_per_floor":[110,53,53,53,53,94,114,133,133,133,176,176,220,236,236,329,329,345,361,381,144,159,159,84,122,167,26,49,49,63,63,63,159,159,178,209,209,209,222,222,222,241,241,241,241],"floor_reached":44,"playtime":1728,"items_purged":["Strike_B"],"score":892,"play_id":"b296a93e-04f1-472d-8e61-46c4bc4cae8a","local_time":"20210110142636","is_ascension_mode":true,"campfire_choices":[{"floor":15,"key":"REST"},{"data":"Go for the Eyes","floor":23,"key":"SMITH"},{"floor":29,"key":"REST"},{"floor":32,"key":"REST"},{"floor":40,"key":"RECALL"}],"circlet_count":0,"master_deck":["AscendersBane","Defend_B","Defend_B","Defend_B","Defend_B","Zap+1","Dualcast","Gash","Ball Lightning","Coolheaded","Conserve Battery","Melter","Steam","Cold Snap","Rainbow","Go for the Eyes+1","Go for the Eyes+1","Echo Form+1","Gash","Defragment+1","Conserve Battery+1","Capacitor+1","BootSequence+1","Biased Cognition+1","Coolheaded+1","Ball Lightning","Parasite"],"relics":["Cracked Core","Anchor","Golden Idol","StrikeDummy","Pantograph","Letter Opener","Frozen Egg 2","Symbiotic Virus","Cursed Key","Omamori","Toxic Egg 2","MealTicket","Fusion Hammer","Torii","Cables"],"acts_visited":["Exordium","TheCity","TheBeyond"],"potions_floor_usage":[11,13,16,25,35,44],"damage_taken":[{"damage":3,"enemies":"Small Slimes","floor":1,"turns":4},{"damage":39,"enemies":"Gremlin Nob","floor":6,"turns":4},{"damage":0,"enemies":"Jaw Worm","floor":7,"turns":2},{"damage":0,"enemies":"Cultist","floor":8,"turns":3},{"damage":3,"enemies":"3 Sentries","floor":11,"turns":7},{"damage":5,"enemies":"Lagavulin","floor":13,"turns":5},{"damage":0,"enemies":"Exordium Wildlife","floor":14,"turns":2},{"damage":9,"enemies":"Slime Boss","floor":16,"turns":11},{"damage":9,"enemies":"Shell Parasite","floor":18,"turns":2},{"damage":0,"enemies":"3 Byrds","floor":19,"turns":3},{"damage":9,"enemies":"Sentry and Sphere","floor":20,"turns":3},{"damage":2,"enemies":"Centurion and Healer","floor":22,"turns":7},{"damage":26,"enemies":"Book of Stabbing","floor":25,"turns":7},{"damage":15,"enemies":"3 Cultists","floor":28,"turns":5},{"damage":2,"enemies":"Snecko","floor":30,"turns":4},{"damage":2,"enemies":"Champ","floor":33,"turns":13},{"damage":18,"enemies":"3 Darklings","floor":35,"turns":5},{"damage":6,"enemies":"Mind Bloom Boss Battle","floor":36,"turns":9},{"damage":2,"enemies":"Orb Walker","floor":39,"turns":5},{"damage":16,"enemies":"Transient","floor":42,"turns":6},{"damage":56,"enemies":"Reptomancer","floor":44,"turns":2}],"seed_played":"-2512799525726378172","potions_obtained":[{"floor":7,"key":"Block Potion"},{"floor":11,"key":"SteroidPotion"},{"floor":14,"key":"SteroidPotion"},{"floor":19,"key":"Block Potion"},{"floor":20,"key":"SteroidPotion"},{"floor":33,"key":"SpeedPotion"},{"floor":35,"key":"EntropicBrew"}],"is_trial":false,"path_per_floor":["M","$","?","?","?","E","M","M","T","?","E","T","E","M","R","B",null,"M","M","M","$","M","R","?","E","T","$","M","R","M","?","R","B",null,"M","?","T","$","M","R","?","M","T","E"],"character_chosen":"DEFECT","items_purchased":["Ball Lightning","Omamori","Defragment+1","Conserve Battery+1"],"campfire_rested":3,"item_purchase_floors":[2,21,27,27],"current_hp_per_floor":[61,61,61,61,61,22,22,22,22,22,19,19,14,14,33,49,60,51,51,42,42,40,40,40,14,14,29,14,33,31,31,50,62,64,46,58,58,64,62,62,62,46,46,0,0],"gold":241,"neow_bonus":"RANDOM_COMMON_RELIC","is_daily":false,"chose_seed":false,"campfire_upgraded":1,"win_rate":0.0,"timestamp":1610288796,"path_taken":["M","$","?","?","?","E","?","M","T","?","E","?","E","M","R","BOSS","M","M","M","$","M","R","?","E","T","$","M","R","M","?","R","BOSS","M","?","?","$","M","R","?","?","T","E"],"items_purchased_type":["Card","Relic","Card","Card"],"build_version":"2020-12-22","purchased_purges":1,"victory":false,"max_hp_per_floor":[71,71,64,64,64,64,64,64,64,64,64,64,64,64,64,64,64,64,64,64,64,64,64,64,64,64,64,64,64,64,64,64,64,64,64,64,64,64,64,64,64,64,64,64,64],"relic_stats":{"Torii":5,"counters":[21,109],"Golden Idol":121,"Pantograph":57,"MealTicket":21,"Letter Opener":[200],"Cursed Key":3,"obtain_stats":[{"Torii":36,"Golden Idol":3,"Omamori":21,"Letter Opener":11,"Frozen Egg 2":12,"Cursed Key":17,"Cables":43,"Anchor":0,"Pantograph":9,"MealTicket":26,"Fusion Hammer":34,"Toxic Egg 2":25,"Cracked Core":0,"StrikeDummy":6,"Symbiotic Virus":13},{"Torii":18,"Golden Idol":1,"Omamori":11,"Letter Opener":5,"Frozen Egg 2":5,"Cursed Key":8,"Cables":20,"Anchor":0,"Pantograph":4,"MealTicket":13,"Fusion Hammer":16,"Toxic Egg 2":13,"Cracked Core":0,"StrikeDummy":2,"Symbiotic Virus":6},{"Torii":96,"Golden Idol":4,"Omamori":46,"Letter Opener":20,"Frozen Egg 2":20,"Cursed Key":38,"Cables":107,"Anchor":0,"Pantograph":13,"MealTicket":60,"Fusion Hammer":82,"Toxic Egg 2":60,"Cracked Core":0,"StrikeDummy":8,"Symbiotic Virus":25}],"Cables":[2,2,0,0,0]},"card_choices":[{"not_picked":["Stack","Coolheaded"],"picked":"Gash","floor":1},{"not_picked":["Heatsinks","Barrage"],"picked":"Coolheaded","floor":6},{"not_picked":["Skim","Steam"],"picked":"Conserve Battery","floor":7},{"not_picked":["Hologram","Turbo"],"picked":"Melter","floor":8},{"not_picked":["FTL","Streamline"],"picked":"Steam","floor":11},{"not_picked":["Compile Driver","Barrage"],"picked":"Cold Snap","floor":13},{"not_picked":["Beam Cell","Barrage","Conserve Battery"],"picked":"SKIP","floor":14},{"not_picked":["Thunder Strike","Machine Learning+1"],"picked":"Rainbow","floor":16},{"not_picked":["Stack","Barrage"],"picked":"Go for the Eyes","floor":18},{"not_picked":["Auto Shields","Skim"],"picked":"Go for the Eyes+1","floor":19},{"not_picked":["Go for the Eyes","Stack+1","Streamline"],"picked":"SKIP","floor":20},{"not_picked":["Undo","Redo"],"picked":"Echo Form+1","floor":22},{"not_picked":["Recycle+1","Aggregate+1"],"picked":"Gash","floor":25},{"not_picked":["Rebound","Streamline","Turbo+1"],"picked":"SKIP","floor":28},{"not_picked":["Hologram+1","Darkness+1"],"picked":"Capacitor+1","floor":30},{"not_picked":["Core Surge","Seek+1"],"picked":"Biased Cognition+1","floor":33},{"not_picked":["Streamline","Conserve Battery+1"],"picked":"Coolheaded+1","floor":35},{"not_picked":["Go for the Eyes+1","Heatsinks+1"],"picked":"Ball Lightning","floor":36},{"not_picked":["Sweeping Beam+1","Hello World+1","Stack+1"],"picked":"SKIP","floor":39},{"not_picked":["Conserve Battery+1","Sweeping Beam","Turbo+1"],"picked":"SKIP","floor":42}],"player_experience":1661915,"relics_obtained":[{"floor":6,"key":"StrikeDummy"},{"floor":9,"key":"Pantograph"},{"floor":11,"key":"Letter Opener"},{"floor":12,"key":"Frozen Egg 2"},{"floor":13,"key":"Symbiotic Virus"},{"floor":25,"key":"Toxic Egg 2"},{"floor":26,"key":"MealTicket"},{"floor":36,"key":"Torii"},{"floor":43,"key":"Cables"}],"event_choices":[{"damage_healed":0,"gold_gain":0,"player_choice":"Lose Max HP","damage_taken":0,"relics_obtained":["Golden Idol"],"max_hp_gain":0,"max_hp_loss":7,"event_name":"Golden Idol","floor":3,"gold_loss":0},{"damage_healed":0,"gold_gain":0,"player_choice":"Grow","damage_taken":0,"max_hp_gain":0,"max_hp_loss":0,"event_name":"Living Wall","floor":4,"gold_loss":0,"cards_upgraded":["Zap"]},{"cards_removed":["Strike_B"],"damage_healed":0,"gold_gain":0,"player_choice":"Offered Basic","damage_taken":0,"max_hp_gain":0,"max_hp_loss":0,"event_name":"Bonfire Elementals","floor":5,"gold_loss":0},{"damage_healed":0,"gold_gain":0,"player_choice":"Ignored","damage_taken":0,"max_hp_gain":0,"max_hp_loss":0,"event_name":"Shining Light","floor":10,"gold_loss":0},{"cards_removed":["Strike_B"],"damage_healed":0,"gold_gain":0,"player_choice":"Gave Gold","damage_taken":0,"max_hp_gain":0,"max_hp_loss":0,"event_name":"Beggar","floor":24,"gold_loss":75},{"damage_healed":0,"gold_gain":0,"cards_transformed":["Strike_B"],"player_choice":"Transformed","damage_taken":0,"max_hp_gain":0,"max_hp_loss":0,"event_name":"Transmorgrifier","floor":31,"gold_loss":0,"cards_obtained":["BootSequence"]},{"damage_healed":0,"gold_gain":0,"player_choice":"Fight","damage_taken":0,"max_hp_gain":0,"max_hp_loss":0,"event_name":"MindBloom","floor":36,"gold_loss":0},{"damage_healed":0,"gold_gain":0,"player_choice":"Ignored","damage_taken":0,"max_hp_gain":0,"max_hp_loss":0,"event_name":"Tomb of Lord Red Mask","floor":41,"gold_loss":0}],"is_beta":false,"boss_relics":[{"not_picked":["Velvet Choker","Snecko Eye"],"picked":"Cursed Key"},{"not_picked":["Runic Pyramid","Astrolabe"],"picked":"Fusion Hammer"}],"items_purged_floors":[21],"is_endless":false,"potions_floor_spawned":[7,11,14,19,20,33,35],"killed_by":"Reptomancer","ascension_level":20}}