{"host":"bjzqjr1ycgj8gt55","time":1610301433,"event":{"mods":["100% Spire Juice","BaseMod","Better Altar","Better Match","Better Sensory Stone","Better Skull","Better Third Choice","Better Vampires","Block Reminder","Colored Map","Colored Powertips","GifTheSpireLib","Hermit","Infinite Spire","Minty Spire (QoL Compilation)","Rare Cards Sparkle","Red Circlet Mod","Shade Mod","Shop Mod","Spicy Shops","StSLib","The Cursed","The Jungle","The Marked","The Necromancer","Waifu the Spire","everything is the same but u backflip on backflip","slay the spire mod where everything is the same but ironclad has a cowboy hat"],"gold_per_floor":[119,0,19,36,19,19,48,18,18,35,35,35,54,72,72,72,72],"floor_reached":16,"playtime":841,"items_purged":[],"score":104,"play_id":"a480f910-29bd-447a-a1b3-16cba87ce23c","local_time":"20210110115713","is_ascension_mode":false,"campfire_choices":[{"data":"Negative_Energy_Sphere","floor":6,"key":"SMITH"},{"floor":15,"key":"REST"}],"circlet_count":0,"master_deck":["Strike_W","Strike_W","Strike_W","Strike_W","Defend_W","Defend_W","Defend_W","Defend_W","Negative_Energy_Arrows","Bone_Wall","Blood_Magic","Negative_Energy_Sphere+1","Enlightenment","Negative_Energy_Mist","Negative_Energy_Shield","Bone_Shift","Negative_Energy_Burst","Negative_Energy_Javelin+1","Bone_Armor"],"relics":["Vampire_Amulet","Matryoshka","infinitespire:Satchel","Bottled Tornado","Boot","Centennial Puzzle"],"acts_visited":["Exordium"],"potions_floor_usage":[5,5,16],"damage_taken":[{"damage":6,"enemies":"Small Slimes","floor":1,"turns":3},{"damage":7,"enemies":"2 Louse","floor":3,"turns":3},{"damage":7,"enemies":"Jaw Worm","floor":4,"turns":5},{"damage":5,"enemies":"Exordium Thugs","floor":5,"turns":5},{"damage":54,"enemies":"3 Sentries","floor":7,"turns":13},{"damage":0,"enemies":"Looter","floor":8,"turns":4},{"damage":3,"enemies":"Large Slime","floor":10,"turns":5},{"damage":0,"enemies":"3 Louse","floor":13,"turns":2},{"damage":0,"enemies":"2 Fungi Beasts","floor":14,"turns":4},{"damage":68,"enemies":"Slime Boss","floor":16,"turns":8}],"seed_played":"-3632961072248099298","potions_obtained":[{"floor":3,"key":"Fire Potion"},{"floor":4,"key":"FearPotion"},{"floor":7,"key":"Strength Potion"}],"is_trial":false,"path_per_floor":["M","?","M","M","M","R","E","M","T","M","?","T","M","M","R","B"],"character_chosen":"NECROMANCER","items_purchased":[],"campfire_rested":1,"item_purchase_floors":[],"current_hp_per_floor":[71,77,74,69,66,66,18,18,18,19,19,19,25,29,53,0,0],"gold":72,"neow_bonus":"ONE_RANDOM_RARE_CARD","is_daily":false,"chose_seed":false,"campfire_upgraded":1,"win_rate":0.0,"timestamp":1610301433,"path_taken":["M","?","M","M","M","R","E","M","T","M","?","?","?","M","R","BOSS"],"items_purchased_type":[],"build_version":"2020-12-22","purchased_purges":0,"victory":false,"max_hp_per_floor":[75,81,81,81,81,81,81,81,81,81,81,81,81,81,81,81,81],"card_choices":[{"not_picked":["Bone_Bullets","Bone_Armor"],"picked":"Negative_Energy_Sphere","floor":1},{"not_picked":["Bone_Bullets","Shackles_Of_Pain"],"picked":"Negative_Energy_Mist","floor":3},{"not_picked":["Bone_Bullets","Toxic_Smoke_Screen"],"picked":"Negative_Energy_Shield","floor":4},{"not_picked":["Necromantic_Selection","Death_March_Dance"],"picked":"Bone_Shift","floor":5},{"not_picked":["Bone_Bullets","Bone_Shift"],"picked":"Negative_Energy_Burst","floor":7},{"not_picked":["Negative_Energy_Bomb","Vampiric_Strike"],"picked":"Negative_Energy_Javelin","floor":8},{"not_picked":["Blood_Is_Power","Consume_Illness","Bone_Shift"],"picked":"SKIP","floor":10},{"not_picked":["Negative_Energy_Sphere","Shackles_Of_Pain"],"picked":"Bone_Armor","floor":13},{"not_picked":["Consume_Illness","Shackles_Of_Pain","Bone_Armor"],"picked":"SKIP","floor":14}],"player_experience":144511,"relics_obtained":[{"floor":7,"key":"Matryoshka"},{"floor":9,"key":"infinitespire:Satchel"},{"floor":9,"key":"Bottled Tornado"},{"floor":12,"key":"Boot"},{"floor":12,"key":"Centennial Puzzle"}],"event_choices":[{"damage_healed":0,"gold_gain":0,"player_choice":"RENOUNCE","damage_taken":119,"max_hp_gain":0,"max_hp_loss":0,"event_name":"betterThird:BetterSerpent","floor":2,"gold_loss":119,"cards_obtained":["Enlightenment"]},{"damage_healed":0,"gold_gain":0,"player_choice":"Grow","damage_taken":0,"max_hp_gain":0,"max_hp_loss":0,"event_name":"Living Wall","floor":11,"gold_loss":0,"cards_upgraded":["Negative_Energy_Javelin"]}],"is_beta":false,"boss_relics":[],"items_purged_floors":[],"is_endless":false,"potions_floor_spawned":[3,4,7],"killed_by":"Slime Boss","ascension_level":0}}