{"host":"ig7tc0uedzltt2sr","time":1610260346,"event":{"mods":["BaseMod","Better Twitch Integration","Block Reminder","Colored Map","Colored Powertips","Communication Mod","Current Relic Mod","GifTheSpireLib","HexUI Lib","Minty Spire (QoL Compilation)","Quick Restart","Random Character Button","Rare Cards Sparkle","Relic Sorter","Relic Stats","Slay the Relics Exporter","StSLib","SuperFastMode","Synergy Search","Twitch Decklist","Twitch Utils","everything is the same but u backflip on backflip","slay the spire mod where everything is the same but ironclad has a cowboy hat"],"gold_per_floor":[116,128,144,144,156,156,176,176,176],"floor_reached":8,"playtime":30,"items_purged":[],"score":50,"play_id":"8360bd8a-6e12-4f17-8a36-e885a0160d6c","local_time":"20210109223226","is_ascension_mode":false,"campfire_choices":[{"data":"Defend_R","floor":6,"key":"SMITH"}],"circlet_count":0,"master_deck":["Strike_R","Strike_R","Strike_R","Strike_R","Strike_R","Defend_R+1","Defend_R","Defend_R","Defend_R","Bash"],"relics":["Burning Blood","NeowsBlessing"],"acts_visited":["Exordium"],"potions_floor_usage":[],"damage_taken":[{"damage":0,"enemies":"Cultist","floor":1,"turns":1},{"damage":0,"enemies":"Small Slimes","floor":2,"turns":1},{"damage":0,"enemies":"Jaw Worm","floor":3,"turns":1},{"damage":32,"enemies":"Looter","floor":5,"turns":4},{"damage":24,"enemies":"Blue Slaver","floor":7,"turns":3},{"damage":36,"enemies":"Lagavulin","floor":8,"turns":4}],"seed_played":"4337513218796698282","potions_obtained":[{"floor":1,"key":"SkillPotion"},{"floor":3,"key":"Swift Potion"},{"floor":4,"key":"ElixirPotion"}],"is_trial":false,"path_per_floor":["M","M","M","?","M","R","M","E"],"character_chosen":"IRONCLAD","items_purchased":[],"campfire_rested":0,"item_purchase_floors":[],"current_hp_per_floor":[80,80,80,80,54,54,36,0,0],"gold":176,"neow_bonus":"THREE_ENEMY_KILL","is_daily":false,"chose_seed":false,"campfire_upgraded":1,"win_rate":0.0,"timestamp":1610260346,"path_taken":["M","?","M","?","M","R","M","E"],"items_purchased_type":[],"build_version":"2020-12-22","purchased_purges":0,"victory":false,"max_hp_per_floor":[80,80,80,80,80,80,80,80,80],"relic_stats":{"counters":[6,14],"obtain_stats":[{"NeowsBlessing":0,"Burning Blood":0},{"NeowsBlessing":0,"Burning Blood":0},{"NeowsBlessing":0,"Burning Blood":0}],"Burning Blood":12},"card_choices":[{"not_picked":["Combust","Sword Boomerang","Cleave"],"picked":"SKIP","floor":1},{"not_picked":["Clash","Battle Trance","Clothesline"],"picked":"SKIP","floor":2},{"not_picked":["Wild Strike","Headbutt","Iron Wave"],"picked":"SKIP","floor":3},{"not_picked":["Spot Weakness","Twin Strike","Pommel Strike"],"picked":"SKIP","floor":5},{"not_picked":["True Grit","Spot Weakness","Combust"],"picked":"SKIP","floor":7}],"player_experience":1496719,"relics_obtained":[],"event_choices":[{"damage_healed":0,"gold_gain":0,"player_choice":"Got Potions","damage_taken":0,"max_hp_gain":0,"max_hp_loss":0,"event_name":"Lab","floor":4,"gold_loss":0}],"is_beta":false,"boss_relics":[],"items_purged_floors":[],"is_endless":false,"potions_floor_spawned":[1,3,5],"killed_by":"Lagavulin","ascension_level":0}}