{"host":"0fmi5fguj5lvt8pf","time":1610276895,"event":{"mods":["BaseMod","Colored Map","Curses Come First","Downfall","Minty Spire (QoL Compilation)","Permanent Neow","StSLib","Waifu the Spire"],"gold_per_floor":[99,116,116,131,131,41,41,41,26,44,44,63,63,95,112,112,112,112],"floor_reached":16,"playtime":547,"items_purged":["champ:Defend"],"score":100,"play_id":"dfffac89-65e3-47a5-ad90-7870acbb2d6d","local_time":"20210110030815","is_ascension_mode":false,"campfire_choices":[{"data":"champ:Devastate","floor":1,"key":"SMITH"},{"data":"champ:RageSigil","floor":8,"key":"SMITH"},{"floor":11,"key":"RECALL"},{"data":"champ:Duel","floor":13,"key":"SMITH"}],"circlet_count":0,"master_deck":["champ:Strike","champ:Strike","champ:Strike","champ:Strike","champ:Defend","champ:Defend","champ:Defend","champ:Execute","champ:Taunt","champ:Devastate+1","champ:RageSigil+1","champ:Duel+1"],"relics":["champ:ChampionCrown","Regal Pillow","Torii","CeramicFish"],"acts_visited":["Exordium"],"potions_floor_usage":[16],"damage_taken":[{"damage":7,"enemies":"2 Louse","floor":2,"turns":3},{"damage":8,"enemies":"Jaw Worm","floor":4,"turns":3},{"damage":10,"enemies":"downfall:FleeingMerchant","floor":6,"turns":4},{"damage":5,"enemies":"downfall:FleeingMerchant","floor":9,"turns":4},{"damage":0,"enemies":"Cultist","floor":10,"turns":2},{"damage":6,"enemies":"Exordium Wildlife","floor":12,"turns":2},{"damage":11,"enemies":"Gremlin Nob","floor":14,"turns":4},{"damage":8,"enemies":"3 Louse","floor":15,"turns":5},{"damage":49,"enemies":"downfall:Defect","floor":16,"turns":6}],"seed_played":"3801079266107943407","potions_obtained":[{"floor":4,"key":"SteroidPotion"},{"floor":14,"key":"Strength Potion"},{"floor":15,"key":"SpeedPotion"}],"is_trial":false,"path_per_floor":["R","M","?","M","?","$","T","R","$","M","R","M","R","E","M","B"],"character_chosen":"THE_CHAMP","items_purchased":[],"campfire_rested":0,"item_purchase_floors":[],"current_hp_per_floor":[81,79,72,64,69,64,64,64,64,64,64,58,58,57,49,0,0,0],"gold":112,"neow_bonus":"THREE_RARE_CARDS","is_daily":false,"chose_seed":false,"campfire_upgraded":3,"win_rate":0.0,"timestamp":1610276895,"path_taken":["R","M","?","M","?","?","T","R","$","M","R","?","R","E","M","BOSS"],"items_purchased_type":[],"build_version":"2020-12-22","purchased_purges":1,"victory":false,"max_hp_per_floor":[81,81,81,81,86,86,86,86,86,86,86,86,86,86,86,86,86,86],"card_choices":[{"not_picked":["champ:EnchantShield","champ:HoldFirm"],"picked":"champ:Devastate","floor":0},{"not_picked":["champ:FlashCut","champ:SwordSigil"],"picked":"champ:RageSigil","floor":2},{"not_picked":["champ:Circumvent","champ:HeartStrike","champ:EnragedBash"],"picked":"SKIP","floor":4},{"not_picked":["champ:ShieldSigil","champ:ShieldThrow","champ:GladiatorsShout"],"picked":"SKIP","floor":6},{"not_picked":["champ:DefensiveStyle","champ:PreciseThrust","champ:BladeFlurry"],"picked":"SKIP","floor":9},{"not_picked":["champ:BerserkersShout","champ:ShieldSigil","champ:TornadoPunch"],"picked":"SKIP","floor":10},{"not_picked":["champ:FlashCut","champ:AdrenalArmor"],"picked":"champ:Duel","floor":12},{"not_picked":["champ:ShieldThrow","champ:FightOn","champ:EnragedBash"],"picked":"SKIP","floor":14},{"not_picked":["champ:BladeFlurry","champ:Shatter","champ:Encircle"],"picked":"SKIP","floor":15}],"player_experience":1318685,"relics_obtained":[{"floor":7,"key":"Torii"},{"floor":14,"key":"CeramicFish"}],"event_choices":[{"damage_healed":0,"gold_gain":0,"player_choice":"Success","damage_taken":7,"relics_obtained":["Regal Pillow"],"max_hp_gain":0,"max_hp_loss":0,"event_name":"Scrap Ooze","floor":3,"gold_loss":0},{"damage_healed":0,"gold_gain":0,"player_choice":"Donut","damage_taken":0,"max_hp_gain":5,"max_hp_loss":0,"event_name":"Big Fish","floor":5,"gold_loss":0}],"is_beta":false,"boss_relics":[],"items_purged_floors":[6],"is_endless":false,"potions_floor_spawned":[4,14,15],"killed_by":"downfall:Defect","ascension_level":0}}