{"host":"058erotkld4bsq33","time":1610254728,"event":{"mods":["BaseMod","Better Third Choice","Colored Powertips","Curses Come First","Dark Map","Minty Spire (QoL Compilation)","Quick Restart","Rare Cards Sparkle","Relic Stats","StSLib","UnlockEverythingMod"],"gold_per_floor":[210,210,54,72,72,89,89,89,89,52,68,68,68,87,87,87,87],"floor_reached":16,"playtime":508,"items_purged":[],"score":90,"play_id":"413dc51f-1a98-4757-8b4a-50c77fae8dd1","local_time":"20210109205848","is_ascension_mode":false,"campfire_choices":[{"data":"Masterful Stab","floor":7,"key":"SMITH"},{"data":"Masterful Stab","floor":12,"key":"SMITH"},{"data":"Wraith Form v2","floor":15,"key":"SMITH"}],"circlet_count":0,"master_deck":["Strike_G","Strike_G","Strike_G","Strike_G","Strike_G","Defend_G","Defend_G","Defend_G","Defend_G","Defend_G","Survivor","Neutralize","Masterful Stab+1","Catalyst","Masterful Stab+1","Footwork","Dodge and Roll","Wraith Form v2+1"],"relics":["Ring of the Snake","PreservedInsect","Nunchaku","Mummified Hand"],"acts_visited":["Exordium"],"potions_floor_usage":[16,16,16],"damage_taken":[{"damage":1,"enemies":"Jaw Worm","floor":1,"turns":5},{"damage":0,"enemies":"Cultist","floor":4,"turns":3},{"damage":0,"enemies":"2 Louse","floor":6,"turns":2},{"damage":0,"enemies":"Red Slaver","floor":11,"turns":5},{"damage":1,"enemies":"3 Louse","floor":14,"turns":3},{"damage":70,"enemies":"Hexaghost","floor":16,"turns":11}],"seed_played":"56553186028945096","potions_obtained":[{"floor":1,"key":"Explosive Potion"},{"floor":4,"key":"Ancient Potion"},{"floor":14,"key":"GamblersBrew"}],"is_trial":false,"path_per_floor":["M","?","$","M","T","M","R","?","T","$","M","R","$","M","R","B"],"character_chosen":"THE_SILENT","items_purchased":["PreservedInsect","Footwork"],"campfire_rested":0,"item_purchase_floors":[3,10],"current_hp_per_floor":[69,69,69,69,69,69,69,69,69,69,69,69,69,68,68,0,0],"gold":87,"neow_bonus":"HUNDRED_GOLD","is_daily":false,"chose_seed":false,"campfire_upgraded":3,"win_rate":0.0,"timestamp":1610254728,"path_taken":["M","?","$","?","?","M","R","?","T","$","M","R","$","?","R","BOSS"],"items_purchased_type":["Relic","Card"],"build_version":"2020-12-22","purchased_purges":0,"victory":false,"max_hp_per_floor":[70,70,70,70,70,70,70,70,70,70,70,70,70,70,70,70,70],"relic_stats":{"Nunchaku":[4],"counters":[6,29],"Mummified Hand":[4],"PreservedInsect":0,"obtain_stats":[{"Nunchaku":5,"Mummified Hand":9,"PreservedInsect":3,"Ring of the Snake":0},{"Nunchaku":2,"Mummified Hand":3,"PreservedInsect":1,"Ring of the Snake":0},{"Nunchaku":8,"Mummified Hand":10,"PreservedInsect":5,"Ring of the Snake":0}],"Ring of the Snake":[12]},"card_choices":[{"not_picked":["Setup","Well Laid Plans"],"picked":"Masterful Stab","floor":1},{"not_picked":["Sucker Punch","Blade Dance"],"picked":"Catalyst","floor":4},{"not_picked":["Prepared","Finisher"],"picked":"Masterful Stab","floor":6},{"not_picked":["Cloak And Dagger","Quick Slash"],"picked":"Dodge and Roll","floor":11},{"not_picked":["Cloak And Dagger","Distraction"],"picked":"Wraith Form v2","floor":14}],"player_experience":97126,"relics_obtained":[{"floor":5,"key":"Nunchaku"},{"floor":9,"key":"Mummified Hand"}],"event_choices":[{"damage_healed":0,"gold_gain":0,"player_choice":"Ignored","damage_taken":0,"max_hp_gain":0,"max_hp_loss":0,"event_name":"Purifier","floor":2,"gold_loss":0},{"damage_healed":0,"gold_gain":0,"player_choice":"Ignored","damage_taken":0,"max_hp_gain":0,"max_hp_loss":0,"event_name":"Upgrade Shrine","floor":8,"gold_loss":0}],"is_beta":false,"boss_relics":[],"items_purged_floors":[],"is_endless":false,"potions_floor_spawned":[1,4,14],"killed_by":"Hexaghost","ascension_level":0}}