{"host":"2lvuisjyit3p3u01","time":1610302928,"event":{"mods":["Act Like it!","BaseMod","Bestiary","Better Synergies","CapriCore","Colored Map","Colored Powertips","Duelist Mod","GifTheSpireLib","Minty Spire (QoL Compilation)","Quick Restart","Replay The Spire","StSLib"],"gold_per_floor":[143,143,21,97,97,135,135,155,178,198,198,25,38,61,61,182,182,206,54,54,54,54,69,69,69,83,8,8,8,8],"floor_reached":29,"playtime":845,"items_purged":["theDuelist:CastleWalls","theDuelist:Sparks"],"score":246,"play_id":"58a3b3c8-9b66-4dda-b4bb-937152d61a3a","local_time":"20210110202208","is_ascension_mode":false,"campfire_choices":[{"data":"theDuelist:GaiaFierce","floor":7.0,"key":"SMITH"},{"data":"theDuelist:MightyWarrior","floor":11.0,"key":"SMITH"},{"data":"theDuelist:ColossalFighter","floor":15.0,"key":"SMITH"},{"data":"theDuelist:BladeArmorNinja","floor":25.0,"key":"SMITH"}],"circlet_count":0,"master_deck":["theDuelist:BloodSparks","theDuelist:ColossalFighter+1","theDuelist:CommandKnight","theDuelist:FeedbackWarrior","theDuelist:FeedbackWarrior","theDuelist:MightyWarrior+1","theDuelist:SuperheavySoulbuster+1","theDuelist:Mudballman","theDuelist:GaiaFierce+1","theDuelist:GoyoDefender","theDuelist:ArmorBreaker","theDuelist:SuperheavySoulbuster","theDuelist:BladeKnight","theDuelist:BladeArmorNinja+1","theDuelist:SoldierLady","theDuelist:ScrapFactory"],"relics":["theDuelist:MillenniumPuzzle","theDuelist:CardPoolRelic","theDuelist:CardPoolBasicRelic","theDuelist:BoosterPackPoolRelic","theDuelist:CardPoolAddRelic","theDuelist:CardPoolMinusRelic","theDuelist:CardPoolSaveRelic","theDuelist:CardPoolOptionsRelic","NeowsBlessing","Golden Idol","Bronze Scales","theDuelist:DuelistTeaSet","Replay:Grab Bag","Replay:Bronze Core","Velvet Choker","SacredBark","King of Hearts","theDuelist:TributeEggRelic","theDuelist:SolderToken"],"acts_visited":["Exordium","TheCity"],"potions_floor_usage":[],"damage_taken":[{"damage":0.0,"enemies":"Jaw Worm","floor":1.0,"turns":1.0},{"damage":0.0,"enemies":"Gremlin Nob","floor":6.0,"turns":1.0},{"damage":0.0,"enemies":"2 Louse","floor":8.0,"turns":1.0},{"damage":0.0,"enemies":"Small Slimes","floor":10.0,"turns":1.0},{"damage":14.0,"enemies":"Blue Slaver","floor":13.0,"turns":2.0},{"damage":6.0,"enemies":"Red Slaver","floor":14.0,"turns":2.0},{"damage":35.0,"enemies":"Fading Forest","floor":16.0,"turns":11.0},{"damage":16.0,"enemies":"2 Thieves","floor":18.0,"turns":2.0},{"damage":0.0,"enemies":"Spheric Guardian","floor":23.0,"turns":1.0},{"damage":49,"enemies":"Shelled Parasite and Fungi","floor":26,"turns":4},{"damage":17,"enemies":"Snake Plant","floor":29,"turns":2}],"seed_played":"251649355596704582","potions_obtained":[{"floor":6.0,"key":"SpeedPotion"},{"floor":8.0,"key":"theDuelist:SealedPackB"},{"floor":10.0,"key":"EssenceOfSteel"},{"floor":26,"key":"theDuelist:DestructPotionPotB"}],"is_trial":false,"path_per_floor":["M","?","$","?","?","E","R","M","T","M","R","$","M","M","R","B",null,"M","$","PTL","PTL","?","M","T","R","M","?","T","M"],"character_chosen":"THE_DUELIST","items_purchased":["theDuelist:GaiaFierce","theDuelist:SuperheavySoulbuster","theDuelist:BladeKnight","King of Hearts"],"campfire_rested":0,"item_purchase_floors":[3,12,12,19],"current_hp_per_floor":[80,74,74,74,74,74,74,78,78,78,78,78,64,58,58,45,78,62,62,62,62,62,62,62,62,17,17,17,0,0],"gold":8,"neow_bonus":"THREE_ENEMY_KILL","is_daily":false,"chose_seed":false,"campfire_upgraded":4,"win_rate":0.0,"timestamp":1610302928,"path_taken":["M","?","$","?","?","E","R","?","T","M","R","?","M","M","R","BOSS","M","?","PTL","PTL","?","M","?","R","M","?","T","M"],"items_purchased_type":["Card","Card","Card","Relic"],"build_version":"2020-12-22","purchased_purges":2,"victory":false,"max_hp_per_floor":[80,74,74,74,74,74,74,78,78,78,78,78,78,78,78,78,78,78,78,78,78,78,78,78,78,82,82,82,82,82],"card_choices":[{"not_picked":[],"picked":"theDuelist:Mudballman","floor":1.0},{"not_picked":[],"picked":"theDuelist:GoyoDefender","floor":6.0},{"not_picked":[],"picked":"theDuelist:ArmorBreaker","floor":8.0},{"not_picked":["theDuelist:PurplePainOni"],"picked":"SKIP","floor":10.0},{"not_picked":["theDuelist:Metronome"],"picked":"SKIP","floor":13.0},{"not_picked":["theDuelist:GoyoDefender"],"picked":"SKIP","floor":14.0},{"not_picked":[],"picked":"theDuelist:BladeArmorNinja","floor":16.0},{"not_picked":["theDuelist:SuperheavyOgre","theDuelist:AlphaMagnet","theDuelist:BladeKnight","theDuelist:FlameSwordsman"],"picked":"theDuelist:SoldierLady","floor":18.0},{"not_picked":["theDuelist:CombinationAttack+1","theDuelist:BattleWarrior","theDuelist:Mudballman","theDuelist:DarkBurningAttack+1","theDuelist:FlameSwordsman"],"picked":"SKIP","floor":23.0},{"not_picked":["theDuelist:SuperheavyOgre","theDuelist:MagnumShield","theDuelist:Hayate","theDuelist:AgainstTheWind"],"picked":"theDuelist:ScrapFactory","floor":26}],"player_experience":284904,"relics_obtained":[{"floor":6.0,"key":"Bronze Scales"},{"floor":9.0,"key":"theDuelist:DuelistTeaSet"},{"floor":24.0,"key":"theDuelist:TributeEggRelic"},{"floor":28,"key":"theDuelist:SolderToken"}],"event_choices":[{"damage_healed":0.0,"max_hp_gain":0.0,"max_hp_loss":6.0,"gold_gain":0.0,"event_name":"Golden Idol","player_choice":"Lose Max HP","floor":2.0,"gold_loss":0.0,"damage_taken":0.0,"relics_obtained":["Golden Idol"]},{"damage_healed":0.0,"max_hp_gain":0.0,"max_hp_loss":0.0,"gold_gain":76.0,"event_name":"Golden Wing","player_choice":"Gained Gold","floor":4.0,"gold_loss":0.0,"damage_taken":0.0},{"damage_healed":0.0,"max_hp_gain":0.0,"max_hp_loss":0.0,"gold_gain":0.0,"event_name":"Living Wall","player_choice":"Grow","floor":5.0,"gold_loss":0.0,"damage_taken":0.0,"cards_upgraded":["theDuelist:SuperheavySoulbuster"]},{"cards_removed":["theDuelist:CastleWalls"],"damage_healed":0,"gold_gain":0,"player_choice":"Gave Gold","damage_taken":0,"max_hp_gain":0,"max_hp_loss":0,"event_name":"Beggar","floor":27,"gold_loss":75}],"is_beta":false,"boss_relics":[{"not_picked":["Sozu","Honey Jar"],"picked":"Replay:Grab Bag"},{"not_picked":["Runic Dome","Mark of Pain"],"picked":"Replay:Bronze Core"},{"not_picked":["Abe\u0027s Treasure","Painkiller Herb"],"picked":"Velvet Choker"},{"not_picked":["Kintsugi","HoveringKite"],"picked":"SacredBark"}],"items_purged_floors":[3,12],"is_endless":false,"potions_floor_spawned":[6,8,10,26],"killed_by":"Snake Plant","ascension_level":0}}