{"host":"gvmmh8a4dbuurnvz","time":1610276686,"event":{"mods":["AchievementEnabler","Aspiration","BaseMod","Better Vampires","BetterRewards","Colored Powertips","Highlight Path","Minty Spire (QoL Compilation)","Spicy Shops","StSLib","¡¾ÒÅÎï¿¨ÅÆ¡¿REMEMod"],"gold_per_floor":[119,129,142,142,142,142,67,67,112,112,112,12,12,25,25,122,122,132,132,34,49,65,90,90,102,102,102,119,19,19,34,34,34,34],"floor_reached":33,"playtime":999,"items_purged":["Strike_R","Regret","Strike_R","Strike_R","Defend_R"],"score":305,"play_id":"34491fc5-491b-4837-b4fb-cb9b98b6d763","local_time":"20210110190446","is_ascension_mode":false,"campfire_choices":[{"data":"Phantasmal Killer","floor":6.0,"key":"SMITH"},{"data":"Pommel Strike","floor":8.0,"key":"SMITH"},{"data":"Uppercut","floor":13.0,"key":"SMITH"},{"data":"Strike_R","floor":15.0,"key":"SMITH"},{"data":"Heavy Blade","floor":24.0,"key":"SMITH"},{"data":"Shrug It Off","floor":27.0,"key":"SMITH"},{"data":"Flex","floor":30,"key":"SMITH"},{"floor":32,"key":"RECALL"}],"circlet_count":1,"master_deck":["Strike_R+1","Strike_R","Defend_R","Defend_R","Defend_R","Pommel Strike+1","Phantasmal Killer+1","Uppercut+1","Heavy Blade+1","Flex+1","Shrug It Off+1"],"relics":["Burning Blood","REME_ComplimentaryCards","aspiration:Nostalgia","Ring of the Snake","Blood Vial","MealTicket","aspiration:SeaSaltIceCream","Circlet","Centennial Puzzle","REME_LowDesire","Lantern","Smiling Mask","aspiration:Lifesprig"],"acts_visited":["TheCity"],"potions_floor_usage":[33,33],"damage_taken":[{"damage":0.0,"enemies":"Small Slimes","floor":1.0,"turns":4.0},{"damage":6.0,"enemies":"2 Louse","floor":2.0,"turns":2.0},{"damage":6.0,"enemies":"Jaw Worm","floor":3.0,"turns":3.0},{"damage":2.0,"enemies":"Looter","floor":14.0,"turns":2.0},{"damage":0.0,"enemies":"Slime Boss","floor":16.0,"turns":2.0},{"damage":1.0,"enemies":"Chosen","floor":18.0,"turns":2.0},{"damage":10.0,"enemies":"Spheric Guardian","floor":21.0,"turns":3.0},{"damage":14.0,"enemies":"Shelled Parasite and Fungi","floor":22.0,"turns":3.0},{"damage":31.0,"enemies":"Book of Stabbing","floor":23.0,"turns":4.0},{"damage":10.0,"enemies":"Snecko","floor":25.0,"turns":4.0},{"damage":9.0,"enemies":"Sentry and Sphere","floor":28.0,"turns":4.0},{"damage":0,"enemies":"3 Cultists","floor":31,"turns":4},{"damage":98,"enemies":"Collector","floor":33,"turns":10}],"seed_played":"-7234028470446510151","potions_obtained":[{"floor":3.0,"key":"Swift Potion"},{"floor":14.0,"key":"Energy Potion"},{"floor":23.0,"key":"EssenceOfSteel"},{"floor":31,"key":"Regen Potion"}],"is_trial":false,"path_per_floor":["M","M","M","?","?","R","$","R","T","T","?","$","R","M","R","B",null,"M","?","$","M","M","E","R","M","T","R","M","$","R","M","R","B"],"character_chosen":"IRONCLAD","items_purchased":["Flex"],"campfire_rested":0,"item_purchase_floors":[20],"current_hp_per_floor":[80,80,80,73,70,70,70,70,70,70,70,80,80,80,80,80,80,80,80,80,76,70,47,47,45,45,45,44,59,59,67,67,0,0],"gold":34,"neow_bonus":"NOSTALGIA","is_daily":false,"chose_seed":false,"campfire_upgraded":7,"win_rate":0.0,"timestamp":1610276686,"path_taken":["M","M","M","?","?","R","$","R","T","?","?","$","R","M","R","BOSS","M","?","$","M","M","E","R","M","T","R","?","$","R","M","R","BOSS"],"items_purchased_type":["Card"],"build_version":"2020-12-22","purchased_purges":5,"victory":false,"max_hp_per_floor":[80,80,80,80,80,80,80,80,80,80,80,80,80,80,80,80,80,80,80,80,80,80,80,80,80,80,80,80,80,80,80,80,80,80],"card_choices":[{"not_picked":["Headbutt","Hemokinesis"],"picked":"Pommel Strike","floor":1.0},{"not_picked":["True Grit","Body Slam","Sword Boomerang"],"picked":"SKIP","floor":2.0},{"not_picked":["Cleave","Rupture"],"picked":"Uppercut","floor":3.0},{"not_picked":["Iron Wave","Wild Strike","Pommel Strike"],"picked":"SKIP","floor":14.0},{"not_picked":["Ghostly Armor","Body Slam+1","Transmutation"],"picked":"Heavy Blade","floor":18.0},{"not_picked":["Thunderclap","Entrench","Anger","Swift Strike"],"picked":"SKIP","floor":21.0},{"not_picked":["Dark Embrace","Iron Wave","Body Slam","REME_MagicPocketWatch"],"picked":"SKIP","floor":22.0},{"not_picked":["Brutality","Dual Wield","Sentinel","Sadistic Nature"],"picked":"SKIP","floor":23.0},{"not_picked":["Fire Breathing","Sword Boomerang","Enlightenment"],"picked":"Shrug It Off","floor":25.0},{"not_picked":["Inflame","Anger","Pommel Strike","REME_EyeOfCthun"],"picked":"SKIP","floor":28.0},{"not_picked":["Searing Blow","Reckless Charge","Wild Strike+1","Swift Strike"],"picked":"SKIP","floor":31}],"player_experience":264985,"relics_obtained":[{"floor":9.0,"key":"MealTicket"},{"floor":10.0,"key":"aspiration:SeaSaltIceCream"},{"floor":17.0,"key":"Lantern"},{"floor":17.0,"key":"Smiling Mask"},{"floor":23.0,"key":"aspiration:Lifesprig"}],"event_choices":[{"cards_removed":["Bash"],"damage_healed":0.0,"max_hp_gain":0.0,"max_hp_loss":0.0,"gold_gain":0.0,"event_name":"Golden Wing","player_choice":"Card Removal","floor":4.0,"gold_loss":0.0,"damage_taken":7.0},{"damage_healed":0.0,"max_hp_gain":0.0,"max_hp_loss":0.0,"gold_gain":0.0,"event_name":"Scrap Ooze","player_choice":"Success","floor":5.0,"gold_loss":0.0,"damage_taken":3.0,"relics_obtained":["Blood Vial"]},{"damage_healed":0.0,"max_hp_gain":0.0,"max_hp_loss":0.0,"gold_gain":0.0,"event_name":"Big Fish","player_choice":"Box","floor":11.0,"gold_loss":0.0,"damage_taken":0.0,"relics_obtained":["Centennial Puzzle"],"cards_obtained":["Regret"]},{"damage_healed":0.0,"max_hp_gain":0.0,"max_hp_loss":0.0,"gold_gain":0.0,"event_name":"Match and Keep!","player_choice":"0 cards matched","floor":19.0,"gold_loss":0.0,"damage_taken":0.0,"cards_obtained":[]}],"is_beta":false,"boss_relics":[{"not_picked":["aspiration:SecretTechniqueScroll","Philosopher\u0027s Stone"],"picked":"REME_LowDesire"}],"items_purged_floors":[7,12,20,29,29],"is_endless":false,"potions_floor_spawned":[3,14,23,31],"killed_by":"Collector","ascension_level":0}}