{"host":"a0dfcfinimhjiqaw","time":1610294813,"event":{"mods":["BaseMod","Bestiary","Better Note","Better Third Choice","BetterRewards","Colored Map","Colored Powertips","Custom Start","Highlight Path","Minty Spire (QoL Compilation)","Quick Restart","Rare Cards Sparkle","Relic Stats","Shop Mod","StSLib"],"gold_per_floor":[110,285,235,235,248,280,298,309,336,354,367,367,396,410,410,410,410],"floor_reached":16,"playtime":833,"items_purged":[],"score":139,"play_id":"8939a113-df4f-4da1-bdfc-540cca2341f3","local_time":"20210111000653","is_ascension_mode":false,"campfire_choices":[{"data":"Armaments","floor":12.0,"key":"SMITH"},{"floor":15,"key":"REST"}],"circlet_count":0,"master_deck":["Strike_R","Strike_R","Strike_R","Strike_R","Strike_R","Defend_R","Defend_R","Defend_R","Defend_R","Bash","Body Slam","Armaments+1","Reckless Charge","Wild Strike","Evolve","Dark Embrace","Entrench","Iron Wave"],"relics":["Burning Blood","NeowsBlessing","Prayer Wheel","Bronze Scales","MealTicket","Magic Flower"],"acts_visited":[],"potions_floor_usage":[16],"damage_taken":[{"damage":0.0,"enemies":"Small Slimes","floor":1.0,"turns":1.0},{"damage":0.0,"enemies":"Jaw Worm","floor":5.0,"turns":1.0},{"damage":0.0,"enemies":"3 Sentries","floor":6.0,"turns":2.0},{"damage":0.0,"enemies":"Cultist","floor":7.0,"turns":3.0},{"damage":7.0,"enemies":"3 Louse","floor":8.0,"turns":4.0},{"damage":6.0,"enemies":"Red Slaver","floor":10.0,"turns":3.0},{"damage":27.0,"enemies":"Gremlin Gang","floor":11.0,"turns":4.0},{"damage":51.0,"enemies":"Lagavulin","floor":13.0,"turns":7.0},{"damage":4,"enemies":"Blue Slaver","floor":14,"turns":3},{"damage":49,"enemies":"Slime Boss","floor":16,"turns":8}],"seed_played":"4451293943400590952","potions_obtained":[{"floor":7.0,"key":"ElixirPotion"},{"floor":8.0,"key":"SpeedPotion"},{"floor":10.0,"key":"Fire Potion"}],"is_trial":false,"path_per_floor":["M","?","?","T","M","E","M","M","T","M","M","R","E","M","R","B"],"character_chosen":"IRONCLAD","items_purchased":[],"campfire_rested":1,"item_purchase_floors":[],"current_hp_per_floor":[80,80,80,80,80,80,80,79,79,79,58,58,13,18,42,0,0],"gold":410,"neow_bonus":"THREE_ENEMY_KILL","is_daily":false,"chose_seed":false,"campfire_upgraded":1,"win_rate":0.0,"timestamp":1610294813,"path_taken":["M","?","?","?","M","E","?","M","T","M","M","R","E","M","R","BOSS"],"items_purchased_type":[],"build_version":"2020-12-22","purchased_purges":0,"victory":false,"max_hp_per_floor":[80,80,80,80,80,80,80,80,80,80,80,80,80,80,80,80,80],"relic_stats":{"counters":[10,36],"Bronze Scales":[62],"Magic Flower":[3],"Prayer Wheel":7,"MealTicket":0,"obtain_stats":[{"NeowsBlessing":0,"Bronze Scales":6,"Magic Flower":13,"Prayer Wheel":4,"MealTicket":9,"Burning Blood":0},{"NeowsBlessing":0,"Bronze Scales":3,"Magic Flower":8,"Prayer Wheel":1,"MealTicket":5,"Burning Blood":0},{"NeowsBlessing":0,"Bronze Scales":4,"Magic Flower":25,"Prayer Wheel":1,"MealTicket":11,"Burning Blood":0}],"Burning Blood":33},"card_choices":[{"not_picked":["Headbutt","Thunderclap"],"picked":"Body Slam","floor":1.0},{"not_picked":["Evolve","Warcry"],"picked":"Armaments","floor":5.0},{"not_picked":["Blood for Blood","Clash"],"picked":"Reckless Charge","floor":5.0},{"not_picked":["Anger","Infernal Blade"],"picked":"Wild Strike","floor":6.0},{"not_picked":["Flex","Body Slam"],"picked":"Evolve","floor":7.0},{"not_picked":["Iron Wave","Twin Strike","Burning Pact"],"picked":"SKIP","floor":7.0},{"not_picked":["Clothesline","Anger"],"picked":"Dark Embrace","floor":8.0},{"not_picked":["Twin Strike","Heavy Blade","Infernal Blade"],"picked":"SKIP","floor":8.0},{"not_picked":["Uppercut","Thunderclap","Second Wind"],"picked":"SKIP","floor":10.0},{"not_picked":["Offering","Headbutt","Evolve"],"picked":"SKIP","floor":10.0},{"not_picked":["Thunderclap","Battle Trance"],"picked":"Entrench","floor":11.0},{"not_picked":["Battle Trance","Bloodletting","Wild Strike"],"picked":"SKIP","floor":11.0},{"not_picked":["Battle Trance","Bloodletting","Wild Strike"],"picked":"SKIP","floor":11.0},{"not_picked":["Immolate","Wild Strike"],"picked":"Iron Wave","floor":13.0},{"not_picked":["Combust","Headbutt","Perfected Strike"],"picked":"SKIP","floor":14},{"not_picked":["Reckless Charge","Headbutt","Battle Trance"],"picked":"SKIP","floor":14}],"player_experience":36329,"relics_obtained":[{"floor":4.0,"key":"Prayer Wheel"},{"floor":6.0,"key":"Bronze Scales"},{"floor":9.0,"key":"MealTicket"},{"floor":13.0,"key":"Magic Flower"}],"event_choices":[{"damage_healed":0.0,"max_hp_gain":0.0,"max_hp_loss":0.0,"gold_gain":175.0,"event_name":"Liars Game","player_choice":"AGREE","floor":2.0,"gold_loss":0.0,"damage_taken":0.0,"cards_obtained":["Doubt"]},{"cards_removed":["Doubt"],"damage_healed":0.0,"max_hp_gain":0.0,"max_hp_loss":0.0,"gold_gain":0.0,"event_name":"The Cleric","player_choice":"Card Removal","floor":3.0,"gold_loss":50.0,"damage_taken":0.0}],"is_beta":false,"boss_relics":[],"items_purged_floors":[],"is_endless":false,"potions_floor_spawned":[7,8,10],"killed_by":"Slime Boss","ascension_level":0}}