{"host":"odz7g4gpgch153rb","time":1610248137,"event":{"mods":["AchievementEnabler","BaseMod","Better Match","Better Third Choice","BetterRewards","GifTheSpireLib","Infinite Spire","Jedi Mod","Minty Spire (QoL Compilation)","Quick Restart","Replay The Spire","Spikes Relics","StSLib","Stuff the Spire","The Blue Laboratory","Trackpad"],"gold_per_floor":[115,131,56,74,74,74,74,100,127,140,140,167,183,211,211,211,211],"floor_reached":16,"playtime":733,"items_purged":["Strike_B"],"score":204,"play_id":"fcc85de8-ecab-4798-810e-1f114a596942","local_time":"20210109220857","is_ascension_mode":true,"campfire_choices":[{"data":"Rip and Tear","floor":6,"key":"SMITH"},{"floor":11,"key":"REST"},{"data":"jedi:readyaimfire","floor":15,"key":"SMITH"}],"circlet_count":0,"master_deck":["AscendersBane","Strike_B","Strike_B","Strike_B","Defend_B","Defend_B","Defend_B","Defend_B","Zap","Dualcast+1","Redo","Rip and Tear+1","jedi:readyaimfire+1","jedi:blockon","Rip and Tear"],"relics":["Cracked Core","Smiling Mask","ReplayTheSpireMod:TigerMarble","Akabeko","Singing Bowl"],"acts_visited":["Exordium"],"potions_floor_usage":[8,14,16],"damage_taken":[{"damage":2,"enemies":"Jaw Worm","floor":1,"turns":3},{"damage":9,"enemies":"2 Louse","floor":2,"turns":3},{"damage":0,"enemies":"Small Slimes","floor":4,"turns":2},{"damage":35,"enemies":"3 Sentries","floor":8,"turns":6},{"damage":1,"enemies":"2 Fungi Beasts","floor":10,"turns":3},{"damage":0,"enemies":"Exordium Wildlife","floor":13,"turns":2},{"damage":10,"enemies":"Gremlin Nob","floor":14,"turns":3},{"damage":41,"enemies":"Slime Boss","floor":16,"turns":8}],"seed_played":"7462633571938722400","potions_obtained":[{"floor":4,"key":"jedi:StrikingPotion"},{"floor":8,"key":"Elixir"},{"floor":10,"key":"LiquidMemories"}],"is_trial":false,"path_per_floor":["M","M","$","M","?","R","?","E","T","M","R","T","M","E","R","B"],"character_chosen":"DEFECT","items_purchased":[],"campfire_rested":1,"item_purchase_floors":[],"current_hp_per_floor":[62,53,53,53,58,58,58,23,23,22,44,44,44,34,34,0,0],"gold":211,"neow_bonus":"UPGRADE_CARD","is_daily":false,"chose_seed":false,"campfire_upgraded":2,"win_rate":0.0,"timestamp":1610248137,"path_taken":["M","M","$","M","?","R","?","E","T","?","R","?","?","E","R","BOSS"],"items_purchased_type":[],"build_version":"2020-12-22","purchased_purges":1,"victory":false,"max_hp_per_floor":[71,71,71,71,76,76,76,76,76,76,76,76,76,76,76,76,76],"card_choices":[{"not_picked":["Coolheaded","Tempest"],"picked":"Redo","floor":1},{"not_picked":["Cold Snap","ReplaySort"],"picked":"Rip and Tear","floor":2},{"not_picked":["Blizzard","Panic Button","Compile Driver"],"picked":"SKIP","floor":4},{"not_picked":["Time Bomb","Heatsinks"],"picked":"jedi:readyaimfire","floor":8},{"not_picked":["StuffTheSpire:Coldhearted","ReplayTheSpireMod:Repulse","Compile Driver"],"picked":"SKIP","floor":10},{"not_picked":["BasicCrystalCard","jedi:BurstFrost"],"picked":"jedi:blockon","floor":13},{"not_picked":["Doom and Gloom","Scrape"],"picked":"Rip and Tear","floor":14}],"player_experience":1018590,"relics_obtained":[{"floor":8,"key":"Smiling Mask"},{"floor":9,"key":"ReplayTheSpireMod:TigerMarble"},{"floor":12,"key":"Akabeko"},{"floor":14,"key":"Singing Bowl"}],"event_choices":[{"damage_healed":0,"gold_gain":0,"player_choice":"Donut","damage_taken":0,"max_hp_gain":5,"max_hp_loss":0,"event_name":"Big Fish","floor":5,"gold_loss":0}],"is_beta":false,"boss_relics":[],"items_purged_floors":[3],"is_endless":false,"potions_floor_spawned":[4,8,10],"killed_by":"Slime Boss","ascension_level":17}}