{"host":"y3h3n3f7seyagppx","time":1610309622,"event":{"mods":["AlwaysNeverKeys","BaseMod","Better Vampires","Colored Powertips","DeckTracker","Emptier Cage","Minty Spire (QoL Compilation)","Permanent Neow","Quick Restart","Rare Cards Sparkle","Relic Sorter","Relic Stats","StSLib","Transform Curses"],"gold_per_floor":[114,130,149,74,74,101,101,101,101],"floor_reached":8,"playtime":873,"items_purged":[],"score":112,"play_id":"53050911-1695-4bbb-92c2-e03a5e15b307","local_time":"20210110151342","is_ascension_mode":true,"campfire_choices":[{"data":"Hemokinesis","floor":7,"key":"SMITH"}],"circlet_count":0,"master_deck":["AscendersBane","Strike_R","Strike_R","Strike_R","Strike_R","Defend_R","Defend_R","Defend_R","Defend_R","Bash+1","Hemokinesis+1","Pommel Strike"],"relics":["Burning Blood","Champion Belt","Art of War"],"acts_visited":["Exordium"],"potions_floor_usage":[6],"damage_taken":[{"damage":4,"enemies":"Jaw Worm","floor":1,"turns":4},{"damage":3,"enemies":"Cultist","floor":2,"turns":3},{"damage":3,"enemies":"2 Louse","floor":3,"turns":2},{"damage":29,"enemies":"Lagavulin","floor":6,"turns":4},{"damage":49,"enemies":"3 Sentries","floor":8,"turns":8}],"seed_played":"-3365878357024970953","potions_obtained":[{"floor":3,"key":"Strength Potion"}],"is_trial":false,"path_per_floor":["M","M","M","?","?","E","R","E"],"character_chosen":"IRONCLAD","items_purchased":[],"campfire_rested":0,"item_purchase_floors":[],"current_hp_per_floor":[70,73,75,75,70,47,47,0,0],"gold":101,"neow_bonus":"UPGRADE_CARD","is_daily":false,"chose_seed":false,"campfire_upgraded":1,"win_rate":0.0,"timestamp":1610309622,"path_taken":["M","M","M","?","?","E","R","E"],"items_purchased_type":[],"build_version":"2020-12-22","purchased_purges":0,"victory":false,"max_hp_per_floor":[75,75,75,75,75,75,75,75,75],"relic_stats":{"counters":[5,21],"Art of War":[0],"Champion Belt":[2],"obtain_stats":[{"Art of War":6,"Champion Belt":5,"Burning Blood":0},{"Art of War":4,"Champion Belt":3,"Burning Blood":0},{"Art of War":13,"Champion Belt":9,"Burning Blood":0}],"Burning Blood":23},"card_choices":[{"not_picked":["Shrug It Off","Heavy Blade"],"picked":"Hemokinesis","floor":1},{"not_picked":["Burning Pact","Rampage","Warcry"],"picked":"SKIP","floor":2},{"not_picked":["Burning Pact","Rampage","Warcry"],"picked":"SKIP","floor":2},{"not_picked":["Entrench","Clothesline"],"picked":"Pommel Strike","floor":3},{"not_picked":["Sword Boomerang","Anger","Twin Strike"],"picked":"SKIP","floor":6}],"player_experience":20615264,"relics_obtained":[{"floor":6,"key":"Art of War"}],"event_choices":[{"cards_removed":["Strike_R"],"damage_healed":0,"gold_gain":0,"player_choice":"Card Removal","damage_taken":0,"max_hp_gain":0,"max_hp_loss":0,"event_name":"The Cleric","floor":4,"gold_loss":75},{"damage_healed":0,"gold_gain":0,"player_choice":"Success","damage_taken":5,"relics_obtained":["Champion Belt"],"max_hp_gain":0,"max_hp_loss":0,"event_name":"Scrap Ooze","floor":5,"gold_loss":0}],"is_beta":false,"boss_relics":[],"items_purged_floors":[],"is_endless":false,"potions_floor_spawned":[3],"killed_by":"3 Sentries","ascension_level":20}}