{"host":"y36bp6mnm73x3iob","time":1610278153,"event":{"mods":["2.2 Compatiblity","Aspiration","BaseMod","Downfall","GifTheSpireLib","Hermit","Hubris","Marisa????????","Minty Spire (QoL Compilation)","Replay The Spire","Retaliation","StSLib","Stuff the Spire","The Cursed","The Disciple","The Servant 0.9.4"],"gold_per_floor":[114,389,27,38,50,65,65,100,127,167,184,184,201,221,221,329,341,370,382,412,436,448,448],"floor_reached":22,"playtime":1621,"items_purged":[],"score":190,"play_id":"9c2c8698-fce0-485e-baa6-f9dc4b52bac0","local_time":"20210110132913","is_ascension_mode":false,"campfire_choices":[{"data":"ReplayUltimateDefense","floor":7,"key":"SMITH"},{"floor":12,"key":"DIG"},{"floor":15,"key":"DIG"}],"circlet_count":0,"master_deck":["hermit:Strike_Hermit","hermit:Strike_Hermit","hermit:Strike_Hermit","hermit:Strike_Hermit+1","hermit:Defend_Hermit","hermit:Defend_Hermit","hermit:Defend_Hermit","hermit:Defend_Hermit","hermit:Snapshot","hermit:Covet","hermit:SprayPray+1","Regret","ReplayUltimateDefense+1","ReplayTheSpireMod:Uncanny Aura","expansioncontent:ChargeUp","hermit:LoneWolf","hermit:OverwhelmingPower","hermit:Malice","TheCursedMod:CursedStaff","ReplayTheSpireMod:Splinters","hermit:LuckOfTheDraw","hermit:Adapt","TheCursedMod:CursedArmor","hermit:Virtue","hermit:FinalCanter","TheCursedMod:SurpriseAttack","Looming Evil","TheCursedMod:CircleOfWindfury","TheCursedMod:CursedRelics"],"relics":["hermit:Momento","aspiration:Nostalgia","Burning Blood","hubris:DisguiseKit","ReplayTheSpireMod:ShopPack","Shovel","Toy Ornithopter","Lizard Tail","Whetstone","MawBank","aspiration:IroncladSkillbook","Girya"],"acts_visited":["Exordium","TheCity"],"potions_floor_usage":[8,13,16,21,22,22],"damage_taken":[{"damage":1,"enemies":"Jaw Worm","floor":1,"turns":4},{"damage":5,"enemies":"Cultist","floor":4,"turns":4},{"damage":0,"enemies":"2 Louse","floor":5,"turns":3},{"damage":18,"enemies":"Lots of Slimes","floor":6,"turns":4},{"damage":8,"enemies":"Lagavulin","floor":8,"turns":6},{"damage":9,"enemies":"Blue Slaver","floor":11,"turns":3},{"damage":13,"enemies":"3 Louse","floor":13,"turns":5},{"damage":1,"enemies":"2 Fungi Beasts","floor":14,"turns":3},{"damage":53,"enemies":"Slime Boss","floor":16,"turns":15},{"damage":4,"enemies":"Spheric Guardian","floor":18,"turns":4},{"damage":61,"enemies":"Chosen","floor":20,"turns":9},{"damage":79,"enemies":"3 Cultists","floor":21,"turns":8},{"damage":48,"enemies":"Cultist and Chosen","floor":22,"turns":4}],"seed_played":"1762333740049353650","potions_obtained":[{"floor":1,"key":"CultistPotion"},{"floor":6,"key":"Energy Potion"},{"floor":8,"key":"Dexterity Potion"},{"floor":11,"key":"PowerPotion"},{"floor":16,"key":"FairyPotion"},{"floor":20,"key":"Weak Potion"},{"floor":21,"key":"Swift Potion"}],"is_trial":false,"path_per_floor":["M","?","$","M","M","M","R","E","T","?","M","R","M","M","R","B",null,"M","?","M","M","M"],"character_chosen":"HERMIT","items_purchased":["hubris:DisguiseKit","ReplayTheSpireMod:ShopPack"],"campfire_rested":0,"item_purchase_floors":[3,3],"current_hp_per_floor":[75,75,75,75,75,63,63,61,61,61,58,58,56,61,61,19,75,75,75,24,29,0,0],"gold":448,"neow_bonus":"NOSTALGIA","is_daily":false,"chose_seed":false,"campfire_upgraded":1,"win_rate":0.0,"timestamp":1610278153,"path_taken":["M","?","$","M","M","?","R","E","T","?","M","R","?","M","R","BOSS","M","?","M","M","M"],"items_purchased_type":["Relic","Relic"],"build_version":"2020-12-22","purchased_purges":0,"victory":false,"max_hp_per_floor":[75,75,75,75,75,75,75,75,75,75,75,75,75,75,75,75,75,75,75,75,75,75,75],"card_choices":[{"not_picked":["hermit:Scavenge","hermit:ItchyTrigger"],"picked":"hermit:SprayPray","floor":1},{"not_picked":["Metamorphosis","Magnetism","StuffTheSpire:Recharge"],"picked":"ReplayUltimateDefense","floor":3},{"not_picked":["expansioncontent:LastStand","Transmutation","expansioncontent:GuardianWhirl"],"picked":"ReplayTheSpireMod:Uncanny Aura","floor":3},{"not_picked":["Madness","expansioncontent:HyperBeam","Forethought"],"picked":"expansioncontent:ChargeUp","floor":3},{"not_picked":["hermit:Dive","hermit:PistolWhip","TheCursedMod:SoulCrush"],"picked":"hermit:LoneWolf","floor":4},{"not_picked":["hermit:Midnight","hermit:Misfire","TheCursedMod:SmokeScreen"],"picked":"hermit:OverwhelmingPower","floor":5},{"not_picked":["hermit:LoneWolf","hermit:Quickdraw","TheCursedMod:RavingStaff"],"picked":"hermit:Malice","floor":6},{"not_picked":["hermit:Dive","hermit:Determination","hermit:Manifest"],"picked":"TheCursedMod:CursedStaff","floor":8},{"not_picked":["hermit:CalledShot","hermit:Headshot","TheCursedMod:Stigma"],"picked":"hermit:LuckOfTheDraw","floor":10},{"not_picked":["hermit:Desperado","hermit:Roulette","TheCursedMod:CursedAmulet"],"picked":"hermit:Adapt","floor":11},{"not_picked":["hermit:Manifest","hermit:TakeCover","hermit:LowProfile"],"picked":"TheCursedMod:CursedArmor","floor":13},{"not_picked":["hermit:HighCaliber","hermit:Ricochet","TheCursedMod:CircleOfFocus"],"picked":"hermit:Virtue","floor":14},{"not_picked":["hermit:DeadOrAlive","hermit:HeroicBravado","TheCursedMod:ForbiddenAlchemy"],"picked":"hermit:FinalCanter","floor":16},{"not_picked":["hermit:FullyLoaded","Infernal Blade","StuffTheSpire:RockThrow","hermit:LowProfile"],"picked":"TheCursedMod:SurpriseAttack","floor":18},{"not_picked":["hermit:Coalescence","Evolve","Body Slam","hermit:HighCaliber"],"picked":"TheCursedMod:CircleOfWindfury","floor":20},{"not_picked":["DDmod:UnstoppableAttack","Clothesline","Warcry","hermit:PistolWhip"],"picked":"TheCursedMod:CursedRelics","floor":21}],"player_experience":455471,"relics_obtained":[{"floor":8,"key":"Shovel"},{"floor":9,"key":"Toy Ornithopter"},{"floor":10,"key":"Lizard Tail"},{"floor":12,"key":"Whetstone"},{"floor":15,"key":"MawBank"}],"event_choices":[{"damage_healed":0,"gold_gain":275,"player_choice":"Desecrate","damage_taken":0,"max_hp_gain":0,"max_hp_loss":0,"event_name":"Golden Shrine","floor":2,"gold_loss":0,"cards_obtained":["Regret"]}],"is_beta":false,"boss_relics":[{"not_picked":["Coffee Dripper","Runic Pyramid"],"picked":"aspiration:IroncladSkillbook"}],"items_purged_floors":[],"is_endless":false,"potions_floor_spawned":[1,6,8,11,16,20,21],"killed_by":"Cultist and Chosen","ascension_level":0}}