{"host":"uiaocagxbjlinul0","time":1610260466,"event":{"mods":["100% Spire Juice","Act Like it!","BaseMod","Better Match","Block Reminder","CapriCore","ChefMod","Downfall","GifTheSpireLib","Hallownest","Hermit","Minty Spire (QoL Compilation)","Quick Restart","StSLib","Stuff the Spire","The Animator","The Bug Knight","The Marked","The Runesmith","The Spell Scribe","TheSwordswoman","Wandering Minibosses"],"gold_per_floor":[15,15,30,30,46,81,81,81,160,194,47,47,47],"floor_reached":12,"playtime":450,"items_purged":[],"score":86,"play_id":"a8bce777-2e85-44d1-9c75-f04dac4fcdd5","local_time":"20210109223426","is_ascension_mode":false,"campfire_choices":[{"data":"Runesmith:DuctTape","floor":7,"key":"SMITH"}],"circlet_count":0,"master_deck":["Runesmith:Strike_RS","Runesmith:Strike_RS","Runesmith:Strike_RS","Runesmith:Strike_RS","Runesmith:Defend_RS","Runesmith:Defend_RS","Runesmith:Defend_RS","Runesmith:Defend_RS","Runesmith:CraftFirestone","Runesmith:Fortify+1","Runesmith:GrandSlam","Runesmith:CraftObretio","Runesmith:HeatedChisel","Runesmith:DuctTape+1","Runesmith:CraftMedicinae"],"relics":["Runesmith:BrokenRuby","Akabeko","Strawberry","Runesmith:Nanobots","Bottled Flame"],"acts_visited":["Exordium"],"potions_floor_usage":[6,12],"damage_taken":[{"damage":4.0,"enemies":"Jaw Worm","floor":1.0,"turns":4.0},{"damage":0.0,"enemies":"2 Louse","floor":3.0,"turns":3.0},{"damage":0,"enemies":"Cultist","floor":5,"turns":2},{"damage":20,"enemies":"Gremlin Nob","floor":6,"turns":4},{"damage":15,"enemies":"HollowMod:MossKnight","floor":10,"turns":7},{"damage":27,"enemies":"Lagavulin","floor":12,"turns":5}],"seed_played":"-3657352658353207640","potions_obtained":[{"floor":1.0,"key":"LiquidBronze"},{"floor":6,"key":"Strength Potion"}],"is_trial":false,"path_per_floor":["M","?","M","$","M","E","R","?","T","E","$","E"],"character_chosen":"RUNESMITH_CLASS","items_purchased":["Runesmith:CraftMedicinae"],"campfire_rested":0,"item_purchase_floors":[11],"current_hp_per_floor":[66,48,48,48,48,35,35,35,35,20,20,0,0],"gold":47,"neow_bonus":"THREE_RARE_CARDS","is_daily":false,"chose_seed":false,"campfire_upgraded":1,"win_rate":0.0,"timestamp":1610260466,"path_taken":["M","?","M","$","M","E","R","?","T","E","$","E"],"items_purchased_type":["Card"],"build_version":"2020-12-22","purchased_purges":0,"victory":false,"max_hp_per_floor":[70,70,70,70,70,77,77,77,77,77,77,77,77],"card_choices":[{"not_picked":["Runesmith:GenerateForcefield","Runesmith:CraftPrismatica"],"picked":"Runesmith:GrandSlam","floor":0.0},{"not_picked":["Runesmith:ChaoticBlast","Runesmith:MakeshiftArmor"],"picked":"Runesmith:CraftObretio","floor":1.0},{"not_picked":["Runesmith:StaticCage","Runesmith:MakeshiftArmor"],"picked":"Runesmith:HeatedChisel","floor":3},{"not_picked":["Runesmith:BackupBattery","Runesmith:Superposition","Runesmith:MakeshiftArmor"],"picked":"SKIP","floor":5},{"not_picked":["Runesmith:HammerThrow","Runesmith:HeatedChisel"],"picked":"Runesmith:DuctTape","floor":6},{"not_picked":["Runesmith:HammerTime","Runesmith:CraftProtectio","Runesmith:HeatedChisel"],"picked":"SKIP","floor":10}],"player_experience":150686,"relics_obtained":[{"floor":6,"key":"Strawberry"},{"floor":9,"key":"Runesmith:Nanobots"},{"floor":10,"key":"Bottled Flame"}],"event_choices":[{"damage_healed":0.0,"max_hp_gain":0.0,"max_hp_loss":0.0,"gold_gain":0.0,"event_name":"Scrap Ooze","player_choice":"Success","floor":2.0,"gold_loss":0.0,"damage_taken":18.0,"relics_obtained":["Akabeko"]},{"damage_healed":0,"gold_gain":0,"player_choice":"Grow","damage_taken":0,"max_hp_gain":0,"max_hp_loss":0,"event_name":"Living Wall","floor":8,"gold_loss":0,"cards_upgraded":["Runesmith:Fortify"]}],"is_beta":false,"boss_relics":[],"items_purged_floors":[],"is_endless":false,"potions_floor_spawned":[1,6],"killed_by":"Lagavulin","ascension_level":0}}