{"host":"dtm4abeon6jfxj1d","time":1610244555,"event":{"mods":["BaseMod","Downfall","Minty Spire (QoL Compilation)","Rare Cards Sparkle","StSLib"],"gold_per_floor":[116,127,12,12,187,187,219,219,242,242,97,97,97,138,138,225,225,244,259,259,6,15,15,25,25,80,99,110,145,145,182,182,263,263,280,180,196,196,196],"floor_reached":38,"playtime":1631,"items_purged":["Strike_P","Guardian:Aged"],"score":804,"play_id":"17b83d80-5cae-43c4-bf30-14ddefed418d","local_time":"20210109210915","is_ascension_mode":true,"campfire_choices":[{"data":"BattleHymn","floor":6.0,"key":"SMITH"},{"data":"Perseverance","floor":8.0,"key":"SMITH"},{"data":"Pray","floor":10.0,"key":"SMITH"},{"data":"DevaForm","floor":15.0,"key":"SMITH"},{"data":"Eruption","floor":23,"key":"SMITH"},{"floor":30,"key":"REST"},{"floor":32,"key":"REST"}],"circlet_count":0,"master_deck":["AscendersBane","Strike_P+1","Strike_P+1","Strike_P+1","Defend_P+1","Defend_P+1","Defend_P+1","Defend_P+1","Eruption+1","Vigilance","BattleHymn+1","Indignation","Perseverance+1","Pray+1","DevaForm+1","MasterReality","Shame","Slimebound:Icky","Devotion","SpiritShield"],"relics":["PureWater","NeowsBlessing","Dead Branch","Centennial Puzzle","Damaru","CeramicFish","Spirit Poop","Mango","Cursed Key","StrikeDummy","Molten Egg 2","Oddly Smooth Stone","MealTicket","Toy Ornithopter","Snecko Eye"],"acts_visited":["Exordium","TheCity","TheBeyond"],"potions_floor_usage":[24,31,33,38],"damage_taken":[{"damage":0.0,"enemies":"Cultist","floor":1.0,"turns":1.0},{"damage":0.0,"enemies":"Small Slimes","floor":2.0,"turns":1.0},{"damage":0.0,"enemies":"Gremlin Nob","floor":7.0,"turns":1.0},{"damage":0.0,"enemies":"Lagavulin","floor":14.0,"turns":4.0},{"damage":24.0,"enemies":"The Guardian","floor":16.0,"turns":7.0},{"damage":9,"enemies":"Shell Parasite","floor":18,"turns":3},{"damage":0,"enemies":"Chosen","floor":19,"turns":4},{"damage":14,"enemies":"Shelled Parasite and Fungi","floor":24,"turns":3},{"damage":3,"enemies":"Chosen and Byrds","floor":27,"turns":3},{"damage":17,"enemies":"Snake Plant","floor":28,"turns":3},{"damage":30,"enemies":"Gremlin Leader","floor":31,"turns":5},{"damage":30,"enemies":"Automaton","floor":33,"turns":5},{"damage":8,"enemies":"Orb Walker","floor":35,"turns":4},{"damage":31,"enemies":"3 Darklings","floor":37,"turns":5},{"damage":120,"enemies":"Transient","floor":38,"turns":4}],"seed_played":"-6320994917168757908","potions_obtained":[{"floor":2.0,"key":"PowerPotion"},{"floor":14.0,"key":"EssenceOfSteel"},{"floor":16.0,"key":"DistilledChaos"},{"floor":18,"key":"ColorlessPotion"},{"floor":24,"key":"Block Potion"},{"floor":33,"key":"BlessingOfTheForge"},{"floor":35,"key":"FearPotion"}],"is_trial":false,"path_per_floor":["M","M","$","?","?","R","E","R","T","R","$","?","?","E","R","B",null,"M","M","?","$","?","R","M","?","T","M","M","T","R","E","R","B",null,"M","$","M","M"],"character_chosen":"WATCHER","items_purchased":["Perseverance","Damaru","StrikeDummy"],"campfire_rested":2,"item_purchase_floors":[3,11,21],"current_hp_per_floor":[65,65,65,70,70,70,70,70,70,70,70,63,63,77,77,53,82,73,73,73,73,73,73,59,59,59,56,39,39,66,36,63,38,78,70,85,54,0,0],"gold":196,"neow_bonus":"THREE_ENEMY_KILL","is_daily":false,"chose_seed":false,"campfire_upgraded":5,"win_rate":0.0,"timestamp":1610244555,"path_taken":["M","?","$","?","?","R","E","R","T","R","$","?","?","E","R","BOSS","M","?","?","$","?","R","M","?","T","M","?","?","R","E","R","BOSS","M","$","M","M"],"items_purchased_type":["Card","Relic","Relic"],"build_version":"2020-12-22","purchased_purges":2,"victory":false,"max_hp_per_floor":[72,72,72,77,77,77,77,77,77,77,77,77,77,91,91,91,91,91,91,91,91,91,91,91,91,91,91,91,91,91,91,91,91,91,91,91,91,91,91],"card_choices":[{"not_picked":["BowlingBash","Crescendo"],"picked":"BattleHymn","floor":1.0},{"not_picked":["Tantrum","Consecrate"],"picked":"Indignation","floor":2.0},{"not_picked":["Protect","Study"],"picked":"Pray","floor":7.0},{"not_picked":["WaveOfTheHand","Sanctity"],"picked":"DevaForm","floor":14.0},{"not_picked":["Vault","DeusExMachina"],"picked":"MasterReality","floor":16.0},{"not_picked":["Tantrum","SandsOfTime","PathToVictory"],"picked":"SKIP","floor":18},{"not_picked":["MentalFortress+1","PathToVictory","JustLucky"],"picked":"SKIP","floor":19},{"not_picked":["Swivel","Evaluate","PathToVictory"],"picked":"SKIP","floor":24},{"not_picked":["MentalFortress","LikeWater","Perseverance"],"picked":"SKIP","floor":27},{"not_picked":["Consecrate+1","Worship","SignatureMove+1"],"picked":"SKIP","floor":28},{"not_picked":["WaveOfTheHand","Indignation"],"picked":"Devotion","floor":31},{"not_picked":["ConjureBlade","MasterReality"],"picked":"SpiritShield","floor":33},{"not_picked":["CutThroughFate+1","ForeignInfluence","SashWhip+1"],"picked":"SKIP","floor":35},{"not_picked":["BowlingBash+1","Evaluate","FlurryOfBlows+1"],"picked":"SKIP","floor":37}],"player_experience":205911,"relics_obtained":[{"floor":7.0,"key":"Dead Branch"},{"floor":9.0,"key":"Centennial Puzzle"},{"floor":14.0,"key":"Mango"},{"floor":26,"key":"Oddly Smooth Stone"},{"floor":29,"key":"MealTicket"},{"floor":31,"key":"Toy Ornithopter"}],"event_choices":[{"damage_healed":0.0,"max_hp_gain":5.0,"max_hp_loss":0.0,"gold_gain":0.0,"event_name":"Big Fish","player_choice":"Donut","floor":4.0,"gold_loss":0.0,"damage_taken":0.0},{"damage_healed":0.0,"max_hp_gain":0.0,"max_hp_loss":0.0,"gold_gain":175.0,"event_name":"Liars Game","player_choice":"AGREE","floor":5.0,"gold_loss":0.0,"damage_taken":0.0,"cards_obtained":["Doubt"]},{"damage_healed":0.0,"max_hp_gain":0.0,"max_hp_loss":0.0,"gold_gain":0.0,"event_name":"Scrap Ooze","player_choice":"Success","floor":12.0,"gold_loss":0.0,"damage_taken":7.0,"relics_obtained":["CeramicFish"]},{"cards_removed":["Doubt"],"damage_healed":0.0,"max_hp_gain":0.0,"max_hp_loss":0.0,"gold_gain":0.0,"event_name":"Bonfire Elementals","player_choice":"Offered Curse","floor":13.0,"gold_loss":0.0,"damage_taken":0.0,"relics_obtained":["Spirit Poop"]},{"damage_healed":0,"gold_gain":0,"player_choice":"Simplicity","damage_taken":0,"max_hp_gain":0,"max_hp_loss":0,"event_name":"Back to Basics","floor":20,"gold_loss":0,"cards_upgraded":["Strike_P","Strike_P","Strike_P","Defend_P","Defend_P","Defend_P","Defend_P"]},{"damage_healed":0,"gold_gain":0,"player_choice":"Stole Relic","damage_taken":0,"relics_obtained":["Molten Egg 2"],"max_hp_gain":0,"max_hp_loss":0,"event_name":"Addict","floor":22,"gold_loss":0,"cards_obtained":["Shame"]},{"damage_healed":0,"gold_gain":0,"player_choice":"0 cards matched","damage_taken":0,"max_hp_gain":0,"max_hp_loss":0,"event_name":"Match and Keep!","floor":25,"gold_loss":0,"cards_obtained":[]}],"is_beta":false,"boss_relics":[{"not_picked":["Runic Pyramid","Ectoplasm"],"picked":"Cursed Key"},{"not_picked":["Black Star","Runic Dome"],"picked":"Snecko Eye"}],"items_purged_floors":[3,36],"is_endless":false,"potions_floor_spawned":[2,14,16,18,24,28,33,35],"killed_by":"Transient","ascension_level":13}}