{"host":"12ua7wmg1suouds3","time":1610282625,"event":{"mods":["ATMod(∞¢Ë™Mod)","Act Like it!","BaseMod","Easy Mod","Hubris","Jedi Mod","Library of Ruina","Library of Ruina Extra","Lobotomy","LobotomyExtend","Minty Spire (QoL Compilation)","StSLib","TestMod","Waifu the Spire","easy-game-mod","noobMod","vexMod","°æ“≈ŒÔMod°øºÚµ•”Œœ∑"],"gold_per_floor":[113,125,125,144,155,155,190,190,190,209,209,220,220,235,235,331,331,351,351,371,62,72,104,104,19,19,19,30,30,30,45,45,145,145,163,174,174,190,190,190,223,223,223,241,241,253,253,253,253,253,253],"floor_reached":52,"playtime":5080,"items_purged":[],"score":1029,"play_id":"9c53f388-05e3-4ea4-be3f-9c40e58dfde4","local_time":"20210110204345","is_ascension_mode":false,"campfire_choices":[{"floor":6.0,"key":"RECALL"},{"data":"AT_FamilyPortrait","floor":8.0,"key":"SMITH"},{"data":"CrackOfDawn","floor":15.0,"key":"SMITH"},{"data":"Cruelty","floor":24.0,"key":"SMITH"},{"data":"BoundaryOfDeath","floor":29.0,"key":"SMITH"},{"data":"CleanUp","floor":32.0,"key":"SMITH"},{"data":"Disposal","floor":40,"key":"SMITH"},{"data":"SilentNight","floor":42,"key":"SMITH"},{"data":"Deflect_lor","floor":47,"key":"SMITH"},{"data":"testmod-DisillusionmentEcho","floor":49,"key":"SMITH"}],"circlet_count":0,"master_deck":["EasyMod:card_1","Dodge+1","LightDefense","LightAttack","LightAttack","LightDefense","LightDefense","FocusedStrikes","Pride","testmod-Lust","testmod-Wrath","testmod-Sloth","testmod-Envy","testmod-Gluttony","testmod-Gluttony","AT_FamilyPortrait+1","testmod-Gluttony","ScatteringSlash","testmod-Gluttony","CrackOfDawn+1","testmod-Gluttony","WallGazer","CleanUp+1","OSAHOGD","Guardian_lor","ForTheFamily","testmod-Gluttony","testmod-Gluttony","FieryBird","SilentNight+1","Bvapour","testmod-Gluttony","Deflect_lor+1","Rewind","testmod-Gluttony","Cruelty+1","Eliminate+1","BoundaryOfDeath+1","BizarreAttack","Disposal+1","SpearedSweep+1","Unlock1+1","testmod-Gluttony","SteelKnuckles+1","Writhe","testmod-Gluttony","testmod-Gluttony","NothingThere","MindCrush+1","testmod-Gluttony","HandlingWork+1","BlueStar","testmod-Gluttony","BodiesMountain","Clone+1","testmod-Gluttony","vexMod:StairwayStrike+1","testmod-DisillusionmentEcho+1","testmod-Gluttony","testmod-Gluttony","testmod-Gluttony","testmod-Gluttony","testmod-Gluttony","testmod-Gluttony"],"relics":["PageOfLibrarian","ice","AT_ATBox","EasyCustomRelic","EasyRelic","testmod-TestBox","testmod-SevenDeadlySins","Du-Vu Doll","Darkstone Periapt","Blue Candle","CogitoBucket","RabbitCall","AT_ArcaneBoots","BehaviorAdjustment","SolemnVow_r","jedi:paperlyon","testmod-IndustrialRevolution","AspirationHeart","testmod-Nyarlathotep","EasyMod:Hard_1","hubris:SlimyHat","Omamori","testmod-Nine","SkinProphecy","Molten Egg 2","The Courier","Letter Opener","hubris:Icosahedron"],"acts_visited":["Exordium","TheCity","TheBeyond"],"potions_floor_usage":[35,35,35,50,50],"damage_taken":[{"damage":3.0,"enemies":"Cultist","floor":1.0,"turns":6.0},{"damage":2.0,"enemies":"2 Louse","floor":2.0,"turns":2.0},{"damage":0.0,"enemies":"Small Slimes","floor":4.0,"turns":2.0},{"damage":0.0,"enemies":"Looter","floor":5.0,"turns":2.0},{"damage":10.0,"enemies":"3 Sentries","floor":7.0,"turns":8.0},{"damage":14.0,"enemies":"2 Fungi Beasts","floor":10.0,"turns":9.0},{"damage":6.0,"enemies":"Large Slime","floor":12.0,"turns":2.0},{"damage":4.0,"enemies":"Exordium Thugs","floor":14.0,"turns":1.0},{"damage":19.0,"enemies":"The Guardian","floor":16.0,"turns":3.0},{"damage":12.0,"enemies":"3 Byrds","floor":18.0,"turns":2.0},{"damage":36.0,"enemies":"Chosen","floor":20.0,"turns":6.0},{"damage":13.0,"enemies":"3 Cultists","floor":22.0,"turns":2.0},{"damage":14.0,"enemies":"Gremlin Leader","floor":23.0,"turns":3.0},{"damage":4.0,"enemies":"Centurion and Healer","floor":28.0,"turns":1.0},{"damage":7.0,"enemies":"Chosen and Byrds","floor":31.0,"turns":2.0},{"damage":6.0,"enemies":"Collector","floor":33.0,"turns":2.0},{"damage":17,"enemies":"3 Shapes","floor":35,"turns":4},{"damage":3,"enemies":"Orb Walker","floor":36,"turns":1},{"damage":6,"enemies":"4 Shapes","floor":38,"turns":2},{"damage":11,"enemies":"Reptomancer","floor":41,"turns":2},{"damage":6,"enemies":"Jaw Worm Horde","floor":44,"turns":1},{"damage":7,"enemies":"Maw","floor":46,"turns":2},{"damage":24,"enemies":"FixerMidnight","floor":50,"turns":5},{"damage":10,"enemies":"Malkuth","floor":52,"turns":2},{"damage":17,"enemies":"Yesod","floor":52,"turns":4},{"damage":50,"enemies":"Tiphereth","floor":52,"turns":11},{"damage":47,"enemies":"Binah","floor":52,"turns":7},{"damage":23,"enemies":"Angela","floor":52,"turns":4}],"seed_played":"-8275385049505258301","potions_obtained":[{"floor":2.0,"key":"testmod-TestPotion"},{"floor":7.0,"key":"Explosive Potion"},{"floor":12.0,"key":"LiquidBronze"},{"floor":16.0,"key":"BlessingOfTheForge"},{"floor":38,"key":"Energy Potion"},{"floor":41,"key":"Dexterity Potion"}],"is_trial":false,"path_per_floor":["M","M","$","M","M","R","E","R","T","M","?","M","?","M","R","B",null,"M","?","M","$","M","E","R","?","T","?","M","R","$","M","R","B",null,"M","M","T","M","?","R","E","R","T","M","?","M","R","?","R","B",null,null],"character_chosen":"Librarian","items_purchased":["testmod-Nyarlathotep"],"campfire_rested":0,"item_purchase_floors":[21],"current_hp_per_floor":[113,119,119,133,136,134,128,134,134,129,129,126,126,122,122,113,163,151,136,137,137,141,132,132,132,132,132,143,143,143,161,161,158,174,158,176,176,175,196,196,187,187,187,206,206,214,220,210,210,234,234],"gold":253,"neow_bonus":"","is_daily":false,"chose_seed":false,"campfire_upgraded":9,"win_rate":0.0,"timestamp":1610282625,"path_taken":["M","?","$","M","M","R","E","R","T","M","?","?","?","M","R","BOSS","M","?","?","?","M","E","R","?","T","?","M","R","?","?","R","BOSS","M","M","?","M","?","R","E","R","T","M","?","?","R","?","R","BOSS"],"items_purchased_type":["Relic"],"build_version":"2020-12-22","purchased_purges":0,"victory":true,"max_hp_per_floor":[119,128,128,144,137,134,128,140,140,155,155,155,155,155,155,163,163,163,163,174,174,174,174,174,174,174,174,174,174,174,174,174,174,174,174,176,176,184,196,196,198,198,198,206,206,214,226,226,226,234,234],"card_choices":[{"not_picked":["NakedNest","BeautyBeast","Wellcheers"],"picked":"Singing Bowl","floor":1.0},{"not_picked":["CherryBlossoms","CrumblingArmor"],"picked":"Funeral","floor":1.0},{"not_picked":["Wallop_lor","StrikeDown","ShockRound","Leap_lor","SummaryJudgment","UnavoidableGaze","StartinOutLightly","FleetFootsteps"],"picked":"ScatteringSlash","floor":1.0},{"not_picked":["PunishingBird","UniverseFragment","CrumblingArmor"],"picked":"Singing Bowl","floor":2.0},{"not_picked":["BattleCommand","SmokingPipe","SummaryJudgment","StructuralAnalysis","FrontalAssault","StrikeDown","EnergyStrike","SerpentSwordTechnique"],"picked":"CrackOfDawn","floor":2.0},{"not_picked":["ShyLook","BeautyBeast"],"picked":"WallGazer","floor":4.0},{"not_picked":["HiddenBlade","GuidanceOfTheGears","Pound","ShockRound","Standoff","ClassAndRespect","EnergyShield","HandleRequest"],"picked":"CleanUp","floor":4.0},{"not_picked":["PunishingBird","UniverseFragment","OldLady"],"picked":"Singing Bowl","floor":5.0},{"not_picked":["ShyLook","MHz"],"picked":"OSAHOGD","floor":5.0},{"not_picked":["EnergyStrike","GuardingStance","BindingArms","Multislash","PinpointShot","CircusKnives","Laceration","Crush"],"picked":"Guardian_lor","floor":5.0},{"not_picked":["OldLady","LongBird","CrumblingArmor"],"picked":"Singing Bowl","floor":7.0},{"not_picked":["LoosenUp","YoureAHindrance","HiddenBlade","Standoff","BattleCommand","StrongStrike","DefenseOrder","GuardingStance"],"picked":"ForTheFamily","floor":7.0},{"not_picked":["FendThisOffIfYouCan","Brawl","Parry","GrazeTheGrass","Quickness","QuickSuppression","ElectricShock","FierceCharge"],"picked":"ToOvercomeCrisis","floor":10.0},{"not_picked":["ShyLook","VoidDream","OldLady"],"picked":"Singing Bowl","floor":10.0},{"not_picked":["Wellcheers","Woodsman"],"picked":"FieryBird","floor":10.0},{"not_picked":["Wellcheers","CherryBlossoms"],"picked":"DespairKnight","floor":12.0},{"not_picked":["ClassAndRespect","GreatSerpentsImpact","TendonChords","FleetFootsteps","EnergyConversion","StructuralAnalysis","StrongStrike","WaitUp"],"picked":"SilentNight","floor":12.0},{"not_picked":["LongBird","OldLady","Bloodbath"],"picked":"Singing Bowl","floor":14.0},{"not_picked":["MultiHit","ToWhereThePrescriptPoints","AutomatedMovement","Quickness","FleetFootsteps","Riposte","UnavoidableGaze","ElectricShock"],"picked":"Bvapour","floor":14.0},{"not_picked":["SilentOrchestra","RedShoes","GreedKing"],"picked":"Singing Bowl","floor":16.0},{"not_picked":["ScratchThat","EmotionalTurbulence"],"picked":"Deflect_lor","floor":16.0},{"not_picked":["MeatLantern","LaLuna","Wellcheers"],"picked":"Singing Bowl","floor":18.0},{"not_picked":["Multislash+1","ViolentFlame","SnakesPrey","GuidanceOfTheGears","FleetEdge","WillOfThePrescript","HighKick","DesperateStruggle"],"picked":"Rewind","floor":18.0},{"not_picked":["NakedNest","CrumblingArmor","Mercenary"],"picked":"Singing Bowl","floor":20.0},{"not_picked":["MultiBlock","GreatSerpentsImpact","Rewind+1","LoosenUp+1","TheArtOfRapidSteps","DefenseOrder+1","GuardingStance","Clone"],"picked":"Cruelty","floor":20.0},{"not_picked":["Variant","LittleHelper","Porccubus"],"picked":"Singing Bowl","floor":22.0},{"not_picked":["IronWall","StrongStrike","BackstreetsDash","DesperateStruggle+1","BattleCommand","Thrust+1","Laceration","InkOver"],"picked":"Eliminate+1","floor":22.0},{"not_picked":["Bloodbath","CherryBlossoms","QueenBee"],"picked":"Singing Bowl","floor":23.0},{"not_picked":["EndlessBattle+1","SetFire","Thirst","Multislash","FlashOfSunup","GuidanceOfTheGears","UpbeatPerformance+1","AsThePrescriptOrders"],"picked":"SenseQuarry","floor":23.0},{"not_picked":["SingingMachine","Woodsman","Alriune"],"picked":"Singing Bowl","floor":28.0},{"not_picked":["HandleRequest","RatsGuideToSurvival","TasteMyFlamingBat+1","SharpSwipe","FierceOnslaught","FierceCharge","BindingChains","Parry"],"picked":"BoundaryOfDeath","floor":28.0},{"not_picked":["GreedKing","VoidDream","Scorched"],"picked":"Singing Bowl","floor":31.0},{"not_picked":["RushDown","UnavoidableGaze","QuickSuppression","PreemptiveStrike","DefenseOrder","TraceOfFumes","FrontalAssault","SerpentSwordTechnique"],"picked":"BizarreAttack","floor":31.0},{"not_picked":["MHz","BigBadWolf","BeautyBeast"],"picked":"Singing Bowl","floor":33.0},{"not_picked":["CleanUp","EmotionalTurbulence"],"picked":"Disposal","floor":33.0},{"not_picked":["Yin","Murderer","GreedKing"],"picked":"Singing Bowl","floor":35},{"not_picked":["UpbeatPerformance+1","Thrust","TendonChords+1","SerpentineBarrier","EnergyShield+1","UnavoidableGaze+1","SuppressingShot+1","QuickAttack+1"],"picked":"SpearedSweep+1","floor":35},{"not_picked":["SingingMachine","Bloodbath","BeautyBeast"],"picked":"Singing Bowl","floor":36},{"not_picked":["HandleRequest+1","ViolentFlame","EnergyStrike","DirtyBlow","GrazeTheGrass+1","SmokingPipe","PinpointShot+1","Quickness"],"picked":"Unlock1+1","floor":36},{"not_picked":["HappyTeddy","MeatLantern","Rudolta"],"picked":"Singing Bowl","floor":38},{"not_picked":["SharpenedBlade","ElectricShock+1","UnavoidableGaze","AsThePrescriptOrders+1","IllEndYou+1","StrikeDown+1","ExtractFuel","Overpower+1"],"picked":"SteelKnuckles+1","floor":38},{"not_picked":["Freischutz","Rudolta"],"picked":"NothingThere","floor":41},{"not_picked":["Faith","UpbeatPerformance+1","FeatherShield+1","SnakesPrey","WillBeTasty+1","TendonChords+1","Diversion+1","ExtractFuel"],"picked":"MindCrush+1","floor":41},{"not_picked":["Thrust+1","PuppetBlockade","IronWall+1","BackAttack+1","PinpointShot+1","ViolentFlame+1","IllEndYou+1","DimensionalRift+1"],"picked":"HandlingWork+1","floor":44},{"not_picked":["QueenOfHatred","Scarecrow"],"picked":"BlueStar","floor":44},{"not_picked":["CherryBlossoms","HeroicMonk"],"picked":"BodiesMountain","floor":46},{"not_picked":["FendThisOffIfYouCan+1","SummaryJudgment+1","BackstreetsDash+1","AbsorbImpact+1","Zzzzzap+1","GuardingStance+1","GaleKick+1","Faith"],"picked":"Clone+1","floor":46},{"not_picked":["testmod-HandmadeProducts","Enlightenment","Discovery","AT_CelerityRune","AT_PowerWithin","Dark Shackles","AT_Homeward","testmod-PainDetonator+1"],"picked":"vexMod:StairwayStrike+1","floor":48},{"not_picked":["testmod-DeathImprint+1","testmod-HandmadeProducts","testmod-Illusory","testmod-Automaton+1","testmod-Wormhole","AT_CelerityRune","testmod-TemporaryDeletion","testmod-LifeRuler"],"picked":"testmod-Reverberation","floor":48},{"not_picked":["testmod-LifeRuler","Good Instincts","Jack Of All Trades","testmod-Automaton+1","Mind Blast+1","testmod-Collector+1","testmod-DeathImprint+1","Dark Shackles"],"picked":"testmod-DisillusionmentEcho","floor":48}],"player_experience":165221,"relics_obtained":[{"floor":7.0,"key":"AT_SpeedBoots"},{"floor":23.0,"key":"EasyMod:Hard_1"},{"floor":26.0,"key":"Omamori"},{"floor":37,"key":"Molten Egg 2"},{"floor":41,"key":"The Courier"},{"floor":43,"key":"Letter Opener"}],"event_choices":[{"cards_removed":["LightDefense"],"damage_healed":0.0,"max_hp_gain":0.0,"max_hp_loss":0.0,"gold_gain":0.0,"event_name":"Purifier","player_choice":"Purged","floor":11.0,"gold_loss":0.0,"damage_taken":0.0},{"damage_healed":0.0,"max_hp_gain":0.0,"max_hp_loss":0.0,"gold_gain":0.0,"event_name":"Addict","player_choice":"Obtained Relic","floor":25.0,"gold_loss":85.0,"damage_taken":0.0,"relics_obtained":["hubris:SlimyHat"]},{"damage_healed":0.0,"max_hp_gain":0.0,"max_hp_loss":0.0,"gold_gain":0.0,"event_name":"Forgotten Altar","player_choice":"Smashed Altar","floor":27.0,"gold_loss":0.0,"damage_taken":0.0,"cards_obtained":["Decay"]},{"damage_healed":46,"gold_gain":0,"player_choice":"Writhe","damage_taken":0,"max_hp_gain":0,"max_hp_loss":0,"event_name":"Winding Halls","floor":39,"gold_loss":0,"cards_obtained":["Writhe"]},{"damage_healed":0,"gold_gain":0,"player_choice":"Memory 3","damage_taken":10,"max_hp_gain":0,"max_hp_loss":0,"event_name":"SensoryStone","floor":48,"gold_loss":0}],"is_beta":false,"boss_relics":[{"not_picked":["vexMod:FluxCapacitor","hubris:ScarierMask"],"picked":"jedi:paperlyon"},{"not_picked":["Runic Dome","Astrolabe"],"picked":"testmod-Nine"}],"items_purged_floors":[],"is_endless":false,"potions_floor_spawned":[2,7,12,16,23,31,33,38,41],"ascension_level":0}}