{"host":"uxx7prhn9zlu6i2v","time":1610319919,"event":{"mods":["100% Spire Juice","2.2 Compatiblity","AchievementEnabler","Act Like it!","Bard","BaseMod","Better Third Choice","CapriCore","ChefMod","Colored Powertips","Faster Ascension Climbing","Fox Events","Gensokyo","GifTheSpireLib","Hermit","Hubris","KomeijiMod","Marisa????????","Minty Spire (QoL Compilation)","Pale of the Ancients","Permanent Neow","Quick Restart","RNG Fix","Rare Cards Sparkle","Reimu??????","Relic Filter","Relic Sorter","Relic Stats","Reworked Bosses","Spicy Shops","StSLib","The Administrix","The Blue Laboratory","The Bug Knight","The Immortal","Yakumo Yukari mod","??????REMEMod"],"gold_per_floor":[116,116,116,116,34,34,64,64,64,80,80,95,95,95,95],"floor_reached":14,"playtime":344,"items_purged":[],"score":162,"play_id":"1fb983bf-e84d-43a5-bf87-f9f925636c75","local_time":"20210110170519","is_ascension_mode":true,"campfire_choices":[{"data":"MasterSpark","floor":6,"key":"SMITH"},{"data":"MilkyWay","floor":8,"key":"SMITH"}],"circlet_count":0,"master_deck":["AscendersBane","Strike_MRS","Strike_MRS","Strike_MRS","Strike_MRS","Defend_MRS","Defend_MRS","Defend_MRS","Defend_MRS","MasterSpark+1","UpSweep","Clumsy","Gensokyo:BlemishedSteel","MilkyWay+1","GalacticHalo","Gensokyo:MarisaTwilightSpark+1","PulseMagic"],"relics":["MiniHakkero","REME_ComplimentaryCards","Unceasing Top","Gensokyo:NagashiBinaDoll","Gensokyo:Justice","Boot","hubris:SphereOfDissonance"],"acts_visited":["Gensokyo:Gensokyo"],"potions_floor_usage":[14],"damage_taken":[{"damage":9,"enemies":"Gensokyo:2_Kodama","floor":1,"turns":4},{"damage":20,"enemies":"Gensokyo:Aya","floor":7,"turns":6},{"damage":9,"enemies":"Gensokyo:Gryphon","floor":10,"turns":3},{"damage":1,"enemies":"Gensokyo:Python","floor":12,"turns":3},{"damage":11,"enemies":"Gensokyo:Cirno","floor":14,"turns":3}],"seed_played":"747643983369375377","potions_obtained":[{"floor":1,"key":"ExcitationPotion"}],"is_trial":false,"path_per_floor":["M","$","?","?","COS","R","E","R","T","M","?","M","$","E"],"character_chosen":"MARISA","items_purchased":["AttackPotion"],"campfire_rested":0,"item_purchase_floors":[13],"current_hp_per_floor":[36,36,36,36,36,36,16,16,16,7,7,6,3,0,0],"gold":95,"neow_bonus":"ONE_RARE_RELIC","is_daily":false,"chose_seed":false,"campfire_upgraded":2,"win_rate":0.0,"timestamp":1610319919,"path_taken":["M","$","?","?","COS","R","E","R","T","M","?","?","?","E"],"items_purchased_type":["Potion"],"build_version":"2020-12-22","purchased_purges":0,"victory":false,"max_hp_per_floor":[70,70,70,70,70,70,70,70,70,70,70,70,70,70,70],"relic_stats":{"counters":[5,19],"Boot":[0],"obtain_stats":[{"hubris:SphereOfDissonance":9,"Gensokyo:NagashiBinaDoll":3,"MiniHakkero":0,"Gensokyo:Justice":4,"Boot":7,"Unceasing Top":0,"REME_ComplimentaryCards":0},{"hubris:SphereOfDissonance":2,"Gensokyo:NagashiBinaDoll":1,"MiniHakkero":0,"Gensokyo:Justice":1,"Boot":2,"Unceasing Top":0,"REME_ComplimentaryCards":0},{"hubris:SphereOfDissonance":10,"Gensokyo:NagashiBinaDoll":4,"MiniHakkero":0,"Gensokyo:Justice":4,"Boot":10,"Unceasing Top":0,"REME_ComplimentaryCards":0}],"Unceasing Top":[3]},"card_choices":[{"not_picked":["GalacticHalo","NonDirectionalLaser"],"picked":"MagicAbsorber","floor":1},{"not_picked":["OpenUniverse","SporeBomb"],"picked":"MilkyWay","floor":7},{"not_picked":["OpenUniverse","NonDirectionalLaser"],"picked":"GalacticHalo","floor":10},{"not_picked":["Occultation","SporeBomb"],"picked":"PulseMagic","floor":12}],"player_experience":1752815,"relics_obtained":[{"floor":7,"key":"Boot"},{"floor":9,"key":"hubris:SphereOfDissonance"}],"event_choices":[],"is_beta":false,"boss_relics":[],"items_purged_floors":[],"is_endless":false,"potions_floor_spawned":[1],"killed_by":"Gensokyo:Cirno","ascension_level":20}}