{"host":"c97twqu0op5dg8i4","time":1610261266,"event":{"mods":["BaseMod","Minty Spire (QoL Compilation)","Permanent Neow"],"gold_per_floor":[117,117,117,131,142,142,176,239,263,263,293,293,313,326,326,326,326],"floor_reached":16,"playtime":317,"items_purged":[],"score":138,"play_id":"aba38f40-881f-45e4-98cf-a414ad3e0db9","local_time":"20210110014746","is_ascension_mode":true,"campfire_choices":[{"data":"Glass Knife","floor":6,"key":"SMITH"},{"data":"Bouncing Flask","floor":10,"key":"SMITH"},{"data":"A Thousand Cuts","floor":15,"key":"SMITH"}],"circlet_count":0,"master_deck":["Strike_G","Strike_G","Strike_G","Strike_G","Strike_G","Defend_G","Defend_G","Defend_G","Defend_G","Defend_G","Survivor","Neutralize","Glass Knife+1","Dagger Spray","Bouncing Flask+1","Bane","A Thousand Cuts+1"],"relics":["Ring of the Snake","Ancient Tea Set","Boot"],"acts_visited":["Exordium"],"potions_floor_usage":[4,12,16],"damage_taken":[{"damage":2,"enemies":"Jaw Worm","floor":1,"turns":3},{"damage":0,"enemies":"2 Louse","floor":4,"turns":3},{"damage":0,"enemies":"Small Slimes","floor":5,"turns":3},{"damage":13,"enemies":"Gremlin Nob","floor":7,"turns":4},{"damage":0,"enemies":"3 Sentries","floor":12,"turns":1},{"damage":2,"enemies":"3 Louse","floor":13,"turns":2},{"damage":12,"enemies":"Exordium Wildlife","floor":14,"turns":2},{"damage":30,"enemies":"Hexaghost","floor":16,"turns":7}],"seed_played":"-7937273587280333976","potions_obtained":[{"floor":1,"key":"SmokeBomb"},{"floor":4,"key":"Fruit Juice"},{"floor":7,"key":"Strength Potion"},{"floor":13,"key":"SkillPotion"}],"is_trial":false,"path_per_floor":["M","$","?","M","M","R","E","?","T","R","?","E","M","M","R","B"],"character_chosen":"THE_SILENT","items_purchased":[],"campfire_rested":0,"item_purchase_floors":[],"current_hp_per_floor":[47,47,52,57,57,57,44,44,44,44,44,44,42,30,30,0,0],"gold":326,"neow_bonus":"THREE_RARE_CARDS","is_daily":false,"chose_seed":false,"campfire_upgraded":3,"win_rate":0.0,"timestamp":1610261266,"path_taken":["M","$","?","M","M","R","E","?","T","R","?","E","M","?","R","BOSS"],"items_purchased_type":[],"build_version":"2020-12-22","purchased_purges":0,"victory":false,"max_hp_per_floor":[70,70,75,80,80,80,80,80,80,80,80,80,80,80,80,80,80],"card_choices":[{"not_picked":["Adrenaline","Tools of the Trade"],"picked":"Glass Knife","floor":0},{"not_picked":["Well Laid Plans","All Out Attack"],"picked":"Dagger Spray","floor":1},{"not_picked":["Heel Hook","Tactician"],"picked":"Bouncing Flask","floor":4},{"not_picked":["Blade Dance","Accuracy"],"picked":"Bane","floor":5},{"not_picked":["Dagger Spray","Well Laid Plans","Eviscerate"],"picked":"SKIP","floor":7},{"not_picked":["Masterful Stab","Dagger Spray","Prepared"],"picked":"SKIP","floor":13},{"not_picked":["Eviscerate","Cloak And Dagger"],"picked":"A Thousand Cuts","floor":14}],"player_experience":284027,"relics_obtained":[{"floor":7,"key":"Ancient Tea Set"},{"floor":9,"key":"Boot"}],"event_choices":[{"damage_healed":0,"gold_gain":0,"player_choice":"Donut","damage_taken":0,"max_hp_gain":5,"max_hp_loss":0,"event_name":"Big Fish","floor":3,"gold_loss":0},{"damage_healed":0,"gold_gain":63,"player_choice":"Gained Gold","damage_taken":0,"max_hp_gain":0,"max_hp_loss":0,"event_name":"Golden Wing","floor":8,"gold_loss":0},{"damage_healed":0,"gold_gain":30,"player_choice":"Searched \u00271\u0027 times","damage_taken":0,"max_hp_gain":0,"max_hp_loss":0,"event_name":"Dead Adventurer","floor":11,"gold_loss":0}],"is_beta":false,"boss_relics":[],"items_purged_floors":[],"is_endless":false,"potions_floor_spawned":[1,4,7,13],"killed_by":"Hexaghost","ascension_level":5}}