{"host":"xb2tau8pgi8aflss","time":1610282346,"event":{"mods":["AchievementEnabler","BaseMod","Hermit","Minty Spire (QoL Compilation)","StSLib","SuperFastMode"],"gold_per_floor":[114,114,128,139,153,178,188,218,218,235,235,247,247,37,37,141,141,160,160,31,31,57,57,88,95,95],"floor_reached":25,"playtime":748,"items_purged":[],"score":268,"play_id":"d17e2988-be11-4011-9866-459506433f5f","local_time":"20210110213906","is_ascension_mode":true,"campfire_choices":[{"floor":11,"key":"REST"},{"data":"hermit:Scavenge","floor":15,"key":"SMITH"},{"data":"hermit:EternalForm","floor":23,"key":"SMITH"}],"circlet_count":0,"master_deck":["hermit:Strike_Hermit","hermit:Strike_Hermit","hermit:Strike_Hermit","hermit:Strike_Hermit","hermit:Defend_Hermit","hermit:Defend_Hermit","hermit:Defend_Hermit","hermit:Defend_Hermit","hermit:Snapshot","hermit:Covet","hermit:Virtue","Pain","hermit:GoldenBullet","hermit:Malice","hermit:Vantage","hermit:Midnight","hermit:Scavenge+1","hermit:Coalescence","hermit:Malice","Regret","hermit:GoldenBullet","hermit:Snipe","hermit:EternalForm+1","CurseOfTheBell","hermit:ItchyTrigger","hermit:EternalForm","hermit:CalledShot","hermit:Dive"],"relics":["hermit:Momento","NeowsBlessing","WarpedTongs","Eternal Feather","Ancient Tea Set","Ginger","StoneCalendar","DollysMirror","Calling Bell","Bag of Preparation","The Courier","Pocketwatch","Dead Branch","hermit:Spyglass"],"acts_visited":["Exordium","TheCity"],"potions_floor_usage":[6,7,8,18,25,25],"damage_taken":[{"damage":0,"enemies":"Jaw Worm","floor":1,"turns":1},{"damage":0,"enemies":"Cultist","floor":3,"turns":1},{"damage":12,"enemies":"Small Slimes","floor":4,"turns":2},{"damage":11,"enemies":"2 Fungi Beasts","floor":5,"turns":3},{"damage":34,"enemies":"3 Sentries","floor":6,"turns":10},{"damage":4,"enemies":"Lots of Slimes","floor":7,"turns":4},{"damage":11,"enemies":"Lagavulin","floor":8,"turns":5},{"damage":0,"enemies":"Large Slime","floor":10,"turns":4},{"damage":11,"enemies":"Blue Slaver","floor":12,"turns":3},{"damage":25,"enemies":"Slime Boss","floor":16,"turns":7},{"damage":19,"enemies":"3 Byrds","floor":18,"turns":3},{"damage":7,"enemies":"Shell Parasite","floor":22,"turns":4},{"damage":34,"enemies":"Slavers","floor":24,"turns":2},{"damage":16,"enemies":"3 Cultists","floor":25,"turns":4}],"seed_played":"-5165782103510139076","potions_obtained":[{"floor":3,"key":"BlessingOfTheForge"},{"floor":6,"key":"EssenceOfSteel"},{"floor":7,"key":"DistilledChaos"},{"floor":8,"key":"LiquidBronze"},{"floor":16,"key":"hermit:Tonic"},{"floor":22,"key":"ColorlessPotion"}],"is_trial":false,"path_per_floor":["M","?","M","M","M","E","M","E","T","M","R","M","?","$","R","B",null,"M","?","$","?","M","R","E","M"],"character_chosen":"HERMIT","items_purchased":["DollysMirror","hermit:Snipe","hermit:EternalForm"],"campfire_rested":1,"item_purchase_floors":[14,14,20],"current_hp_per_floor":[75,75,75,63,52,18,14,3,3,3,34,23,23,23,35,10,75,56,42,42,42,35,50,16,0,0],"gold":95,"neow_bonus":"THREE_ENEMY_KILL","is_daily":false,"chose_seed":false,"campfire_upgraded":2,"win_rate":0.0,"timestamp":1610282346,"path_taken":["M","?","M","?","?","E","M","E","T","M","R","M","?","$","R","BOSS","M","?","$","?","M","R","E","M"],"items_purchased_type":["Relic","Card","Card"],"build_version":"2020-12-22","purchased_purges":0,"victory":false,"max_hp_per_floor":[75,75,75,75,75,75,75,75,75,75,75,75,75,75,75,75,75,75,80,80,80,80,80,80,80,80],"card_choices":[{"not_picked":["hermit:Quickdraw","hermit:Feint"],"picked":"hermit:Virtue","floor":1},{"not_picked":["hermit:Vantage","hermit:Spite"],"picked":"hermit:GoldenBullet","floor":3},{"not_picked":["hermit:Brawl","hermit:Glare"],"picked":"hermit:Malice","floor":4},{"not_picked":["hermit:CursedWeapon","hermit:FullyLoaded"],"picked":"hermit:Vantage","floor":5},{"not_picked":["hermit:NoHoldsBarred","hermit:Adapt"],"picked":"hermit:Headshot","floor":6},{"not_picked":["hermit:BodyArmor","hermit:HoleUp"],"picked":"hermit:Midnight","floor":7},{"not_picked":["hermit:Deadeye","hermit:Quickdraw"],"picked":"hermit:Scavenge","floor":8},{"not_picked":["hermit:Maintenance","hermit:FlashPowder"],"picked":"hermit:Coalescence","floor":10},{"not_picked":["hermit:CalledShot","hermit:BodyArmor"],"picked":"hermit:Malice","floor":12},{"not_picked":["hermit:DeadOrAlive","hermit:HeroicBravado"],"picked":"hermit:EternalForm","floor":16},{"not_picked":["hermit:Desperado","hermit:Snipe"],"picked":"hermit:ItchyTrigger","floor":18},{"not_picked":["hermit:DeadMansHand","hermit:PistolWhip"],"picked":"hermit:CalledShot","floor":22},{"not_picked":["hermit:Deadeye+1","hermit:Maintenance+1"],"picked":"hermit:Dive","floor":24}],"player_experience":776177,"relics_obtained":[{"floor":6,"key":"Eternal Feather"},{"floor":8,"key":"Ancient Tea Set"},{"floor":9,"key":"Ginger"},{"floor":17,"key":"Bag of Preparation"},{"floor":17,"key":"The Courier"},{"floor":17,"key":"Pocketwatch"},{"floor":24,"key":"hermit:Spyglass"}],"event_choices":[{"damage_healed":0,"gold_gain":0,"player_choice":"Rummage","damage_taken":0,"relics_obtained":["WarpedTongs"],"max_hp_gain":0,"max_hp_loss":0,"event_name":"Accursed Blacksmith","floor":2,"gold_loss":0,"cards_obtained":["Pain"]},{"damage_healed":0,"gold_gain":0,"player_choice":"Box","damage_taken":0,"relics_obtained":["StoneCalendar"],"max_hp_gain":0,"max_hp_loss":0,"event_name":"Big Fish","floor":13,"gold_loss":0,"cards_obtained":["Regret"]},{"damage_healed":0,"gold_gain":0,"player_choice":"Shed Blood","damage_taken":19,"max_hp_gain":5,"max_hp_loss":0,"event_name":"Forgotten Altar","floor":19,"gold_loss":0},{"cards_removed":["hermit:Headshot"],"damage_healed":0,"gold_gain":0,"player_choice":"Gave Card","damage_taken":0,"relics_obtained":["Dead Branch"],"max_hp_gain":0,"max_hp_loss":0,"event_name":"WeMeetAgain","floor":21,"gold_loss":0}],"is_beta":false,"boss_relics":[{"not_picked":["Runic Dome","Sozu"],"picked":"Calling Bell"}],"items_purged_floors":[],"is_endless":false,"potions_floor_spawned":[3,6,7,8,16,22],"killed_by":"3 Cultists","ascension_level":3}}