{"host":"71h53w2p123dt4nv","time":1610281962,"event":{"mods":["AchievementEnabler","BaseMod","Better Third Choice","Minty Spire (QoL Compilation)","Rare Cards Sparkle","Shop Mod","StSLib","The Animator"],"gold_per_floor":[13,13,28,128,148,181,201,242,269,269,287,287,325,92,92,220,220,233,258,281,281,294,294,326,326,326,355,455,466,479,512,512,609,609,623,623,623,181,214,250,300,359,383,410,100,100,153,163,163,183,183,183,10,40,40],"floor_reached":56,"playtime":6880,"items_purged":["Juggernaut","Strike_R","Strike_R"],"score":1484,"play_id":"121d11ab-1ed3-42ab-b658-9576169ccfa2","local_time":"20210110133242","is_ascension_mode":true,"campfire_choices":[{"data":"Ghostly Armor","floor":12,"key":"SMITH"},{"data":"Uppercut","floor":15,"key":"SMITH"},{"data":"Feed","floor":23,"key":"SMITH"},{"data":"Ghostly Armor","floor":25,"key":"SMITH"},{"data":"Combust","floor":32,"key":"SMITH"},{"data":"Rupture","floor":46,"key":"SMITH"},{"floor":49,"key":"RECALL"},{"data":"Iron Wave","floor":52,"key":"SMITH"}],"circlet_count":0,"master_deck":["Strike_R","Strike_R","Strike_R","Defend_R","Defend_R","Defend_R","Bash","Uppercut+1","Ghostly Armor+1","Ghostly Armor+1","Iron Wave+1","Thunderclap","Bloodletting","Clothesline","Inflame","Feed+1","Iron Wave","Cleave","Combust+1","Rupture+1","Iron Wave+1","Combust+1","Immolate","Sadistic Nature","Dramatic Entrance","HandOfGreed+1","Iron Wave+1","Double Tap","Disarm+1","Hemokinesis+1","Rupture+1"],"relics":["Burning Blood","Pocketwatch","Bloody Idol","Pen Nib","Blood Vial","Bronze Scales","Centennial Puzzle","Vajra","Black Star","Pantograph","Juzu Bracelet","Akabeko","Orichalcum","Thread and Needle","Bottled Lightning","Pear","Bag of Preparation","SlaversCollar","OrangePellets","CeramicFish","Toy Ornithopter","Ginger","Calipers","Bottled Tornado","Red Skull","Happy Flower","Unceasing Top","Anchor","Whetstone"],"acts_visited":["Exordium","TheCity","TheBeyond","TheEnding"],"potions_floor_usage":[8,11,11,13,15,24,27,30,31,42,50,55,55],"damage_taken":[{"damage":2,"enemies":"2 Louse","floor":1,"turns":3},{"damage":4,"enemies":"Jaw Worm","floor":3,"turns":3},{"damage":0,"enemies":"Cultist","floor":5,"turns":3},{"damage":25,"enemies":"Lagavulin","floor":6,"turns":9},{"damage":10,"enemies":"Large Slime","floor":7,"turns":6},{"damage":14,"enemies":"3 Sentries","floor":8,"turns":15},{"damage":7,"enemies":"Gremlin Gang","floor":11,"turns":4},{"damage":7,"enemies":"Gremlin Nob","floor":13,"turns":3},{"damage":18,"enemies":"Slime Boss","floor":16,"turns":8},{"damage":3,"enemies":"Spheric Guardian","floor":18,"turns":4},{"damage":3,"enemies":"Shell Parasite","floor":19,"turns":6},{"damage":18,"enemies":"Snake Plant","floor":20,"turns":3},{"damage":3,"enemies":"Chosen and Byrds","floor":22,"turns":5},{"damage":15,"enemies":"Book of Stabbing","floor":24,"turns":5},{"damage":12,"enemies":"Gremlin Leader","floor":27,"turns":5},{"damage":11,"enemies":"Colosseum Slavers","floor":28,"turns":3},{"damage":23,"enemies":"Colosseum Nobs","floor":28,"turns":4},{"damage":8,"enemies":"Snecko","floor":29,"turns":5},{"damage":9,"enemies":"Shelled Parasite and Fungi","floor":30,"turns":4},{"damage":10,"enemies":"Slavers","floor":31,"turns":4},{"damage":60,"enemies":"Collector","floor":33,"turns":8},{"damage":24,"enemies":"3 Darklings","floor":35,"turns":3},{"damage":11,"enemies":"3 Shapes","floor":39,"turns":2},{"damage":28,"enemies":"Giant Head","floor":40,"turns":7},{"damage":11,"enemies":"Mind Bloom Boss Battle","floor":41,"turns":4},{"damage":15,"enemies":"Reptomancer","floor":42,"turns":5},{"damage":20,"enemies":"Spire Growth","floor":44,"turns":4},{"damage":43,"enemies":"2 Orb Walkers","floor":47,"turns":4},{"damage":0,"enemies":"3 Darklings","floor":48,"turns":3},{"damage":71,"enemies":"Donu and Deca","floor":50,"turns":8},{"damage":41,"enemies":"Shield and Spear","floor":54,"turns":5},{"damage":97,"enemies":"The Heart","floor":55,"turns":7}],"seed_played":"6350947412805885443","potions_obtained":[{"floor":6,"key":"Strength Potion"},{"floor":8,"key":"FearPotion"},{"floor":10,"key":"FairyPotion"},{"floor":10,"key":"DistilledChaos"},{"floor":11,"key":"EssenceOfSteel"},{"floor":18,"key":"Energy Potion"},{"floor":22,"key":"FearPotion"},{"floor":28,"key":"EssenceOfSteel"},{"floor":29,"key":"HeartOfIron"},{"floor":30,"key":"Fruit Juice"},{"floor":31,"key":"ElixirPotion"},{"floor":41,"key":"Explosive Potion"},{"floor":42,"key":"BloodPotion"}],"is_trial":false,"path_per_floor":["M","?","M","?","M","E","M","E","T","?","M","R","E","$","R","B",null,"M","M","M","?","M","R","E","R","T","E","?","M","M","E","R","B",null,"M","?","?","$","M","E","?","E","T","M","$","R","?","M","R","B",null,"R","$","E","B",null],"character_chosen":"IRONCLAD","items_purchased":["Vajra","Inflame","BloodPotion","OrangePellets","HandOfGreed","Weak Potion","Rupture","Happy Flower","FearPotion"],"campfire_rested":0,"item_purchase_floors":[14,14,14,38,38,38,45,45,53],"current_hp_per_floor":[80,60,62,62,68,49,45,37,37,37,38,38,39,39,55,45,80,83,83,74,74,87,87,85,85,85,86,81,86,99,116,116,71,120,107,107,97,97,104,98,124,124,124,124,128,128,96,109,109,73,128,128,128,98,69],"gold":40,"neow_bonus":"ONE_RARE_RELIC","is_daily":false,"chose_seed":false,"campfire_upgraded":7,"win_rate":0.0,"timestamp":1610281962,"path_taken":["M","?","M","?","M","E","?","E","T","?","M","R","E","$","R","BOSS","M","M","?","?","M","R","E","R","T","E","?","M","M","E","R","BOSS","M","?","?","$","M","E","?","E","T","M","$","R","?","M","R","BOSS","R","$","E","BOSS"],"items_purchased_type":["Relic","Card","Potion","Relic","Card","Potion","Card","Relic","Potion"],"build_version":"2020-12-22","purchased_purges":3,"victory":true,"max_hp_per_floor":[80,80,80,80,80,80,80,80,80,80,80,80,80,80,80,80,80,83,83,86,86,89,89,89,89,89,89,97,97,106,120,120,120,120,120,120,120,120,120,124,124,124,124,128,128,128,128,128,128,128,128,128,128,128,128],"card_choices":[{"not_picked":["Anger","Clash"],"picked":"Uppercut","floor":1},{"not_picked":["Reckless Charge","Evolve"],"picked":"Ghostly Armor","floor":3},{"not_picked":["Cleave","Clothesline"],"picked":"Ghostly Armor","floor":5},{"not_picked":["Battle Trance","Second Wind","Whirlwind"],"picked":"SKIP","floor":6},{"not_picked":["Cleave","Shrug It Off"],"picked":"Iron Wave","floor":7},{"not_picked":["Dropkick","Twin Strike"],"picked":"Thunderclap","floor":8},{"not_picked":["Ghostly Armor","Thunderclap"],"picked":"Bloodletting","floor":11},{"not_picked":["Evolve","Headbutt"],"picked":"Clothesline","floor":13},{"not_picked":["Bludgeon","Reaper"],"picked":"Feed","floor":16},{"not_picked":["Power Through","Pommel Strike"],"picked":"Iron Wave","floor":18},{"not_picked":["Clothesline","Flex"],"picked":"Cleave","floor":19},{"not_picked":["Thunderclap","Body Slam","Flex"],"picked":"SKIP","floor":20},{"not_picked":["Flex","Flame Barrier+1"],"picked":"Combust+1","floor":22},{"not_picked":["Pommel Strike","Reckless Charge+1"],"picked":"Rupture+1","floor":24},{"not_picked":["Sword Boomerang","Flex","Body Slam"],"picked":"SKIP","floor":27},{"not_picked":["Sever Soul","Warcry"],"picked":"Iron Wave+1","floor":28},{"not_picked":["Shrug It Off","Wild Strike"],"picked":"Juggernaut","floor":29},{"not_picked":["Anger","Shrug It Off","Shockwave+1"],"picked":"SKIP","floor":30},{"not_picked":["Clash","Headbutt"],"picked":"Combust","floor":31},{"not_picked":["Juggernaut","Berserk"],"picked":"Immolate","floor":33},{"not_picked":["Pommel Strike+1","Warcry+1","Perfected Strike"],"picked":"SKIP","floor":35},{"not_picked":["Transmutation","Flash of Steel"],"picked":"Sadistic Nature","floor":37},{"not_picked":["Forethought","Secret Weapon"],"picked":"Dramatic Entrance","floor":37},{"not_picked":["Cleave","Whirlwind+1"],"picked":"Iron Wave+1","floor":39},{"not_picked":["Cleave","Twin Strike+1"],"picked":"Double Tap","floor":40},{"not_picked":["Anger","Searing Blow"],"picked":"Disarm+1","floor":42},{"not_picked":["Flex","Sword Boomerang"],"picked":"Hemokinesis","floor":44},{"not_picked":["Shrug It Off+1","Warcry+1","Power Through+1"],"picked":"SKIP","floor":48},{"not_picked":["Seeing Red+1","Heavy Blade","Bludgeon"],"picked":"SKIP","floor":54}],"player_experience":202438,"relics_obtained":[{"floor":6,"key":"Pen Nib"},{"floor":8,"key":"Blood Vial"},{"floor":9,"key":"Bronze Scales"},{"floor":13,"key":"Centennial Puzzle"},{"floor":24,"key":"Pantograph"},{"floor":24,"key":"Juzu Bracelet"},{"floor":27,"key":"Akabeko"},{"floor":27,"key":"Orichalcum"},{"floor":28,"key":"Thread and Needle"},{"floor":28,"key":"Bottled Lightning"},{"floor":31,"key":"Pear"},{"floor":31,"key":"Bag of Preparation"},{"floor":40,"key":"CeramicFish"},{"floor":40,"key":"Toy Ornithopter"},{"floor":41,"key":"Ginger"},{"floor":42,"key":"Calipers"},{"floor":42,"key":"Bottled Tornado"},{"floor":43,"key":"Red Skull"},{"floor":47,"key":"Unceasing Top"},{"floor":54,"key":"Anchor"},{"floor":54,"key":"Whetstone"}],"event_choices":[{"damage_healed":0,"gold_gain":0,"player_choice":"Take Damage","damage_taken":20,"relics_obtained":["Golden Idol"],"max_hp_gain":0,"max_hp_loss":0,"event_name":"Golden Idol","floor":2,"gold_loss":0},{"damage_healed":0,"gold_gain":100,"player_choice":"Pray","damage_taken":0,"max_hp_gain":0,"max_hp_loss":0,"event_name":"Golden Shrine","floor":4,"gold_loss":0},{"damage_healed":0,"gold_gain":0,"player_choice":"Got Potions","damage_taken":0,"max_hp_gain":0,"max_hp_loss":0,"event_name":"Lab","floor":10,"gold_loss":0},{"damage_healed":0,"gold_gain":0,"player_choice":"Gave Idol","damage_taken":0,"relics_obtained":["Bloody Idol"],"max_hp_gain":0,"max_hp_loss":0,"event_name":"Forgotten Altar","floor":21,"relics_lost":["Golden Idol"],"gold_loss":0},{"damage_healed":0,"gold_gain":0,"player_choice":"Fight","damage_taken":0,"max_hp_gain":0,"max_hp_loss":0,"event_name":"Colosseum","floor":28,"gold_loss":0},{"damage_healed":0,"gold_gain":0,"player_choice":"Fought Nobs","damage_taken":0,"max_hp_gain":0,"max_hp_loss":0,"event_name":"Colosseum","floor":28,"gold_loss":0},{"cards_removed":["Defend_R"],"damage_healed":0,"gold_gain":0,"player_choice":"Removed Skill","damage_taken":0,"max_hp_gain":0,"max_hp_loss":0,"event_name":"Falling","floor":36,"gold_loss":0},{"damage_healed":0,"gold_gain":0,"player_choice":"Memory 3","damage_taken":10,"max_hp_gain":0,"max_hp_loss":0,"event_name":"SensoryStone","floor":37,"gold_loss":0},{"damage_healed":0,"gold_gain":0,"player_choice":"Fight","damage_taken":0,"max_hp_gain":0,"max_hp_loss":0,"event_name":"MindBloom","floor":41,"gold_loss":0},{"damage_healed":0,"gold_gain":0,"player_choice":"Fight","damage_taken":0,"max_hp_gain":0,"max_hp_loss":0,"event_name":"Mysterious Sphere","floor":47,"gold_loss":0}],"is_beta":false,"boss_relics":[{"not_picked":["Runic Pyramid","Runic Cube"],"picked":"Black Star"},{"not_picked":["Snecko Eye","SacredBark"],"picked":"SlaversCollar"}],"items_purged_floors":[38,45,53],"is_endless":false,"potions_floor_spawned":[6,8,11,18,22,28,29,30,31,41,42],"ascension_level":2}}