{"host":"1c17lcvl7acx821p","time":1610237926,"event":{"mods":["AchievementEnabler","BaseMod","Colored Map","Minty Spire (QoL Compilation)","StSLib"],"gold_per_floor":[109,125,144,1,12,43,56,56,126,126,161,161,177,212,212,317,317,329,349,349,274,274,309,328,355,367,379,423,454,484,514,526,634,646,672,684,746,371,371,401,420,455,455,469,479,489,519,537,537,537],"floor_reached":51,"playtime":2781,"items_purged":["Strike_R","Strike_R"],"score":1025,"play_id":"e17da67d-dcf6-4d37-a66e-3b70ebb4b5a9","local_time":"20210110021846","is_ascension_mode":true,"campfire_choices":[{"data":"Feed","floor":8,"key":"SMITH"},{"data":"Twin Strike","floor":10,"key":"SMITH"},{"data":"Battle Trance","floor":12,"key":"SMITH"},{"floor":15,"key":"REST"},{"floor":27,"key":"REST"},{"data":"Sword Boomerang","floor":32,"key":"SMITH"},{"floor":49,"key":"REST"}],"circlet_count":0,"master_deck":["Strike_R","Defend_R+1","Defend_R","Defend_R+1","Defend_R","Bash","Feed+1","Twin Strike+1","Cleave+1","Flex+1","Battle Trance+1","Sword Boomerang+1","Anger","Headbutt","Shockwave+1","Shrug It Off","Dropkick+1","Exhume","Flash of Steel","Flame Barrier+1","Burning Pact+1","Anger+1","Dropkick+1","Dropkick+1"],"relics":["Burning Blood","War Paint","Shuriken","Matryoshka","TungstenRod","Toy Ornithopter","Runic Cube","Bag of Marbles","MawBank","Oddly Smooth Stone","Sundial","Kunai","Black Star","Gambling Chip","Whetstone","Omamori","Eternal Feather","Potion Belt","Red Skull","MealTicket","Ginger","Vajra","Gremlin Horn"],"acts_visited":["Exordium","TheCity","TheBeyond"],"potions_floor_usage":[19,23,25,42,50,50,50,50],"damage_taken":[{"damage":5,"enemies":"2 Louse","floor":1,"turns":3},{"damage":11,"enemies":"Small Slimes","floor":2,"turns":6},{"damage":1,"enemies":"Cultist","floor":3,"turns":4},{"damage":9,"enemies":"Looter","floor":5,"turns":3},{"damage":45,"enemies":"Lagavulin","floor":6,"turns":9},{"damage":3,"enemies":"Exordium Wildlife","floor":7,"turns":4},{"damage":27,"enemies":"3 Sentries","floor":11,"turns":6},{"damage":5,"enemies":"Gremlin Gang","floor":13,"turns":2},{"damage":19,"enemies":"Gremlin Nob","floor":14,"turns":4},{"damage":38,"enemies":"Hexaghost","floor":16,"turns":6},{"damage":30,"enemies":"2 Thieves","floor":18,"turns":3},{"damage":1,"enemies":"3 Byrds","floor":19,"turns":5},{"damage":37,"enemies":"Slavers","floor":23,"turns":5},{"damage":12,"enemies":"Snecko","floor":24,"turns":4},{"damage":28,"enemies":"Book of Stabbing","floor":25,"turns":4},{"damage":19,"enemies":"Slavers","floor":28,"turns":4},{"damage":1,"enemies":"Sentry and Sphere","floor":29,"turns":4},{"damage":10,"enemies":"3 Cultists","floor":30,"turns":3},{"damage":1,"enemies":"Chosen and Byrds","floor":31,"turns":3},{"damage":41,"enemies":"Collector","floor":33,"turns":6},{"damage":18,"enemies":"3 Shapes","floor":35,"turns":7},{"damage":8,"enemies":"Mind Bloom Boss Battle","floor":37,"turns":8},{"damage":80,"enemies":"Nemesis","floor":40,"turns":7},{"damage":18,"enemies":"3 Darklings","floor":41,"turns":8},{"damage":38,"enemies":"Giant Head","floor":42,"turns":7},{"damage":0,"enemies":"Transient","floor":44,"turns":5},{"damage":26,"enemies":"Writhing Mass","floor":45,"turns":3},{"damage":0,"enemies":"Jaw Worm Horde","floor":46,"turns":1},{"damage":12,"enemies":"Nemesis","floor":47,"turns":3},{"damage":12,"enemies":"Spire Growth","floor":48,"turns":2},{"damage":88,"enemies":"Time Eater","floor":50,"turns":8}],"seed_played":"-4583802694029491068","potions_obtained":[{"floor":1,"key":"SpeedPotion"},{"floor":6,"key":"Ancient Potion"},{"floor":7,"key":"Dexterity Potion"},{"floor":13,"key":"CultistPotion"},{"floor":23,"key":"SteroidPotion"},{"floor":29,"key":"SmokeBomb"},{"floor":33,"key":"Regen Potion"},{"floor":37,"key":"GamblersBrew"},{"floor":41,"key":"Fruit Juice"},{"floor":46,"key":"Weak Potion"},{"floor":48,"key":"GamblersBrew"}],"is_trial":false,"path_per_floor":["M","M","M","$","M","E","M","R","T","R","E","R","M","E","R","B",null,"M","M","?","$","?","E","M","E","T","R","E","M","M","M","R","B",null,"M","?","?","$","?","E","M","E","T","M","M","M","E","M","R","B",null],"character_chosen":"IRONCLAD","items_purchased":["War Paint","Whetstone","Flash of Steel","PowerPotion"],"campfire_rested":3,"item_purchase_floors":[4,38,38,38],"current_hp_per_floor":[83,81,89,89,89,53,59,59,59,59,42,42,47,38,71,43,114,94,108,108,108,108,86,84,67,67,106,97,106,106,115,115,84,150,146,146,148,148,148,78,70,48,48,54,34,44,38,36,100,38],"gold":537,"neow_bonus":"TRANSFORM_CARD","is_daily":false,"chose_seed":false,"campfire_upgraded":4,"win_rate":0.0,"timestamp":1610237926,"path_taken":["M","M","M","$","M","E","M","R","T","R","E","R","M","E","R","BOSS","M","M","?","$","?","E","M","E","T","R","E","M","M","M","R","BOSS","M","?","?","$","?","E","M","E","T","M","M","M","E","M","R","BOSS"],"items_purchased_type":["Relic","Relic","Card","Potion"],"build_version":"2020-12-22","purchased_purges":2,"victory":true,"max_hp_per_floor":[83,86,89,89,92,95,98,98,98,98,102,102,106,110,110,114,114,118,122,122,122,122,126,130,130,130,130,134,138,142,146,146,150,150,158,150,154,154,154,158,162,167,167,167,167,171,171,175,175,175],"card_choices":[{"not_picked":["Heavy Blade","Rage"],"picked":"Twin Strike","floor":1},{"not_picked":["Pommel Strike","True Grit"],"picked":"Cleave","floor":2},{"not_picked":["Wild Strike","Evolve","Cleave"],"picked":"SKIP","floor":3},{"not_picked":["Berserk","Havoc"],"picked":"Flex","floor":5},{"not_picked":["Anger","Pommel Strike"],"picked":"Battle Trance","floor":6},{"not_picked":["Wild Strike","Armaments"],"picked":"Sword Boomerang","floor":7},{"not_picked":["Cleave","Juggernaut"],"picked":"Anger","floor":11},{"not_picked":["Burning Pact","True Grit"],"picked":"Headbutt","floor":13},{"not_picked":["Clothesline","Sword Boomerang","Searing Blow"],"picked":"SKIP","floor":14},{"not_picked":["Havoc","Reckless Charge"],"picked":"Shockwave+1","floor":18},{"not_picked":["Flame Barrier","Havoc","Armaments"],"picked":"SKIP","floor":19},{"not_picked":["Feel No Pain","Rupture"],"picked":"Shrug It Off","floor":23},{"not_picked":["Inflame+1","Hemokinesis+1"],"picked":"Dropkick","floor":24},{"not_picked":["Fiend Fire","Flex","Seeing Red"],"picked":"SKIP","floor":25},{"not_picked":["Carnage","Havoc","Bloodletting"],"picked":"SKIP","floor":28},{"not_picked":["Thunderclap+1","Perfected Strike+1","Headbutt"],"picked":"SKIP","floor":29},{"not_picked":["Clash","Iron Wave+1","Thunderclap"],"picked":"SKIP","floor":30},{"not_picked":["Reckless Charge","Headbutt","Intimidate"],"picked":"SKIP","floor":31},{"not_picked":["Corruption","Immolate"],"picked":"Exhume","floor":33},{"not_picked":["Uppercut","Flex+1","Body Slam"],"picked":"SKIP","floor":35},{"not_picked":["Clothesline+1","True Grit"],"picked":"Flame Barrier+1","floor":40},{"not_picked":["Sever Soul+1","Heavy Blade+1","Dark Embrace+1"],"picked":"SKIP","floor":41},{"not_picked":["Pommel Strike","Havoc+1"],"picked":"Burning Pact+1","floor":42},{"not_picked":["Cleave","Sword Boomerang+1","Carnage+1"],"picked":"SKIP","floor":44},{"not_picked":["Wild Strike","Shockwave"],"picked":"Anger+1","floor":45},{"not_picked":["Cleave+1","Headbutt+1"],"picked":"Dropkick+1","floor":46},{"not_picked":["Immolate","Warcry"],"picked":"Dropkick+1","floor":47},{"not_picked":["Wild Strike+1","Blood for Blood","Reckless Charge"],"picked":"SKIP","floor":48}],"player_experience":11822,"relics_obtained":[{"floor":6,"key":"Shuriken"},{"floor":9,"key":"Matryoshka"},{"floor":11,"key":"TungstenRod"},{"floor":14,"key":"Toy Ornithopter"},{"floor":23,"key":"Bag of Marbles"},{"floor":25,"key":"MawBank"},{"floor":26,"key":"Oddly Smooth Stone"},{"floor":26,"key":"Sundial"},{"floor":28,"key":"Kunai"},{"floor":37,"key":"Gambling Chip"},{"floor":40,"key":"Omamori"},{"floor":40,"key":"Eternal Feather"},{"floor":42,"key":"Potion Belt"},{"floor":42,"key":"Red Skull"},{"floor":43,"key":"MealTicket"},{"floor":43,"key":"Ginger"},{"floor":47,"key":"Vajra"},{"floor":47,"key":"Gremlin Horn"}],"event_choices":[{"cards_removed":["Strike_R"],"damage_healed":0,"gold_gain":0,"player_choice":"Elegance","damage_taken":0,"max_hp_gain":0,"max_hp_loss":0,"event_name":"Back to Basics","floor":20,"gold_loss":0},{"damage_healed":0,"gold_gain":0,"player_choice":"Upgraded","damage_taken":0,"max_hp_gain":0,"max_hp_loss":0,"event_name":"Upgrade Shrine","floor":22,"gold_loss":0,"cards_upgraded":["Flex"]},{"damage_healed":0,"gold_gain":0,"player_choice":"Max HP","damage_taken":0,"max_hp_gain":0,"max_hp_loss":8,"event_name":"Winding Halls","floor":36,"gold_loss":0},{"damage_healed":0,"gold_gain":0,"player_choice":"Fight","damage_taken":0,"max_hp_gain":0,"max_hp_loss":0,"event_name":"MindBloom","floor":37,"gold_loss":0},{"damage_healed":0,"gold_gain":0,"player_choice":"Bought 0 Potions","damage_taken":0,"max_hp_gain":0,"max_hp_loss":0,"event_name":"The Woman in Blue","floor":39,"gold_loss":0}],"is_beta":false,"boss_relics":[{"not_picked":["Coffee Dripper","Fusion Hammer"],"picked":"Runic Cube"},{"not_picked":["SacredBark","Runic Dome"],"picked":"Black Star"}],"items_purged_floors":[21,38],"is_endless":false,"potions_floor_spawned":[1,6,7,13,18,23,29,33,37,41,46,48],"ascension_level":4}}