{"host":"dvpvhz1t6etneyb3","time":1610250991,"event":{"mods":["AchievementEnabler","BaseMod","Colored Map","Highlight Path","Minty Spire (QoL Compilation)","Permanent Neow","Quick Restart"],"gold_per_floor":[110,110,385,68,89,89,123,137,137,168,192,215,215,239,239,338,338,338,3,3,3,3,3,3,3,3,3,3,3,3,3,3,3,3,3,3,3,3,3,3,3,3,3,3,3,3,3,3,3,3,3],"floor_reached":52,"playtime":5098,"items_purged":["Regret","Strike_B"],"score":2580,"play_id":"df9799e9-2c5c-4ff0-9b19-fe5c90e0b85a","local_time":"20210109225631","is_ascension_mode":true,"campfire_choices":[{"floor":6.0,"key":"REST"},{"floor":13.0,"key":"REST"},{"data":"Apotheosis","floor":15.0,"key":"SMITH"},{"data":"Defragment","floor":25.0,"key":"SMITH"},{"data":"Biased Cognition","floor":27.0,"key":"SMITH"},{"floor":32.0,"key":"REST"},{"data":"Fission","floor":40.0,"key":"SMITH"},{"data":"Skim","floor":46,"key":"SMITH"},{"floor":49,"key":"REST"}],"circlet_count":0,"master_deck":["AscendersBane","Strike_B","Defend_B","Defend_B","Defend_B","Defend_B","Zap","Dualcast","Apotheosis+1","Conserve Battery","Cold Snap","FTL","Loop","Sweeping Beam","Static Discharge","Biased Cognition+1","Darkness+1","Core Surge","Redo","Coolheaded+1","Stack","Leap","Defragment+1","Skim+1","Undo","Fission+1","Hologram","Compile Driver","White Noise"],"relics":["Cracked Core","Golden Idol","Lizard Tail","FossilizedHelix","Gambling Chip","Ectoplasm","Omamori","InkBottle","HornCleat","Du-Vu Doll","Red Mask","Nuclear Battery","TungstenRod","Girya","Mummified Hand","Orichalcum","Dead Branch","Lantern"],"acts_visited":["Exordium","TheCity","TheBeyond"],"potions_floor_usage":[45,51],"damage_taken":[{"damage":7.0,"enemies":"2 Louse","floor":1.0,"turns":2.0},{"damage":4.0,"enemies":"Small Slimes","floor":5.0,"turns":5.0},{"damage":4.0,"enemies":"Lagavulin","floor":7.0,"turns":8.0},{"damage":0.0,"enemies":"Cultist","floor":8.0,"turns":3.0},{"damage":24.0,"enemies":"Gremlin Nob","floor":10.0,"turns":4.0},{"damage":0.0,"enemies":"Gremlin Gang","floor":11.0,"turns":3.0},{"damage":12.0,"enemies":"Exordium Thugs","floor":12.0,"turns":5.0},{"damage":0.0,"enemies":"Large Slime","floor":14.0,"turns":5.0},{"damage":0.0,"enemies":"The Guardian","floor":16.0,"turns":11.0},{"damage":0.0,"enemies":"Chosen","floor":18.0,"turns":3.0},{"damage":13.0,"enemies":"3 Byrds","floor":21.0,"turns":4.0},{"damage":17.0,"enemies":"Book of Stabbing","floor":23.0,"turns":4.0},{"damage":0.0,"enemies":"Cultist and Chosen","floor":28.0,"turns":6.0},{"damage":12.0,"enemies":"Gremlin Leader","floor":29.0,"turns":6.0},{"damage":0.0,"enemies":"Centurion and Healer","floor":30.0,"turns":7.0},{"damage":6.0,"enemies":"Masked Bandits","floor":31.0,"turns":4.0},{"damage":0.0,"enemies":"Champ","floor":33.0,"turns":8.0},{"damage":0.0,"enemies":"3 Shapes","floor":35.0,"turns":5.0},{"damage":0.0,"enemies":"Orb Walker","floor":36.0,"turns":3.0},{"damage":0.0,"enemies":"Mind Bloom Boss Battle","floor":37.0,"turns":5.0},{"damage":10.0,"enemies":"2 Orb Walkers","floor":38.0,"turns":4.0},{"damage":0.0,"enemies":"Writhing Mass","floor":39.0,"turns":5.0},{"damage":0,"enemies":"Giant Head","floor":42,"turns":9},{"damage":0,"enemies":"4 Shapes","floor":44,"turns":6},{"damage":0,"enemies":"Nemesis","floor":45,"turns":7},{"damage":0,"enemies":"Giant Head","floor":47,"turns":7},{"damage":0,"enemies":"Transient","floor":48,"turns":6},{"damage":9,"enemies":"Awakened One","floor":50,"turns":19},{"damage":0,"enemies":"Time Eater","floor":51,"turns":11}],"seed_played":"-7721282427281214641","potions_obtained":[{"floor":7.0,"key":"DuplicationPotion"},{"floor":10.0,"key":"FocusPotion"},{"floor":11.0,"key":"Regen Potion"},{"floor":30.0,"key":"ColorlessPotion"},{"floor":31.0,"key":"EssenceOfDarkness"},{"floor":39.0,"key":"Fruit Juice"},{"floor":45,"key":"Energy Potion"}],"is_trial":false,"path_per_floor":["M","?","?","$","M","R","E","M","T","E","M","M","R","M","R","B",null,"M","$","?","M","?","E","?","R","T","R","M","E","M","?","R","B",null,"M","M","?","?","M","R","?","E","T","M","E","R","E","M","R","B","B",null],"character_chosen":"DEFECT","items_purchased":["Apotheosis","Conserve Battery","Core Surge","Redo","FocusPotion"],"campfire_rested":4,"item_purchase_floors":[4,4,19,19,19],"current_hp_per_floor":[64,37,37,37,33,56,52,52,52,28,28,16,39,39,39,39,68,68,68,68,55,55,50,50,50,50,50,50,38,38,32,55,55,72,72,72,72,62,62,62,62,62,62,62,67,67,67,67,83,74,74],"gold":3,"neow_bonus":"TEN_PERCENT_HP_BONUS","is_daily":false,"chose_seed":false,"campfire_upgraded":5,"win_rate":0.0,"timestamp":1610250991,"path_taken":["M","?","?","$","?","R","E","M","T","E","?","M","R","M","R","BOSS","M","$","?","M","?","E","?","R","T","R","M","E","M","?","R","BOSS","M","M","?","?","M","R","?","E","T","M","E","R","E","M","R","BOSS","BOSS"],"items_purchased_type":["Card","Card","Card","Card","Potion"],"build_version":"2020-12-22","purchased_purges":2,"victory":true,"max_hp_per_floor":[78,78,78,78,78,78,78,78,78,78,78,78,78,78,78,78,78,78,78,78,78,78,78,78,78,78,78,78,78,78,78,78,78,78,78,78,78,78,78,78,78,78,78,78,83,83,83,83,83,83,83],"card_choices":[{"not_picked":["Rebound","Hologram","Leap"],"picked":"SKIP","floor":1.0},{"not_picked":["Leap","Sweeping Beam"],"picked":"Cold Snap","floor":5.0},{"not_picked":["Beam Cell","Force Field"],"picked":"FTL","floor":7.0},{"not_picked":["Reboot","Aggregate"],"picked":"Loop","floor":8.0},{"not_picked":["Stack","Rebound"],"picked":"Sweeping Beam","floor":10.0},{"not_picked":["Steam","Turbo"],"picked":"Static Discharge","floor":11.0},{"not_picked":["Gash","Reinforced Body","Lockon"],"picked":"SKIP","floor":12.0},{"not_picked":["Rebound","Gash","Turbo"],"picked":"SKIP","floor":14.0},{"not_picked":["Buffer","Creative AI"],"picked":"Biased Cognition","floor":16.0},{"not_picked":["Lockon","Sweeping Beam"],"picked":"Darkness+1","floor":18.0},{"not_picked":["Beam Cell","Streamline"],"picked":"Coolheaded+1","floor":21.0},{"not_picked":["Tempest","Hologram"],"picked":"Defragment","floor":23.0},{"not_picked":["Steam","Storm"],"picked":"Skim","floor":28.0},{"not_picked":["Leap","Tempest","Gash"],"picked":"SKIP","floor":29.0},{"not_picked":["Redo","Leap","Scrape"],"picked":"SKIP","floor":30.0},{"not_picked":["Ball Lightning","Sweeping Beam"],"picked":"Undo","floor":31.0},{"not_picked":["Core Surge","All For One"],"picked":"Fission","floor":33.0},{"not_picked":["Doom and Gloom","Conserve Battery+1","Leap"],"picked":"SKIP","floor":35.0},{"not_picked":["Tempest","Gash"],"picked":"Hologram","floor":36.0},{"not_picked":["Force Field+1","Rebound+1","Cold Snap+1"],"picked":"SKIP","floor":39.0},{"not_picked":["Beam Cell","Aggregate"],"picked":"Compile Driver","floor":42},{"not_picked":["Skim","Compile Driver"],"picked":"White Noise","floor":44},{"not_picked":["Fusion","Heatsinks","Stack+1"],"picked":"SKIP","floor":45},{"not_picked":["Darkness","Reprogram","Hologram+1"],"picked":"SKIP","floor":47},{"not_picked":["Chaos","Rip and Tear","Rebound"],"picked":"SKIP","floor":48}],"player_experience":2031156,"relics_obtained":[{"floor":7.0,"key":"Lizard Tail"},{"floor":9.0,"key":"FossilizedHelix"},{"floor":10.0,"key":"Gambling Chip"},{"floor":23.0,"key":"Omamori"},{"floor":26.0,"key":"HornCleat"},{"floor":29.0,"key":"Du-Vu Doll"},{"floor":31.0,"key":"Red Mask"},{"floor":37.0,"key":"TungstenRod"},{"floor":38.0,"key":"Girya"},{"floor":42,"key":"Mummified Hand"},{"floor":43,"key":"Orichalcum"},{"floor":45,"key":"Dead Branch"},{"floor":47,"key":"Lantern"}],"event_choices":[{"damage_healed":0.0,"max_hp_gain":0.0,"max_hp_loss":0.0,"gold_gain":0.0,"event_name":"Golden Idol","player_choice":"Take Damage","floor":2.0,"gold_loss":0.0,"damage_taken":27.0,"relics_obtained":["Golden Idol"]},{"damage_healed":0.0,"max_hp_gain":0.0,"max_hp_loss":0.0,"gold_gain":275.0,"event_name":"Golden Shrine","player_choice":"Desecrate","floor":3.0,"gold_loss":0.0,"damage_taken":0.0,"cards_obtained":["Regret"]},{"damage_healed":0.0,"max_hp_gain":0.0,"max_hp_loss":0.0,"gold_gain":0.0,"cards_transformed":["Strike_B","Strike_B"],"event_name":"Drug Dealer","player_choice":"Became Test Subject","floor":22.0,"gold_loss":0.0,"damage_taken":0.0,"cards_obtained":["Stack","Leap"]},{"damage_healed":0.0,"max_hp_gain":0.0,"max_hp_loss":0.0,"gold_gain":0.0,"event_name":"The Mausoleum","player_choice":"Opened","floor":24.0,"gold_loss":0.0,"damage_taken":0.0,"relics_obtained":["InkBottle"],"cards_obtained":["Writhe"]},{"damage_healed":0.0,"max_hp_gain":0.0,"max_hp_loss":0.0,"gold_gain":0.0,"event_name":"Masked Bandits","player_choice":"Fought Bandits","floor":31.0,"gold_loss":0.0,"damage_taken":0.0},{"damage_healed":0.0,"max_hp_gain":0.0,"max_hp_loss":0.0,"gold_gain":0.0,"event_name":"MindBloom","player_choice":"Fight","floor":37.0,"gold_loss":0.0,"damage_taken":0.0},{"damage_healed":0.0,"max_hp_gain":0.0,"max_hp_loss":0.0,"gold_gain":0.0,"event_name":"Mysterious Sphere","player_choice":"Fight","floor":38.0,"gold_loss":0.0,"damage_taken":0.0},{"damage_healed":0.0,"max_hp_gain":0.0,"max_hp_loss":0.0,"gold_gain":0.0,"event_name":"SensoryStone","player_choice":"Memory 1","floor":41.0,"gold_loss":0.0,"damage_taken":0.0}],"is_beta":false,"boss_relics":[{"not_picked":["Astrolabe","Runic Dome"],"picked":"Ectoplasm"},{"not_picked":["Tiny House","Coffee Dripper"],"picked":"Nuclear Battery"}],"items_purged_floors":[4,19],"is_endless":false,"potions_floor_spawned":[7,10,11,21,30,31,35,38,39,45,48],"ascension_level":20}}