{"host":"Connor","time":1610316443,"event":{"mods":["Aspiration","BaseMod","Downfall","Hubris","Marisa????????","Minty Spire (QoL Compilation)","Replay The Spire","StSLib","The Cursed","The Jungle","The Servant 0.9.4"],"gold_per_floor":[111,111,14,29,46,79,79,97,124,140,140,169,2,2,2,2,2],"floor_reached":16,"playtime":492,"items_purged":[],"score":209,"play_id":"fbd6f663-b819-4552-9f0d-37af59433dfb","local_time":"20210110140723","is_ascension_mode":true,"campfire_choices":[{"floor":7,"key":"REST"},{"floor":11,"key":"RECALL"},{"floor":15,"key":"REST"}],"circlet_count":0,"master_deck":["AscendersBane","Strike_R","Strike_R","Strike_R","Strike_R","Strike_R","Defend_R","Defend_R","Defend_R","Defend_R","Bash","True Grit","Replay:SS_hec_1","Dark Embrace","Twin Strike","Armaments","Flame Barrier"],"relics":["Burning Blood","NeowsBlessing","hubris:TenFootPole","hubris:EvacipatedBox","Sling","Art of War","Replay:Accelerometer","Happy Flower","King of Hearts"],"acts_visited":["Exordium"],"potions_floor_usage":[6,12,12],"damage_taken":[{"damage":0,"enemies":"Cultist","floor":1,"turns":1},{"damage":0,"enemies":"2 Louse","floor":4,"turns":2},{"damage":0,"enemies":"Jaw Worm","floor":5,"turns":1},{"damage":37,"enemies":"3 Sentries","floor":6,"turns":8},{"damage":20,"enemies":"2 Fungi Beasts","floor":8,"turns":5},{"damage":16,"enemies":"Blue Slaver","floor":10,"turns":6},{"damage":8,"enemies":"Gremlin Nob","floor":12,"turns":3},{"damage":36,"enemies":"Hexaghost","floor":16,"turns":15}],"seed_played":"-3391424712292242856","potions_obtained":[{"floor":1,"key":"FearPotion"},{"floor":4,"key":"BlessingOfTheForge"},{"floor":6,"key":"PowerPotion"}],"is_trial":false,"path_per_floor":["M","$","$","M","M","E","R","M","T","M","R","E","$","T","R","B"],"character_chosen":"IRONCLAD","items_purchased":["hubris:TenFootPole","hubris:EvacipatedBox","Sling","Replay:SS_hec_1","Happy Flower"],"campfire_rested":2,"item_purchase_floors":[2,2,2,3,13],"current_hp_per_floor":[74,35,35,41,47,16,38,24,24,14,14,12,12,12,34,0,0],"gold":2,"neow_bonus":"THREE_ENEMY_KILL","is_daily":false,"chose_seed":false,"campfire_upgraded":0,"win_rate":0.0,"timestamp":1610316443,"path_taken":["M","?","$","?","M","E","R","M","T","M","R","E","$","?","R","BOSS"],"items_purchased_type":["Relic","Relic","Relic","Card","Relic"],"build_version":"2020-12-18","purchased_purges":0,"victory":false,"max_hp_per_floor":[75,75,75,75,75,75,75,75,75,75,75,75,75,75,75,75,75],"card_choices":[{"not_picked":["Thunderclap","Clash"],"picked":"True Grit","floor":1},{"not_picked":["Headbutt","Run Through"],"picked":"Dark Embrace","floor":4},{"not_picked":["hubris:ReadiedAction","Life Link"],"picked":"Twin Strike","floor":5},{"not_picked":["Anger","Heavy Blade","Thunderclap"],"picked":"SKIP","floor":6},{"not_picked":["Heavy Blade","Pommel Strike"],"picked":"Armaments","floor":8},{"not_picked":["Replay:Undeath\u0027s Touch","Clothesline","Bloodletting"],"picked":"SKIP","floor":10},{"not_picked":["Fire Breathing","Flex"],"picked":"Flame Barrier","floor":12}],"player_experience":597581,"relics_obtained":[{"floor":6,"key":"Art of War"},{"floor":12,"key":"Replay:Accelerometer"},{"floor":14,"key":"King of Hearts"}],"event_choices":[],"is_beta":true,"boss_relics":[],"items_purged_floors":[],"is_endless":false,"potions_floor_spawned":[1,4,6],"killed_by":"Hexaghost","ascension_level":18}}