{"host":"c97twqu0op5dg8i4","time":1610271007,"event":{"mods":["BaseMod","Minty Spire (QoL Compilation)","Permanent Neow"],"gold_per_floor":[109,34,34,34,51,51,85,104,104,104,54,54,85,102,102,202,202,215,230,10,10,28,28,56,76,102,102,135,135,135],"floor_reached":29,"playtime":687,"items_purged":["Strike_R"],"score":364,"play_id":"b33228f8-bda0-4e64-ae74-b2088b70211b","local_time":"20210110043007","is_ascension_mode":true,"campfire_choices":[{"data":"Whirlwind","floor":6,"key":"SMITH"},{"data":"Pommel Strike","floor":10,"key":"SMITH"},{"floor":12,"key":"REST"},{"data":"Shrug It Off","floor":15,"key":"SMITH"},{"data":"Whirlwind","floor":23,"key":"SMITH"},{"data":"Double Tap","floor":27,"key":"SMITH"}],"circlet_count":0,"master_deck":["Strike_R","Strike_R+1","Defend_R","Defend_R","Defend_R","Defend_R+1","Bash","Whirlwind+1","Pommel Strike+1","Shrug It Off+1","Double Tap+1","Cleave+1","Demon Form+1","Whirlwind+1","Whirlwind+1","Whirlwind+1"],"relics":["Burning Blood","Oddly Smooth Stone","Bird Faced Urn","Frozen Egg 2","Thread and Needle","Velvet Choker","Question Card","Bronze Scales","PreservedInsect"],"acts_visited":["Exordium","TheCity"],"potions_floor_usage":[7,16,24,28],"damage_taken":[{"damage":6,"enemies":"Cultist","floor":1,"turns":3},{"damage":4,"enemies":"Small Slimes","floor":5,"turns":3},{"damage":33,"enemies":"3 Sentries","floor":7,"turns":6},{"damage":0,"enemies":"2 Louse","floor":8,"turns":1},{"damage":24,"enemies":"Gremlin Nob","floor":13,"turns":4},{"damage":7,"enemies":"Looter","floor":14,"turns":3},{"damage":31,"enemies":"The Guardian","floor":16,"turns":19},{"damage":7,"enemies":"Spheric Guardian","floor":18,"turns":3},{"damage":18,"enemies":"2 Thieves","floor":19,"turns":3},{"damage":0,"enemies":"Chosen and Byrds","floor":22,"turns":4},{"damage":11,"enemies":"Slavers","floor":24,"turns":3},{"damage":7,"enemies":"Sentry and Sphere","floor":25,"turns":3},{"damage":57,"enemies":"Book of Stabbing","floor":28,"turns":6},{"damage":12,"enemies":"Snake Plant","floor":29,"turns":2}],"seed_played":"-3277440416160131425","potions_obtained":[{"floor":1,"key":"BlessingOfTheForge"},{"floor":5,"key":"Regen Potion"},{"floor":13,"key":"SkillPotion"},{"floor":19,"key":"SpeedPotion"},{"floor":22,"key":"Fire Potion"}],"is_trial":false,"path_per_floor":["M","$","?","?","M","R","E","M","T","R","?","R","E","M","R","B",null,"M","M","$","?","M","R","E","M","T","R","E","M"],"character_chosen":"IRONCLAD","items_purchased":["Demon Form+1","Whirlwind"],"campfire_rested":1,"item_purchase_floors":[20,20],"current_hp_per_floor":[80,80,73,57,59,59,46,52,52,52,52,76,58,57,57,32,68,67,55,55,55,63,63,58,59,59,59,10,0,0],"gold":135,"neow_bonus":"RANDOM_COMMON_RELIC","is_daily":false,"chose_seed":false,"campfire_upgraded":5,"win_rate":0.0,"timestamp":1610271007,"path_taken":["M","$","?","?","M","R","E","M","T","R","?","R","E","M","R","BOSS","M","M","$","?","M","R","E","?","T","R","E","M"],"items_purchased_type":["Card","Card"],"build_version":"2020-12-22","purchased_purges":1,"victory":false,"max_hp_per_floor":[80,80,80,80,80,80,80,80,80,80,80,80,80,80,80,80,80,80,80,80,80,80,80,80,80,80,80,80,80,80],"card_choices":[{"not_picked":["Fire Breathing","Anger"],"picked":"Whirlwind","floor":1},{"not_picked":["Twin Strike","Anger","Battle Trance"],"picked":"SKIP","floor":5},{"not_picked":["Heavy Blade","Bloodletting"],"picked":"Pommel Strike","floor":7},{"not_picked":["Second Wind","Anger","Carnage"],"picked":"SKIP","floor":8},{"not_picked":["Immolate","Second Wind","Rage"],"picked":"SKIP","floor":13},{"not_picked":["Wild Strike","Uppercut"],"picked":"Shrug It Off","floor":14},{"not_picked":["Immolate","Barricade+1"],"picked":"Double Tap","floor":16},{"not_picked":["Reckless Charge","True Grit","Wild Strike"],"picked":"SKIP","floor":18},{"not_picked":["Heavy Blade","Twin Strike"],"picked":"Cleave+1","floor":19},{"not_picked":["Hemokinesis","Iron Wave","Battle Trance"],"picked":"SKIP","floor":22},{"not_picked":["Havoc","Body Slam+1","Second Wind"],"picked":"SKIP","floor":24},{"not_picked":["Headbutt","Bloodletting","Heavy Blade","Carnage"],"picked":"SKIP","floor":25},{"not_picked":["Fiend Fire","Dark Embrace+1","Seeing Red"],"picked":"Whirlwind+1","floor":28}],"player_experience":287413,"relics_obtained":[{"floor":7,"key":"Bird Faced Urn"},{"floor":9,"key":"Frozen Egg 2"},{"floor":13,"key":"Thread and Needle"},{"floor":24,"key":"Question Card"},{"floor":26,"key":"Bronze Scales"},{"floor":28,"key":"PreservedInsect"}],"event_choices":[{"cards_removed":["Strike_R"],"damage_healed":0,"gold_gain":0,"player_choice":"Card Removal","damage_taken":7,"max_hp_gain":0,"max_hp_loss":0,"event_name":"Golden Wing","floor":3,"gold_loss":0},{"damage_healed":0,"gold_gain":0,"player_choice":"Entered Light","damage_taken":16,"max_hp_gain":0,"max_hp_loss":0,"event_name":"Shining Light","floor":4,"gold_loss":0,"cards_upgraded":["Strike_R","Defend_R"]},{"cards_removed":["Strike_R"],"damage_healed":0,"gold_gain":0,"player_choice":"Card Removal","damage_taken":0,"max_hp_gain":0,"max_hp_loss":0,"event_name":"The Cleric","floor":11,"gold_loss":50},{"damage_healed":0,"gold_gain":0,"player_choice":"Copied","damage_taken":0,"max_hp_gain":0,"max_hp_loss":0,"event_name":"Duplicator","floor":21,"gold_loss":0,"cards_obtained":["Whirlwind"]}],"is_beta":false,"boss_relics":[{"not_picked":["SlaversCollar","SacredBark"],"picked":"Velvet Choker"}],"items_purged_floors":[2],"is_endless":false,"potions_floor_spawned":[1,5,13,19,22],"killed_by":"Snake Plant","ascension_level":5}}