{"host":"867cnhxguf2bzj4x","time":1610238217,"event":{"mods":["BaseMod","BetterRewards","Duelist Mod","GifTheSpireLib","Lobotomy","Minty Spire (QoL Compilation)","StSLib","The Bug Knight","The Cursed","The Necromancer"],"gold_per_floor":[277,277,290,39,63,97,97,136,172,184,196,233,264,276,288,430,442,478,14,34,48,48,48,69,82,82,82,82,82,82,106,106,232,232,246,264,264,280,124,155,155,169,169,169,169,169,16,36,36,36],"floor_reached":51,"playtime":1777,"items_purged":["Injury","BeautyBeast"],"score":762,"play_id":"dbdfcb87-984e-4f0b-8cb2-7d99318c01cb","local_time":"20210110012337","is_ascension_mode":false,"campfire_choices":[{"data":"Apotheosis","floor":7,"key":"SMITH"},{"data":"Infinite Blades","floor":10,"key":"SMITH"},{"floor":15,"key":"REST"},{"data":"Adrenaline","floor":23,"key":"SMITH"},{"floor":27,"key":"REST"},{"floor":30,"key":"REST"},{"data":"After Image","floor":32,"key":"SMITH"},{"floor":41,"key":"REST"},{"floor":44,"key":"REST"},{"data":"1","floor":46,"key":"LIFT"},{"floor":49,"key":"REST"}],"circlet_count":0,"master_deck":["Defend_G","Defend_G+1","Survivor","Neutralize","Blade Dance+1","Prepared","LaLuna","Blade Dance","OldLady","Infinite Blades+1","Funeral","Parasite","Accuracy","Blade Dance","Bite","Bite","Bite","Bite","Bite","After Image+1","Phantasmal Killer","Distraction+1","Cloak And Dagger","Cloak And Dagger","Terror+1"],"relics":["Ring of the Snake","CogitoBucket","Golden Idol","Tiny Chest","MawBank","Art of War","WristBlade","Shuriken","HollowMod:LifeEnderRelic","Strawberry","Frozen Egg 2","Empty Cage","AtMidnight","War Paint","Mummified Hand","Girya","Lantern"],"acts_visited":["Exordium","TheCity","TheBeyond"],"potions_floor_usage":[12,21,33,33,33,50,50,50],"damage_taken":[{"damage":2,"enemies":"2 Louse","floor":1,"turns":3},{"damage":3,"enemies":"Jaw Worm","floor":3,"turns":3},{"damage":0,"enemies":"Small Slimes","floor":5,"turns":4},{"damage":13,"enemies":"Gremlin Nob","floor":6,"turns":4},{"damage":4,"enemies":"Lagavulin","floor":8,"turns":6},{"damage":17,"enemies":"Blue Slaver","floor":12,"turns":4},{"damage":18,"enemies":"Exordium Wildlife","floor":13,"turns":4},{"damage":0,"enemies":"Hexaghost","floor":16,"turns":9},{"damage":2,"enemies":"Chosen","floor":18,"turns":3},{"damage":1,"enemies":"3 Byrds","floor":20,"turns":5},{"damage":14,"enemies":"Cultist and Chosen","floor":21,"turns":3},{"damage":30,"enemies":"Snake Plant","floor":24,"turns":3},{"damage":10,"enemies":"Snecko","floor":25,"turns":3},{"damage":18,"enemies":"Cultist and Chosen","floor":31,"turns":5},{"damage":18,"enemies":"Collector","floor":33,"turns":4},{"damage":15,"enemies":"3 Shapes","floor":35,"turns":4},{"damage":13,"enemies":"Orb Walker","floor":36,"turns":3},{"damage":15,"enemies":"Sphere and 2 Shapes","floor":38,"turns":4},{"damage":27,"enemies":"Reptomancer","floor":40,"turns":5},{"damage":6,"enemies":"Jaw Worm Horde","floor":42,"turns":2},{"damage":20,"enemies":"HollowMod:SlobberingHusk","floor":48,"turns":5},{"damage":36,"enemies":"Awakened One","floor":50,"turns":7}],"seed_played":"1543056201388727722","potions_obtained":[{"floor":3,"key":"Explosive Potion"},{"floor":8,"key":"Block Potion"},{"floor":13,"key":"SkillPotion"},{"floor":16,"key":"Energy Potion"},{"floor":31,"key":"Poison Potion"},{"floor":35,"key":"BlessingOfTheForge"},{"floor":38,"key":"DuplicationPotion"},{"floor":48,"key":"Weak Potion"}],"is_trial":false,"path_per_floor":["M","?","M","$","M","E","R","E","T","R","$","M","M","?","R","B",null,"M","$","M","M","?","R","M","M","T","R","?","T","R","M","R","B",null,"M","M","?","M","$","E","R","M","T","R","?","R","$","M","R","B",null],"character_chosen":"THE_SILENT","items_purchased":["Apotheosis","Shuriken","Accuracy","Blade Dance","War Paint","Lantern"],"campfire_rested":6,"item_purchase_floors":[4,19,19,19,39,47],"current_hp_per_floor":[68,68,65,65,65,52,52,48,48,48,48,31,14,31,52,54,70,69,69,69,56,49,49,21,16,16,30,37,37,53,40,40,27,56,44,34,34,24,24,2,18,15,15,31,31,31,31,22,38,14],"gold":36,"neow_bonus":"","is_daily":false,"chose_seed":false,"campfire_upgraded":4,"win_rate":0.0,"timestamp":1610238217,"path_taken":["M","?","M","$","M","E","R","E","T","R","$","M","M","?","R","BOSS","M","$","M","M","?","R","M","M","T","R","?","?","R","M","R","BOSS","M","M","?","M","$","E","R","M","T","R","?","R","$","?","R","BOSS"],"items_purchased_type":["Card","Relic","Card","Card","Relic","Card"],"build_version":"2020-12-22","purchased_purges":2,"victory":true,"max_hp_per_floor":[70,70,70,70,70,70,70,70,70,70,70,70,70,70,70,70,70,70,70,70,70,49,49,49,49,49,49,56,56,56,56,56,56,56,56,56,56,56,56,56,56,56,56,56,56,56,56,56,56,56],"card_choices":[{"not_picked":["WallGazer","Mercenary","Wellcheers"],"picked":"Singing Bowl","floor":1},{"not_picked":["Cloak And Dagger","Outmaneuver"],"picked":"Blade Dance","floor":1},{"not_picked":["Scorched","Wellcheers","Woodsman"],"picked":"Singing Bowl","floor":3},{"not_picked":["Caltrops","Flying Knee"],"picked":"Prepared","floor":3},{"not_picked":["ShyLook","CrumblingArmor","MeatLantern"],"picked":"Singing Bowl","floor":5},{"not_picked":["Murderer","PunishingBird"],"picked":"LaLuna","floor":5},{"not_picked":["Acrobatics","Noxious Fumes","Backflip"],"picked":"SKIP","floor":5},{"not_picked":["SpiderBud","FairyFestival"],"picked":"BeautyBeast","floor":6},{"not_picked":["Accuracy","Noxious Fumes"],"picked":"Blade Dance","floor":6},{"not_picked":["OSAHOGD","QueenOfHatred","Scorched"],"picked":"Singing Bowl","floor":8},{"not_picked":["OSAHOGD","UniverseFragment"],"picked":"OldLady","floor":8},{"not_picked":["Acrobatics","Corpse Explosion"],"picked":"Infinite Blades","floor":8},{"not_picked":["ShyLook","FairyFestival"],"picked":"Funeral","floor":12},{"not_picked":["Bouncing Flask","Slice","Masterful Stab"],"picked":"SKIP","floor":12},{"not_picked":["Backflip","Quick Slash","Deadly Poison"],"picked":"SKIP","floor":13},{"not_picked":["WhitesApple","CherryBlossoms","Scorched"],"picked":"Singing Bowl","floor":16},{"not_picked":["Burst","Die Die Die"],"picked":"Adrenaline","floor":16},{"not_picked":["Flying Knee","Quick Slash+1","Tactician"],"picked":"SKIP","floor":18},{"not_picked":["Slice","Acrobatics","Bouncing Flask"],"picked":"SKIP","floor":20},{"not_picked":["Caltrops","Underhanded Strike+1","Backflip+1"],"picked":"SKIP","floor":21},{"not_picked":["All Out Attack","Dagger Throw"],"picked":"After Image","floor":24},{"not_picked":["Deflect+1","Sucker Punch+1"],"picked":"Distraction","floor":25},{"not_picked":["Dash","Phantasmal Killer","Choke"],"picked":"SKIP","floor":31},{"not_picked":["Corpse Explosion","Grand Finale"],"picked":"Phantasmal Killer","floor":33},{"not_picked":["Poisoned Stab+1","Distraction","Dagger Throw"],"picked":"SKIP","floor":35},{"not_picked":["Bane+1","Masterful Stab","Heel Hook+1"],"picked":"SKIP","floor":36},{"not_picked":["Well Laid Plans+1","Masterful Stab"],"picked":"Distraction+1","floor":38},{"not_picked":["Sucker Punch+1","Caltrops+1"],"picked":"Cloak And Dagger","floor":40},{"not_picked":["Masterful Stab+1","Underhanded Strike"],"picked":"Cloak And Dagger","floor":42},{"not_picked":["Cloak And Dagger","Dagger Throw+1"],"picked":"Terror+1","floor":48}],"player_experience":119758,"relics_obtained":[{"floor":6,"key":"Tiny Chest"},{"floor":8,"key":"MawBank"},{"floor":9,"key":"Art of War"},{"floor":26,"key":"HollowMod:LifeEnderRelic"},{"floor":29,"key":"Frozen Egg 2"},{"floor":35,"key":"AtMidnight"},{"floor":40,"key":"Mummified Hand"},{"floor":43,"key":"Girya"}],"event_choices":[{"damage_healed":0,"gold_gain":0,"player_choice":"Take Wound","damage_taken":0,"relics_obtained":["Golden Idol"],"max_hp_gain":0,"max_hp_loss":0,"event_name":"Golden Idol","floor":2,"gold_loss":0,"cards_obtained":["Injury"]},{"damage_healed":17,"gold_gain":0,"player_choice":"Healed and dodged fight","damage_taken":0,"max_hp_gain":0,"max_hp_loss":0,"event_name":"Mushrooms","floor":14,"gold_loss":0,"cards_obtained":["Parasite"]},{"damage_healed":0,"gold_gain":0,"player_choice":"Became a vampire","damage_taken":0,"max_hp_gain":0,"max_hp_loss":21,"event_name":"Vampires","floor":22,"gold_loss":0,"cards_obtained":["Bite","Bite","Bite","Bite","Bite"]},{"damage_healed":0,"gold_gain":0,"player_choice":"Opened","damage_taken":0,"relics_obtained":["Strawberry"],"max_hp_gain":0,"max_hp_loss":0,"event_name":"The Mausoleum","floor":28,"gold_loss":0},{"damage_healed":0,"gold_gain":0,"player_choice":"Ignored","damage_taken":0,"max_hp_gain":0,"max_hp_loss":0,"event_name":"Tomb of Lord Red Mask","floor":37,"gold_loss":0},{"cards_removed":["Defend_G"],"damage_healed":0,"gold_gain":0,"player_choice":"Purged","damage_taken":0,"max_hp_gain":0,"max_hp_loss":0,"event_name":"Purifier","floor":45,"gold_loss":0}],"is_beta":false,"boss_relics":[{"not_picked":["Ectoplasm","Cursed Key"],"picked":"WristBlade"},{"not_picked":["Black Star","Coffee Dripper"],"picked":"Empty Cage"}],"items_purged_floors":[4,19],"is_endless":false,"potions_floor_spawned":[3,8,13,16,18,31,35,38,48],"ascension_level":0}}