{"host":"kh6fvhxn285ncg0o","time":1610266286,"event":{"mods":["Act Like it!","BaseMod","Colored Map","Friendly Minions","Keyboard Shortcuts","Minty Spire (QoL Compilation)","Quick Restart","Relic Stats","StSLib","SuperFastMode"],"gold_per_floor":[110,110,110,110,133,133,177,177,202,202,223,223,56,75,75,168,168,187,201,126,41,41,77,77,117,164,164,208,208,218,243,243,318,318,328,328,328,328,328,340,365,380,380,415,415,440,465,204,204,204,204,204,204,43,70,70],"floor_reached":57,"playtime":1476,"items_purged":["Strike_R","Strike_R","Strike_R"],"score":3270,"play_id":"f7c2aabb-0cf8-48f9-8d54-2f11e3bcaa8b","local_time":"20210110171126","is_ascension_mode":true,"campfire_choices":[{"data":"Power Through","floor":6.0,"key":"SMITH"},{"data":"Bash","floor":10.0,"key":"SMITH"},{"data":"Burning Pact","floor":12.0,"key":"SMITH"},{"data":"Fire Breathing","floor":15.0,"key":"SMITH"},{"data":"Body Slam","floor":24.0,"key":"SMITH"},{"data":"Fiend Fire","floor":27.0,"key":"SMITH"},{"data":"Second Wind","floor":32.0,"key":"SMITH"},{"data":"Apotheosis","floor":45.0,"key":"SMITH"},{"floor":49,"key":"RECALL"},{"data":"Deep Breath","floor":53,"key":"SMITH"}],"circlet_count":0,"master_deck":["AscendersBane","Defend_R","Defend_R","Defend_R","Bash+1","Second Wind+1","Decay","Power Through+1","Burning Pact+1","Flame Barrier","Fire Breathing+1","Fiend Fire+1","Body Slam+1","Barricade","Deep Breath+1","Finesse","Apotheosis+1","Evolve","Warcry+1","Impatience+1"],"relics":["Burning Blood","NeowsBlessing","Bloody Idol","Juzu Bracelet","Bronze Scales","Art of War","Coffee Dripper","Anchor","Nunchaku","Smiling Mask","Lantern","Oddly Smooth Stone","Potion Belt","Runic Pyramid","Toy Ornithopter","Toxic Egg 2","Mango","Centennial Puzzle","Membership Card","Orrery","Bottled Lightning"],"acts_visited":["Exordium","TheCity","TheBeyond","TheEnding"],"potions_floor_usage":[47,47,56,56,56,56],"damage_taken":[{"damage":0.0,"enemies":"2 Louse","floor":1.0,"turns":1.0},{"damage":0.0,"enemies":"Jaw Worm","floor":5.0,"turns":1.0},{"damage":0.0,"enemies":"Lagavulin","floor":7.0,"turns":1.0},{"damage":6.0,"enemies":"Cultist","floor":11.0,"turns":4.0},{"damage":5.0,"enemies":"3 Louse","floor":14.0,"turns":5.0},{"damage":28.0,"enemies":"Slime Boss","floor":16.0,"turns":7.0},{"damage":25.0,"enemies":"Shell Parasite","floor":18.0,"turns":6.0},{"damage":16.0,"enemies":"2 Thieves","floor":19.0,"turns":3.0},{"damage":5.0,"enemies":"Gremlin Leader","floor":23.0,"turns":5.0},{"damage":10.0,"enemies":"Slavers","floor":25.0,"turns":4.0},{"damage":3.0,"enemies":"Gremlin Leader","floor":28.0,"turns":6.0},{"damage":9.0,"enemies":"Centurion and Healer","floor":30.0,"turns":7.0},{"damage":6.0,"enemies":"Slavers","floor":31.0,"turns":4.0},{"damage":3.0,"enemies":"Champ","floor":33.0,"turns":8.0},{"damage":0.0,"enemies":"Orb Walker","floor":35.0,"turns":3.0},{"damage":1.0,"enemies":"3 Darklings","floor":40.0,"turns":4.0},{"damage":0.0,"enemies":"Giant Head","floor":41.0,"turns":6.0},{"damage":0.0,"enemies":"Writhing Mass","floor":42.0,"turns":5.0},{"damage":0.0,"enemies":"Nemesis","floor":44.0,"turns":3.0},{"damage":0.0,"enemies":"Mind Bloom Boss Battle","floor":46.0,"turns":5.0},{"damage":0,"enemies":"Reptomancer","floor":47,"turns":3},{"damage":12,"enemies":"Time Eater","floor":50,"turns":8},{"damage":10,"enemies":"Donu and Deca","floor":51,"turns":5},{"damage":23,"enemies":"Shield and Spear","floor":55,"turns":3},{"damage":0,"enemies":"The Heart","floor":56,"turns":7}],"seed_played":"8511032958336129983","potions_obtained":[{"floor":5.0,"key":"SpeedPotion"},{"floor":7.0,"key":"SteroidPotion"},{"floor":11.0,"key":"Dexterity Potion"},{"floor":14.0,"key":"BloodPotion"},{"floor":19.0,"key":"LiquidBronze"},{"floor":28.0,"key":"SteroidPotion"},{"floor":30.0,"key":"PowerPotion"},{"floor":41.0,"key":"Swift Potion"},{"floor":42.0,"key":"Ancient Potion"},{"floor":47,"key":"Explosive Potion"},{"floor":55,"key":"SpeedPotion"}],"is_trial":false,"path_per_floor":["M","?","?","?","M","R","E","?","T","R","M","R","$","M","R","B",null,"M","M","$","?","?","E","R","E","T","R","E","?","M","E","R","B",null,"M","?","?","?","?","M","E","M","T","E","R","?","E","$","R","B","B",null,"R","$","E","B",null],"character_chosen":"IRONCLAD","items_purchased":["Art of War","Membership Card","Impatience+1","Weak Potion","Orrery"],"campfire_rested":0,"item_purchase_floors":[13,48,48,54,54],"current_hp_per_floor":[74,67,41,41,47,47,53,58,58,58,58,58,58,59,59,37,69,50,56,56,56,56,57,57,53,53,53,56,56,58,63,63,71,78,80,80,80,76,66,76,76,76,76,76,76,90,90,90,90,84,80,88,88,88,76,90],"gold":70,"neow_bonus":"THREE_ENEMY_KILL","is_daily":false,"chose_seed":false,"campfire_upgraded":9,"win_rate":0.0,"timestamp":1610266286,"path_taken":["M","?","?","?","M","R","E","?","T","R","M","R","$","M","R","BOSS","M","M","$","?","?","E","R","E","T","R","E","?","M","E","R","BOSS","M","?","?","?","?","M","E","M","T","E","R","?","E","$","R","BOSS","BOSS","R","$","E","BOSS"],"items_purchased_type":["Relic","Relic","Card","Potion","Relic"],"build_version":"2020-12-22","purchased_purges":3,"victory":true,"max_hp_per_floor":[75,75,75,75,75,75,75,80,80,80,80,80,80,80,80,80,80,80,80,80,80,80,80,80,80,80,80,80,80,80,80,80,80,80,80,80,80,76,76,76,76,76,76,76,76,90,90,90,90,90,90,90,90,90,90,90],"relic_stats":{"Nunchaku":[12],"Centennial Puzzle":[9],"counters":[25,114],"Bloody Idol":25,"Bronze Scales":[369],"Juzu Bracelet":2,"Art of War":[32],"Smiling Mask":13,"obtain_stats":[{"Potion Belt":31,"Lantern":26,"NeowsBlessing":0,"Golden Idol":3,"Oddly Smooth Stone":28,"Mango":46,"Juzu Bracelet":7,"Smiling Mask":25,"Burning Blood":0,"Anchor":21,"Nunchaku":23,"Centennial Puzzle":47,"Bronze Scales":9,"Bloody Idol":29,"Orrery":54,"Art of War":13,"Coffee Dripper":17,"Membership Card":48,"Bottled Lightning":55,"Toxic Egg 2":44,"Toy Ornithopter":41,"Runic Pyramid":34},{"Potion Belt":13,"Lantern":10,"NeowsBlessing":0,"Golden Idol":1,"Oddly Smooth Stone":11,"Mango":20,"Juzu Bracelet":3,"Smiling Mask":10,"Burning Blood":0,"Anchor":8,"Nunchaku":9,"Centennial Puzzle":21,"Bronze Scales":3,"Bloody Idol":11,"Orrery":23,"Art of War":4,"Coffee Dripper":6,"Membership Card":21,"Bottled Lightning":24,"Toxic Egg 2":19,"Toy Ornithopter":17,"Runic Pyramid":14},{"Potion Belt":54,"Lantern":37,"NeowsBlessing":0,"Golden Idol":1,"Oddly Smooth Stone":43,"Mango":88,"Juzu Bracelet":3,"Smiling Mask":37,"Burning Blood":0,"Anchor":28,"Nunchaku":33,"Centennial Puzzle":91,"Bronze Scales":3,"Bloody Idol":43,"Orrery":104,"Art of War":7,"Coffee Dripper":19,"Membership Card":91,"Bottled Lightning":107,"Toxic Egg 2":83,"Toy Ornithopter":75,"Runic Pyramid":62}],"Burning Blood":110,"Toy Ornithopter":14},"card_choices":[{"not_picked":["Pommel Strike","Havoc"],"picked":"Second Wind","floor":1.0},{"not_picked":["Shockwave","Hemokinesis"],"picked":"Power Through","floor":5.0},{"not_picked":["Flex","Inflame"],"picked":"Burning Pact","floor":7.0},{"not_picked":["Heavy Blade","True Grit"],"picked":"Flame Barrier","floor":11.0},{"not_picked":["Headbutt","True Grit"],"picked":"Fire Breathing","floor":14.0},{"not_picked":["Bludgeon","Double Tap"],"picked":"Fiend Fire","floor":16.0},{"not_picked":["Infernal Blade","Armaments","Warcry"],"picked":"SKIP","floor":18.0},{"not_picked":["Sever Soul","Headbutt"],"picked":"Body Slam","floor":19.0},{"not_picked":["Reaper","Iron Wave","Burning Pact"],"picked":"SKIP","floor":23.0},{"not_picked":["Headbutt","Twin Strike","Pummel"],"picked":"SKIP","floor":25.0},{"not_picked":["Pommel Strike","Clothesline","Inflame"],"picked":"SKIP","floor":28.0},{"not_picked":["Sword Boomerang","Burning Pact","Clash"],"picked":"SKIP","floor":30.0},{"not_picked":["Thunderclap","Blood for Blood","Havoc"],"picked":"SKIP","floor":31.0},{"not_picked":["Limit Break","Juggernaut"],"picked":"Barricade","floor":33.0},{"not_picked":["Pommel Strike","Headbutt","Havoc"],"picked":"SKIP","floor":35.0},{"not_picked":["Pommel Strike","Headbutt","Havoc"],"picked":"SKIP","floor":35.0},{"not_picked":["Panacea","Apotheosis"],"picked":"Deep Breath","floor":39.0},{"not_picked":["Purity","Panache"],"picked":"Finesse","floor":39.0},{"not_picked":["Impatience","Finesse"],"picked":"Apotheosis","floor":39.0},{"not_picked":["Spot Weakness","Havoc","Perfected Strike"],"picked":"SKIP","floor":40.0},{"not_picked":["Burning Pact","Cleave","Flex"],"picked":"SKIP","floor":41.0},{"not_picked":["Exhume","Headbutt+1","Twin Strike"],"picked":"SKIP","floor":42.0},{"not_picked":["Pommel Strike+1","Second Wind+1","Rupture"],"picked":"SKIP","floor":44.0},{"not_picked":["Pommel Strike","Heavy Blade"],"picked":"Evolve","floor":46.0},{"not_picked":["Rampage+1","Sword Boomerang+1"],"picked":"Warcry+1","floor":47},{"not_picked":["Dual Wield+1","Iron Wave","Clothesline"],"picked":"SKIP","floor":55}],"player_experience":3407087,"relics_obtained":[{"floor":7.0,"key":"Juzu Bracelet"},{"floor":9.0,"key":"Bronze Scales"},{"floor":23.0,"key":"Nunchaku"},{"floor":25.0,"key":"Smiling Mask"},{"floor":26.0,"key":"Lantern"},{"floor":28.0,"key":"Oddly Smooth Stone"},{"floor":31.0,"key":"Potion Belt"},{"floor":41.0,"key":"Toy Ornithopter"},{"floor":44.0,"key":"Toxic Egg 2"},{"floor":46.0,"key":"Mango"},{"floor":47,"key":"Centennial Puzzle"},{"floor":55,"key":"Bottled Lightning"}],"event_choices":[{"cards_removed":["Strike_R"],"damage_healed":0.0,"max_hp_gain":0.0,"max_hp_loss":0.0,"gold_gain":0.0,"event_name":"Golden Wing","player_choice":"Card Removal","floor":2.0,"gold_loss":0.0,"damage_taken":7.0},{"damage_healed":0.0,"max_hp_gain":0.0,"max_hp_loss":0.0,"gold_gain":0.0,"event_name":"Golden Idol","player_choice":"Take Damage","floor":3.0,"gold_loss":0.0,"damage_taken":26.0,"relics_obtained":["Golden Idol"]},{"damage_healed":0.0,"max_hp_gain":0.0,"max_hp_loss":0.0,"gold_gain":0.0,"event_name":"Wheel of Change","player_choice":"Cursed","floor":4.0,"gold_loss":0.0,"damage_taken":0.0,"cards_obtained":["Decay"]},{"damage_healed":0.0,"max_hp_gain":5.0,"max_hp_loss":0.0,"gold_gain":0.0,"event_name":"Big Fish","player_choice":"Donut","floor":8.0,"gold_loss":0.0,"damage_taken":0.0},{"damage_healed":0.0,"max_hp_gain":0.0,"max_hp_loss":0.0,"gold_gain":0.0,"event_name":"Addict","player_choice":"Obtained Relic","floor":21.0,"gold_loss":85.0,"damage_taken":0.0,"relics_obtained":["Anchor"]},{"damage_healed":0.0,"max_hp_gain":0.0,"max_hp_loss":0.0,"gold_gain":0.0,"event_name":"Vampires","player_choice":"Ignored","floor":22.0,"gold_loss":0.0,"damage_taken":0.0},{"damage_healed":0.0,"max_hp_gain":0.0,"max_hp_loss":0.0,"gold_gain":0.0,"event_name":"Forgotten Altar","player_choice":"Gave Idol","floor":29.0,"relics_lost":["Golden Idol"],"gold_loss":0.0,"damage_taken":0.0,"relics_obtained":["Bloody Idol"]},{"cards_removed":["Defend_R"],"damage_healed":0.0,"max_hp_gain":0.0,"max_hp_loss":0.0,"gold_gain":0.0,"event_name":"Falling","player_choice":"Removed Skill","floor":36.0,"gold_loss":0.0,"damage_taken":0.0},{"cards_removed":["Strike_R"],"damage_healed":0.0,"max_hp_gain":0.0,"max_hp_loss":0.0,"gold_gain":0.0,"event_name":"Bonfire Elementals","player_choice":"Offered Basic","floor":37.0,"gold_loss":0.0,"damage_taken":0.0},{"damage_healed":0.0,"max_hp_gain":0.0,"max_hp_loss":4.0,"gold_gain":0.0,"event_name":"Winding Halls","player_choice":"Max HP","floor":38.0,"gold_loss":0.0,"damage_taken":0.0},{"damage_healed":0.0,"max_hp_gain":0.0,"max_hp_loss":0.0,"gold_gain":0.0,"event_name":"SensoryStone","player_choice":"Memory 3","floor":39.0,"gold_loss":0.0,"damage_taken":10.0},{"damage_healed":0.0,"max_hp_gain":0.0,"max_hp_loss":0.0,"gold_gain":0.0,"event_name":"MindBloom","player_choice":"Fight","floor":46.0,"gold_loss":0.0,"damage_taken":0.0}],"is_beta":false,"boss_relics":[{"not_picked":["Runic Dome","Snecko Eye"],"picked":"Coffee Dripper"},{"not_picked":["Black Blood","SacredBark"],"picked":"Runic Pyramid"}],"items_purged_floors":[20,48,54],"is_endless":false,"potions_floor_spawned":[5,7,11,14,19,28,30,41,42,47,55],"ascension_level":20}}