{"host":"a70birb7gb03c330","time":1610309186,"event":{"mods":["Act Like it!","Aspiration","BaseMod","Beaked The Cultist","Better Vampires","Clawfect","Conspire","Disable Question Mark Monsters","Displayed Cursed Tome","Downfall","Energized Spire","GungeonMod","Hallownest","Hubris","Infinite Spire","Marked Mod","Minty Spire (QoL Compilation)","Permanent Neow","Replay The Spire","Robot Space Explorer","Spicy Shops","Spikes Relics","StSLib","The Blue Laboratory","The Bug Knight","The Construct","The Jungle","UnlockEverythingMod","Wandering Minibosses"],"gold_per_floor":[112,154,8,8,8,8,36,49,73,92,92,13,31,49,49,147,147,165,165,184,202,218,218,218,218],"floor_reached":24,"playtime":1067,"items_purged":[],"score":198,"play_id":"f36333f4-459f-48ca-a3e6-195eedf3c6e5","local_time":"20210110120626","is_ascension_mode":false,"campfire_choices":[{"data":"beaked:Ceremony","floor":6,"key":"SMITH"},{"data":"beaked:RitualOfBody","floor":11,"key":"SMITH"},{"data":"beaked:BraceForImpact","floor":15,"key":"SMITH"},{"floor":23,"key":"REST"}],"circlet_count":0,"master_deck":["beaked:Strike_Y","beaked:Strike_Y","beaked:Strike_Y","beaked:Strike_Y","beaked:Strike_Y","beaked:Defend_Y","beaked:Defend_Y","beaked:Defend_Y","beaked:Defend_Y","beaked:Ceremony","beaked:Ceremony+1","beaked:Ceremony+1","beaked:BraceForImpact+1","beaked:RitualOfBody+1","BarbarianYell+1","conspire:Charge+1"],"relics":["beaked:MendingPlumage","Pantograph","ReplayTheSpireMod:CursedCoin","hubris:Spice","Replay:Rubber Ducky","aspiration:IroncladSkillbook"],"acts_visited":["Exordium","TheCity"],"potions_floor_usage":[7,14,20,21],"damage_taken":[{"damage":7,"enemies":"2 Louse","floor":1,"turns":3},{"damage":29,"enemies":"3 Sentries","floor":7,"turns":6},{"damage":21,"enemies":"Jaw Worm","floor":8,"turns":5},{"damage":4,"enemies":"Small Slimes","floor":10,"turns":5},{"damage":2,"enemies":"Exordium Wildlife","floor":13,"turns":4},{"damage":6,"enemies":"Lots of Slimes","floor":14,"turns":5},{"damage":36,"enemies":"Fading Forest","floor":16,"turns":11},{"damage":11,"enemies":"Spheric Guardian","floor":18,"turns":7},{"damage":3,"enemies":"2 Thieves","floor":20,"turns":4},{"damage":42,"enemies":"Cultist and Chosen","floor":21,"turns":8},{"damage":14,"enemies":"Centurion and Healer","floor":22,"turns":6},{"damage":16,"enemies":"Slavers","floor":24,"turns":2}],"seed_played":"-7257419778881279370","potions_obtained":[{"floor":2,"key":"infinitespire:BlackPotion"},{"floor":8,"key":"blueLaboratory:NullPotion"},{"floor":10,"key":"blueLaboratory:StoneskinPotion"},{"floor":16,"key":"infinitespire:BlackPotion"}],"is_trial":false,"path_per_floor":["M","?","$","?","$","R","E","M","T","M","R","$","M","M","R","B",null,"M","?","M","M","M","R","E"],"character_chosen":"BEAKED_THE_CULTIST","items_purchased":["ReplayTheSpireMod:CursedCoin","hubris:Spice","hubris:Spice"],"campfire_rested":1,"item_purchase_floors":[3,3,12],"current_hp_per_floor":[47,47,55,55,55,55,49,42,42,53,53,50,42,42,42,42,42,42,42,42,14,25,37,27,27],"gold":218,"neow_bonus":"REMOVE_CARD","is_daily":false,"chose_seed":false,"campfire_upgraded":3,"win_rate":0.0,"timestamp":1610309186,"path_taken":["M","?","$","?","$","R","E","M","T","M","R","$","M","M","R","BOSS","M","?","?","M","M","R","E"],"items_purchased_type":["Relic","Relic","Relic"],"build_version":"2020-12-22","purchased_purges":0,"victory":false,"max_hp_per_floor":[50,50,58,58,58,58,66,58,58,58,58,50,42,42,42,42,42,42,42,42,42,42,42,42,42],"card_choices":[{"not_picked":["beaked:VigorBurst","beaked:Cower"],"picked":"beaked:BraceForImpact","floor":1},{"not_picked":["beaked:MimicMachine","beaked:Resilience","beaked:Daydream"],"picked":"SKIP","floor":7},{"not_picked":["beaked:Foresight","beaked:Flinch"],"picked":"hubris:SpiceAddiction","floor":8},{"not_picked":["beaked:StunningBlow","beaked:Replenish"],"picked":"beaked:RitualOfBody","floor":10},{"not_picked":["ReplayTheSpireMod:Prepare the Ceremony","beaked:SurvivalInstinct"],"picked":"hubris:SpiceAddiction","floor":13},{"not_picked":["beaked:Pecker","beaked:Tradeoff","beaked:SurvivalInstinct"],"picked":"SKIP","floor":14},{"not_picked":["beaked:Redirect","beaked:Tweet","beaked:Recite"],"picked":"BarbarianYell+1","floor":18},{"not_picked":["Headbutt+1","hubris:SpiceAddiction","beaked:Tweet+1","beaked:Windmill"],"picked":"SKIP","floor":20},{"not_picked":["beaked:BloodForTheGods","Rupture","hubris:SpiceAddiction","beaked:BounceBack"],"picked":"SKIP","floor":21},{"not_picked":["Iron Wave","ReplayTheSpireMod:Strike From Hell","beaked:Brace"],"picked":"conspire:Charge+1","floor":22}],"player_experience":46221,"relics_obtained":[{"floor":2,"key":"Pantograph"},{"floor":7,"key":"hubris:Spice"},{"floor":9,"key":"DemoMod:WeirdEgg"}],"event_choices":[{"cards_removed":["Pain"],"damage_healed":0,"gold_gain":0,"player_choice":"Purged","damage_taken":0,"max_hp_gain":0,"max_hp_loss":0,"event_name":"Purifier","floor":19,"gold_loss":0}],"is_beta":false,"boss_relics":[{"not_picked":["hubris:VirtuousBlindfold","hubris:Spice"],"picked":"aspiration:IroncladSkillbook"}],"items_purged_floors":[],"is_endless":false,"potions_floor_spawned":[8,10,16],"killed_by":"Slavers","ascension_level":0}}