{"host":"Krakhan","time":1610309866,"event":{"mods":["AchievementEnabler","BaseMod","Colored Map","Colored Powertips","Faster Ascension Climbing","Highlight Path","Minty Spire (QoL Compilation)","Rare Cards Sparkle","Relic Stats","StSLib"],"gold_per_floor":[110,110,110,123,1,14,34,34,115,15,31,49,62,81,81,176,176,188,63,77,77,77,77,77,77,77,87,115,129,229,241,241,241,241],"floor_reached":33,"playtime":1036,"items_purged":["Strike_B","Defend_B","Consume"],"score":261,"play_id":"a6a372cc-5543-4366-83ef-1ab8b1a6bc18","local_time":"20210110151746","is_ascension_mode":false,"campfire_choices":[{"data":"Hologram","floor":8.0,"key":"SMITH"},{"data":"Dualcast","floor":15.0,"key":"SMITH"},{"data":"Zap","floor":23,"key":"SMITH"},{"data":"Defragment","floor":32,"key":"SMITH"}],"circlet_count":0,"master_deck":["Zap+1","Dualcast+1","Hologram+1","Beam Cell","All For One","Glacier","Go for the Eyes","Defragment+1","Lockon"],"relics":["Cracked Core","Oddly Smooth Stone","StoneCalendar","Symbiotic Virus","Pandora\u0027s Box","Akabeko","Bag of Preparation"],"acts_visited":["Exordium","TheCity"],"potions_floor_usage":[33],"damage_taken":[{"damage":0.0,"enemies":"Jaw Worm","floor":1.0,"turns":3.0},{"damage":1.0,"enemies":"Small Slimes","floor":4.0,"turns":3.0},{"damage":6.0,"enemies":"Cultist","floor":6.0,"turns":3.0},{"damage":0.0,"enemies":"2 Fungi Beasts","floor":7.0,"turns":3.0},{"damage":3.0,"enemies":"Red Slaver","floor":11.0,"turns":3.0},{"damage":0.0,"enemies":"Exordium Thugs","floor":12.0,"turns":3.0},{"damage":4.0,"enemies":"Looter","floor":13.0,"turns":2.0},{"damage":16.0,"enemies":"Gremlin Gang","floor":14.0,"turns":3.0},{"damage":24.0,"enemies":"Hexaghost","floor":16.0,"turns":7.0},{"damage":0.0,"enemies":"Shell Parasite","floor":18.0,"turns":4.0},{"damage":10.0,"enemies":"Chosen","floor":20.0,"turns":3.0},{"damage":23,"enemies":"Centurion and Healer","floor":27,"turns":4},{"damage":18,"enemies":"Slavers","floor":28,"turns":7},{"damage":3,"enemies":"Snake Plant","floor":29,"turns":3},{"damage":0,"enemies":"Chosen and Byrds","floor":31,"turns":4},{"damage":27,"enemies":"Collector","floor":33,"turns":2}],"seed_played":"6500842289499643924","potions_obtained":[{"floor":7.0,"key":"Swift Potion"},{"floor":11.0,"key":"Dexterity Potion"},{"floor":12.0,"key":"Block Potion"},{"floor":14.0,"key":"Swift Potion"},{"floor":20.0,"key":"PowerPotion"},{"floor":31,"key":"GamblersBrew"}],"is_trial":false,"path_per_floor":["M","?","T","M","$","M","M","R","T","$","M","M","M","M","R","B",null,"M","$","M","?","?","R","$","?","T","M","E","M","?","M","R","B"],"character_chosen":"DEFECT","items_purchased":["Beam Cell"],"campfire_rested":0,"item_purchase_floors":[5],"current_hp_per_floor":[75,68,68,67,67,61,61,61,61,61,58,58,54,38,38,14,75,75,75,65,65,65,65,65,65,65,42,24,21,21,21,21,0,0],"gold":241,"neow_bonus":"RANDOM_COMMON_RELIC","is_daily":false,"chose_seed":false,"campfire_upgraded":4,"win_rate":0.0,"timestamp":1610309866,"path_taken":["M","?","?","M","$","M","M","R","T","$","M","M","M","M","R","BOSS","M","$","M","?","?","R","?","?","T","M","E","M","?","?","R","BOSS"],"items_purchased_type":["Card"],"build_version":"2020-12-18","purchased_purges":3,"victory":false,"max_hp_per_floor":[75,75,75,75,75,75,75,75,75,75,75,75,75,75,75,75,75,75,75,75,75,75,75,75,75,75,75,75,75,75,75,75,75,75],"relic_stats":{"counters":[16,57],"StoneCalendar":[11],"Pandora\u0027s Box":["Glacier","Go for the Eyes","Defragment","Consume","Lockon"],"Bag of Preparation":[6],"obtain_stats":[{"Oddly Smooth Stone":0,"StoneCalendar":3,"Pandora\u0027s Box":17,"Bag of Preparation":28,"Cracked Core":0,"Symbiotic Virus":9,"Akabeko":26},{"Oddly Smooth Stone":0,"StoneCalendar":1,"Pandora\u0027s Box":9,"Bag of Preparation":13,"Cracked Core":0,"Symbiotic Virus":4,"Akabeko":11},{"Oddly Smooth Stone":0,"StoneCalendar":3,"Pandora\u0027s Box":30,"Bag of Preparation":48,"Cracked Core":0,"Symbiotic Virus":12,"Akabeko":37}]},"card_choices":[{"not_picked":["Leap","Compile Driver"],"picked":"Hologram","floor":1.0},{"not_picked":["Ball Lightning","Scrape","Sweeping Beam"],"picked":"SKIP","floor":4.0},{"not_picked":["Redo","Leap","Recycle"],"picked":"SKIP","floor":6.0},{"not_picked":["Cold Snap","Rebound","Barrage"],"picked":"SKIP","floor":7.0},{"not_picked":["Turbo","Capacitor"],"picked":"All For One","floor":11.0},{"not_picked":["Barrage","Heatsinks","Static Discharge"],"picked":"SKIP","floor":12.0},{"not_picked":["Rebound","Redo","White Noise"],"picked":"SKIP","floor":13.0},{"not_picked":["Darkness","Reinforced Body","Sweeping Beam"],"picked":"SKIP","floor":14.0},{"not_picked":["Scrape+1","Force Field+1","BootSequence+1"],"picked":"SKIP","floor":18.0},{"not_picked":["Stack","Gash","Tempest"],"picked":"SKIP","floor":20.0},{"not_picked":["Barrage","Self Repair","Beam Cell+1"],"picked":"SKIP","floor":27},{"not_picked":["Lockon","Defragment","Rainbow"],"picked":"SKIP","floor":28},{"not_picked":["Streamline","Barrage","Coolheaded"],"picked":"SKIP","floor":29},{"not_picked":["Chaos+1","Compile Driver","Sweeping Beam"],"picked":"SKIP","floor":31}],"player_experience":1300059,"relics_obtained":[{"floor":3.0,"key":"StoneCalendar"},{"floor":9.0,"key":"Symbiotic Virus"},{"floor":26,"key":"Akabeko"},{"floor":28,"key":"Bag of Preparation"}],"event_choices":[{"cards_removed":["Defend_B"],"damage_healed":0.0,"max_hp_gain":0.0,"max_hp_loss":0.0,"gold_gain":0.0,"event_name":"Golden Wing","player_choice":"Card Removal","floor":2.0,"gold_loss":0.0,"damage_taken":7.0},{"damage_healed":0,"gold_gain":0,"player_choice":"Ignored","damage_taken":0,"max_hp_gain":0,"max_hp_loss":0,"event_name":"The Mausoleum","floor":21,"gold_loss":0},{"damage_healed":0,"gold_gain":0,"player_choice":"Ignored","damage_taken":0,"max_hp_gain":0,"max_hp_loss":0,"event_name":"Vampires","floor":22,"gold_loss":0},{"damage_healed":0,"gold_gain":0,"player_choice":"Ignored","damage_taken":0,"max_hp_gain":0,"max_hp_loss":0,"event_name":"Cursed Tome","floor":25,"gold_loss":0},{"damage_healed":0,"gold_gain":100,"player_choice":"Pray","damage_taken":0,"max_hp_gain":0,"max_hp_loss":0,"event_name":"Golden Shrine","floor":30,"gold_loss":0}],"is_beta":true,"boss_relics":[{"not_picked":["Coffee Dripper","Busted Crown"],"picked":"Pandora\u0027s Box"}],"items_purged_floors":[5,10,19],"is_endless":false,"potions_floor_spawned":[7,11,12,14,20,31],"killed_by":"Collector","ascension_level":0}}