{"host":"d40xu1tklzkpvzv9","time":1610288785,"event":{"mods":["Aspiration","BaseMod","BetterRewards","Colored Map","Colored Powertips","Conspire","Custom Start","DeckTracker","Downfall","Highlight Path","Hubris","Infinite Spire","Mimic Mod","Minty Spire (QoL Compilation)","Quick Restart","Replay The Spire","StSLib","SuperFastMode"],"gold_per_floor":[119,119,139,152,152,187,203,221,272,284,298,298,298,0,31,46,46,143,243,253,270,284,298,310,310,326,346,346,346,346,378,378,404,404,509,509,519,533,483,483,483,483,483,500,539,539,591,625,636,636,636,636],"floor_reached":53,"playtime":3298,"items_purged":["Strike_P","Defend_P","Defend_P","Strike_P+1"],"score":863,"play_id":"7cfc54f1-dc26-4a9c-8c32-e407eecda2be","local_time":"20210110152625","is_ascension_mode":false,"campfire_choices":[{"data":"Replay:DivineShield","floor":17.0,"key":"SMITH"},{"data":"DeusExMachina","floor":25.0,"key":"SMITH"},{"data":"ConjureBlade","floor":32.0,"key":"SMITH"},{"floor":34.0,"key":"REST"},{"data":"Scrawl","floor":42.0,"key":"SMITH"},{"data":"Establishment","floor":46.0,"key":"SMITH"},{"floor":51,"key":"REST"}],"circlet_count":0,"master_deck":["Strike_P+1","Defend_P+1","Defend_P+1","Eruption","Vigilance","CutThroughFate+1","Mayhem+1","SandsOfTime","EmptyBody","Protect","Prostrate","Replay:DivineShield","Scrawl+1","Replay:DivineShield+1","ConjureBlade+1","WreathOfFlame+1","Replay:ManipulateFuture+1","Perseverance","DeusExMachina+1","Adaptation+1","Evaluate+1","DeusExMachina","DevaForm","WheelKick","Study+1","Establishment+1","Prostrate","Nirvana+1","ReplayTheSpireMod:Book of Names"],"relics":["PureWater","infinitespire:Golems Mask","War Paint","PreservedInsect","Smiling Mask","Whetstone","Replay:Bottled Flurry","Mummified Hand","Replay:Wanted Poster","Iron Hammer","infinitespire:ShieldingShard","Vajra","Replay:Grab Bag","Painkiller Herb","Sozu","Empty Cage","Torii","Pondfish Scales","Replay:Multitool","hubris:BundleOfHerbs","aspiration:DefectSkillbook"],"acts_visited":["Exordium","TheCity","TheBeyond"],"potions_floor_usage":[],"damage_taken":[{"damage":1.0,"enemies":"Jaw Worm","floor":1.0,"turns":3.0},{"damage":0.0,"enemies":"Cultist","floor":3.0,"turns":2.0},{"damage":2.0,"enemies":"Small Slimes","floor":4.0,"turns":3.0},{"damage":0.0,"enemies":"Lagavulin","floor":6.0,"turns":5.0},{"damage":0.0,"enemies":"3 Louse","floor":7.0,"turns":4.0},{"damage":2.0,"enemies":"Looter","floor":8.0,"turns":3.0},{"damage":6.0,"enemies":"Large Slime","floor":10.0,"turns":4.0},{"damage":0.0,"enemies":"3 Louse","floor":11.0,"turns":3.0},{"damage":0.0,"enemies":"Gremlin Nob","floor":15.0,"turns":2.0},{"damage":0.0,"enemies":"Exordium Wildlife","floor":16.0,"turns":3.0},{"damage":7.0,"enemies":"The Guardian","floor":18.0,"turns":7.0},{"damage":3.0,"enemies":"Shell Parasite","floor":20.0,"turns":5.0},{"damage":0.0,"enemies":"Spheric Guardian","floor":21.0,"turns":4.0},{"damage":15.0,"enemies":"conspire:HollyBat","floor":22.0,"turns":5.0},{"damage":4.0,"enemies":"Shelled Parasite and Fungi","floor":23.0,"turns":4.0},{"damage":5.0,"enemies":"3 Cultists","floor":24.0,"turns":5.0},{"damage":12.0,"enemies":"Centurion and Healer","floor":26.0,"turns":5.0},{"damage":10.0,"enemies":"Shelled Parasite and Fungi","floor":27.0,"turns":4.0},{"damage":2.0,"enemies":"conspire:SneckoGhost","floor":31.0,"turns":3.0},{"damage":6.0,"enemies":"conspire:Head Lice","floor":33.0,"turns":5.0},{"damage":20.0,"enemies":"hubris:MusketHawk","floor":35.0,"turns":6.0},{"damage":0.0,"enemies":"3 Darklings","floor":37.0,"turns":3.0},{"damage":0.0,"enemies":"3 Shapes","floor":38.0,"turns":5.0},{"damage":0.0,"enemies":"Jaw Worm Horde","floor":44.0,"turns":3.0},{"damage":0.0,"enemies":"4 Shapes","floor":45.0,"turns":4.0},{"damage":45.0,"enemies":"2 Orb Walkers","floor":47.0,"turns":4.0},{"damage":0.0,"enemies":"4 Shapes","floor":48.0,"turns":4.0},{"damage":15,"enemies":"4 Shapes","floor":49,"turns":6},{"damage":5,"enemies":"hubris:GrandSnecko","floor":52,"turns":8}],"seed_played":"7513636743489763984","potions_obtained":[{"floor":3.0,"key":"Fire Potion"},{"floor":7.0,"key":"Guardian:BlockOnCardUsePotion"},{"floor":8.0,"key":"Dexterity Potion"},{"floor":21.0,"key":"Death Potion"},{"floor":23.0,"key":"AttackPotion"},{"floor":26.0,"key":"SkillPotion"},{"floor":27.0,"key":"BlessingOfTheForge"}],"is_trial":false,"path_per_floor":["M","?","M","M","?","E","M","M","T","M","M","PTL","PTL","$","E","M","R","B",null,"M","M","M","M","M","R","M","M","T","$","?","E","R","E","R","B",null,"?","?","T","?","?","T","?","?","MIM","T","?","MIM","?","AVR","T","B",null],"character_chosen":"WATCHER","items_purchased":["CutThroughFate+1","Mayhem","PreservedInsect","Replay:Bottled Flurry"],"campfire_rested":2,"item_purchase_floors":[0,0,0,14],"current_hp_per_floor":[31,31,31,29,29,29,29,27,27,21,21,21,21,21,21,21,21,14,72,69,69,54,50,45,45,33,23,23,23,23,21,21,15,36,16,72,72,72,72,68,68,68,68,68,68,68,23,23,8,8,28,41],"gold":636,"neow_bonus":"","is_daily":false,"chose_seed":false,"campfire_upgraded":5,"win_rate":0.0,"timestamp":1610288785,"path_taken":["M","?","?","M","?","E","M","M","T","M","M","PTL","PTL","$","E","M","R","BOSS","M","M","M","M","M","R","M","M","T","$","?","E","R","E","R","BOSS","?","?","T","?","?","T","?","?","MIM","T","?","?","?","AVR","T","BOSS"],"items_purchased_type":["Card","Card","Relic","Relic"],"build_version":"2020-12-22","purchased_purges":4,"victory":true,"max_hp_per_floor":[72,72,72,72,72,72,72,72,72,72,72,72,72,72,72,72,72,72,72,72,72,72,72,72,72,72,72,72,72,72,72,72,72,72,72,72,72,72,72,68,68,68,68,68,68,68,68,68,68,68,68,68],"card_choices":[{"not_picked":["WaveOfTheHand","WindmillStrike"],"picked":"SandsOfTime","floor":1.0},{"not_picked":["WindmillStrike","Replay:Vibes"],"picked":"EmptyBody","floor":3.0},{"not_picked":["FollowUp","Consecrate"],"picked":"Protect","floor":4.0},{"not_picked":["EmptyMind","SashWhip"],"picked":"Prostrate","floor":6.0},{"not_picked":["JustLucky","PathToVictory","FollowUp"],"picked":"SKIP","floor":7.0},{"not_picked":["EmptyBody","Swivel"],"picked":"Replay:DivineShield","floor":8.0},{"not_picked":["ClearTheMind","Swivel"],"picked":"Scrawl","floor":10.0},{"not_picked":["Evaluate","FollowUp"],"picked":"JustLucky","floor":11.0},{"not_picked":["SignatureMove","Evaluate"],"picked":"Replay:DivineShield","floor":15.0},{"not_picked":["Protect","Evaluate","BowlingBash"],"picked":"SKIP","floor":16.0},{"not_picked":["Omniscience","Ragnarok"],"picked":"ConjureBlade","floor":18.0},{"not_picked":["Crescendo","BowlingBash"],"picked":"WreathOfFlame+1","floor":20.0},{"not_picked":["Wallop","CrushJoints"],"picked":"Replay:ManipulateFuture","floor":21.0},{"not_picked":["CrushJoints","Consecrate"],"picked":"Replay:ManipulateFuture+1","floor":22.0},{"not_picked":["Protect","SashWhip"],"picked":"Perseverance","floor":23.0},{"not_picked":["CutThroughFate","WreathOfFlame+1"],"picked":"DeusExMachina","floor":24.0},{"not_picked":["WreathOfFlame","Replay:BluntJabs","FearNoEvil+1"],"picked":"SKIP","floor":26.0},{"not_picked":["SandsOfTime","JustLucky"],"picked":"Adaptation+1","floor":27.0},{"not_picked":["Vengeance","Meditate"],"picked":"Evaluate+1","floor":31.0},{"not_picked":["CutThroughFate","Halt+1"],"picked":"DeusExMachina","floor":33.0},{"not_picked":["Brilliance","LessonLearned"],"picked":"DevaForm","floor":35.0},{"not_picked":["ClearTheMind","Replay:Anticipation"],"picked":"WheelKick","floor":37.0},{"not_picked":["ThirdEye","Replay:ManipulateFuture","BowlingBash+1"],"picked":"SKIP","floor":38.0},{"not_picked":["Nirvana","ReachHeaven"],"picked":"Study+1","floor":44.0},{"not_picked":["CrushJoints+1","Weave"],"picked":"Establishment","floor":45.0},{"not_picked":["Halt+1","Evaluate"],"picked":"Prostrate","floor":47.0},{"not_picked":["CutThroughFate+1","SandsOfTime"],"picked":"Nirvana+1","floor":48.0},{"not_picked":["Tantrum","ReachHeaven+1","Consecrate"],"picked":"SKIP","floor":49}],"player_experience":124506,"relics_obtained":[{"floor":6.0,"key":"Smiling Mask"},{"floor":9.0,"key":"Whetstone"},{"floor":15.0,"key":"Mummified Hand"},{"floor":28.0,"key":"Iron Hammer"},{"floor":31.0,"key":"infinitespire:ShieldingShard"},{"floor":33.0,"key":"Vajra"},{"floor":45.0,"key":"Torii"},{"floor":47.0,"key":"Pondfish Scales"},{"floor":48.0,"key":"Replay:Multitool"}],"event_choices":[{"damage_healed":0.0,"max_hp_gain":0.0,"max_hp_loss":0.0,"gold_gain":0.0,"event_name":"Accursed Blacksmith","player_choice":"Forge","floor":2.0,"gold_loss":0.0,"damage_taken":0.0,"cards_upgraded":["Mayhem"]},{"damage_healed":0.0,"max_hp_gain":0.0,"max_hp_loss":0.0,"gold_gain":0.0,"event_name":"Ghosts","player_choice":"Ignored","floor":30.0,"gold_loss":0.0,"damage_taken":0.0},{"damage_healed":0.0,"max_hp_gain":0.0,"max_hp_loss":4.0,"gold_gain":0.0,"event_name":"Winding Halls","player_choice":"Max HP","floor":40.0,"gold_loss":0.0,"damage_taken":0.0},{"damage_healed":0.0,"max_hp_gain":0.0,"max_hp_loss":0.0,"gold_gain":0.0,"event_name":"Tomb of Lord Red Mask","player_choice":"Ignored","floor":41.0,"gold_loss":0.0,"damage_taken":0.0},{"damage_healed":0.0,"max_hp_gain":0.0,"max_hp_loss":0.0,"gold_gain":0.0,"event_name":"Mysterious Sphere","player_choice":"Fight","floor":47.0,"gold_loss":0.0,"damage_taken":0.0}],"is_beta":false,"boss_relics":[{"not_picked":["conspire:SlowCooker","aspiration:PoetsPen_weak"],"picked":"Replay:Wanted Poster"},{"not_picked":["Kintsugi","hubris:HollowSoul"],"picked":"Replay:Grab Bag"},{"not_picked":["hubris:CrackedHourglass","Philosopher\u0027s Stone"],"picked":"Painkiller Herb"},{"not_picked":["Busted Crown","ReplayTheSpireMod:DimensionalGlitch"],"picked":"Sozu"},{"not_picked":["hubris:BlackHole","Astrolabe"],"picked":"Empty Cage"}],"items_purged_floors":[0,14,39,50],"is_endless":false,"potions_floor_spawned":[3,7,8,10,11,21,23,26,27,38,47,49],"ascension_level":0}}