{"host":"oiw60b5ins9fyx34","time":1610284274,"event":{"mods":["BaseMod","Colored Map","Colored Powertips","Minty Spire (QoL Compilation)","Permanent Neow","Quick Restart","Relic Stats","StSLib"],"gold_per_floor":[113,127,142,142,142,142,158,158,158,170,170,195,213,227,227,327,327,346,361,41,41,41,41,41,41],"floor_reached":24,"playtime":1060,"items_purged":[],"score":198,"play_id":"44dfdc5f-e4a1-4dda-b400-4726032facc3","local_time":"20210110221114","is_ascension_mode":false,"campfire_choices":[{"data":"Unload","floor":6,"key":"SMITH"},{"data":"Dagger Spray","floor":8,"key":"SMITH"},{"floor":15,"key":"REST"},{"data":"Crippling Poison","floor":23,"key":"SMITH"}],"circlet_count":0,"master_deck":["Strike_G","Strike_G","Strike_G","Strike_G","Strike_G","Defend_G","Defend_G","Defend_G","Defend_G","Defend_G","Survivor","Neutralize","A Thousand Cuts","Well Laid Plans","Dagger Throw","Accuracy","Flash of Steel","Unload+1","Neutralize","Dagger Spray+1","Flying Knee","Envenom","Poisoned Stab","Terror","Malaise","Backflip","Backstab+1","Crippling Poison+1","Die Die Die"],"relics":["Ring of the Snake","White Beast Statue","Bottled Flame","Bag of Preparation","Philosopher\u0027s Stone","TwistedFunnel"],"acts_visited":["Exordium","TheCity"],"potions_floor_usage":[12,12,16,16,16],"damage_taken":[{"damage":4,"enemies":"Cultist","floor":1,"turns":6},{"damage":11,"enemies":"Jaw Worm","floor":2,"turns":6},{"damage":2,"enemies":"Small Slimes","floor":3,"turns":4},{"damage":10,"enemies":"Gremlin Gang","floor":7,"turns":4},{"damage":4,"enemies":"Looter","floor":10,"turns":3},{"damage":8,"enemies":"Lagavulin","floor":12,"turns":5},{"damage":0,"enemies":"Lots of Slimes","floor":13,"turns":1},{"damage":0,"enemies":"Blue Slaver","floor":14,"turns":3},{"damage":29,"enemies":"The Guardian","floor":16,"turns":8},{"damage":14,"enemies":"Shell Parasite","floor":18,"turns":7},{"damage":22,"enemies":"Spheric Guardian","floor":19,"turns":4},{"damage":0,"enemies":"Cultist and Chosen","floor":24,"turns":1}],"seed_played":"7339957935214046302","potions_obtained":[{"floor":1,"key":"Energy Potion"},{"floor":2,"key":"GamblersBrew"},{"floor":7,"key":"SteroidPotion"},{"floor":12,"key":"AttackPotion"},{"floor":13,"key":"PowerPotion"},{"floor":14,"key":"Fire Potion"},{"floor":16,"key":"PowerPotion"},{"floor":18,"key":"Block Potion"},{"floor":19,"key":"SpeedPotion"}],"is_trial":false,"path_per_floor":["M","M","M","T","?","R","M","R","T","M","?","E","M","M","R","B",null,"M","M","$","?","$","R","M"],"character_chosen":"THE_SILENT","items_purchased":["Crippling Poison","Die Die Die","TwistedFunnel"],"campfire_rested":1,"item_purchase_floors":[20,20,20],"current_hp_per_floor":[45,34,32,32,32,32,22,22,22,18,18,10,10,10,31,2,70,56,34,34,34,34,34,34,34],"gold":41,"neow_bonus":"THREE_RARE_CARDS","is_daily":false,"chose_seed":false,"campfire_upgraded":3,"win_rate":0.0,"timestamp":1610284274,"path_taken":["M","M","M","?","?","R","?","R","T","M","?","E","M","M","R","BOSS","M","M","$","?","$","R","M"],"items_purchased_type":["Card","Card","Relic"],"build_version":"2020-12-22","purchased_purges":0,"victory":false,"max_hp_per_floor":[70,70,70,70,70,70,70,70,70,70,70,70,70,70,70,70,70,70,70,70,70,70,70,70,70],"relic_stats":{"counters":[12,52],"Bag of Preparation":[12],"obtain_stats":[{"TwistedFunnel":20,"Bottled Flame":9,"Philosopher\u0027s Stone":17,"Bag of Preparation":12,"White Beast Statue":4,"Ring of the Snake":0},{"TwistedFunnel":11,"Bottled Flame":4,"Philosopher\u0027s Stone":9,"Bag of Preparation":6,"White Beast Statue":3,"Ring of the Snake":0},{"TwistedFunnel":51,"Bottled Flame":20,"Philosopher\u0027s Stone":40,"Bag of Preparation":28,"White Beast Statue":16,"Ring of the Snake":0}],"Ring of the Snake":[24]},"card_choices":[{"not_picked":["Glass Knife","Wraith Form v2"],"picked":"A Thousand Cuts","floor":0},{"not_picked":["Outmaneuver","Prepared"],"picked":"Well Laid Plans","floor":1},{"not_picked":["Setup","Flying Knee"],"picked":"Dagger Throw","floor":2},{"not_picked":["Prepared","Flying Knee"],"picked":"Accuracy","floor":3},{"not_picked":["PiercingWail","Dagger Throw"],"picked":"Dagger Spray","floor":7},{"not_picked":["Flechettes","Acrobatics"],"picked":"Flying Knee","floor":10},{"not_picked":["Escape Plan","Skewer"],"picked":"Envenom","floor":12},{"not_picked":["Backstab","Tactician"],"picked":"Poisoned Stab","floor":13},{"not_picked":["Riddle With Holes","Footwork"],"picked":"Terror","floor":14},{"not_picked":["Night Terror","Doppelganger"],"picked":"Malaise","floor":16},{"not_picked":["Acrobatics","Blade Dance"],"picked":"Backflip","floor":18},{"not_picked":["Riddle With Holes","Deflect"],"picked":"Backstab+1","floor":19}],"player_experience":606623,"relics_obtained":[{"floor":4,"key":"White Beast Statue"},{"floor":9,"key":"Bottled Flame"},{"floor":12,"key":"Bag of Preparation"}],"event_choices":[{"damage_healed":0,"gold_gain":0,"player_choice":"3 cards matched","damage_taken":0,"max_hp_gain":0,"max_hp_loss":0,"event_name":"Match and Keep!","floor":5,"gold_loss":0,"cards_obtained":["Flash of Steel","Unload","Neutralize"]},{"damage_healed":0,"gold_gain":0,"player_choice":"Ignored","damage_taken":0,"max_hp_gain":0,"max_hp_loss":0,"event_name":"Liars Game","floor":11,"gold_loss":0},{"damage_healed":0,"gold_gain":0,"player_choice":"Ignored","damage_taken":0,"max_hp_gain":0,"max_hp_loss":0,"event_name":"The Mausoleum","floor":21,"gold_loss":0}],"is_beta":false,"boss_relics":[{"not_picked":["Calling Bell","Runic Pyramid"],"picked":"Philosopher\u0027s Stone"}],"items_purged_floors":[],"is_endless":false,"potions_floor_spawned":[1,2,7,10,12,13,14,16,18,19],"killed_by":"Cultist and Chosen","ascension_level":0}}