{"host":"q387i5o1hp66091u","time":1610243919,"event":{"mods":["2.2 Compatiblity","BaseMod","Minty Spire (QoL Compilation)","Rare Cards Sparkle"],"gold_per_floor":[111,124,41,51,1,1,29,29,29,63,80,96,5,16,16,115,115,129,129,129],"floor_reached":19,"playtime":999,"items_purged":[],"score":224,"play_id":"f93b8a12-6bb7-409c-90b3-294bce786efa","local_time":"20210110105839","is_ascension_mode":true,"campfire_choices":[{"data":"Discovery","floor":6.0,"key":"SMITH"},{"data":"Armaments","floor":8.0,"key":"SMITH"},{"floor":15.0,"key":"REST"}],"circlet_count":0,"master_deck":["Strike_R","Strike_R","Strike_R","Strike_R","Defend_R","Defend_R","Defend_R","Defend_R","Bash+1","Wild Strike","Seeing Red","Discovery+1","Shrug It Off","Armaments+1","Evolve","Dropkick","Reckless Charge","Panacea","Barricade","Double Tap","Shrug It Off+1"],"relics":["Black Blood","Peace Pipe","Ginger","PreservedInsect"],"acts_visited":["Exordium","TheCity"],"potions_floor_usage":[16,19],"damage_taken":[{"damage":3.0,"enemies":"Jaw Worm","floor":1.0,"turns":4.0},{"damage":15.0,"enemies":"Small Slimes","floor":2.0,"turns":3.0},{"damage":1.0,"enemies":"2 Louse","floor":4.0,"turns":2.0},{"damage":35.0,"enemies":"Gremlin Nob","floor":7.0,"turns":4.0},{"damage":8.0,"enemies":"3 Sentries","floor":10.0,"turns":10.0},{"damage":12.0,"enemies":"Exordium Wildlife","floor":11.0,"turns":5.0},{"damage":25.0,"enemies":"Gremlin Gang","floor":12.0,"turns":3.0},{"damage":13.0,"enemies":"Red Slaver","floor":14.0,"turns":4.0},{"damage":10,"enemies":"Slime Boss","floor":16,"turns":9},{"damage":43,"enemies":"Shell Parasite","floor":18,"turns":10},{"damage":22,"enemies":"Masked Bandits","floor":19,"turns":3}],"seed_played":"-1809397167926327441","potions_obtained":[{"floor":7.0,"key":"Strength Potion"},{"floor":11.0,"key":"PowerPotion"},{"floor":18,"key":"DistilledChaos"}],"is_trial":false,"path_per_floor":["M","M","$","M","?","R","E","R","T","E","M","M","$","M","R","B",null,"M","?"],"character_chosen":"IRONCLAD","items_purchased":["Discovery","Panacea"],"campfire_rested":1,"item_purchase_floors":[3,13],"current_hp_per_floor":[80,71,71,76,76,76,47,47,47,45,39,20,20,13,37,33,68,37,15,15],"gold":129,"neow_bonus":"UPGRADE_CARD","is_daily":false,"chose_seed":false,"campfire_upgraded":2,"win_rate":0.0,"timestamp":1610243919,"path_taken":["M","M","$","M","?","R","E","R","T","E","M","M","$","M","R","BOSS","M","?"],"items_purchased_type":["Card","Card"],"build_version":"2020-12-22","purchased_purges":0,"victory":false,"max_hp_per_floor":[80,80,80,80,80,80,80,80,80,80,80,80,80,80,80,80,80,80,80,80],"card_choices":[{"not_picked":["Sword Boomerang","Intimidate"],"picked":"Wild Strike","floor":1.0},{"not_picked":["True Grit","Iron Wave"],"picked":"Seeing Red","floor":2.0},{"not_picked":["Warcry","Sentinel"],"picked":"Shrug It Off","floor":4.0},{"not_picked":["Perfected Strike","Ghostly Armor"],"picked":"Armaments","floor":7.0},{"not_picked":["Bloodletting","Thunderclap"],"picked":"Evolve","floor":10.0},{"not_picked":["Iron Wave","Warcry"],"picked":"Dropkick","floor":11.0},{"not_picked":["Body Slam","Perfected Strike"],"picked":"Reckless Charge","floor":12.0},{"not_picked":["Searing Blow","Havoc"],"picked":"Barricade","floor":14.0},{"not_picked":["Reaper","Bludgeon"],"picked":"Double Tap","floor":16},{"not_picked":["Dropkick","Evolve"],"picked":"Shrug It Off+1","floor":18}],"player_experience":593226,"relics_obtained":[{"floor":7.0,"key":"Peace Pipe"},{"floor":9.0,"key":"Ginger"},{"floor":10.0,"key":"PreservedInsect"}],"event_choices":[{"cards_removed":["Strike_R"],"damage_healed":0.0,"max_hp_gain":0.0,"max_hp_loss":0.0,"gold_gain":0.0,"event_name":"The Cleric","player_choice":"Card Removal","floor":5.0,"gold_loss":50.0,"damage_taken":0.0},{"damage_healed":0,"gold_gain":0,"player_choice":"Fought Bandits","damage_taken":0,"max_hp_gain":0,"max_hp_loss":0,"event_name":"Masked Bandits","floor":19,"gold_loss":0}],"is_beta":false,"boss_relics":[{"not_picked":["Fusion Hammer","Runic Dome"],"picked":"Black Blood"}],"items_purged_floors":[],"is_endless":false,"potions_floor_spawned":[7,11,18],"killed_by":"Masked Bandits","ascension_level":5}}