{"host":"cijhj3091wf4aho3","time":1610245015,"event":{"mods":["BaseMod","Colored Map","Colored Powertips","Downfall","Friendly Minions","GifTheSpireLib","Highlight Path","Minty Spire (QoL Compilation)","Permanent Neow","Random Character Button","Relic Sorter","Relic Stats","StSLib","everything is the same but u backflip on backflip","slay the spire mod where everything is the same but ironclad has a cowboy hat"],"gold_per_floor":[99,119,133,408,97,113,113,126,141,241,260,260,279,308,318,318,318,318],"floor_reached":16,"playtime":851,"items_purged":["Regret"],"score":170,"play_id":"c8258efe-a549-4c49-ac29-5ef969b8036a","local_time":"20210109181655","is_ascension_mode":true,"campfire_choices":[{"data":"champ:EnchantShield","floor":1,"key":"SMITH"}],"circlet_count":0,"master_deck":["AscendersBane","champ:Strike","champ:Strike","champ:Strike","champ:Strike","champ:Defend","champ:Defend","champ:Defend","champ:Defend","champ:Taunt","champ:EnchantShield+1","champ:FocusedDefense","champ:FalseCounter","champ:Duel","champ:SwordSigil","champ:DefensiveStyle","champ:ShieldSlam","champ:Circumvent","champ:Circumvent"],"relics":["champ:ChampionCrown","Juzu Bracelet","Bag of Preparation","Meat on the Bone"],"acts_visited":["Exordium"],"potions_floor_usage":[8,14,15,16],"damage_taken":[{"damage":2,"enemies":"2 Louse","floor":2,"turns":3},{"damage":16,"enemies":"Cultist","floor":3,"turns":5},{"damage":20,"enemies":"downfall:FleeingMerchant","floor":5,"turns":4},{"damage":5,"enemies":"Small Slimes","floor":6,"turns":5},{"damage":1,"enemies":"2 Fungi Beasts","floor":8,"turns":5},{"damage":14,"enemies":"Lots of Slimes","floor":9,"turns":5},{"damage":10,"enemies":"Large Slime","floor":11,"turns":4},{"damage":10,"enemies":"Exordium Thugs","floor":13,"turns":7},{"damage":13,"enemies":"3 Sentries","floor":14,"turns":8},{"damage":4,"enemies":"2 Fungi Beasts","floor":15,"turns":3},{"damage":23,"enemies":"downfall:Ironclad","floor":16,"turns":5}],"seed_played":"-9111537309333247192","potions_obtained":[{"floor":2,"key":"Fire Potion"},{"floor":3,"key":"hexamod:EctoCoolerPotion"},{"floor":14,"key":"ColorlessPotion"},{"floor":15,"key":"Fire Potion"}],"is_trial":false,"path_per_floor":["R","M","M","?","$","M","T","M","M","?","M","?","M","E","M","B"],"character_chosen":"THE_CHAMP","items_purchased":["champ:SwordSigil","Juzu Bracelet"],"campfire_rested":0,"item_purchase_floors":[5,5],"current_hp_per_floor":[81,79,73,73,63,58,58,57,43,43,38,38,28,15,23,0,0,0],"gold":318,"neow_bonus":"THREE_RARE_CARDS","is_daily":false,"chose_seed":false,"campfire_upgraded":1,"win_rate":0.0,"timestamp":1610245015,"path_taken":["R","M","M","?","?","M","T","M","M","?","M","?","M","E","M","BOSS"],"items_purchased_type":["Card","Relic"],"build_version":"2020-12-22","purchased_purges":1,"victory":false,"max_hp_per_floor":[81,81,81,81,81,81,81,81,81,81,81,81,81,81,81,81,81,81],"relic_stats":{"counters":[11,54],"Juzu Bracelet":0,"Bag of Preparation":[14],"obtain_stats":[{"champ:ChampionCrown":0,"Juzu Bracelet":5,"Bag of Preparation":7,"Meat on the Bone":14},{"champ:ChampionCrown":0,"Juzu Bracelet":3,"Bag of Preparation":4,"Meat on the Bone":9},{"champ:ChampionCrown":0,"Juzu Bracelet":12,"Bag of Preparation":17,"Meat on the Bone":46}],"Meat on the Bone":12},"card_choices":[{"not_picked":["champ:Improvising","champ:DancingMaster"],"picked":"champ:EnchantShield","floor":0},{"not_picked":["champ:Backstep","champ:BladeFlurry"],"picked":"champ:FocusedDefense","floor":2},{"not_picked":["champ:GutPunch","champ:FanOfKnives"],"picked":"champ:FalseCounter","floor":3},{"not_picked":["champ:BerserkersShout","champ:Shatter"],"picked":"champ:Duel","floor":5},{"not_picked":["champ:Duel","champ:BladeFlurry"],"picked":"champ:DefensiveStyle","floor":6},{"not_picked":["champ:ShieldSigil","champ:EndlessRage"],"picked":"champ:ShieldSlam","floor":8},{"not_picked":["champ:IronFortress","champ:GladiatorsShout","champ:Riposte"],"picked":"SKIP","floor":9},{"not_picked":["champ:FaceSlap","champ:BringItOn"],"picked":"champ:Circumvent","floor":11},{"not_picked":["champ:EnragedBash","champ:ArenaPreparation","champ:BerserkersShout"],"picked":"SKIP","floor":13},{"not_picked":["champ:BringItOn","champ:Devastate"],"picked":"champ:Circumvent","floor":14},{"not_picked":["champ:FanOfKnives","champ:PerfectedStrike","champ:ShieldSigil"],"picked":"SKIP","floor":15}],"player_experience":488305,"relics_obtained":[{"floor":7,"key":"Bag of Preparation"},{"floor":14,"key":"Meat on the Bone"}],"event_choices":[{"cards_removed":["champ:Execute"],"damage_healed":0,"gold_gain":0,"player_choice":"Purged","damage_taken":0,"max_hp_gain":0,"max_hp_loss":0,"event_name":"Purifier","floor":12,"gold_loss":0}],"is_beta":false,"boss_relics":[],"items_purged_floors":[5],"is_endless":false,"potions_floor_spawned":[2,3,14,15],"killed_by":"downfall:Ironclad","ascension_level":12}}