{"host":"qljev0q3rb9h3k1a","time":1610296960,"event":{"mods":["AchievementEnabler","Ascension Unlocker","BaseMod","Colored Map","Minty Spire (QoL Compilation)","Permanent Neow","Quick Restart","Relic Filter","StSLib","SuperFastMode"],"gold_per_floor":[111,111,127,127,143,143,143,161,161,195,110,126,143,154,154,256,256,256,355,368,368,283,283,309,234,234,252,283,298,316,334,334,433,433,453,503,514,243,260,260,291,291,291,321,321,321,44,44,44],"floor_reached":48,"playtime":2222,"items_purged":["Defend_R","Defend_R"],"score":532,"play_id":"b1bed042-4388-4cc3-bfb5-9c55594a53af","local_time":"20210110114240","is_ascension_mode":false,"campfire_choices":[{"data":"Demon Form","floor":6.0,"key":"SMITH"},{"data":"Flash of Steel","floor":15.0,"key":"SMITH"},{"floor":23.0,"key":"REST"},{"floor":32,"key":"REST"},{"floor":40,"key":"REST"},{"floor":42,"key":"REST"}],"circlet_count":0,"master_deck":["Strike_R+1","Strike_R","Strike_R","Strike_R","Strike_R","Defend_R+1","Defend_R+1","Bash+1","Demon Form+1","Clash","Rage+1","Flash of Steel+1","Reaper","Armaments+1","Bludgeon","Pommel Strike+1","Twin Strike+1","Clash+1","Clash+1","Demon Form+1","Offering+1","Twin Strike+1"],"relics":["Burning Blood","Sundial","Toxic Egg 2","Fusion Hammer","Pantograph","Dream Catcher","Strawberry","Molten Egg 2","Frozen Egg 2","Black Star","WingedGreaves","Membership Card","Blood Vial","Juzu Bracelet","Vajra","War Paint","Kunai","Mummified Hand","White Beast Statue","OrangePellets","Lantern","Bottled Flame"],"acts_visited":["Exordium","TheCity","TheBeyond"],"potions_floor_usage":[30,30,31,31,36,44],"damage_taken":[{"damage":10.0,"enemies":"Small Slimes","floor":1.0,"turns":4.0},{"damage":2.0,"enemies":"2 Louse","floor":3.0,"turns":3.0},{"damage":6.0,"enemies":"Cultist","floor":5.0,"turns":3.0},{"damage":16.0,"enemies":"Blue Slaver","floor":8.0,"turns":3.0},{"damage":3.0,"enemies":"Gremlin Nob","floor":10.0,"turns":3.0},{"damage":8.0,"enemies":"3 Louse","floor":12.0,"turns":4.0},{"damage":10.0,"enemies":"Exordium Thugs","floor":13.0,"turns":4.0},{"damage":1.0,"enemies":"2 Fungi Beasts","floor":14.0,"turns":4.0},{"damage":17.0,"enemies":"The Guardian","floor":16.0,"turns":6.0},{"damage":0.0,"enemies":"3 Byrds","floor":18.0,"turns":1.0},{"damage":6.0,"enemies":"Chosen","floor":20.0,"turns":5.0},{"damage":36.0,"enemies":"Slavers","floor":24.0,"turns":6.0},{"damage":19.0,"enemies":"Snake Plant","floor":27.0,"turns":4.0},{"damage":34.0,"enemies":"Gremlin Leader","floor":28.0,"turns":4.0},{"damage":21.0,"enemies":"Centurion and Healer","floor":29.0,"turns":5.0},{"damage":7,"enemies":"3 Cultists","floor":30,"turns":4},{"damage":27,"enemies":"Snake Plant","floor":31,"turns":4},{"damage":38,"enemies":"Champ","floor":33,"turns":8},{"damage":13,"enemies":"3 Shapes","floor":35,"turns":6},{"damage":6,"enemies":"Mind Bloom Boss Battle","floor":36,"turns":4},{"damage":13,"enemies":"Orb Walker","floor":37,"turns":3},{"damage":34,"enemies":"3 Darklings","floor":39,"turns":3},{"damage":58,"enemies":"Reptomancer","floor":41,"turns":5},{"damage":83,"enemies":"Nemesis","floor":44,"turns":7},{"damage":20,"enemies":"2 Orb Walkers","floor":48,"turns":1}],"seed_played":"-6281793619802614902","potions_obtained":[{"floor":1.0,"key":"SpeedPotion"},{"floor":3.0,"key":"BlessingOfTheForge"},{"floor":10.0,"key":"AttackPotion"},{"floor":16.0,"key":"SmokeBomb"},{"floor":24.0,"key":"EntropicBrew"},{"floor":28.0,"key":"SteroidPotion"},{"floor":31,"key":"BloodPotion"},{"floor":39,"key":"Strength Potion"},{"floor":44,"key":"EssenceOfSteel"}],"is_trial":false,"path_per_floor":["M","?","M","$","M","R","?","M","T","E","$","M","M","M","R","B",null,"M","?","M","?","?","R","E","$","T","M","E","M","M","M","R","B",null,"M","?","M","$","M","R","E","R","T","E","?","T","$","?"],"character_chosen":"IRONCLAD","items_purchased":["Flash of Steel","Membership Card","Blood Vial","OrangePellets","Lantern","Bottled Flame"],"campfire_rested":4,"item_purchase_floors":[11,38,38,47,47,47],"current_hp_per_floor":[76,60,64,64,64,64,64,54,54,57,57,55,51,56,56,45,80,80,80,80,80,80,80,57,57,57,51,23,8,17,16,42,41,87,86,87,87,87,66,87,41,67,67,17,17,17,17,0,0],"gold":44,"neow_bonus":"","is_daily":false,"chose_seed":false,"campfire_upgraded":2,"win_rate":0.0,"timestamp":1610296960,"path_taken":["M","?","M","$","M","R","?","M","T","E","$","M","?","M","R","BOSS","M","?","M","?","?","R","E","?","T","M","E","M","?","M","R","BOSS","M","?","M","$","M","R","E","R","T","E","?","?","$","?"],"items_purchased_type":["Card","Relic","Relic","Relic","Relic","Relic"],"build_version":"2020-12-22","purchased_purges":2,"victory":false,"max_hp_per_floor":[80,80,80,80,80,80,80,80,80,80,80,80,80,80,80,80,80,80,80,80,80,80,80,87,87,87,87,87,87,87,87,87,87,87,87,87,87,87,87,87,87,87,87,87,83,83,83,83,83],"card_choices":[{"not_picked":["Dark Embrace","Thunderclap","Sword Boomerang"],"picked":"SKIP","floor":1.0},{"not_picked":["Headbutt","Warcry","Sever Soul"],"picked":"SKIP","floor":3.0},{"not_picked":["Dark Embrace","Clash"],"picked":"Demon Form","floor":5.0},{"not_picked":["Body Slam","Whirlwind"],"picked":"Clash","floor":8.0},{"not_picked":["Ghostly Armor+1","True Grit+1"],"picked":"Rage+1","floor":10.0},{"not_picked":["Uppercut","Metallicize","Shrug It Off+1"],"picked":"SKIP","floor":12.0},{"not_picked":["Shrug It Off+1","Cleave","Battle Trance+1"],"picked":"SKIP","floor":13.0},{"not_picked":["Berserk","Anger","Reckless Charge"],"picked":"SKIP","floor":14.0},{"not_picked":["Impervious+1","Double Tap+1"],"picked":"Reaper","floor":16.0},{"not_picked":["Pommel Strike","Entrench+1","Shrug It Off+1"],"picked":"SKIP","floor":20.0},{"not_picked":["Sword Boomerang","Anger"],"picked":"Armaments+1","floor":23.0},{"not_picked":["Perfected Strike","Infernal Blade+1"],"picked":"Bludgeon","floor":24.0},{"not_picked":["Searing Blow+1","Shrug It Off+1","Dual Wield+1"],"picked":"SKIP","floor":27.0},{"not_picked":["Shockwave+1","Dual Wield+1"],"picked":"Pommel Strike+1","floor":28.0},{"not_picked":["Rupture+1","Burning Pact+1"],"picked":"Twin Strike+1","floor":29.0},{"not_picked":["Warcry+1","Anger+1"],"picked":"Clash+1","floor":30},{"not_picked":["Battle Trance+1","Twin Strike+1"],"picked":"Clash+1","floor":31},{"not_picked":["Clash+1","Iron Wave+1"],"picked":"Demon Form+1","floor":32},{"not_picked":["Juggernaut+1","Reaper+1"],"picked":"Offering+1","floor":33},{"not_picked":["Second Wind+1","Carnage+1"],"picked":"Twin Strike+1","floor":35},{"not_picked":["Uppercut+1","Iron Wave+1","Fire Breathing+1"],"picked":"SKIP","floor":37},{"not_picked":["Entrench+1","Flex+1","Armaments+1"],"picked":"SKIP","floor":39},{"not_picked":["Uppercut+1","Blood for Blood+1","Fire Breathing+1"],"picked":"SKIP","floor":41},{"not_picked":["Feed+1","Flame Barrier+1","Headbutt+1"],"picked":"SKIP","floor":44}],"player_experience":0,"relics_obtained":[{"floor":9.0,"key":"Sundial"},{"floor":10.0,"key":"Toxic Egg 2"},{"floor":24.0,"key":"Strawberry"},{"floor":26.0,"key":"Molten Egg 2"},{"floor":28.0,"key":"Frozen Egg 2"},{"floor":36,"key":"WingedGreaves"},{"floor":41,"key":"Juzu Bracelet"},{"floor":41,"key":"Vajra"},{"floor":43,"key":"War Paint"},{"floor":44,"key":"Kunai"},{"floor":44,"key":"Mummified Hand"},{"floor":46,"key":"White Beast Statue"}],"event_choices":[{"damage_healed":0.0,"max_hp_gain":0.0,"max_hp_loss":0.0,"gold_gain":0.0,"event_name":"Shining Light","player_choice":"Entered Light","floor":2.0,"gold_loss":0.0,"damage_taken":16.0,"cards_upgraded":["Defend_R","Strike_R"]},{"damage_healed":0.0,"max_hp_gain":0.0,"max_hp_loss":0.0,"gold_gain":0.0,"event_name":"Upgrade Shrine","player_choice":"Upgraded","floor":7.0,"gold_loss":0.0,"damage_taken":0.0,"cards_upgraded":["Bash"]},{"damage_healed":0.0,"max_hp_gain":0.0,"max_hp_loss":0.0,"gold_gain":99.0,"event_name":"Nest","player_choice":"Stole From Cult","floor":19.0,"gold_loss":0.0,"damage_taken":0.0},{"damage_healed":0.0,"max_hp_gain":0.0,"max_hp_loss":0.0,"gold_gain":0.0,"event_name":"The Mausoleum","player_choice":"Opened","floor":21.0,"gold_loss":0.0,"damage_taken":0.0,"relics_obtained":["Pantograph"]},{"damage_healed":0.0,"max_hp_gain":0.0,"max_hp_loss":0.0,"gold_gain":0.0,"event_name":"Addict","player_choice":"Obtained Relic","floor":22.0,"gold_loss":85.0,"damage_taken":0.0,"relics_obtained":["Dream Catcher"]},{"damage_healed":0,"gold_gain":0,"player_choice":"Fight","damage_taken":0,"max_hp_gain":0,"max_hp_loss":0,"event_name":"MindBloom","floor":36,"gold_loss":0},{"damage_healed":0,"gold_gain":0,"player_choice":"Max HP","damage_taken":0,"max_hp_gain":0,"max_hp_loss":4,"event_name":"Winding Halls","floor":45,"gold_loss":0},{"damage_healed":0,"gold_gain":0,"player_choice":"Fight","damage_taken":0,"max_hp_gain":0,"max_hp_loss":0,"event_name":"Mysterious Sphere","floor":48,"gold_loss":0}],"is_beta":false,"boss_relics":[{"not_picked":["Busted Crown","Mark of Pain"],"picked":"Fusion Hammer"},{"not_picked":["Empty Cage","SacredBark"],"picked":"Black Star"}],"items_purged_floors":[25,38],"is_endless":false,"potions_floor_spawned":[1,3,10,16,24,28,29,31,39,41,44],"killed_by":"2 Orb Walkers","ascension_level":0}}