{"host":"8ujkkqjs1cxoxabk","time":1610240406,"event":{"mods":["AchievementEnabler","Act Like it!","Aspiration","BaseMod","Beaked The Cultist","BetterRewards","Colored Map","Conspire","Custom Start","Downfall","Glutton Mod","Halation","Hallownest","Hubris","Infinite Spire","Jorbs\u0027s Wanderer Trilogy","Marisa????????","Minty Spire (QoL Compilation)","Replay The Spire","Shop Mod","StSLib","The Animator","The Bug Knight","The Construct","The Cursed","The Disciple","The Factory","The Hierophant","The Jungle","The Mystic","The Necromancer","The Servant 0.9.4","The Valiant"],"gold_per_floor":[118,174,238,258,24,24,39,39,39,100,110,132,132,157,207,317,317,336,336,336,354,374,374,13,25,25,43,121,151,164,179,179,336,336,401,420,530,29,42,0,0,331,331,331,382,382,404,424,424,481],"floor_reached":51,"playtime":5691,"items_purged":[],"score":1022,"play_id":"04f5c471-5593-4db2-a9ce-58b928fff24d","local_time":"20210109180006","daily_mods":["Colorless Cards","Heirloom"],"is_ascension_mode":false,"campfire_choices":[{"data":"sneckomod:Unknown","floor":6,"key":"SMITH"},{"data":"Apotheosis","floor":13,"key":"SMITH"},{"data":"sneckomod:Unknown","floor":15,"key":"SMITH"},{"data":"ReplayUltimateDefense","floor":23,"key":"SMITH"},{"data":"Replay:Bootleg Shield Generator+1","floor":32,"key":"SMITH"},{"data":"ReplayUltimateDefense+1","floor":41,"key":"SMITH"},{"data":"sneckomod:MasterEye+1","floor":46,"key":"SMITH"},{"data":"hubris:Insight","floor":49,"key":"SMITH"}],"circlet_count":0,"master_deck":["sneckomod:TailWhip","sneckomod:Unknown+1","sneckomod:Unknown+1","sneckomod:UnknownClassTHE_UNNAMED+1","sneckomod:UnknownUncommonPower+1","sneckomod:UnknownBlock+1","sneckomod:UnknownWeak+1","sneckomod:UnknownClassGUARDIAN+1","sneckomod:SoulRoll","sneckomod:UnknownUncommonPower+1","sneckomod:UnknownCommonAttack+2","sneckomod:Unknown1Cost+1","sneckomod:UnknownClassTHE_ANIMATOR+1","sneckomod:RainOfDice","sneckomod:Unknown1Cost+1","sneckomod:UnknownClassGLUTTON+1","sneckomod:DiceBlock","sneckomod:UnknownStrike+1","sneckomod:UnknownClassMARISA_DERIVATIONS+1","sneckomod:UnknownBlock+1","Mind Blast","sneckomod:UnknownClassBEAKED_YELLOW+1","Apotheosis+1","sneckomod:UnknownClassBUGKNIGHT_GRAY_COLOR+1","Tools of the Trade","ReplayUltimateDefense+2","Mind Blast","sneckomod:UnknownClassWHITE+1","animator:TanyaDegurechaff","Good Instincts","expansioncontent:FaceSlap","Glutton:Hemophilia","sneckomod:UnknownX+1","sneckomod:Nope+1","sneckomod:SoulDraw","Dramatic Entrance","sneckomod:UnknownBlock+1","sneckomod:UnknownCommonAttack+1","sneckomod:MasterEye+2","sneckomod:UnknownRareAttack+1","Bandage Up","sneckomod:QuickBite+1","sneckomod:UnknownStrike+1","sneckomod:UnknownRareSkill+1","sneckomod:RainOfDice","Replay:Bootleg Shield Generator+2","sneckomod:UnknownWeak+1","sneckomod:UnknownClassWHITE+1","PanicButton","sneckomod:UnknownStrike+1","expansioncontent:SuperHexaguard","sneckomod:UnknownStrike+1","Sadistic Nature","sneckomod:Unknown1Cost+1","sneckomod:WideSting+1","sneckomod:UnknownClassINFINITE_BLACK+1","sneckomod:SnakeSap","sneckomod:Unknown0Cost+1","Panache+1","sneckomod:Unknown1Cost+1","sneckomod:UnknownUncommonPower+1","sneckomod:SnakeSap","sneckomod:UnknownClassMARISA_DERIVATIONS+1","expansioncontent:YouAreMine","sneckomod:DiceBlock+1","sneckomod:UnknownClassHoly+1","sneckomod:Unknown3Cost+1","ReplayTheSpireMod:Uncanny Aura","sneckomod:UnknownClassSILVER+1","hubris:Insight+1","sneckomod:SoulCleanse+1","Flash of Steel+1","sneckomod:UnknownClassCULL_RED_COLOR+1"],"relics":["sneckomod:SneckoSoul","replay:Trail_Library","conspire:GlowingRock","hubris:GrandSneckoEye","aspiration:Headhunter","aspiration:HatOfInfinitePower","halation:IllGainedPizza","conspire:InfiniteJournal","sneckomod:LoadedDie","Mummified Hand","hubris:MobiusCoin","Prayer Wheel","Ring of the Snake","sneckomod:ConfusingCodex","Snake Skull","sneckomod:UnknownEgg","WristBlade","Basket Of Snakes","Chameleon Ring","m_SnakeCloak","Ice Cream","infinitespire:Midas Blood","infinitespire:ShieldingShard","Pandora\u0027s Box","halation:PinkSoulGem","Tiny Chest","Vajra","Smiling Mask","aspiration:SecretTechniqueScroll","Frozen Egg 2","hexamod:BolsterEngine","Red Mask","Old Coin","hubris:PeanutButter","halation:StarCompass","sneckomod:BlankCard"],"acts_visited":["Exordium","TheCity","TheBeyond"],"potions_floor_usage":[47,47,50],"damage_taken":[{"damage":0,"enemies":"2 Louse","floor":1,"turns":2},{"damage":2,"enemies":"conspire:RoseBush","floor":3,"turns":1},{"damage":0,"enemies":"Cultist","floor":4,"turns":1},{"damage":0,"enemies":"2 Fungi Beasts","floor":7,"turns":1},{"damage":0,"enemies":"3 Louse","floor":10,"turns":2},{"damage":0,"enemies":"Looter","floor":11,"turns":1},{"damage":3,"enemies":"Large Slime","floor":12,"turns":1},{"damage":0,"enemies":"Red Slaver","floor":14,"turns":1},{"damage":7,"enemies":"The Guardian","floor":16,"turns":5},{"damage":0,"enemies":"Spheric Guardian","floor":18,"turns":1},{"damage":0,"enemies":"conspire:FuzzyDice","floor":21,"turns":5},{"damage":0,"enemies":"Cultist and Chosen","floor":22,"turns":3},{"damage":0,"enemies":"Shelled Parasite and Fungi","floor":25,"turns":2},{"damage":0,"enemies":"Snecko","floor":27,"turns":2},{"damage":0,"enemies":"conspire:Head Lice","floor":28,"turns":1},{"damage":0,"enemies":"Chosen and Byrds","floor":29,"turns":3},{"damage":0,"enemies":"Snake Plant","floor":30,"turns":1},{"damage":0,"enemies":"Shelled Parasite and Fungi","floor":31,"turns":1},{"damage":0,"enemies":"Collector","floor":33,"turns":3},{"damage":0,"enemies":"3 Shapes","floor":35,"turns":1},{"damage":0,"enemies":"Orb Walker","floor":36,"turns":1},{"damage":0,"enemies":"Spire Growth","floor":39,"turns":2},{"damage":0,"enemies":"Nemesis","floor":42,"turns":1},{"damage":0,"enemies":"4 Shapes","floor":47,"turns":1},{"damage":0,"enemies":"Writhing Mass","floor":48,"turns":1},{"damage":0,"enemies":"hubris:GrandSnecko","floor":50,"turns":5}],"seed_played":"5919536377271100343","potions_obtained":[{"floor":1,"key":"Swift Potion"},{"floor":4,"key":"SkillPotion"},{"floor":11,"key":"Strength Potion"},{"floor":28,"key":"Energy Potion"}],"is_trial":true,"path_per_floor":["M","?","M","M","$","R","M","?","T","M","M","M","R","M","R","B",null,"M","?","?","M","M","R","$","M","T","M","E","M","M","M","R","B",null,"M","M","?","$","M","?","R","E","T","?","T","R","M","M","R","B",null],"character_chosen":"THE_SNECKO","items_purchased":["sneckomod:UnknownUncommonPower+1","sneckomod:UnknownCommonAttack+2","sneckomod:Unknown1Cost+1","sneckomod:UnknownClassTHE_ANIMATOR+1","sneckomod:MasterEye+1","sneckomod:UnknownRareAttack+1","Tiny Chest","Panache+1","hexamod:BolsterEngine","sneckomod:Unknown1Cost+1","sneckomod:UnknownUncommonPower+1","sneckomod:SnakeSap"],"campfire_rested":0,"item_purchase_floors":[5,5,5,5,24,24,24,38,38,38,38,38],"current_hp_per_floor":[92,92,92,93,97,97,98,99,99,100,102,100,100,101,101,94,107,108,108,108,108,110,110,111,111,111,113,113,115,116,117,117,117,117,118,119,120,122,123,123,123,125,125,125,125,126,126,127,127,124],"gold":481,"neow_bonus":"","is_daily":false,"chose_seed":false,"campfire_upgraded":8,"win_rate":0.0,"timestamp":1610240406,"path_taken":["M","?","M","M","$","R","M","?","T","M","?","M","R","M","R","BOSS","M","?","?","M","M","R","$","M","T","M","E","M","M","M","R","BOSS","M","M","?","$","M","?","R","E","T","?","?","R","M","M","R","BOSS"],"items_purchased_type":["Card","Card","Card","Card","Card","Card","Relic","Card","Relic","Card","Card","Card"],"build_version":"2020-12-22","purchased_purges":0,"victory":true,"max_hp_per_floor":[92,92,94,95,99,99,100,101,101,102,104,105,105,106,106,106,107,108,108,108,108,110,110,111,111,111,113,113,115,116,117,117,117,117,118,119,120,122,123,123,123,125,125,125,125,126,126,127,127,124],"card_choices":[{"not_picked":["sneckomod:WideSting","Replay:SS_forest_5"],"picked":"sneckomod:UnknownClassTHE_UNNAMED+1","floor":1},{"not_picked":["animator:IchigoKurosaki","sneckomod:UnknownCommonSkill+1"],"picked":"sneckomod:UnknownUncommonPower+1","floor":1},{"not_picked":["expansioncontent:Chronoboost","sneckomod:UnknownCommonAttack+1"],"picked":"sneckomod:UnknownBlock+1","floor":3},{"not_picked":["sneckomod:SoulDraw","sneckomod:DiceCrush"],"picked":"sneckomod:UnknownWeak+1","floor":3},{"not_picked":["sneckomod:IronFang","Finesse"],"picked":"sneckomod:UnknownClassGUARDIAN+1","floor":4},{"not_picked":["expansioncontent:Flail","All Out Attack"],"picked":"sneckomod:SoulRoll","floor":4},{"not_picked":["sneckomod:Nope","Dramatic Entrance"],"picked":"sneckomod:RainOfDice","floor":7},{"not_picked":["sneckomod:UnknownVulnerable+1","sneckomod:DiceBlock"],"picked":"sneckomod:Unknown1Cost+1","floor":7},{"not_picked":["sneckomod:QuickMove","Thinking Ahead"],"picked":"sneckomod:DiceBlock","floor":10},{"not_picked":["Dagger Throw","sneckomod:WideSting"],"picked":"sneckomod:UnknownStrike+1","floor":10},{"not_picked":["sneckomod:Nope","sneckomod:SoulRoll"],"picked":"sneckomod:UnknownClassMARISA_DERIVATIONS+1","floor":11},{"not_picked":["sneckomod:IronFang","sneckomod:Nope"],"picked":"sneckomod:UnknownBlock+1","floor":11},{"not_picked":["sneckomod:QuickMove","sneckomod:WideSting"],"picked":"Mind Blast","floor":12},{"not_picked":["Calculated Gamble","sneckomod:IronFang"],"picked":"sneckomod:UnknownClassBEAKED_YELLOW+1","floor":12},{"not_picked":["sneckomod:UnknownBlock+1","expansioncontent:Collect"],"picked":"sneckomod:UnknownClassBUGKNIGHT_GRAY_COLOR+1","floor":14},{"not_picked":["sneckomod:UnknownCommonAttack+1","sneckomod:QuickMove"],"picked":"Tools of the Trade","floor":14},{"not_picked":["sneckomod:SoulExchange","ReplayTheSpireMod:Necrogeddon"],"picked":"ReplayUltimateDefense","floor":16},{"not_picked":["hubris:Ssssneak","sneckomod:DiceBlock"],"picked":"sneckomod:UnknownX+1","floor":18},{"not_picked":["sneckomod:RainOfDice","sneckomod:DiceBlock+1"],"picked":"sneckomod:Nope+1","floor":18},{"not_picked":["Finesse+1","sneckomod:RainOfDice"],"picked":"sneckomod:SoulDraw","floor":21},{"not_picked":["sneckomod:UnknownCommonSkill+1","sneckomod:UnknownClassRED+1"],"picked":"Dramatic Entrance","floor":21},{"not_picked":["sneckomod:UnknownWeak+1","animator:LimeBell"],"picked":"sneckomod:UnknownBlock+1","floor":22},{"not_picked":["sneckomod:QuickMove","ReplayTheSpireMod:Uncanny Aura"],"picked":"sneckomod:UnknownCommonAttack+1","floor":22},{"not_picked":["sneckomod:QuickMove+1","sneckomod:Unknown1Cost+1"],"picked":"Bandage Up","floor":25},{"not_picked":["sneckomod:UnknownWeak+1","animator:IchigoKurosaki+1"],"picked":"sneckomod:QuickBite+1","floor":25},{"not_picked":["sneckomod:QuickMove","sneckomod:UnknownCommonSkill+1"],"picked":"sneckomod:UnknownStrike+1","floor":27},{"not_picked":["sneckomod:UnknownStrike+1","sneckomod:Unknown1Cost+1"],"picked":"sneckomod:UnknownRareSkill+1","floor":27},{"not_picked":["sneckomod:DiceBlock","sneckomod:UnknownClassBLUE+1"],"picked":"sneckomod:RainOfDice","floor":28},{"not_picked":["sneckomod:UnknownStrike+1","sneckomod:SoulRoll"],"picked":"Replay:Bootleg Shield Generator+1","floor":29},{"not_picked":["sneckomod:DiceBlock","expansioncontent:GoopSpray"],"picked":"sneckomod:UnknownWeak+1","floor":29},{"not_picked":["sneckomod:UnknownClassCHRONO_GOLD+1","sneckomod:Unknown0Cost+1"],"picked":"sneckomod:UnknownClassWHITE+1","floor":29},{"not_picked":["sneckomod:DiceCrush","animator:MisakiNakahara"],"picked":"PanicButton","floor":30},{"not_picked":["expansioncontent:Corrupt","sneckomod:UnknownWeak+1"],"picked":"sneckomod:UnknownStrike+1","floor":30},{"not_picked":["sneckomod:DiceCrush","expansioncontent:YouAreMine+1"],"picked":"expansioncontent:SuperHexaguard","floor":31},{"not_picked":["sneckomod:SoulRoll","sneckomod:UnknownCommonSkill+1"],"picked":"sneckomod:UnknownStrike+1","floor":31},{"not_picked":["Violence","ReplayTheSpireMod:Necrogeddon"],"picked":"Sadistic Nature","floor":33},{"not_picked":["sneckomod:UnknownVulnerable+1","sneckomod:UnknownCommonSkill+1"],"picked":"sneckomod:Unknown1Cost+1","floor":35},{"not_picked":["Finesse","animator:MisakiNakahara"],"picked":"sneckomod:WideSting+1","floor":35},{"not_picked":["sneckomod:UnknownBlock+1","sneckomod:DiceBlock"],"picked":"sneckomod:UnknownClassINFINITE_BLACK+1","floor":36},{"not_picked":["sneckomod:SoulDraw","animator:Magilou"],"picked":"sneckomod:SnakeSap","floor":36},{"not_picked":["sneckomod:SoulDraw+1","Specialist+1"],"picked":"sneckomod:Unknown0Cost+1","floor":37},{"not_picked":["sneckomod:UnknownWeak+1","sneckomod:UnknownClassTHE_ANIMATOR+1"],"picked":"sneckomod:UnknownClassMARISA_DERIVATIONS+1","floor":39},{"not_picked":["sneckomod:DiceBlock","animator:Hibiki"],"picked":"expansioncontent:YouAreMine","floor":39},{"not_picked":["animator:Patchouli","Forethought+1"],"picked":"sneckomod:DiceBlock+1","floor":42},{"not_picked":["sneckomod:UnknownStrike+1","sneckomod:UnknownClassPURPLE+1"],"picked":"sneckomod:UnknownClassHoly+1","floor":42},{"not_picked":["sneckomod:UnknownWeak+1","sneckomod:UnknownExhaust+1"],"picked":"sneckomod:Unknown3Cost+1","floor":42},{"not_picked":["expansioncontent:ChargeUp","sneckomod:SoulRoll+1"],"picked":"hubris:Insight","floor":47},{"not_picked":["sneckomod:SerpentIdol+1","sneckomod:DiceCrush+1"],"picked":"sneckomod:SoulCleanse+1","floor":47},{"not_picked":["sneckomod:IronFang","sneckomod:QuickMove+1"],"picked":"Flash of Steel+1","floor":48},{"not_picked":["sneckomod:UnknownBlock+1","sneckomod:QuickMove"],"picked":"sneckomod:UnknownClassCULL_RED_COLOR+1","floor":48}],"player_experience":153181,"relics_obtained":[{"floor":9,"key":"infinitespire:ShieldingShard"},{"floor":26,"key":"Vajra"},{"floor":28,"key":"Smiling Mask"},{"floor":37,"key":"Frozen Egg 2"},{"floor":42,"key":"Old Coin"},{"floor":43,"key":"hubris:PeanutButter"},{"floor":45,"key":"sneckomod:BlankCard"}],"event_choices":[{"damage_healed":0,"gold_gain":56,"player_choice":"Gained Gold","damage_taken":0,"max_hp_gain":0,"max_hp_loss":0,"event_name":"Golden Wing","floor":2,"gold_loss":0},{"damage_healed":0,"gold_gain":0,"cards_transformed":["sneckomod:SnekBite"],"player_choice":"Transformed","damage_taken":0,"max_hp_gain":0,"max_hp_loss":0,"event_name":"Transmorgrifier","floor":8,"gold_loss":0,"cards_obtained":["sneckomod:UnknownClassGLUTTON"]},{"damage_healed":0,"gold_gain":0,"player_choice":"Paid","damage_taken":0,"relics_obtained":["Red Mask"],"max_hp_gain":0,"max_hp_loss":0,"event_name":"Tomb of Lord Red Mask","floor":40,"gold_loss":42}],"is_beta":false,"boss_relics":[{"not_picked":["Replay:Drink Me","Fusion Hammer"],"picked":"Pandora\u0027s Box"},{"not_picked":["hubris:CrackedHourglass","Busted Crown"],"picked":"aspiration:SecretTechniqueScroll"}],"items_purged_floors":[],"is_endless":false,"potions_floor_spawned":[1,4,11,14,16,22,25,27,28,31,36,39,42],"ascension_level":0}}