{"host":"w3x3n9s6mrz4xpf0","time":1610261758,"event":{"mods":["BaseMod","Minty Spire (QoL Compilation)","StSLib","SuperFastMode"],"gold_per_floor":[20,37,55,73,93,123,123,151,151,182,199,199,227,227,227,298,298,309,309,22,40,57,88,13,28,76,76,76,103,103,103,103,176,176,191,203,203,43,68,68,93,93,140,165,184,184,184,184,184,184,184,184,184,31,62,62,62],"floor_reached":56,"playtime":2058,"items_purged":["Strike_G","Defend_G"],"score":1972,"play_id":"e8dfd199-d58e-4fb6-ae9c-7fa84d795b16","local_time":"20210110155558","is_ascension_mode":true,"campfire_choices":[{"data":"Apotheosis","floor":7.0,"key":"SMITH"},{"data":"Neutralize","floor":12.0,"key":"SMITH"},{"floor":15.0,"key":"RECALL"},{"floor":27.0,"key":"REST"},{"floor":32.0,"key":"REST"},{"data":"Strike_G","floor":40.0,"key":"PURGE"},{"data":"Defend_G","floor":42.0,"key":"PURGE"},{"data":"Defend_G","floor":46.0,"key":"PURGE"},{"data":"Defend_G","floor":49.0,"key":"PURGE"},{"data":"Dagger Spray","floor":53.0,"key":"PURGE"}],"circlet_count":0,"master_deck":["AscendersBane","Defend_G","Survivor","Neutralize+1","Apotheosis+1","PiercingWail","Die Die Die","Backflip","Cloak And Dagger+1","Blade Dance","Riddle With Holes","Venomology","Cloak And Dagger+1","Blur","Wraith Form v2","Infinite Blades","RitualDagger","Phantasmal Killer","Accuracy","Dark Shackles+1","Blur+1"],"relics":["Ring of the Snake","Ornamental Fan","Vajra","Shuriken","Meat on the Bone","Odd Mushroom","Fusion Hammer","Bottled Lightning","Question Card","Potion Belt","SlaversCollar","Peace Pipe","Strawberry","Centennial Puzzle","Toxic Egg 2","Lantern"],"acts_visited":["Exordium","TheCity","TheBeyond","TheEnding"],"potions_floor_usage":[55,56,56,56,56],"damage_taken":[{"damage":0.0,"enemies":"Cultist","floor":1.0,"turns":4.0},{"damage":0.0,"enemies":"Jaw Worm","floor":2.0,"turns":4.0},{"damage":0.0,"enemies":"2 Louse","floor":3.0,"turns":4.0},{"damage":0.0,"enemies":"Gremlin Gang","floor":4.0,"turns":2.0},{"damage":11.0,"enemies":"Exordium Wildlife","floor":5.0,"turns":4.0},{"damage":15.0,"enemies":"Lagavulin","floor":6.0,"turns":9.0},{"damage":28.0,"enemies":"Gremlin Nob","floor":8.0,"turns":4.0},{"damage":0.0,"enemies":"3 Sentries","floor":10.0,"turns":2.0},{"damage":0.0,"enemies":"3 Louse","floor":11.0,"turns":2.0},{"damage":0.0,"enemies":"The Mushroom Lair","floor":13.0,"turns":2.0},{"damage":4.0,"enemies":"Hexaghost","floor":16.0,"turns":6.0},{"damage":2.0,"enemies":"3 Byrds","floor":18.0,"turns":3.0},{"damage":0.0,"enemies":"2 Thieves","floor":21.0,"turns":3.0},{"damage":6.0,"enemies":"Shelled Parasite and Fungi","floor":22.0,"turns":3.0},{"damage":12.0,"enemies":"Book of Stabbing","floor":23.0,"turns":4.0},{"damage":0.0,"enemies":"Cultist and Chosen","floor":25.0,"turns":4.0},{"damage":0.0,"enemies":"Gremlin Leader","floor":29.0,"turns":6.0},{"damage":4.0,"enemies":"Automaton","floor":33.0,"turns":10.0},{"damage":0.0,"enemies":"3 Shapes","floor":35.0,"turns":5.0},{"damage":0.0,"enemies":"Orb Walker","floor":36.0,"turns":3.0},{"damage":0.0,"enemies":"Mind Bloom Boss Battle","floor":39.0,"turns":5.0},{"damage":31.0,"enemies":"Nemesis","floor":41.0,"turns":7.0},{"damage":4.0,"enemies":"Reptomancer","floor":44.0,"turns":4.0},{"damage":1.0,"enemies":"Transient","floor":45.0,"turns":6.0},{"damage":18.0,"enemies":"Time Eater","floor":50.0,"turns":8.0},{"damage":20.0,"enemies":"Donu and Deca","floor":51.0,"turns":7.0},{"damage":2,"enemies":"Shield and Spear","floor":55,"turns":6},{"damage":58,"enemies":"The Heart","floor":56,"turns":9}],"seed_played":"3876856049702894664","potions_obtained":[{"floor":1.0,"key":"Weak Potion"},{"floor":3.0,"key":"DuplicationPotion"},{"floor":8.0,"key":"EntropicBrew"},{"floor":13.0,"key":"PowerPotion"},{"floor":16.0,"key":"Fire Potion"},{"floor":18.0,"key":"LiquidMemories"},{"floor":22.0,"key":"ColorlessPotion"},{"floor":29.0,"key":"Block Potion"},{"floor":35.0,"key":"EntropicBrew"},{"floor":39.0,"key":"Swift Potion"}],"is_trial":false,"path_per_floor":["M","M","M","M","M","E","R","E","T","E","M","R","?","?","R","B",null,"M","?","$","M","M","E","?","M","T","R","?","E","?","?","R","B",null,"M","M","?","$","?","R","E","R","T","E","M","R","?","?","R","B","B",null,"R","$","E","B"],"character_chosen":"THE_SILENT","items_purchased":["Bottled Lightning","Accuracy","SteroidPotion"],"campfire_rested":2,"item_purchase_floors":[20,38,54],"current_hp_per_floor":[59,59,59,59,48,33,33,5,5,5,17,17,29,29,29,37,59,57,48,48,48,42,42,42,42,42,61,61,61,55,55,66,62,65,65,65,63,63,63,63,39,39,39,47,46,46,36,36,36,30,22,58,58,58,56,0,0],"gold":62,"neow_bonus":"RANDOM_COLORLESS_2","is_daily":false,"chose_seed":false,"campfire_upgraded":2,"win_rate":0.0,"timestamp":1610261758,"path_taken":["M","M","M","?","M","E","R","E","T","E","M","R","?","?","R","BOSS","M","?","$","M","?","E","?","?","T","R","?","E","?","?","R","BOSS","M","M","?","$","?","R","E","R","T","E","M","R","?","?","R","BOSS","BOSS","R","$","E","BOSS"],"items_purchased_type":["Relic","Card","Potion"],"build_version":"2020-12-22","purchased_purges":2,"victory":false,"max_hp_per_floor":[66,66,66,66,66,66,66,66,66,66,66,66,66,66,66,66,66,66,66,66,66,66,66,66,66,66,66,66,66,66,66,66,66,66,66,66,63,63,63,63,70,70,70,70,70,70,70,70,70,70,70,70,70,70,70,70,70],"card_choices":[{"not_picked":["Mayhem","Transmutation"],"picked":"Apotheosis","floor":0.0},{"not_picked":["Riddle With Holes","Deadly Poison"],"picked":"Dagger Spray","floor":1.0},{"not_picked":["Flying Knee","Choke"],"picked":"PiercingWail","floor":2.0},{"not_picked":["Deflect","Acrobatics"],"picked":"Die Die Die","floor":3.0},{"not_picked":["Flechettes","PiercingWail","Quick Slash"],"picked":"SKIP","floor":4.0},{"not_picked":["Poisoned Stab","Dagger Throw","Deflect"],"picked":"SKIP","floor":5.0},{"not_picked":["Calculated Gamble","Outmaneuver"],"picked":"Backflip","floor":6.0},{"not_picked":["Deflect","Dodge and Roll"],"picked":"Cloak And Dagger","floor":8.0},{"not_picked":["Leg Sweep","Flechettes","Backstab"],"picked":"SKIP","floor":10.0},{"not_picked":["Leg Sweep","Flechettes","Backstab"],"picked":"SKIP","floor":10.0},{"not_picked":["Grand Finale","Poisoned Stab"],"picked":"Blade Dance","floor":11.0},{"not_picked":["Prepared","Terror"],"picked":"Riddle With Holes","floor":13.0},{"not_picked":["Phantasmal Killer","Malaise"],"picked":"Venomology","floor":16.0},{"not_picked":["All Out Attack","Dash","PiercingWail"],"picked":"SKIP","floor":18.0},{"not_picked":["Deadly Poison","Underhanded Strike+1","Blade Dance"],"picked":"SKIP","floor":21.0},{"not_picked":["Infinite Blades","Predator"],"picked":"Cloak And Dagger+1","floor":22.0},{"not_picked":["Skewer","Dodge and Roll","Concentrate"],"picked":"SKIP","floor":23.0},{"not_picked":["Dodge and Roll","Doppelganger","Slice","Distraction"],"picked":"SKIP","floor":25.0},{"not_picked":["Envenom","Prepared","A Thousand Cuts"],"picked":"Infinite Blades","floor":29.0},{"not_picked":["Malaise","Corpse Explosion","Tools of the Trade"],"picked":"Phantasmal Killer","floor":33.0},{"not_picked":["Outmaneuver","Sucker Punch+1","Cloak And Dagger","Skewer+1"],"picked":"SKIP","floor":35.0},{"not_picked":["Flying Knee+1","Deflect","Cloak And Dagger+1","Slice+1"],"picked":"SKIP","floor":36.0},{"not_picked":["Underhanded Strike","Sucker Punch","Choke","Predator"],"picked":"SKIP","floor":41.0},{"not_picked":["All Out Attack+1","Caltrops","Dagger Throw+1","PiercingWail+1"],"picked":"SKIP","floor":44.0},{"not_picked":["Underhanded Strike+1","Quick Slash","Noxious Fumes","PiercingWail+1"],"picked":"SKIP","floor":45.0},{"not_picked":["Deep Breath+1","Impatience+1","PanicButton+1"],"picked":"Dark Shackles+1","floor":47.0},{"not_picked":["Backflip+1","Leg Sweep+1","Quick Slash"],"picked":"Blur+1","floor":55}],"player_experience":130686,"relics_obtained":[{"floor":6.0,"key":"Ornamental Fan"},{"floor":8.0,"key":"Vajra"},{"floor":9.0,"key":"Shuriken"},{"floor":10.0,"key":"Meat on the Bone"},{"floor":13.0,"key":"Odd Mushroom"},{"floor":23.0,"key":"Question Card"},{"floor":29.0,"key":"Potion Belt"},{"floor":39.0,"key":"Peace Pipe"},{"floor":41.0,"key":"Strawberry"},{"floor":43.0,"key":"Centennial Puzzle"},{"floor":44.0,"key":"Toxic Egg 2"},{"floor":55,"key":"Lantern"}],"event_choices":[{"damage_healed":0.0,"max_hp_gain":0.0,"max_hp_loss":0.0,"gold_gain":0.0,"event_name":"Mushrooms","player_choice":"Fought Mushrooms","floor":13.0,"gold_loss":0.0,"damage_taken":0.0},{"damage_healed":0.0,"max_hp_gain":0.0,"max_hp_loss":0.0,"gold_gain":0.0,"event_name":"Upgrade Shrine","player_choice":"Upgraded","floor":14.0,"gold_loss":0.0,"damage_taken":0.0,"cards_upgraded":["Cloak And Dagger"]},{"damage_healed":0.0,"max_hp_gain":0.0,"max_hp_loss":0.0,"gold_gain":0.0,"event_name":"Wheel of Change","player_choice":"Damaged","floor":19.0,"gold_loss":0.0,"damage_taken":9.0},{"damage_healed":0.0,"max_hp_gain":0.0,"max_hp_loss":0.0,"gold_gain":0.0,"cards_transformed":["Strike_G","Strike_G"],"event_name":"Designer","player_choice":"Transformed Cards","floor":24.0,"gold_loss":75.0,"damage_taken":0.0,"cards_obtained":["Blur","Wraith Form v2"]},{"damage_healed":0.0,"max_hp_gain":0.0,"max_hp_loss":0.0,"gold_gain":0.0,"event_name":"The Mausoleum","player_choice":"Ignored","floor":28.0,"gold_loss":0.0,"damage_taken":0.0},{"damage_healed":0.0,"max_hp_gain":0.0,"max_hp_loss":0.0,"gold_gain":0.0,"event_name":"Nest","player_choice":"Joined the Cult","floor":30.0,"gold_loss":0.0,"damage_taken":6.0,"cards_obtained":["RitualDagger"]},{"cards_removed":["Strike_G"],"damage_healed":0.0,"max_hp_gain":0.0,"max_hp_loss":0.0,"gold_gain":0.0,"event_name":"Back to Basics","player_choice":"Elegance","floor":31.0,"gold_loss":0.0,"damage_taken":0.0},{"damage_healed":0.0,"max_hp_gain":0.0,"max_hp_loss":3.0,"gold_gain":0.0,"event_name":"Winding Halls","player_choice":"Max HP","floor":37.0,"gold_loss":0.0,"damage_taken":0.0},{"damage_healed":0.0,"max_hp_gain":0.0,"max_hp_loss":0.0,"gold_gain":0.0,"event_name":"MindBloom","player_choice":"Fight","floor":39.0,"gold_loss":0.0,"damage_taken":0.0},{"damage_healed":0.0,"max_hp_gain":0.0,"max_hp_loss":0.0,"gold_gain":0.0,"event_name":"SensoryStone","player_choice":"Memory 3","floor":47.0,"gold_loss":0.0,"damage_taken":10.0},{"damage_healed":0.0,"max_hp_gain":0.0,"max_hp_loss":0.0,"gold_gain":0.0,"event_name":"Tomb of Lord Red Mask","player_choice":"Ignored","floor":48.0,"gold_loss":0.0,"damage_taken":0.0}],"is_beta":false,"boss_relics":[{"not_picked":["Empty Cage","Sozu"],"picked":"Fusion Hammer"},{"not_picked":["Velvet Choker","Runic Pyramid"],"picked":"SlaversCollar"}],"items_purged_floors":[38,54],"is_endless":false,"potions_floor_spawned":[1,3,6,8,13,16,18,22,29,35,39],"killed_by":"The Heart","ascension_level":20}}