{"host":"xnrw1j8ho83czkv7","time":1610239647,"event":{"mods":["AchievementEnabler","BaseMod","Colored Map","Colored Powertips","Minty Spire (QoL Compilation)","Quick Restart","StSLib"],"gold_per_floor":[110,110,110,30,45,77,77,112,112,112,125,156,231,292,292,397,397,417,342,342,342,257,257,287,287,313,343,186,15,15,15,15,111,111,131,6,53,53,72,72,101,101,101,101,116,116,166,177,177,177,177,177,27,62,62],"floor_reached":56,"playtime":4595,"items_purged":["Defend_G","Strike_G","Strike_G","Defend_G"],"score":1348,"play_id":"79f26157-7e97-4222-9766-00b4ae398d86","local_time":"20210110004727","is_ascension_mode":true,"campfire_choices":[{"data":"Deadly Poison","floor":7,"key":"SMITH"},{"data":"Footwork","floor":10,"key":"SMITH"},{"data":"Neutralize","floor":15,"key":"SMITH"},{"floor":23,"key":"RECALL"},{"data":"Envenom","floor":25,"key":"SMITH"},{"data":"Noxious Fumes","floor":30,"key":"SMITH"},{"data":"Catalyst","floor":32,"key":"SMITH"},{"data":"Backflip","floor":40,"key":"SMITH"},{"data":"Noxious Fumes","floor":42,"key":"SMITH"},{"data":"Backflip","floor":44,"key":"SMITH"},{"data":"Flying Knee","floor":46,"key":"SMITH"},{"data":"Escape Plan","floor":49,"key":"SMITH"},{"data":"Survivor","floor":52,"key":"SMITH"}],"circlet_count":0,"master_deck":["Defend_G+1","Defend_G+1","Defend_G","Survivor+1","Neutralize+1","Backflip+1","Deadly Poison+1","Footwork+1","Backflip+1","Envenom+1","Bouncing Flask+1","Flying Knee+1","Catalyst+1","Escape Plan+1","Impatience","Noxious Fumes+1","After Image","Madness","Madness","Noxious Fumes+1","Catalyst+1","Parasite"],"relics":["Ring of the Snake","NeowsBlessing","Mercury Hourglass","War Paint","Blood Vial","Bag of Marbles","Eternal Feather","Sozu","Dream Catcher","Vajra","Juzu Bracelet","Pantograph","Coffee Dripper","StoneCalendar","Bag of Preparation","Boot","Lizard Tail","Sundial"],"acts_visited":["Exordium","TheCity","TheBeyond","TheEnding"],"potions_floor_usage":[6,6,11,12,12,16,55],"damage_taken":[{"damage":0,"enemies":"Small Slimes","floor":1,"turns":1},{"damage":0,"enemies":"2 Louse","floor":5,"turns":1},{"damage":0,"enemies":"Lagavulin","floor":6,"turns":1},{"damage":13,"enemies":"3 Sentries","floor":8,"turns":8},{"damage":0,"enemies":"Jaw Worm","floor":11,"turns":3},{"damage":0,"enemies":"Gremlin Nob","floor":12,"turns":3},{"damage":10,"enemies":"3 Sentries","floor":14,"turns":7},{"damage":0,"enemies":"The Guardian","floor":16,"turns":10},{"damage":8,"enemies":"Spheric Guardian","floor":18,"turns":6},{"damage":22,"enemies":"Gremlin Leader","floor":24,"turns":6},{"damage":32,"enemies":"Slavers","floor":27,"turns":7},{"damage":6,"enemies":"Champ","floor":33,"turns":8},{"damage":0,"enemies":"3 Shapes","floor":35,"turns":5},{"damage":38,"enemies":"2 Orb Walkers","floor":37,"turns":4},{"damage":26,"enemies":"3 Darklings","floor":39,"turns":4},{"damage":0,"enemies":"Giant Head","floor":41,"turns":7},{"damage":0,"enemies":"4 Shapes","floor":45,"turns":5},{"damage":0,"enemies":"Mind Bloom Boss Battle","floor":47,"turns":6},{"damage":6,"enemies":"Writhing Mass","floor":48,"turns":4},{"damage":67,"enemies":"Donu and Deca","floor":50,"turns":9},{"damage":68,"enemies":"Shield and Spear","floor":54,"turns":6},{"damage":66,"enemies":"The Heart","floor":55,"turns":7}],"seed_played":"3218908629859538593","potions_obtained":[{"floor":1,"key":"EntropicBrew"},{"floor":8,"key":"FearPotion"},{"floor":11,"key":"Explosive Potion"},{"floor":16,"key":"CultistPotion"}],"is_trial":false,"path_per_floor":["M","$","?","$","M","E","R","E","T","R","M","E","?","?","R","B",null,"M","?","?","?","?","R","E","R","T","E","$","$","R","?","R","B",null,"M","$","?","?","M","R","E","R","T","R","M","R","?","M","R","B",null,"R","$","E","B",null],"character_chosen":"THE_SILENT","items_purchased":["Deadly Poison","Footwork","Impatience","Noxious Fumes"],"campfire_rested":0,"item_purchase_floors":[4,4,28,29],"current_hp_per_floor":[70,70,52,52,52,52,52,39,39,39,41,43,32,24,33,35,70,62,62,62,70,70,70,48,57,57,27,27,27,36,23,32,53,75,75,75,37,28,4,16,18,30,30,42,44,56,75,69,75,8,75,75,75,7,17],"gold":62,"neow_bonus":"THREE_ENEMY_KILL","is_daily":false,"chose_seed":false,"campfire_upgraded":12,"win_rate":0.0,"timestamp":1610239647,"path_taken":["M","$","?","$","M","E","R","E","T","R","M","E","?","?","R","BOSS","M","?","?","?","?","R","E","R","T","E","?","$","R","?","R","BOSS","M","$","?","?","M","R","E","R","T","R","M","R","?","M","R","BOSS","R","$","E","BOSS"],"items_purchased_type":["Card","Card","Card","Card"],"build_version":"2020-12-22","purchased_purges":4,"victory":true,"max_hp_per_floor":[70,70,70,70,70,70,70,70,70,70,70,70,70,70,70,70,70,70,70,70,70,70,70,70,70,70,70,70,70,70,75,75,75,75,75,75,75,75,75,75,75,75,75,75,75,75,75,75,75,75,75,75,75,75,75],"card_choices":[{"not_picked":["Sucker Punch","Dagger Spray"],"picked":"Backflip","floor":1},{"not_picked":["Deadly Poison","Underhanded Strike","Distraction"],"picked":"SKIP","floor":5},{"not_picked":["Eviscerate","Terror"],"picked":"Backflip","floor":6},{"not_picked":["Deadly Poison","Deflect","Phantasmal Killer"],"picked":"SKIP","floor":8},{"not_picked":["PiercingWail","Backstab","Dodge and Roll"],"picked":"SKIP","floor":11},{"not_picked":["Acrobatics","Quick Slash","Masterful Stab"],"picked":"SKIP","floor":12},{"not_picked":["Malaise","Burst"],"picked":"Envenom","floor":16},{"not_picked":["Bane+1","Dagger Throw+1"],"picked":"Bouncing Flask+1","floor":18},{"not_picked":["Deadly Poison","Dagger Throw"],"picked":"Escape Plan","floor":24},{"not_picked":["Flechettes+1","Predator","Underhanded Strike"],"picked":"SKIP","floor":27},{"not_picked":["Doppelganger","Unload"],"picked":"After Image","floor":33},{"not_picked":["Bane","Backflip","Dagger Throw+1"],"picked":"SKIP","floor":35},{"not_picked":["Bane+1","Dagger Throw+1","Blade Dance"],"picked":"SKIP","floor":39},{"not_picked":["Deflect+1","Adrenaline"],"picked":"Noxious Fumes","floor":41},{"not_picked":["Dagger Spray","Flying Knee","PiercingWail+1"],"picked":"SKIP","floor":45},{"not_picked":["Dagger Spray+1","Well Laid Plans+1"],"picked":"Catalyst+1","floor":47},{"not_picked":["Blade Dance+1","Venomology","Bane"],"picked":"SKIP","floor":48},{"not_picked":["Skewer","Backflip+1","Endless Agony+1"],"picked":"SKIP","floor":54}],"player_experience":17877,"relics_obtained":[{"floor":6,"key":"War Paint"},{"floor":8,"key":"Blood Vial"},{"floor":12,"key":"Bag of Marbles"},{"floor":14,"key":"Eternal Feather"},{"floor":24,"key":"Vajra"},{"floor":26,"key":"Juzu Bracelet"},{"floor":27,"key":"Pantograph"},{"floor":37,"key":"StoneCalendar"},{"floor":41,"key":"Bag of Preparation"},{"floor":43,"key":"Boot"},{"floor":47,"key":"Lizard Tail"},{"floor":54,"key":"Sundial"}],"event_choices":[{"damage_healed":0,"gold_gain":0,"player_choice":"Success","damage_taken":18,"relics_obtained":["Mercury Hourglass"],"max_hp_gain":0,"max_hp_loss":0,"event_name":"Scrap Ooze","floor":3,"gold_loss":0},{"damage_healed":0,"gold_gain":75,"player_choice":"Gather Gold","damage_taken":11,"max_hp_gain":0,"max_hp_loss":0,"event_name":"World of Goop","floor":13,"gold_loss":0},{"damage_healed":0,"gold_gain":0,"player_choice":"Searched \u00271\u0027 times","damage_taken":0,"max_hp_gain":0,"max_hp_loss":0,"event_name":"Dead Adventurer","floor":14,"gold_loss":0},{"cards_removed":["Strike_G"],"damage_healed":0,"gold_gain":0,"player_choice":"Gave Gold","damage_taken":0,"max_hp_gain":0,"max_hp_loss":0,"event_name":"Beggar","floor":19,"gold_loss":75},{"damage_healed":0,"gold_gain":0,"cards_transformed":["Strike_G","Strike_G"],"player_choice":"Became Test Subject","damage_taken":0,"max_hp_gain":0,"max_hp_loss":0,"event_name":"Drug Dealer","floor":20,"gold_loss":0,"cards_obtained":["Flying Knee","Catalyst"]},{"damage_healed":23,"gold_gain":0,"player_choice":"Heal","damage_taken":0,"max_hp_gain":0,"max_hp_loss":0,"event_name":"The Library","floor":21,"gold_loss":0},{"damage_healed":0,"gold_gain":0,"player_choice":"Obtained Relic","damage_taken":0,"relics_obtained":["Dream Catcher"],"max_hp_gain":0,"max_hp_loss":0,"event_name":"Addict","floor":22,"gold_loss":85},{"damage_healed":0,"gold_gain":0,"player_choice":"Shed Blood","damage_taken":18,"max_hp_gain":5,"max_hp_loss":0,"event_name":"Forgotten Altar","floor":31,"gold_loss":0},{"damage_healed":0,"gold_gain":0,"player_choice":"Fight","damage_taken":0,"max_hp_gain":0,"max_hp_loss":0,"event_name":"Mysterious Sphere","floor":37,"gold_loss":0},{"damage_healed":0,"gold_gain":0,"player_choice":"Embrace Madness","damage_taken":9,"max_hp_gain":0,"max_hp_loss":0,"event_name":"Winding Halls","floor":38,"gold_loss":0,"cards_obtained":["Madness","Madness"]},{"damage_healed":0,"gold_gain":0,"player_choice":"Fight","damage_taken":0,"max_hp_gain":0,"max_hp_loss":0,"event_name":"MindBloom","floor":47,"gold_loss":0}],"is_beta":false,"boss_relics":[{"not_picked":["Astrolabe","Calling Bell"],"picked":"Sozu"},{"not_picked":["Tiny House","SacredBark"],"picked":"Coffee Dripper"}],"items_purged_floors":[28,29,36,53],"is_endless":false,"potions_floor_spawned":[1,8,11,16,18,27,35,37,45,47],"ascension_level":1}}