{"host":"egskdxp2q9kv48xe","time":1610260634,"event":{"mods":["Aspiration","BaseMod","Colored Powertips","Conspire","Downfall","GifTheSpireLib","Hubris","Infinite Spire","Minty Spire (QoL Compilation)","Replay The Spire","StSLib","Stuff the Spire","vexMod"],"gold_per_floor":[118,118,128,128,49,49,84,102,102,113,30,60,60,70,70,171,171,184,283,283,295,295,295,311,344,370,78,78,78,91,114,114,229,229,278,78,78,122,122,122,122,186,210,272,276,276],"floor_reached":45,"playtime":3171,"items_purged":["conspire:GhostlyStrike"],"score":901,"play_id":"10de84cc-adb3-4dd5-87dc-732b380a3e0e","local_time":"20210109233714","is_ascension_mode":true,"campfire_choices":[{"data":"Cloak And Dagger","floor":6,"key":"SMITH"},{"data":"Backflip","floor":13,"key":"SMITH"},{"floor":15,"key":"REST"},{"floor":23,"key":"REST"},{"floor":29,"key":"REST"},{"data":"conspire:PoisonWeapons","floor":32,"key":"SMITH"},{"data":"StuffTheSpire:Incantation","floor":40,"key":"SMITH"}],"circlet_count":0,"master_deck":["Survivor+1","Neutralize","Hidden Blade","Cloak And Dagger+1","Accuracy","Adrenaline","StuffTheSpire:Injection","conspire:DoublingDagger","Cloak And Dagger+1","Accuracy","Backflip+1","Backflip+1","StuffTheSpire:Injection","conspire:PoisonWeapons+1","After Image","Concentrate","StuffTheSpire:Injection","Hidden Blade","Blind","expansioncontent:Sear","Replay:Poison Smokescreen+1","Night Terror","hubris:Sniper","StuffTheSpire:MirrorStance","StuffTheSpire:ClusterCrunch","ReplayTheSpireMod:Necrosis","StuffTheSpire:Incantation+1","Accuracy","Blade Dance","conspire:SpireCoStock","conspire:SpireCoStock","conspire:SpireCoStock","conspire:SpireCoStock","ReplayTheSpireMod:Black Plague","expansioncontent:Hexaburn","Survivor+1","Neutralize","Hidden Blade","Cloak And Dagger+1","Accuracy","Adrenaline","StuffTheSpire:Injection","conspire:DoublingDagger","Cloak And Dagger+1","Accuracy","Backflip","Backflip+1","StuffTheSpire:Injection","conspire:PoisonWeapons+1","After Image","Concentrate","StuffTheSpire:Injection","Hidden Blade","Blind","expansioncontent:Sear","Replay:Poison Smokescreen+1","Night Terror","hubris:Sniper","StuffTheSpire:MirrorStance","StuffTheSpire:ClusterCrunch","ReplayTheSpireMod:Necrosis","StuffTheSpire:Incantation+1","Accuracy","Blade Dance+1","conspire:SpireCoStock","conspire:SpireCoStock","conspire:SpireCoStock","conspire:SpireCoStock","ReplayTheSpireMod:Black Plague","expansioncontent:Hexaburn","Hidden Blade","Parasite"],"relics":["Ring of the Snake","The Specimen","Blue Doll","Happy Flower","Black Star","Centennial Puzzle","Mango","StuffTheSpire:WitherSkull","Ice Cream","Replay:Bandana","Pandora\u0027s Box","infinitespire:EvilPickle","War Paint","Pear","Art of War"],"acts_visited":["Exordium","TheCity","TheBeyond"],"potions_floor_usage":[7,25,33,42,42],"damage_taken":[{"damage":0,"enemies":"Jaw Worm","floor":1,"turns":6},{"damage":8,"enemies":"Small Slimes","floor":3,"turns":3},{"damage":11,"enemies":"Replay:BlueRogue","floor":7,"turns":5},{"damage":0,"enemies":"Cultist","floor":8,"turns":3},{"damage":1,"enemies":"Lots of Slimes","floor":10,"turns":3},{"damage":19,"enemies":"Lagavulin","floor":12,"turns":4},{"damage":0,"enemies":"Exordium Wildlife","floor":14,"turns":3},{"damage":23,"enemies":"Slime Boss","floor":16,"turns":6},{"damage":20,"enemies":"Spheric Guardian","floor":18,"turns":5},{"damage":19,"enemies":"conspire:FuzzyDice","floor":21,"turns":6},{"damage":11,"enemies":"Snecko","floor":24,"turns":4},{"damage":1,"enemies":"Book of Stabbing","floor":25,"turns":5},{"damage":4,"enemies":"Cultist and Chosen","floor":30,"turns":5},{"damage":21,"enemies":"Pondfish","floor":33,"turns":12},{"damage":4,"enemies":"3 Shapes","floor":35,"turns":4},{"damage":6,"enemies":"Orb Walker","floor":38,"turns":3},{"damage":28,"enemies":"Reptomancer","floor":42,"turns":6},{"damage":31,"enemies":"Spire Growth","floor":44,"turns":4},{"damage":12,"enemies":"Writhing Mass","floor":45,"turns":2}],"seed_played":"8923006051871685334","potions_obtained":[{"floor":1,"key":"Energy Potion"},{"floor":16,"key":"Languid Potion"},{"floor":21,"key":"Guardian:BlockOnCardUsePotion"},{"floor":24,"key":"hexamod:EctoCoolerPotion"},{"floor":38,"key":"LifebloodPotion"}],"is_trial":false,"path_per_floor":["M","?","M","?","$","R","E","M","T","M","$","E","R","M","R","B",null,"M","?","AVR","M","?","R","M","E","T","$","?","R","M","T","R","B",null,"M","?","?","M","?","R","?","E","T","M","M"],"character_chosen":"THE_SILENT","items_purchased":["Accuracy","Cloak And Dagger+1","Accuracy","Backflip","Ice Cream"],"campfire_rested":3,"item_purchase_floors":[5,11,11,11,27],"current_hp_per_floor":[70,70,62,67,67,67,56,56,56,55,55,36,36,36,57,34,70,50,50,50,31,8,29,18,31,31,31,31,56,52,52,52,31,84,80,80,60,54,54,54,54,36,36,5,0,0],"gold":276,"neow_bonus":"RANDOM_EVENT","is_daily":false,"chose_seed":false,"campfire_upgraded":4,"win_rate":0.0,"timestamp":1610260634,"path_taken":["M","?","M","?","$","R","E","?","T","?","$","E","R","M","R","BOSS","M","?","AVR","M","?","R","M","E","T","$","?","R","M","?","R","BOSS","M","?","?","M","?","R","?","E","T","?","M"],"items_purchased_type":["Card","Card","Card","Card","Relic"],"build_version":"2020-12-22","purchased_purges":1,"victory":false,"max_hp_per_floor":[70,70,70,70,70,70,70,70,70,70,70,70,70,70,70,70,70,70,70,70,70,70,70,70,84,84,84,84,84,84,84,84,84,84,84,84,84,84,84,84,84,94,94,94,94,94],"card_choices":[{"not_picked":["Dagger Spray","Bane"],"picked":"Hidden Blade","floor":1},{"not_picked":["Crippling Poison","Poisoned Stab"],"picked":"Cloak And Dagger","floor":3},{"not_picked":["Bouncing Flask","Footwork"],"picked":"Adrenaline","floor":7},{"not_picked":["StuffTheSpire:BumpUp","Predator"],"picked":"StuffTheSpire:Injection","floor":8},{"not_picked":["Caltrops","Backflip"],"picked":"conspire:DoublingDagger","floor":10},{"not_picked":["Replay:Bag of Tricks","Cloak And Dagger"],"picked":"StuffTheSpire:Injection","floor":12},{"not_picked":["Tactician","Infinite Blades"],"picked":"conspire:PoisonWeapons","floor":14},{"not_picked":["aspiration:Lunge","Poison Darts"],"picked":"After Image","floor":16},{"not_picked":["Deflect","Cloak And Dagger"],"picked":"Concentrate","floor":18},{"not_picked":["Poisoned Stab","Prepared"],"picked":"StuffTheSpire:Injection","floor":21},{"not_picked":["Dagger Throw+1","Toxin Wave","Sucker Punch"],"picked":"SKIP","floor":24},{"not_picked":["Draining Mist+1","StuffTheSpire:Python"],"picked":"Hidden Blade","floor":25},{"not_picked":["hubris:Counter","PiercingWail"],"picked":"Replay:Poison Smokescreen+1","floor":30},{"not_picked":["Grand Finale","Atom Bomb"],"picked":"Night Terror","floor":33},{"not_picked":["Dagger Spray+1","Poisoned Stab"],"picked":"Blade Dance","floor":35},{"not_picked":["infinitespire:NeuralNetwork","infinitespire:Gouge"],"picked":"ReplayTheSpireMod:Black Plague","floor":37},{"not_picked":["Backflip","Eviscerate+1","Dagger Spray"],"picked":"SKIP","floor":38},{"not_picked":["expansioncontent:HyperBeam","expansioncontent:GoopSpray"],"picked":"expansioncontent:Hexaburn","floor":39},{"not_picked":["Footwork+1","Acrobatics"],"picked":"Hidden Blade","floor":42},{"not_picked":["Flying Knee","Dodge and Roll","Quick Slash"],"picked":"SKIP","floor":44}],"player_experience":432738,"relics_obtained":[{"floor":7,"key":"The Specimen"},{"floor":9,"key":"Blue Doll"},{"floor":12,"key":"Happy Flower"},{"floor":25,"key":"Centennial Puzzle"},{"floor":25,"key":"Mango"},{"floor":26,"key":"StuffTheSpire:WitherSkull"},{"floor":31,"key":"Replay:Bandana"},{"floor":42,"key":"War Paint"},{"floor":42,"key":"Pear"},{"floor":43,"key":"Art of War"}],"event_choices":[{"damage_healed":0,"gold_gain":0,"player_choice":"Agree","damage_taken":0,"max_hp_gain":0,"max_hp_loss":0,"event_name":"conspire:LoneGhost","floor":2,"gold_loss":0},{"cards_removed":["conspire:GhostlyDefend"],"damage_healed":5,"gold_gain":0,"player_choice":"Offered Special","damage_taken":0,"max_hp_gain":0,"max_hp_loss":0,"event_name":"Bonfire Elementals","floor":4,"gold_loss":0},{"damage_healed":0,"gold_gain":99,"player_choice":"Stole From Cult","damage_taken":0,"max_hp_gain":0,"max_hp_loss":0,"event_name":"Nest","floor":19,"gold_loss":0},{"damage_healed":0,"gold_gain":0,"cards_transformed":["conspire:GhostlyDefend","conspire:GhostlyStrike"],"player_choice":"Became Test Subject","damage_taken":0,"max_hp_gain":0,"max_hp_loss":0,"event_name":"Drug Dealer","floor":28,"gold_loss":0,"cards_obtained":["Blind","expansioncontent:Sear"]},{"damage_healed":0,"gold_gain":0,"player_choice":"Invest 4","damage_taken":0,"max_hp_gain":0,"max_hp_loss":0,"event_name":"conspire:Investor","floor":36,"gold_loss":0},{"damage_healed":0,"gold_gain":0,"player_choice":"Memory 1","damage_taken":0,"max_hp_gain":0,"max_hp_loss":0,"event_name":"SensoryStone","floor":39,"gold_loss":0}],"is_beta":false,"boss_relics":[{"not_picked":["Sozu","aspiration:RitualDagger"],"picked":"Black Star"},{"not_picked":["ChewingGum","hubris:GrandSneckoEye"],"picked":"Pandora\u0027s Box"}],"items_purged_floors":[20],"is_endless":false,"potions_floor_spawned":[1,16,21,24,38],"killed_by":"Writhing Mass","ascension_level":1}}