{"host":"9ndbo4kgsfoemf7y","time":1610265962,"event":{"mods":["AchievementEnabler","BaseMod","Colored Map","DeckTracker","Keyboard Shortcuts","Minty Spire (QoL Compilation)","Permanent Neow","Quick Restart","Relic Stats","StSLib","SuperFastMode"],"gold_per_floor":[118,293,368,368,368,394,394,49,49,49,76,76,92,125,125,230,230,245,155,171,187,0,0,0],"floor_reached":23,"playtime":1368,"items_purged":["Doubt","BootSequence"],"score":357,"play_id":"dced2679-806e-47e3-8468-03f5d5b94ef0","local_time":"20210110170602","is_ascension_mode":true,"campfire_choices":[{"data":"Genetic Algorithm","floor":7.0,"key":"SMITH"},{"data":"Chaos","floor":10.0,"key":"SMITH"},{"data":"Hologram","floor":12.0,"key":"SMITH"},{"data":"Redo","floor":15.0,"key":"SMITH"}],"circlet_count":0,"master_deck":["Zap","Dualcast","Genetic Algorithm+1","Glacier","Chaos+1","Hologram+1","Redo+1","Meteor Strike","Fission","Heatsinks","BootSequence","Electrodynamics","Core Surge+1","Rebound","Redo+1","Loop","Flash of Steel"],"relics":["Cracked Core","NeowsBlessing","StoneCalendar","Membership Card","Singing Bowl","Pear","Regal Pillow","Shuriken","Pandora\u0027s Box","Orichalcum"],"acts_visited":["Exordium","TheCity"],"potions_floor_usage":[23],"damage_taken":[{"damage":0.0,"enemies":"Small Slimes","floor":1.0,"turns":1.0},{"damage":0.0,"enemies":"Lagavulin","floor":6.0,"turns":1.0},{"damage":0.0,"enemies":"3 Sentries","floor":11.0,"turns":1.0},{"damage":0.0,"enemies":"2 Louse","floor":13.0,"turns":2.0},{"damage":34.0,"enemies":"Gremlin Nob","floor":14.0,"turns":5.0},{"damage":12.0,"enemies":"Hexaghost","floor":16.0,"turns":8.0},{"damage":7.0,"enemies":"Chosen","floor":18.0,"turns":4.0},{"damage":17,"enemies":"Spheric Guardian","floor":20,"turns":4},{"damage":15,"enemies":"Snake Plant","floor":21,"turns":4},{"damage":56,"enemies":"Book of Stabbing","floor":23,"turns":4}],"seed_played":"-1154603259723404403","potions_obtained":[{"floor":6.0,"key":"SkillPotion"},{"floor":14.0,"key":"PotionOfCapacity"},{"floor":16.0,"key":"PotionOfCapacity"},{"floor":18.0,"key":"Regen Potion"}],"is_trial":false,"path_per_floor":["M","?","?","?","?","E","R","$","T","R","E","R","M","E","R","B",null,"M","?","M","M","$","E"],"character_chosen":"DEFECT","items_purchased":["Membership Card","Chaos","Singing Bowl","Loop","Flash of Steel","Orichalcum"],"campfire_rested":0,"item_purchase_floors":[8,8,8,22,22,22],"current_hp_per_floor":[68,68,57,57,62,62,62,62,72,72,72,72,72,40,40,28,76,71,71,54,41,41,0,0],"gold":0,"neow_bonus":"THREE_ENEMY_KILL","is_daily":false,"chose_seed":false,"campfire_upgraded":4,"win_rate":0.0,"timestamp":1610265962,"path_taken":["M","?","?","?","?","E","R","$","T","R","E","R","M","E","R","BOSS","M","?","M","M","$","E"],"items_purchased_type":["Relic","Card","Relic","Card","Card","Relic"],"build_version":"2020-12-22","purchased_purges":2,"victory":false,"max_hp_per_floor":[75,75,75,75,80,80,80,80,90,90,90,90,90,92,92,92,92,94,94,94,96,96,96,96],"relic_stats":{"Regal Pillow":0,"Singing Bowl":6,"counters":[10,34],"Shuriken":[0],"StoneCalendar":[40],"Pandora\u0027s Box":["Fission","Heatsinks","BootSequence","Electrodynamics","Core Surge","BootSequence","Rebound"],"Orichalcum":[18],"obtain_stats":[{"Regal Pillow":11,"Pear":9,"NeowsBlessing":0,"Singing Bowl":8,"Shuriken":14,"StoneCalendar":6,"Pandora\u0027s Box":17,"Membership Card":8,"Orichalcum":22,"Cracked Core":0},{"Regal Pillow":3,"Pear":2,"NeowsBlessing":0,"Singing Bowl":2,"Shuriken":5,"StoneCalendar":2,"Pandora\u0027s Box":6,"Membership Card":2,"Orichalcum":9,"Cracked Core":0},{"Regal Pillow":3,"Pear":2,"NeowsBlessing":0,"Singing Bowl":2,"Shuriken":10,"StoneCalendar":2,"Pandora\u0027s Box":18,"Membership Card":2,"Orichalcum":30,"Cracked Core":0}]},"card_choices":[{"not_picked":["Cold Snap","Recycle"],"picked":"Sunder","floor":1.0},{"not_picked":["Barrage","Ball Lightning"],"picked":"Glacier","floor":6.0},{"not_picked":["Self Repair","Multi-Cast"],"picked":"Hologram","floor":11.0},{"not_picked":["Cold Snap","Skim"],"picked":"Redo","floor":13.0},{"not_picked":["Genetic Algorithm","Hologram","Auto Shields"],"picked":"Singing Bowl","floor":14.0},{"not_picked":["Thunder Strike","Creative AI"],"picked":"Meteor Strike","floor":16.0},{"not_picked":["Go for the Eyes","Heatsinks+1","Stack"],"picked":"Singing Bowl","floor":18.0},{"not_picked":["Beam Cell","Stack"],"picked":"Redo+1","floor":20},{"not_picked":["FTL+1","Compile Driver","Hello World+1"],"picked":"Singing Bowl","floor":21}],"player_experience":810299,"relics_obtained":[{"floor":6.0,"key":"StoneCalendar"},{"floor":9.0,"key":"Pear"},{"floor":11.0,"key":"Regal Pillow"},{"floor":14.0,"key":"Shuriken"}],"event_choices":[{"damage_healed":0.0,"max_hp_gain":0.0,"max_hp_loss":0.0,"gold_gain":175.0,"event_name":"Liars Game","player_choice":"AGREE","floor":2.0,"gold_loss":0.0,"damage_taken":0.0,"cards_obtained":["Doubt"]},{"damage_healed":0.0,"max_hp_gain":0.0,"max_hp_loss":0.0,"gold_gain":75.0,"event_name":"World of Goop","player_choice":"Gather Gold","floor":3.0,"gold_loss":0.0,"damage_taken":11.0},{"damage_healed":0.0,"max_hp_gain":0.0,"max_hp_loss":0.0,"gold_gain":0.0,"cards_transformed":["Strike_B"],"event_name":"Living Wall","player_choice":"Change","floor":4.0,"gold_loss":0.0,"damage_taken":0.0,"cards_obtained":["Genetic Algorithm"]},{"damage_healed":0.0,"max_hp_gain":5.0,"max_hp_loss":0.0,"gold_gain":0.0,"event_name":"Big Fish","player_choice":"Donut","floor":5.0,"gold_loss":0.0,"damage_taken":0.0},{"cards_removed":["Sunder"],"damage_healed":0.0,"max_hp_gain":0.0,"max_hp_loss":0.0,"gold_gain":0.0,"event_name":"Designer","player_choice":"Upgrade and Remove","floor":19.0,"gold_loss":90.0,"damage_taken":0.0,"cards_upgraded":["Core Surge"]}],"is_beta":false,"boss_relics":[{"not_picked":["Calling Bell","Ectoplasm"],"picked":"Pandora\u0027s Box"}],"items_purged_floors":[8,22],"is_endless":false,"potions_floor_spawned":[6,14,16,18,20],"killed_by":"Book of Stabbing","ascension_level":6}}