{"host":"p3zvysb9vei90bt4","time":1610266257,"event":{"mods":["AchievementEnabler","Aspiration","BaseMod","Better Altar","Better Match","Better Sensory Stone","Better Skull","Better Third Choice","BetterRewards","CCEM","Colored Map","Conspire","Downfall","GifTheSpireLib","Googly Eyes","Halation","Hermit","Highlight Path","Hubris","Infinite Spire","Jedi Mod","Jorbs\u0027s Wanderer Trilogy","Mad Scientist","Minty Spire (QoL Compilation)","Permanent Neow","Replay The Spire","Shade Mod","Shop Mod","Spicy Shops","StSLib","Stuff the Spire","The Administrix","The Blackbeard","The Problem Sleuth","Unceasing Turn Reminder","everything is the same but u backflip on backflip"],"gold_per_floor":[118,118,138,238,250,250,267,343,369,384,137,7,7,19,19,122,122,134,134,134,145,145,145,157,157,157,157],"floor_reached":26,"playtime":1372,"items_purged":[],"score":198,"play_id":"ca3a56a7-e9f6-41a1-bba1-68d11e65779c","local_time":"20210110031057","is_ascension_mode":false,"campfire_choices":[{"data":"Zap","floor":6,"key":"SMITH"},{"data":"Go for the Eyes","floor":13,"key":"SMITH"},{"floor":15,"key":"REST"},{"floor":25,"key":"REST"}],"circlet_count":0,"master_deck":["Strike_B","Defend_B","Defend_B","Defend_B","Defend_B","Zap+1","Dualcast","Barrage","Masterful Stab","Atom Bomb","Endless Agony","Hologram","Go for the Eyes+1","jedi:hex","Gash","ReplayUltimateDefense","Pain","Glacier","StuffTheSpire:Plugnplay","hubris:SpecializedCircuitry","Consume","Glacier","Sweeping Beam"],"relics":["Cracked Core","aspiration:Nostalgia","hexamod:SpiritBrand","StuffTheSpire:GrapeVine","halation:LostSnail","Replay:Frozen Program","Cursed Key","halation:PinkSoulGem","GremlinMask"],"acts_visited":["Exordium","TheCity"],"potions_floor_usage":[7,16,16],"damage_taken":[{"damage":0,"enemies":"2 Louse","floor":1,"turns":2},{"damage":3,"enemies":"Small Slimes","floor":3,"turns":2},{"damage":3,"enemies":"Cultist","floor":5,"turns":3},{"damage":0,"enemies":"3 Louse","floor":7,"turns":3},{"damage":21,"enemies":"conspire:2 RoseBushes","floor":10,"turns":4},{"damage":5,"enemies":"Large Slime","floor":14,"turns":4},{"damage":28,"enemies":"Hexaghost","floor":16,"turns":10},{"damage":16,"enemies":"conspire:FuzzyDice","floor":18,"turns":5},{"damage":39,"enemies":"3 Byrds","floor":21,"turns":4},{"damage":9,"enemies":"Shelled Parasite and Fungi","floor":24,"turns":4},{"damage":33,"enemies":"Centurion and Healer","floor":26,"turns":2}],"seed_played":"-3118852484172030298","potions_obtained":[{"floor":3,"key":"DistilledChaos"},{"floor":7,"key":"Block Potion"},{"floor":14,"key":"ColorlessPotion"},{"floor":18,"key":"Ancient Potion"}],"is_trial":false,"path_per_floor":["M","?","M","?","M","R","M","?","T","M","$","$","R","M","R","B",null,"M","?","?","M","PTL","PTL","M","R","M"],"character_chosen":"DEFECT","items_purchased":["halation:LostSnail","ReplayUltimateDefense","Replay:Frozen Program","Glacier"],"campfire_rested":2,"item_purchase_floors":[11,11,12,12],"current_hp_per_floor":[75,75,72,72,69,69,69,69,69,48,48,48,48,43,65,37,75,59,59,59,20,20,20,11,33,0,0],"gold":157,"neow_bonus":"NOSTALGIA","is_daily":false,"chose_seed":false,"campfire_upgraded":2,"win_rate":0.0,"timestamp":1610266257,"path_taken":["M","?","M","?","M","R","?","?","T","M","?","$","R","M","R","BOSS","M","?","?","M","PTL","PTL","M","R","M"],"items_purchased_type":["Relic","Card","Relic","Card"],"build_version":"2020-12-22","purchased_purges":0,"victory":false,"max_hp_per_floor":[75,75,75,75,75,75,75,75,75,75,75,75,75,75,75,75,75,75,75,75,75,75,75,75,75,75,75],"card_choices":[{"not_picked":["Panic Button","Stack"],"picked":"Barrage","floor":1},{"not_picked":["Barrage","ReplayTheSpireMod:Repulse"],"picked":"Hologram","floor":3},{"not_picked":["Streamline","Steam"],"picked":"Go for the Eyes","floor":5},{"not_picked":["Panic Button","Turbo"],"picked":"jedi:hex","floor":7},{"not_picked":["Conserve Battery","Rebound"],"picked":"Gash","floor":10},{"not_picked":["Leap","Streamline"],"picked":"StuffTheSpire:Plugnplay","floor":14},{"not_picked":["StuffTheSpire:Purify","Biased Cognition"],"picked":"hubris:SpecializedCircuitry","floor":16},{"not_picked":["Panic Button","Redo"],"picked":"Consume","floor":18},{"not_picked":["Turbo","Self Repair"],"picked":"Glacier","floor":21},{"not_picked":["Leap","Panic Button"],"picked":"Sweeping Beam","floor":24}],"player_experience":112398,"relics_obtained":[{"floor":9,"key":"StuffTheSpire:GrapeVine"}],"event_choices":[{"damage_healed":0,"gold_gain":100,"player_choice":"Gold","damage_taken":0,"max_hp_gain":0,"max_hp_loss":0,"event_name":"Wheel of Change","floor":4,"gold_loss":0},{"damage_healed":0,"gold_gain":76,"player_choice":"Gained Gold","damage_taken":0,"max_hp_gain":0,"max_hp_loss":0,"event_name":"Golden Wing","floor":8,"gold_loss":0},{"damage_healed":0,"gold_gain":0,"player_choice":"Trade","damage_taken":0,"relics_obtained":["GremlinMask"],"max_hp_gain":0,"max_hp_loss":0,"event_name":"FaceTrader","floor":20,"gold_loss":0}],"is_beta":false,"boss_relics":[{"not_picked":["aspiration:RitualDagger","halation:PlatinumPhoenix"],"picked":"Cursed Key"}],"items_purged_floors":[],"is_endless":false,"potions_floor_spawned":[3,7,14,18],"killed_by":"Centurion and Healer","ascension_level":0}}