{"host":"5wf60zc4jjt9ov65","time":1610238424,"event":{"mods":["AchievementEnabler","BaseMod","Beaked The Cultist","Better Altar","Better Match","Better Note","Better Sensory Stone","Better Skull","Better Third Choice","BetterRewards","Colored Map","Colored Powertips","Downfall","Googly Eyes","Halation","Highlight Path","Hubris","Infinite Spire","Minty Spire (QoL Compilation)","Permanent Neow","Quick Restart","Replay The Spire","StSLib","The Bug Knight","The Construct"],"gold_per_floor":[117,117,117,137,137,137,210,210,210,225,33,46,46,63,63,158,158,169,85,102,112,112,112,112,139,139,64,64,64,64,78,78,174,174,186,205,305,322,322,322,32,32,50,67,67,67,98,98,98],"floor_reached":48,"playtime":2924,"items_purged":["HollowMod:NewLittleFool","hubris:Wrath"],"score":568,"play_id":"2c309d1f-1111-4a54-80ae-31bd6752253e","local_time":"20210109192704","is_ascension_mode":false,"campfire_choices":[{"data":"HollowMod:PogoStrike","floor":6.0,"key":"SMITH"},{"data":"HollowMod:NailStrikeStart","floor":8.0,"key":"SMITH"},{"data":"HollowMod:DoubleDash","floor":15.0,"key":"SMITH"},{"floor":23.0,"key":"REST"},{"floor":29.0,"key":"REST"},{"data":"HollowMod:CycloneSlash","floor":32.0,"key":"SMITH"},{"data":"HollowMod:HuntersJournal","floor":42.0,"key":"SMITH"},{"data":"HollowMod:LifebloodCocoon","floor":42.0,"key":"SMITH"}],"circlet_count":0,"master_deck":["HollowMod:NailStrikeStart+1","HollowMod:NailStrikeStart","HollowMod:QuickDashStart","HollowMod:QuickDashStart","HollowMod:QuickDashStart","HollowMod:FocusHealStart+1","HollowMod:PogoStrike+1","HollowMod:BaldurShell","HollowMod:CloakDash","HollowMod:ChannelNail+1","HollowMod:CycloneSlash+1","HollowMod:DoubleDash+1","HollowMod:SlysStrikes+1","HollowMod:PureNailStrike","HollowMod:LifebloodCocoon+1","HollowMod:Hiveblood","HollowMod:HuntersJournal+1","HollowMod:GreatSlash+1","HollowMod:NewGlowingWomb"],"relics":["HollowMod:VesselMask","infinitespire:FocusingShard","infinitespire:EmpoweringShard","hubris:SphereOfDissonance","Bag of Marbles","halation:PinkSoulGem","halation:MonkeysPaw","ReplayTheSpireMod:CursedCoin","Lantern","Regal Pillow","Letter Opener","hubris:BottledRain","hubris:RunicObelisk","Replay:Arrowhead","Replay:Accelerometer","Bottled Flame"],"acts_visited":["Exordium","TheCity","TheBeyond"],"potions_floor_usage":[48],"damage_taken":[{"damage":1.0,"enemies":"Jaw Worm","floor":1.0,"turns":5.0},{"damage":2.0,"enemies":"Small Slimes","floor":4.0,"turns":5.0},{"damage":0.0,"enemies":"Cultist","floor":10.0,"turns":2.0},{"damage":4.0,"enemies":"2 Fungi Beasts","floor":12.0,"turns":3.0},{"damage":0.0,"enemies":"Exordium Wildlife","floor":14.0,"turns":3.0},{"damage":0.0,"enemies":"Slime Boss","floor":16.0,"turns":6.0},{"damage":40.0,"enemies":"Spheric Guardian","floor":18.0,"turns":8.0},{"damage":25.0,"enemies":"3 Byrds","floor":20.0,"turns":5.0},{"damage":24.0,"enemies":"Centurion and Healer","floor":21.0,"turns":7.0},{"damage":40.0,"enemies":"Nightmare","floor":25.0,"turns":6.0},{"damage":6.0,"enemies":"Cultist and Chosen","floor":31.0,"turns":5.0},{"damage":98.0,"enemies":"hubris:MusketHawk","floor":33.0,"turns":8.0},{"damage":2.0,"enemies":"Orb Walker","floor":35.0,"turns":3.0},{"damage":43.0,"enemies":"3 Darklings","floor":36.0,"turns":5.0},{"damage":16.0,"enemies":"Sphere and 2 Shapes","floor":38.0,"turns":3.0},{"damage":32.0,"enemies":"4 Shapes","floor":43.0,"turns":3.0},{"damage":10.0,"enemies":"Jaw Worm Horde","floor":44.0,"turns":3.0},{"damage":42.0,"enemies":"Reptomancer","floor":47.0,"turns":4.0},{"damage":12,"enemies":"Sphere and 2 Shapes","floor":48,"turns":1}],"seed_played":"5110311632962182161","potions_obtained":[{"floor":1.0,"key":"sneckomod:MuddlingPotion"},{"floor":4.0,"key":"PowerPotion"},{"floor":20.0,"key":"Dexterity Potion"},{"floor":31.0,"key":"Energy Potion"},{"floor":33.0,"key":"Guardian:BlockOnCardUsePotion"},{"floor":35.0,"key":"Adrenaline Potion"},{"floor":44.0,"key":"DistilledChaos"},{"floor":47.0,"key":"DuplicationPotion"}],"is_trial":false,"path_per_floor":["M","?","?","M","?","R","T","R","T","M","$","M","?","M","R","B",null,"M","$","M","M","AVR","R","?","NM","T","$","?","R","?","M","R","B",null,"M","M","?","M","PTL","PTL","$","R","M","M","T","?","E","M"],"character_chosen":"THE_BUGKNIGHT","items_purchased":["HollowMod:ChannelNail+1","Bag of Marbles","ReplayTheSpireMod:CursedCoin","Lantern","HollowMod:PureNailStrike","Replay:Arrowhead"],"campfire_rested":2,"item_purchase_floors":[11,11,19,19,19,41],"current_hp_per_floor":[63,63,63,73,73,73,73,73,73,75,75,75,75,75,75,75,75,42,42,24,8,8,45,45,11,11,11,36,73,73,73,73,26,75,73,49,49,48,48,48,48,48,29,34,34,34,11,0,0],"gold":98,"neow_bonus":"REMOVE_TWO","is_daily":false,"chose_seed":false,"campfire_upgraded":6,"win_rate":0.0,"timestamp":1610238424,"path_taken":["M","?","?","?","?","R","?","R","T","?","?","M","?","M","R","BOSS","M","$","M","M","AVR","R","?","NM","T","$","?","R","?","M","R","BOSS","M","?","?","?","PTL","PTL","?","R","M","M","T","?","E","M"],"items_purchased_type":["Card","Relic","Relic","Relic","Card","Relic"],"build_version":"2020-12-22","purchased_purges":2,"victory":false,"max_hp_per_floor":[75,75,75,75,75,75,75,75,75,75,75,75,75,75,75,75,75,75,75,75,75,75,75,75,75,75,75,75,75,75,75,75,75,75,75,75,75,75,75,75,75,75,75,75,75,75,75,75,75],"card_choices":[{"not_picked":["HollowMod:HowlingWraiths","HollowMod:SoulEater"],"picked":"HollowMod:BaldurShell","floor":1.0},{"not_picked":["HollowMod:NewJinnsSoul","HollowMod:ShadowDash","HollowMod:FallenFury"],"picked":"SKIP","floor":4.0},{"not_picked":["HollowMod:SoulSplash","HollowMod:TaintedHusks"],"picked":"HollowMod:CloakDash","floor":10.0},{"not_picked":["HollowMod:NewLittleFool","HollowMod:VengefulVoid"],"picked":"HollowMod:CycloneSlash","floor":12.0},{"not_picked":["HollowMod:GreatSlash","HollowMod:DescendingDark"],"picked":"HollowMod:DoubleDash","floor":14.0},{"not_picked":["HollowMod:ElderbugsWisdom","HollowMod:AwokenDreamNail"],"picked":"HollowMod:SlysStrikes","floor":16.0},{"not_picked":["HollowMod:ShadowDash+1","HollowMod:SharpenedNail","HollowMod:SoulStrike"],"picked":"SKIP","floor":18.0},{"not_picked":["HollowMod:CornifersMapStart+1","HollowMod:DescendingDark","HollowMod:SharpenedNail"],"picked":"SKIP","floor":20.0},{"not_picked":["HollowMod:theNailsmith","HollowMod:DescendingDark+1"],"picked":"HollowMod:LifebloodCocoon","floor":21.0},{"not_picked":["HollowMod:WraithStrike","HollowMod:DescendingDark+1"],"picked":"HollowMod:Hiveblood","floor":25.0},{"not_picked":["HollowMod:DungDefenderAura+1","HollowMod:NewGlowingWomb"],"picked":"HollowMod:HuntersJournal","floor":31.0},{"not_picked":["HollowMod:LifebloodCocoon+1","HollowMod:VengefulVoid","HollowMod:TaintedHusks"],"picked":"SKIP","floor":35.0},{"not_picked":["HollowMod:DungDefenderAura+1","HollowMod:HowlingWraiths","HollowMod:InfectedAttack"],"picked":"SKIP","floor":36.0},{"not_picked":["HollowMod:ShadowDash","HollowMod:DashSlash"],"picked":"HollowMod:GreatSlash+1","floor":38.0},{"not_picked":["HollowMod:NewJinnsSoul+1","HollowMod:BrokenVessel+1","HollowMod:HowlingWraiths"],"picked":"SKIP","floor":43.0},{"not_picked":["HollowMod:DescendingDark","HollowMod:InfectedCysts","HollowMod:HowlingWraiths"],"picked":"SKIP","floor":44.0},{"not_picked":["HollowMod:SharpenedShadows+1","HollowMod:SoulStrike+1","HollowMod:VoidDash"],"picked":"SKIP","floor":47.0}],"player_experience":52025,"relics_obtained":[{"floor":2.0,"key":"infinitespire:FocusingShard"},{"floor":7.0,"key":"infinitespire:EmpoweringShard"},{"floor":9.0,"key":"hubris:SphereOfDissonance"},{"floor":25.0,"key":"Letter Opener"},{"floor":26.0,"key":"hubris:BottledRain"},{"floor":45.0,"key":"Replay:Accelerometer"},{"floor":47.0,"key":"Bottled Flame"}],"event_choices":[{"damage_healed":0.0,"max_hp_gain":0.0,"max_hp_loss":0.0,"gold_gain":0.0,"cards_transformed":["HollowMod:NailStrikeStart"],"event_name":"Transmorgrifier","player_choice":"Transformed","floor":3.0,"gold_loss":0.0,"damage_taken":0.0,"cards_obtained":["HollowMod:NewLittleFool"]},{"damage_healed":0.0,"max_hp_gain":0.0,"max_hp_loss":0.0,"gold_gain":0.0,"event_name":"Living Wall","player_choice":"Grow","floor":5.0,"gold_loss":0.0,"damage_taken":0.0,"cards_upgraded":["HollowMod:FocusHealStart"]},{"damage_healed":0.0,"max_hp_gain":0.0,"max_hp_loss":0.0,"gold_gain":0.0,"event_name":"betterNote:BetterNote","player_choice":"Ignored","floor":24.0,"gold_loss":0.0,"damage_taken":0.0,"cards_obtained":["ReplayTheSpireMod:Fabricate Wheel"]},{"damage_healed":25.0,"max_hp_gain":0.0,"max_hp_loss":0.0,"gold_gain":0.0,"event_name":"The Library","player_choice":"Heal","floor":28.0,"gold_loss":0.0,"damage_taken":0.0},{"damage_healed":0.0,"max_hp_gain":0.0,"max_hp_loss":0.0,"gold_gain":0.0,"event_name":"Upgrade Shrine","player_choice":"Upgraded","floor":30.0,"gold_loss":0.0,"damage_taken":0.0,"cards_upgraded":["HollowMod:SlysStrikes"]},{"damage_healed":0.0,"max_hp_gain":0.0,"max_hp_loss":0.0,"gold_gain":100.0,"event_name":"Golden Shrine","player_choice":"Pray","floor":37.0,"gold_loss":0.0,"damage_taken":0.0}],"is_beta":false,"boss_relics":[{"not_picked":["infinitespire:Cupcake","Painkiller Herb"],"picked":"halation:MonkeysPaw"},{"not_picked":["halation:Risk","Runic Pyramid"],"picked":"hubris:RunicObelisk"}],"items_purged_floors":[22,27],"is_endless":true,"potions_floor_spawned":[1,4,20,31,33,35,44,47],"killed_by":"Sphere and 2 Shapes","ascension_level":0}}