{"host":"5apxsqgkueisybsc","time":1610310030,"event":{"mods":["BaseMod","Hunter ??","Mimic Mod","Minty Spire (QoL Compilation)","Replay The Spire","Shade Mod","StSLib","The Bladedancer","The Bug Knight","The Cursed","The Druid","The Exalted","The Forsaken","The Valiant","The Witch"],"gold_per_floor":[113,113,125,138,138,164,164,164,164,178,51,65,65,79,79,184,184,184,184,184,184,109,109,109,109,109,109,109,41,41,41,41,41,41,41,41,41,41,41,41,41,6,6,6,6,6,6,6,6,6],"floor_reached":51,"playtime":4507,"items_purged":["HollowMod:TaintedHusks"],"score":772,"play_id":"4da63fd1-3991-4def-9edb-6566f019317f","local_time":"20210110152030","is_ascension_mode":false,"campfire_choices":[{"data":"HollowMod:ChannelNail","floor":7,"key":"SMITH"},{"floor":15,"key":"REST"},{"data":"J.A.X.","floor":24,"key":"SMITH"},{"data":"HollowMod:theNailsmith","floor":27,"key":"SMITH"},{"floor":32,"key":"REST"},{"data":"HollowMod:HornetsHelp","floor":40,"key":"SMITH"},{"floor":49,"key":"REST"}],"circlet_count":0,"master_deck":["HollowMod:NailStrikeStart","HollowMod:NailStrikeStart","HollowMod:NailStrikeStart","HollowMod:QuickDashStart","HollowMod:QuickDashStart","HollowMod:QuickDashStart","HollowMod:FocusHealStart","HollowMod:PogoStrike","HollowMod:ChannelNail+1","HollowMod:SoulEater","HollowMod:CycloneSlash+1","HollowMod:DoubleDash+1","HollowMod:GoodIntentions+1","HollowMod:LifebloodCocoon+1","HollowMod:theNailsmith+1","HollowMod:SoulShaman","HollowMod:CycloneSlash+1","J.A.X.+1","HollowMod:HeavyBlow+1","HollowMod:SoulStrike+1","HollowMod:CycloneSlash+1","HollowMod:LifebloodCocoon+1","HollowMod:HornetsHelp+1","HollowMod:FallenFury","HollowMod:SoulSplash+1","HollowMod:PureNailStrike","HollowMod:GreatSlash+1","HollowMod:MantisMark","HollowMod:QuirrelsAssistance+1","HollowMod:DoubleDash+1"],"relics":["HollowMod:VesselMask","HollowMod:MantisClawRelic","theForsaken:HumbleEgg","Ectoplasm","Lizard Tail","Frozen Egg 2","Smiling Mask","Runic Dome","Bag of Preparation","Turnip","ReplayTheSpireMod:CursedCoin","Blue Candle","Counterbalance","Potion Belt"],"acts_visited":["Exordium","TheCity","TheBeyond"],"potions_floor_usage":[6,16,25,28,33,35,46,46,46],"damage_taken":[{"damage":1,"enemies":"Cultist","floor":1,"turns":4},{"damage":10,"enemies":"Jaw Worm","floor":3,"turns":5},{"damage":2,"enemies":"2 Louse","floor":4,"turns":4},{"damage":50,"enemies":"HollowMod:MossKnight","floor":6,"turns":20},{"damage":15,"enemies":"Red Slaver","floor":10,"turns":3},{"damage":1,"enemies":"3 Louse","floor":12,"turns":3},{"damage":0,"enemies":"2 Fungi Beasts","floor":14,"turns":3},{"damage":4,"enemies":"Fading Forest","floor":16,"turns":11},{"damage":22,"enemies":"Chosen","floor":18,"turns":12},{"damage":16,"enemies":"Spheric Guardian","floor":19,"turns":7},{"damage":13,"enemies":"HollowMod:Nosk","floor":23,"turns":9},{"damage":5,"enemies":"Snecko","floor":25,"turns":5},{"damage":26,"enemies":"Slavers","floor":28,"turns":5},{"damage":3,"enemies":"Cultist and Chosen","floor":30,"turns":5},{"damage":8,"enemies":"Centurion and Healer","floor":31,"turns":6},{"damage":0,"enemies":"HollowMod:NKGrimm","floor":33,"turns":11},{"damage":8,"enemies":"3 Darklings","floor":35,"turns":4},{"damage":5,"enemies":"3 Shapes","floor":36,"turns":4},{"damage":0,"enemies":"Transient","floor":37,"turns":5},{"damage":0,"enemies":"Maw","floor":39,"turns":8},{"damage":24,"enemies":"Giant Head","floor":41,"turns":7},{"damage":4,"enemies":"Mind Bloom Boss Battle","floor":44,"turns":6},{"damage":30,"enemies":"Nemesis","floor":46,"turns":9},{"damage":7,"enemies":"Spire Growth","floor":47,"turns":5},{"damage":53,"enemies":"Awakened One","floor":50,"turns":13}],"seed_played":"7154874735757020652","potions_obtained":[{"floor":1,"key":"SteroidPotion"},{"floor":10,"key":"Toxic Potion"},{"floor":12,"key":"Milkshake"},{"floor":19,"key":"Toxic Potion"},{"floor":28,"key":"Block Potion"},{"floor":30,"key":"SneckoOil"},{"floor":31,"key":"Elixir"},{"floor":33,"key":"PowerPotion"},{"floor":36,"key":"SpeedPotion"},{"floor":38,"key":"BlessingOfTheForge"}],"is_trial":false,"path_per_floor":["M","?","M","M","?","E","R","?","T","M","$","M","?","M","R","B",null,"M","M","?","?","?","E","R","M","T","R","E","$","M","M","R","B",null,"M","M","M","?","M","R","E","$","T","?","?","E","M","?","R","B",null],"character_chosen":"THE_BUGKNIGHT","items_purchased":["HollowMod:DoubleDash+1","HollowMod:CycloneSlash+1","HollowMod:LifebloodCocoon+1","ReplayTheSpireMod:CursedCoin","HollowMod:MantisMark"],"campfire_rested":3,"item_purchase_floors":[11,29,29,42,42],"current_hp_per_floor":[81,81,71,75,75,37,37,37,37,28,28,27,20,20,44,60,82,70,60,60,60,60,53,53,48,48,48,28,28,25,17,41,47,82,74,69,69,69,75,75,51,51,51,47,47,23,16,16,40,41],"gold":6,"neow_bonus":"TEN_PERCENT_HP_BONUS","is_daily":false,"chose_seed":false,"campfire_upgraded":4,"win_rate":0.0,"timestamp":1610310030,"path_taken":["M","?","M","?","?","E","R","?","T","?","$","M","?","M","R","BOSS","M","M","?","?","?","E","R","M","T","R","E","?","M","?","R","BOSS","M","M","M","?","?","R","E","$","T","?","?","E","?","?","R","BOSS"],"items_purchased_type":["Card","Card","Card","Relic","Card"],"build_version":"2020-12-22","purchased_purges":1,"victory":true,"max_hp_per_floor":[82,82,82,82,82,82,82,82,82,82,82,82,82,82,82,82,82,82,82,82,82,82,82,82,82,82,82,82,82,82,82,82,82,82,82,82,82,82,82,82,82,82,82,82,82,82,82,82,82,82],"card_choices":[{"not_picked":["HollowMod:CornifersMapStart","HollowMod:CloakDash"],"picked":"HollowMod:SoulEater","floor":1},{"not_picked":["HollowMod:InfectedCysts","HollowMod:CoiledNail"],"picked":"HollowMod:ChannelNail","floor":3},{"not_picked":["HollowMod:InfectedCysts","HollowMod:SharpenedNail"],"picked":"HollowMod:SoulEater","floor":4},{"not_picked":["HollowMod:BaldurShell","HollowMod:ShapeofUnn"],"picked":"HollowMod:TaintedHusks","floor":6},{"not_picked":["HollowMod:ShapeofUnn","HollowMod:FallenFury"],"picked":"HollowMod:CycloneSlash+1","floor":10},{"not_picked":["HollowMod:InfectedCysts+1","HollowMod:AbyssShriek"],"picked":"HollowMod:GoodIntentions+1","floor":12},{"not_picked":["HollowMod:SiblingsSouls+1","HollowMod:SharpenedShadows"],"picked":"HollowMod:LifebloodCocoon+1","floor":14},{"not_picked":["HollowMod:AwokenDreamNail","HollowMod:Hiveblood"],"picked":"HollowMod:theNailsmith","floor":16},{"not_picked":["HollowMod:NewJinnsSoul+1","HollowMod:InfectedCysts+1"],"picked":"HollowMod:SoulShaman","floor":18},{"not_picked":["HollowMod:InfectedAttack+1","HollowMod:DoubleDash+1"],"picked":"HollowMod:CycloneSlash+1","floor":19},{"not_picked":["HollowMod:MothsMistake","HollowMod:SiblingsShadow"],"picked":"HollowMod:HeavyBlow+1","floor":23},{"not_picked":["HollowMod:WraithStrike+1","HollowMod:SoulSplash+1"],"picked":"HollowMod:SoulStrike+1","floor":25},{"not_picked":["HollowMod:MonarchWings","HollowMod:MothsMistake+1","HollowMod:HuntersJournal+1"],"picked":"SKIP","floor":28},{"not_picked":["HollowMod:CycloneSlash+1","HollowMod:BlackTendrils"],"picked":"HollowMod:HornetsHelp","floor":30},{"not_picked":["HollowMod:DoubleDash+1","HollowMod:PerfectDash"],"picked":"HollowMod:FallenFury","floor":31},{"not_picked":["HollowMod:SiblingsSouls+1","HollowMod:RecoilStrike","HollowMod:InfectedCysts+1"],"picked":"SKIP","floor":35},{"not_picked":["HollowMod:DreamGate+1","HollowMod:NewLittleFool+1"],"picked":"HollowMod:SoulSplash+1","floor":36},{"not_picked":["HollowMod:ShadowDash+1","HollowMod:DreamGate"],"picked":"HollowMod:PureNailStrike","floor":37},{"not_picked":["HollowMod:HeavyBlow+1","HollowMod:SharpenedShadows+1"],"picked":"HollowMod:GreatSlash+1","floor":39},{"not_picked":["HollowMod:Hiveblood","HollowMod:SiblingsShadow","HollowMod:SoulStrike+1"],"picked":"SKIP","floor":41},{"not_picked":["HollowMod:GoodIntentions+1","HollowMod:VengefulVoid+1"],"picked":"HollowMod:QuirrelsAssistance+1","floor":46},{"not_picked":["HollowMod:VengefulVoid+1","HollowMod:TaintedHusks+1"],"picked":"HollowMod:DoubleDash+1","floor":47}],"player_experience":95864,"relics_obtained":[{"floor":6,"key":"HollowMod:MantisClawRelic"},{"floor":9,"key":"theForsaken:HumbleEgg"},{"floor":23,"key":"Lizard Tail"},{"floor":26,"key":"Frozen Egg 2"},{"floor":28,"key":"Smiling Mask"},{"floor":38,"key":"Bag of Preparation"},{"floor":41,"key":"Turnip"},{"floor":43,"key":"Blue Candle"},{"floor":44,"key":"Counterbalance"},{"floor":46,"key":"Potion Belt"}],"event_choices":[{"damage_healed":0,"gold_gain":0,"player_choice":"Upgraded","damage_taken":0,"max_hp_gain":0,"max_hp_loss":0,"event_name":"Upgrade Shrine","floor":2,"gold_loss":0,"cards_upgraded":["HollowMod:SoulEater"]},{"cards_removed":["HollowMod:NailStrikeStart"],"damage_healed":0,"gold_gain":0,"player_choice":"Purged","damage_taken":0,"max_hp_gain":0,"max_hp_loss":0,"event_name":"Purifier","floor":8,"gold_loss":0},{"cards_removed":["HollowMod:InfectionAssault"],"damage_healed":0,"gold_gain":0,"player_choice":"Card Removal","damage_taken":7,"max_hp_gain":0,"max_hp_loss":0,"event_name":"Golden Wing","floor":13,"gold_loss":0},{"damage_healed":0,"gold_gain":0,"player_choice":"Ignored","damage_taken":0,"max_hp_gain":0,"max_hp_loss":0,"event_name":"Ghosts","floor":20,"gold_loss":0},{"damage_healed":0,"gold_gain":0,"player_choice":"Obtain J.A.X.","damage_taken":0,"max_hp_gain":0,"max_hp_loss":0,"event_name":"Drug Dealer","floor":21,"gold_loss":0,"cards_obtained":["J.A.X."]},{"cards_removed":["HollowMod:QuickDashStart"],"damage_healed":0,"gold_gain":0,"player_choice":"Gave Gold","damage_taken":0,"max_hp_gain":0,"max_hp_loss":0,"event_name":"Beggar","floor":22,"gold_loss":75},{"damage_healed":0,"gold_gain":0,"player_choice":"Fight","damage_taken":0,"max_hp_gain":0,"max_hp_loss":0,"event_name":"MindBloom","floor":44,"gold_loss":0},{"cards_removed":["Decay"],"damage_healed":0,"gold_gain":0,"player_choice":"Card Removal","damage_taken":0,"max_hp_gain":0,"max_hp_loss":0,"event_name":"Wheel of Change","floor":45,"gold_loss":0},{"damage_healed":0,"gold_gain":0,"player_choice":"Ignored","damage_taken":0,"max_hp_gain":0,"max_hp_loss":0,"event_name":"SecretPortal","floor":48,"gold_loss":0}],"is_beta":false,"boss_relics":[{"not_picked":["Honey Jar","Ring of Chaos"],"picked":"Ectoplasm"},{"not_picked":["Coffee Dripper","Pandora\u0027s Box"],"picked":"Runic Dome"}],"items_purged_floors":[11],"is_endless":false,"potions_floor_spawned":[1,10,12,19,28,30,31,33,36,39,41,44],"ascension_level":0}}