{"host":"x7xd4wkamhrqrrvw","time":1610321836,"event":{"mods":["BaseMod","Minty Spire (QoL Compilation)","StSLib"],"gold_per_floor":[113,126,201,226,245,271,271,305,305,338,350,350,374,314,314,409,409,429,442,26,26,26,56,56,88,88,88,107,57,90,104,104,209,209,227,237,287,342,25,25,35,35,35,76,88,127,139,169,181,193,205,217,22,57,57],"floor_reached":56,"playtime":3178,"items_purged":["Strike_R","Intimidate","Writhe"],"score":2110,"play_id":"a8e25f8f-ced6-4f41-bd8e-c4ff8fafeb20","local_time":"20210110213716","is_ascension_mode":true,"campfire_choices":[{"floor":12,"key":"REST"},{"data":"Fiend Fire","floor":15,"key":"SMITH"},{"floor":24,"key":"DIG"},{"floor":27,"key":"DIG"},{"floor":32,"key":"DIG"},{"floor":40,"key":"RECALL"},{"floor":42,"key":"DIG"},{"floor":45,"key":"DIG"},{"floor":49,"key":"DIG"},{"floor":52,"key":"DIG"}],"circlet_count":0,"master_deck":["Bash","Reaper","True Grit+1","Inflame","Fiend Fire+1","Seeing Red","Pummel","Flame Barrier+1","Feel No Pain","Clothesline+1","Heavy Blade+1","Limit Break","Corruption","Combust","Heavy Blade","Juggernaut","Limit Break","Sword Boomerang","Clothesline","Flame Barrier","True Grit+1","Shockwave","Fiend Fire+1","Mayhem","Sentinel","Bloodletting"],"relics":["Burning Blood","War Paint","Bag of Marbles","Dead Branch","The Courier","Prayer Wheel","Odd Mushroom","Snecko Eye","Membership Card","Shovel","Bronze Scales","Nunchaku","Darkstone Periapt","Matryoshka","Champion Belt","Oddly Smooth Stone","Tiny Chest","HornCleat","Vajra","Pen Nib","TungstenRod","Pandora\u0027s Box","Calipers","Torii","DollysMirror","Magic Flower","Bottled Tornado","MawBank","Sundial","Frozen Egg 2","Red Skull","Happy Flower","Centennial Puzzle","Bottled Lightning","Paper Frog","Lantern","Boot"],"acts_visited":["Exordium","TheCity","TheBeyond","TheEnding"],"potions_floor_usage":[6,10,16,23,33,38,50,50,55,55],"damage_taken":[{"damage":10,"enemies":"Cultist","floor":1,"turns":5},{"damage":13,"enemies":"Jaw Worm","floor":2,"turns":7},{"damage":1,"enemies":"Small Slimes","floor":5,"turns":6},{"damage":21,"enemies":"Lagavulin","floor":6,"turns":7},{"damage":35,"enemies":"3 Sentries","floor":8,"turns":11},{"damage":24,"enemies":"Lagavulin","floor":10,"turns":8},{"damage":6,"enemies":"Blue Slaver","floor":11,"turns":1},{"damage":24,"enemies":"The Mushroom Lair","floor":13,"turns":4},{"damage":4,"enemies":"Slime Boss","floor":16,"turns":4},{"damage":0,"enemies":"3 Byrds","floor":18,"turns":3},{"damage":0,"enemies":"Spheric Guardian","floor":19,"turns":1},{"damage":0,"enemies":"Gremlin Leader","floor":23,"turns":2},{"damage":13,"enemies":"Slavers","floor":25,"turns":6},{"damage":12,"enemies":"Snake Plant","floor":28,"turns":3},{"damage":0,"enemies":"Book of Stabbing","floor":30,"turns":1},{"damage":0,"enemies":"Centurion and Healer","floor":31,"turns":4},{"damage":25,"enemies":"Automaton","floor":33,"turns":4},{"damage":4,"enemies":"3 Darklings","floor":35,"turns":3},{"damage":0,"enemies":"3 Shapes","floor":36,"turns":2},{"damage":2,"enemies":"Mind Bloom Boss Battle","floor":37,"turns":3},{"damage":32,"enemies":"2 Orb Walkers","floor":38,"turns":4},{"damage":1,"enemies":"Jaw Worm Horde","floor":41,"turns":1},{"damage":0,"enemies":"Reptomancer","floor":44,"turns":2},{"damage":2,"enemies":"Nemesis","floor":46,"turns":1},{"damage":0,"enemies":"Spire Growth","floor":48,"turns":1},{"damage":0,"enemies":"Time Eater","floor":50,"turns":3},{"damage":14,"enemies":"Shield and Spear","floor":54,"turns":2},{"damage":6,"enemies":"The Heart","floor":55,"turns":4}],"seed_played":"-5473755245059142390","potions_obtained":[{"floor":2,"key":"ColorlessPotion"},{"floor":5,"key":"AttackPotion"},{"floor":13,"key":"CultistPotion"},{"floor":16,"key":"BlessingOfTheForge"},{"floor":18,"key":"DuplicationPotion"},{"floor":19,"key":"Ancient Potion"},{"floor":28,"key":"CultistPotion"},{"floor":30,"key":"ElixirPotion"},{"floor":35,"key":"LiquidBronze"},{"floor":44,"key":"ColorlessPotion"},{"floor":48,"key":"Energy Potion"},{"floor":54,"key":"SteroidPotion"}],"is_trial":false,"path_per_floor":["M","M","?","T","M","E","?","E","T","E","M","R","?","$","R","B",null,"M","M","$","?","?","E","R","E","T","R","M","?","E","M","R","B",null,"M","M","?","?","$","R","M","R","T","E","R","E","T","M","R","B",null,"R","$","E","B",null],"character_chosen":"IRONCLAD","items_purchased":["Membership Card","Shovel","Bronze Scales","Nunchaku","DollysMirror","Magic Flower","Mayhem","Paper Frog","Lantern","ElixirPotion","Energy Potion"],"campfire_rested":1,"item_purchase_floors":[20,20,20,20,39,39,39,53,53,53,53],"current_hp_per_floor":[68,65,54,54,65,56,42,25,25,7,13,34,34,34,34,44,65,72,72,72,72,78,78,78,77,77,77,76,76,78,78,78,59,73,78,78,78,52,52,52,60,60,60,78,78,78,78,78,78,78,78,78,78,73,76],"gold":57,"neow_bonus":"THREE_RARE_CARDS","is_daily":false,"chose_seed":false,"campfire_upgraded":1,"win_rate":0.0,"timestamp":1610321836,"path_taken":["M","M","?","?","M","E","?","E","T","E","M","R","?","$","R","BOSS","M","M","$","?","?","E","R","E","T","R","M","?","E","M","R","BOSS","M","M","?","?","$","R","M","R","T","E","R","E","?","M","R","BOSS","R","$","E","BOSS"],"items_purchased_type":["Relic","Relic","Relic","Relic","Relic","Relic","Card","Relic","Relic","Potion","Potion"],"build_version":"2020-12-22","purchased_purges":3,"victory":true,"max_hp_per_floor":[72,72,72,72,72,72,72,72,72,72,72,72,72,72,72,72,72,72,72,72,72,78,78,78,78,78,78,78,78,78,78,78,78,78,78,78,78,78,78,78,78,78,78,78,78,78,78,78,78,78,78,78,78,78,78],"card_choices":[{"not_picked":["Offering","Impervious"],"picked":"Reaper","floor":0},{"not_picked":["Headbutt","Ghostly Armor"],"picked":"Intimidate","floor":1},{"not_picked":["Ghostly Armor","Sentinel"],"picked":"True Grit","floor":2},{"not_picked":["Thunderclap","Twin Strike"],"picked":"Inflame","floor":5},{"not_picked":["True Grit","Pommel Strike","Iron Wave"],"picked":"SKIP","floor":6},{"not_picked":["Flex","Body Slam"],"picked":"Fiend Fire","floor":8},{"not_picked":["Clash","Shockwave"],"picked":"Seeing Red","floor":10},{"not_picked":["Anger","Wild Strike"],"picked":"Pummel","floor":11},{"not_picked":["Shockwave","Sword Boomerang","Twin Strike"],"picked":"SKIP","floor":11},{"not_picked":["Clothesline+1","Searing Blow"],"picked":"Flame Barrier+1","floor":18},{"not_picked":["Whirlwind+1","Shrug It Off"],"picked":"Feel No Pain","floor":18},{"not_picked":["True Grit","Headbutt"],"picked":"Clothesline+1","floor":19},{"not_picked":["Wild Strike","Clothesline","Rage"],"picked":"SKIP","floor":19},{"not_picked":["Armaments","Warcry+1","Intimidate"],"picked":"SKIP","floor":23},{"not_picked":["Fire Breathing","Clash","Warcry"],"picked":"SKIP","floor":25},{"not_picked":["Clash+1","Twin Strike+1"],"picked":"Heavy Blade+1","floor":28},{"not_picked":["Sword Boomerang+1","Sever Soul","Thunderclap"],"picked":"SKIP","floor":28},{"not_picked":["Armaments+1","Anger","Shrug It Off"],"picked":"SKIP","floor":30},{"not_picked":["Pommel Strike","Fire Breathing+1"],"picked":"Limit Break","floor":31},{"not_picked":["Thunderclap","Headbutt","Clash"],"picked":"SKIP","floor":31},{"not_picked":["Offering","Exhume"],"picked":"Corruption","floor":33},{"not_picked":["Armaments","Anger+1"],"picked":"True Grit+1","floor":35},{"not_picked":["Pommel Strike+1","Thunderclap","Heavy Blade"],"picked":"SKIP","floor":35},{"not_picked":["Rage","Dual Wield+1"],"picked":"Shockwave","floor":36},{"not_picked":["Power Through","Searing Blow","Sword Boomerang+1"],"picked":"SKIP","floor":36},{"not_picked":["Searing Blow","Anger","Sever Soul+1"],"picked":"SKIP","floor":41},{"not_picked":["Pommel Strike+1","Fire Breathing+1","Second Wind"],"picked":"SKIP","floor":41},{"not_picked":["Intimidate+1","Cleave","Iron Wave+1"],"picked":"SKIP","floor":44},{"not_picked":["Thunderclap+1","Power Through+1","Flex"],"picked":"SKIP","floor":46},{"not_picked":["Clothesline+1","Twin Strike"],"picked":"Sentinel","floor":48},{"not_picked":["Corruption+1","Thunderclap+1","Sword Boomerang+1"],"picked":"SKIP","floor":48},{"not_picked":["Blood for Blood","Heavy Blade"],"picked":"Bloodletting","floor":54}],"player_experience":295831,"relics_obtained":[{"floor":4,"key":"War Paint"},{"floor":6,"key":"Bag of Marbles"},{"floor":8,"key":"Dead Branch"},{"floor":9,"key":"The Courier"},{"floor":10,"key":"Prayer Wheel"},{"floor":13,"key":"Odd Mushroom"},{"floor":23,"key":"Matryoshka"},{"floor":24,"key":"Champion Belt"},{"floor":25,"key":"Oddly Smooth Stone"},{"floor":26,"key":"Tiny Chest"},{"floor":26,"key":"HornCleat"},{"floor":27,"key":"Vajra"},{"floor":30,"key":"Pen Nib"},{"floor":32,"key":"TungstenRod"},{"floor":37,"key":"Calipers"},{"floor":38,"key":"Torii"},{"floor":42,"key":"Bottled Tornado"},{"floor":43,"key":"MawBank"},{"floor":44,"key":"Sundial"},{"floor":45,"key":"Frozen Egg 2"},{"floor":46,"key":"Red Skull"},{"floor":47,"key":"Happy Flower"},{"floor":49,"key":"Centennial Puzzle"},{"floor":52,"key":"Bottled Lightning"},{"floor":54,"key":"Boot"}],"event_choices":[{"damage_healed":0,"gold_gain":75,"player_choice":"Gather Gold","damage_taken":11,"max_hp_gain":0,"max_hp_loss":0,"event_name":"World of Goop","floor":3,"gold_loss":0},{"damage_healed":0,"gold_gain":0,"player_choice":"Entered Light","damage_taken":14,"max_hp_gain":0,"max_hp_loss":0,"event_name":"Shining Light","floor":7,"gold_loss":0,"cards_upgraded":["Strike_R","Strike_R"]},{"damage_healed":0,"gold_gain":0,"player_choice":"Fought Mushrooms","damage_taken":0,"max_hp_gain":0,"max_hp_loss":0,"event_name":"Mushrooms","floor":13,"gold_loss":0},{"cards_removed":["Strike_R"],"damage_healed":0,"gold_gain":0,"player_choice":"Elegance","damage_taken":0,"max_hp_gain":0,"max_hp_loss":0,"event_name":"Back to Basics","floor":21,"gold_loss":0},{"damage_healed":0,"gold_gain":0,"player_choice":"Opened","damage_taken":0,"relics_obtained":["Darkstone Periapt"],"max_hp_gain":0,"max_hp_loss":0,"event_name":"The Mausoleum","floor":22,"gold_loss":0,"cards_obtained":["Writhe"]},{"damage_healed":0,"gold_gain":0,"player_choice":"Bet on Owner","damage_taken":0,"max_hp_gain":0,"max_hp_loss":0,"event_name":"The Joust","floor":29,"gold_loss":50},{"damage_healed":0,"gold_gain":0,"player_choice":"Fight","damage_taken":0,"max_hp_gain":0,"max_hp_loss":0,"event_name":"MindBloom","floor":37,"gold_loss":0},{"damage_healed":0,"gold_gain":0,"player_choice":"Fight","damage_taken":0,"max_hp_gain":0,"max_hp_loss":0,"event_name":"Mysterious Sphere","floor":38,"gold_loss":0}],"is_beta":false,"boss_relics":[{"not_picked":["Calling Bell","Empty Cage"],"picked":"Snecko Eye"},{"not_picked":["Velvet Choker","Tiny House"],"picked":"Pandora\u0027s Box"}],"items_purged_floors":[14,20,39],"is_endless":false,"potions_floor_spawned":[2,5,13,16,18,19,28,30,35,44,46,48,54],"ascension_level":7}}