{"host":"2i0myh7fqij2ti1z","time":1610289839,"event":{"mods":["Aspiration","BaseMod","Better Third Choice","Colored Powertips","FoggyMod","GifTheSpireLib","Highlight Path","Minty Spire (QoL Compilation)","Permanent Neow","Quick Restart","Random Character Button","Random Character Mod","Relic Sorter","Replay The Spire","Shop Mod","Spicy Shops","StSLib","Stuff the Spire","Transform Curses","Wandering Minibosses","vexMod","óô»ðÖ¸ÄÏ"],"gold_per_floor":[117,8975,9067,9117,9142,9142,9142],"floor_reached":6,"playtime":342,"items_purged":["Defend_P","Replay:Sssssssssstrike"],"score":143,"play_id":"6d08e8c9-1c6e-441a-a88e-e248929e308f","local_time":"20210110224359","daily_mods":["Allstar","Diverse","Elite Swarm"],"is_ascension_mode":true,"campfire_choices":[],"circlet_count":0,"master_deck":["AscendersBane","Strike_P+1","Strike_P","Strike_P","Strike_P+1","Defend_P","Defend_P","Defend_P","Eruption","Vigilance","Panacea","Secret Weapon","Thinking Ahead","Chrysalis","Flying Knee","Scrape"],"relics":["PureWater","Ring of Chaos","Omamori","Melange","Lee\u0027s Waffle","CeramicFish","Whetstone","Counterbalance","StuffTheSpire:OldFever"],"acts_visited":["Exordium"],"potions_floor_usage":[],"damage_taken":[{"damage":0.0,"enemies":"Cultist","floor":1.0,"turns":3.0},{"damage":37.0,"enemies":"2 Louse","floor":5.0,"turns":6.0},{"damage":0,"enemies":"Gremlin Nob","floor":6,"turns":1}],"seed_played":"7352022448550600555","potions_obtained":[{"floor":1.0,"key":"PowerPotion"},{"floor":5.0,"key":"Ambrosia"}],"is_trial":true,"path_per_floor":["M","$","?","?","M","E"],"character_chosen":"WATCHER","items_purchased":["Omamori","Melange","Lee\u0027s Waffle","CeramicFish","Whetstone","Counterbalance"],"campfire_rested":0,"item_purchase_floors":[2,2,2,2,2,2],"current_hp_per_floor":[61,75,45,45,8,8,8],"gold":9142,"neow_bonus":"","is_daily":false,"chose_seed":false,"campfire_upgraded":0,"win_rate":0.0,"timestamp":1610289839,"path_taken":["M","$","?","?","?","E"],"items_purchased_type":["Relic","Relic","Relic","Relic","Relic","Relic"],"build_version":"2020-12-22","purchased_purges":2,"victory":false,"max_hp_per_floor":[68,75,75,75,75,75,75],"card_choices":[{"not_picked":["Replay:Undeath\u0027s Touch","Sweeping Beam","LikeWater"],"picked":"SKIP","floor":1.0},{"not_picked":["ReplayTheSpireMod:GoodbyeWorld","StuffTheSpire:Incineration"],"picked":"Flying Knee","floor":3.0},{"not_picked":["StuffTheSpire:ClusterCrunch","Replay:ManipulateFuture"],"picked":"Scrape","floor":5.0}],"player_experience":235384,"relics_obtained":[{"floor":3.0,"key":"StuffTheSpire:OldFever"}],"event_choices":[{"damage_healed":0.0,"max_hp_gain":0.0,"max_hp_loss":0.0,"gold_gain":50.0,"event_name":"Golden Shrine","player_choice":"Pray","floor":4.0,"gold_loss":0.0,"damage_taken":0.0}],"is_beta":false,"boss_relics":[],"items_purged_floors":[2,2],"is_endless":false,"potions_floor_spawned":[1,5],"killed_by":"Gremlin Nob","ascension_level":20}}