{"host":"l60rmjjsfi0fipmi","time":1610309200,"event":{"mods":["BaseMod","Colored Map","DeckTracker","Highlight Path","Minty Spire (QoL Compilation)"],"gold_per_floor":[110,110,185,195,210,210,238,251,297,297,339,363,547,50,50,159,218,247,167,180,35,54,83,63,75,102,102,102,102],"floor_reached":28,"playtime":1821,"items_purged":["Strike_R","Strike_R","Strike_R"],"score":273,"play_id":"05967a95-101d-42ce-b2b6-5388bcf7b444","local_time":"20210110150640","is_ascension_mode":true,"campfire_choices":[{"data":"Rage","floor":6,"key":"SMITH"},{"floor":10,"key":"REST"},{"data":"Anger","floor":15,"key":"SMITH"},{"floor":27,"key":"REST"}],"circlet_count":0,"master_deck":["Strike_R+1","Strike_R+1","Defend_R","Defend_R","Defend_R","Defend_R","Bash+1","Disarm+1","Rage+1","Shrug It Off","Iron Wave","Anger+1","Reckless Charge+1","Warcry+1","Doubt","Double Tap","Spot Weakness","Shockwave+1","Fire Breathing","Evolve"],"relics":["Burning Blood","The Courier","CeramicFish","Lantern","Tiny Chest","Bag of Marbles","Bottled Flame","Tiny House","Shuriken","Whetstone"],"acts_visited":["Exordium","TheCity"],"potions_floor_usage":[8,16,22,23,23,25,25,25],"damage_taken":[{"damage":3,"enemies":"Small Slimes","floor":1,"turns":4},{"damage":7,"enemies":"Jaw Worm","floor":4,"turns":3},{"damage":0,"enemies":"2 Louse","floor":5,"turns":3},{"damage":22,"enemies":"Gremlin Nob","floor":7,"turns":4},{"damage":17,"enemies":"Lots of Slimes","floor":8,"turns":6},{"damage":9,"enemies":"3 Sentries","floor":11,"turns":8},{"damage":0,"enemies":"Looter","floor":12,"turns":2},{"damage":29,"enemies":"The Guardian","floor":16,"turns":14},{"damage":5,"enemies":"Chosen","floor":18,"turns":5},{"damage":27,"enemies":"Spheric Guardian","floor":20,"turns":5},{"damage":48,"enemies":"Centurion and Healer","floor":22,"turns":8},{"damage":22,"enemies":"Gremlin Leader","floor":23,"turns":8},{"damage":15,"enemies":"Snecko","floor":25,"turns":6},{"damage":44,"enemies":"Cultist and Chosen","floor":28,"turns":4}],"seed_played":"6788037416994914496","potions_obtained":[{"floor":1,"key":"Energy Potion"},{"floor":8,"key":"GamblersBrew"},{"floor":11,"key":"BloodPotion"},{"floor":12,"key":"SneckoOil"},{"floor":17,"key":"DistilledChaos"},{"floor":24,"key":"EntropicBrew"}],"is_trial":false,"path_per_floor":["M","?","?","M","M","R","E","M","T","R","E","M","?","$","R","B",null,"M","$","M","$","M","E","?","M","T","R","M"],"character_chosen":"IRONCLAD","items_purchased":["Tiny Chest","Bag of Marbles","Bottled Flame","Fire Breathing"],"campfire_rested":2,"item_purchase_floors":[14,14,14,21],"current_hp_per_floor":[80,64,53,52,58,58,42,31,31,55,52,58,58,58,58,35,85,85,85,64,64,39,23,23,14,14,39,0,0],"gold":102,"neow_bonus":"UPGRADE_CARD","is_daily":false,"chose_seed":false,"campfire_upgraded":2,"win_rate":0.0,"timestamp":1610309200,"path_taken":["M","?","?","M","M","R","E","M","T","R","E","M","?","$","R","BOSS","M","$","M","$","M","E","?","?","T","R","?"],"items_purchased_type":["Relic","Relic","Relic","Card"],"build_version":"2020-12-22","purchased_purges":3,"victory":false,"max_hp_per_floor":[80,80,80,80,80,80,80,80,80,80,80,80,80,80,80,80,85,85,85,85,85,85,85,85,85,85,85,85,85],"card_choices":[{"not_picked":["Hemokinesis","Flex"],"picked":"Disarm","floor":1},{"not_picked":["Pommel Strike","Infernal Blade"],"picked":"Rage","floor":4},{"not_picked":["Twin Strike","Perfected Strike"],"picked":"Shrug It Off","floor":5},{"not_picked":["Perfected Strike","Berserk"],"picked":"Iron Wave","floor":7},{"not_picked":["True Grit","Clothesline"],"picked":"Anger","floor":8},{"not_picked":["Entrench","True Grit"],"picked":"Reckless Charge","floor":11},{"not_picked":["Clothesline","Anger"],"picked":"Warcry","floor":12},{"not_picked":["Barricade","Juggernaut"],"picked":"Double Tap","floor":16},{"not_picked":["Armaments","Havoc"],"picked":"Spot Weakness","floor":17},{"not_picked":["Sword Boomerang+1","Infernal Blade+1"],"picked":"Shockwave+1","floor":18},{"not_picked":["Wild Strike+1","Shrug It Off","Disarm+1"],"picked":"SKIP","floor":20},{"not_picked":["Sentinel","Headbutt"],"picked":"Evolve","floor":22},{"not_picked":["Fire Breathing","Second Wind+1","Evolve"],"picked":"SKIP","floor":23},{"not_picked":["Perfected Strike","Rampage","Bloodletting"],"picked":"SKIP","floor":25}],"player_experience":322401,"relics_obtained":[{"floor":7,"key":"The Courier"},{"floor":9,"key":"CeramicFish"},{"floor":11,"key":"Lantern"},{"floor":23,"key":"Shuriken"},{"floor":26,"key":"Whetstone"}],"event_choices":[{"damage_healed":0,"gold_gain":0,"player_choice":"Entered Light","damage_taken":16,"max_hp_gain":0,"max_hp_loss":0,"event_name":"Shining Light","floor":2,"gold_loss":0,"cards_upgraded":["Strike_R","Disarm"]},{"damage_healed":0,"gold_gain":75,"player_choice":"Gather Gold","damage_taken":11,"max_hp_gain":0,"max_hp_loss":0,"event_name":"World of Goop","floor":3,"gold_loss":0},{"damage_healed":0,"gold_gain":175,"player_choice":"AGREE","damage_taken":0,"max_hp_gain":0,"max_hp_loss":0,"event_name":"Liars Game","floor":13,"gold_loss":0,"cards_obtained":["Doubt"]},{"damage_healed":0,"gold_gain":0,"player_choice":"Bought 1 Potion","damage_taken":0,"max_hp_gain":0,"max_hp_loss":0,"event_name":"The Woman in Blue","floor":24,"gold_loss":0}],"is_beta":false,"boss_relics":[{"not_picked":["SacredBark","Fusion Hammer"],"picked":"Tiny House"}],"items_purged_floors":[14,19,21],"is_endless":false,"potions_floor_spawned":[1,8,11,12,18,22],"killed_by":"Cultist and Chosen","ascension_level":2}}