{"host":"2i0myh7fqij2ti1z","time":1610292320,"event":{"mods":["Aspiration","BaseMod","Better Third Choice","Colored Powertips","FoggyMod","GifTheSpireLib","Highlight Path","Minty Spire (QoL Compilation)","Permanent Neow","Quick Restart","Random Character Button","Random Character Mod","Relic Sorter","Replay The Spire","Shop Mod","Spicy Shops","StSLib","Stuff the Spire","Transform Curses","Wandering Minibosses","vexMod","óô»ðÖ¸ÄÏ"],"gold_per_floor":[111,8761,8761,7621,7641,7667,6558,6583,6610,5372,5372,4369,4369,4369,3566,3640,3640,3654,3668,3135,3135,2224,1578,1608,1608,1608,1053,1066,1095,1095,1114,429,516,516,556,9522,8909,8909,8930,8550,8591,8239,8264,8296,7805,7805,7828,7286,6424,6430,6436],"floor_reached":52,"playtime":2467,"items_purged":["Defend_G","Defend_P","Zap","Normality","Strike_G","Defend_R","Strike_B","Eruption","Strike_R","Survivor","Mayhem","Clumsy","Bloodletting","MasterReality","Replay:Many Hands","Double Energy+1","The Bomb+1","Dual Wield+1","Berserk+1","Insight+1","StuffTheSpire:Ambrosia"],"score":2646,"play_id":"3509af0e-8783-41f1-942c-93918ce9b9fa","local_time":"20210110232520","daily_mods":["Chimera","Red Cards","Terminal"],"is_ascension_mode":true,"campfire_choices":[],"circlet_count":0,"master_deck":["AscendersBane","ReplayTheSpireMod:Private Reserves+1","Bloodletting+1","Flex+1","Eruption+1","Replay:Many Hands+1","Fusion+1","Heavy Blade+1","Offering+1"],"relics":["Ring of Chaos","ReplayTheSpireMod:EnergyBall","Replay:M_SmolderingBlood","StuffTheSpire:PointBlank","vexMod:InvisibilityCloak","ClockworkSouvenir","Replay:Arrowhead","Regal Pillow","ReplayTheSpireMod:ShopPack","TheAbacus","Boot","Akabeko","StuffTheSpire:Barrel","Snack Pack","Toxic Egg 2","vexMod:Spyglass","Eternal Feather","ReplayTheSpireMod:Spearhead","Strawberry","Replay:Wax Seal","StuffTheSpire:OldFever","ReplayTheSpireMod:TigerMarble","Matryoshka","Chemical X","Replay:WaspNest","Replay:Rubber Ducky","vexMod:CardConverter","vexMod:PaidLearning","Oddly Smooth Stone","Molten Egg 2","Membership Card","aspiration:Nostalgia","PureWater","Bag of Marbles","Replay:Multitool","StuffTheSpire:CocoNut","Blue Candle","Juzu Bracelet","ReplayTheSpireMod:Lightbulb","Lantern","aspiration:FetidBarrel","OrangePellets","StuffTheSpire:DullRazor","aspiration:DefectSkillbook","Sling","Pear","Art of War","vexMod:FocusSash","Gremlin Food","Centennial Puzzle","Blood Vial","Strange Spoon","HandDrill","vexMod:MemoryStick","Tiny Chest","Bag of Preparation","Quantum Egg","Replay:PocketPolymizer","Self Forming Clay","StuffTheSpire:Gunfinga","Bottled Lightning","Whetstone","StuffTheSpire:Saxophone","Orichalcum","Replay:Bandana","Electric Blood","ReplayTheSpireMod:Shallot","Girya","Counterbalance","Replay:Baseball","BargainBundle","Calipers","StuffTheSpire:GrapeVine","Guide Book","vexMod:Dragonfruit","Medical Kit","Onion Ring","Toy Ornithopter","vexMod:RedPlottingStone","StuffTheSpire:Experiment12","Brimstone","Frozen Eye","Old Coin","Shuriken","StuffTheSpire:ForceGauntlet","Potion Belt","Pen Nib","Letter Opener","King of Hearts","Nunchaku","Replay:Mystery Machine","StuffTheSpire:BottledEssence","Blue Doll","Singing Bowl","Happy Flower","Red Skull","ReplayTheSpireMod:Ninjato","War Paint","Mummified Hand","Paper Frog","Kunai","Vajra","ReplayFunnel"],"acts_visited":["Exordium","TheCity","TheBeyond"],"potions_floor_usage":[],"damage_taken":[{"damage":6,"enemies":"Small Slimes","floor":1,"turns":3},{"damage":9,"enemies":"Jaw Worm","floor":5,"turns":2},{"damage":6,"enemies":"Lagavulin","floor":6,"turns":3},{"damage":0,"enemies":"Gremlin Nob","floor":8,"turns":2},{"damage":13,"enemies":"The Guardian","floor":16,"turns":2},{"damage":4,"enemies":"Spheric Guardian","floor":18,"turns":2},{"damage":3,"enemies":"Chosen","floor":19,"turns":2},{"damage":5,"enemies":"Slavers","floor":24,"turns":2},{"damage":3,"enemies":"Snake Plant","floor":28,"turns":1},{"damage":3,"enemies":"Book of Stabbing","floor":29,"turns":2},{"damage":4,"enemies":"3 Cultists","floor":31,"turns":1},{"damage":18,"enemies":"Champ","floor":33,"turns":2},{"damage":11,"enemies":"3 Darklings","floor":35,"turns":2},{"damage":4,"enemies":"Orb Walker","floor":39,"turns":1},{"damage":10,"enemies":"Reptomancer","floor":41,"turns":1},{"damage":8,"enemies":"R_Hoarder","floor":44,"turns":1},{"damage":6,"enemies":"Writhing Mass","floor":47,"turns":1},{"damage":16,"enemies":"Awakened One","floor":50,"turns":2},{"damage":10,"enemies":"Donu and Deca","floor":51,"turns":1}],"seed_played":"-3451162915663456732","potions_obtained":[{"floor":5,"key":"Adrenaline Potion"},{"floor":31,"key":"PowerPotion"},{"floor":44,"key":"Ancient Potion"}],"is_trial":true,"path_per_floor":["M","$","?","$","M","E","R","E","T","R","?","R","?","T","R","B",null,"M","M","$","?","$","R","E","?","T","R","M","E","?","M","R","B",null,"M","$","$","?","M","R","E","R","T","E","$","?","M","$","R","B","B",null],"character_chosen":"IRONCLAD","items_purchased":["ReplayTheSpireMod:Private Reserves","StuffTheSpire:PointBlank","vexMod:InvisibilityCloak","ClockworkSouvenir","Replay:Arrowhead","Regal Pillow","ReplayTheSpireMod:ShopPack","TheAbacus","Boot","Akabeko","StuffTheSpire:Barrel","Snack Pack","Bloodletting","vexMod:Spyglass","Eternal Feather","ReplayTheSpireMod:Spearhead","Strawberry","Replay:Wax Seal","Flex+1","Matryoshka","Chemical X","Replay:WaspNest","Replay:Rubber Ducky","vexMod:CardConverter","vexMod:PaidLearning","Molten Egg 2","Membership Card","aspiration:Nostalgia","Bag of Marbles","Replay:Multitool","Dual Wield+1","Juzu Bracelet","ReplayTheSpireMod:Lightbulb","Lantern","aspiration:FetidBarrel","OrangePellets","StuffTheSpire:DullRazor","Sling","Pear","Art of War","vexMod:FocusSash","Berserk","Gremlin Food","Centennial Puzzle","Blood Vial","The Bomb+1","Strange Spoon","HandDrill","vexMod:MemoryStick","Tiny Chest","Bag of Preparation","Self Forming Clay","StuffTheSpire:Gunfinga","Bottled Lightning","StuffTheSpire:Saxophone","Orichalcum","Replay:Bandana","ReplayTheSpireMod:Shallot","Girya","Counterbalance","Replay:Baseball","BargainBundle","Calipers","StuffTheSpire:HeavyRock","StuffTheSpire:GrapeVine","Guide Book","vexMod:Dragonfruit","Medical Kit","Onion Ring","Toy Ornithopter","vexMod:RedPlottingStone","Brimstone","Frozen Eye","Old Coin","Shuriken","StuffTheSpire:ForceGauntlet","Potion Belt","ReplayTheSpireMod:EnergyBall","King of Hearts","Nunchaku","Replay:Mystery Machine","StuffTheSpire:BottledEssence","Blue Doll","Singing Bowl","Happy Flower","Red Skull","ReplayTheSpireMod:Ninjato","War Paint","Mummified Hand","Paper Frog","Kunai","Vajra","ReplayFunnel"],"campfire_rested":0,"item_purchase_floors":[2,2,2,2,2,2,2,4,4,4,4,4,4,7,7,7,7,7,7,10,10,10,10,10,10,12,12,12,12,12,12,15,15,15,15,15,15,20,20,20,20,22,22,22,22,22,22,23,23,23,23,27,27,27,32,32,32,36,36,36,36,37,37,37,37,37,40,40,40,40,40,42,42,42,42,42,42,45,45,45,45,45,48,48,48,48,48,48,49,49,49,49,49],"current_hp_per_floor":[68,68,68,68,65,68,74,73,72,73,63,74,76,82,81,75,80,78,77,87,87,90,91,88,90,90,91,88,89,91,91,90,77,88,80,80,80,82,81,92,85,91,90,85,85,85,82,82,86,70,64],"gold":6436,"neow_bonus":"","is_daily":false,"chose_seed":false,"campfire_upgraded":0,"win_rate":0.0,"timestamp":1610292320,"path_taken":["M","$","?","?","?","E","R","E","T","R","?","R","?","?","R","BOSS","M","?","$","?","$","R","E","?","T","R","?","E","?","?","R","BOSS","M","?","$","?","?","R","E","R","T","E","$","?","?","$","R","BOSS","BOSS"],"items_purchased_type":["Card","Relic","Relic","Relic","Relic","Relic","Relic","Relic","Relic","Relic","Relic","Relic","Card","Relic","Relic","Relic","Relic","Relic","Card","Relic","Relic","Relic","Relic","Relic","Relic","Relic","Relic","Relic","Relic","Relic","Card","Relic","Relic","Relic","Relic","Relic","Relic","Relic","Relic","Relic","Relic","Card","Relic","Relic","Relic","Card","Relic","Relic","Relic","Relic","Relic","Relic","Relic","Relic","Relic","Relic","Relic","Relic","Relic","Relic","Relic","Relic","Relic","Relic","Relic","Relic","Relic","Relic","Relic","Relic","Relic","Relic","Relic","Relic","Relic","Relic","Relic","Relic","Relic","Relic","Relic","Relic","Relic","Relic","Relic","Relic","Relic","Relic","Relic","Relic","Relic","Relic","Relic"],"build_version":"2020-12-22","purchased_purges":21,"victory":true,"max_hp_per_floor":[73,72,71,70,69,68,74,73,72,73,74,75,76,82,81,82,81,80,79,88,87,90,91,92,93,92,91,90,91,92,91,90,91,90,89,88,87,88,88,92,92,91,90,90,89,88,88,87,86,85,84],"card_choices":[{"not_picked":["True Grit","ReplayTheSpireMod:LeadingStrike"],"picked":"Bloodletting","floor":1},{"not_picked":["Thinking Ahead","ReplayTheSpireMod:Brewmster"],"picked":"Mayhem","floor":2},{"not_picked":["Feel No Pain","Iron Wave","Rampage"],"picked":"SKIP","floor":5},{"not_picked":["Sword Boomerang","Perfected Strike","ReplayTheSpireMod:Strike From Hell"],"picked":"SKIP","floor":6},{"not_picked":["Heavy Blade","Clash","Searing Blow"],"picked":"SKIP","floor":8},{"not_picked":["Exhume+1","Demonic Infusion+1"],"picked":"Replay:Many Hands+1","floor":16},{"not_picked":["Stack+1","Gash+1","Thunderclap+1","Glacier+1"],"picked":"SKIP","floor":18},{"not_picked":["Perfected Strike+1","Turbo+1","Headbutt+1","StuffTheSpire:RockThrow+1"],"picked":"SKIP","floor":19},{"not_picked":["StuffTheSpire:EventHorizon+1","Compile Driver+1","Sever Soul+1"],"picked":"Fusion+1","floor":24},{"not_picked":["Perfected Strike+1","StuffTheSpire:Plugnplay+1","Recycle+1","Power Through+1"],"picked":"SKIP","floor":28},{"not_picked":["Shrug It Off+1","Clothesline+1","BasicCrystalCard+1"],"picked":"Heavy Blade+1","floor":29},{"not_picked":["Steam+1","Rebound+1","Twin Strike+1","Undo+1"],"picked":"SKIP","floor":31},{"not_picked":["Thunder Strike+1","Immolate+1","Juggernaut"],"picked":"Offering+1","floor":33},{"not_picked":["Inflame","Iron Wave+1","Rebound+1","Carnage+1"],"picked":"SKIP","floor":35},{"not_picked":["StuffTheSpire:BrainWave","StuffTheSpire:Perfection"],"picked":"StuffTheSpire:Ambrosia","floor":38},{"not_picked":["ReplayTheSpireMod:Strike From Hell+1","Beam Cell+1","Ghostly Armor+1","Fiend Fire+1"],"picked":"SKIP","floor":39},{"not_picked":["Leap+1","Warcry+1","True Grit+1","Recycle+1"],"picked":"SKIP","floor":41},{"not_picked":["Headbutt+1","Aggregate+1","ReplaySolidLightProjector+1","Skim+1"],"picked":"SKIP","floor":44},{"not_picked":["Chill+1","Pommel Strike+1","Aggregate+1","All For One+1"],"picked":"SKIP","floor":47}],"player_experience":235384,"relics_obtained":[{"floor":6,"key":"Toxic Egg 2"},{"floor":8,"key":"StuffTheSpire:OldFever"},{"floor":9,"key":"ReplayTheSpireMod:TigerMarble"},{"floor":14,"key":"StuffTheSpire:CocoNut"},{"floor":14,"key":"Blue Candle"},{"floor":24,"key":"Quantum Egg"},{"floor":26,"key":"Replay:PocketPolymizer"},{"floor":29,"key":"Whetstone"},{"floor":41,"key":"StuffTheSpire:Experiment12"},{"floor":43,"key":"Pen Nib"},{"floor":44,"key":"Letter Opener"}],"event_choices":[{"damage_healed":0,"gold_gain":0,"player_choice":"1 cards matched","damage_taken":0,"max_hp_gain":0,"max_hp_loss":0,"event_name":"Match and Keep!","floor":3,"gold_loss":0,"cards_obtained":["Replay:Many Hands"]},{"damage_healed":0,"gold_gain":0,"player_choice":"Ignored","damage_taken":0,"max_hp_gain":0,"max_hp_loss":0,"event_name":"Vampires","floor":21,"gold_loss":0},{"damage_healed":0,"gold_gain":0,"player_choice":"Insight","damage_taken":1,"max_hp_gain":0,"max_hp_loss":0,"event_name":"betterThird:BetterWriting","floor":25,"gold_loss":0,"cards_obtained":["Insight"]},{"damage_healed":0,"gold_gain":0,"player_choice":"Read","damage_taken":0,"max_hp_gain":0,"max_hp_loss":0,"event_name":"The Library","floor":30,"gold_loss":0,"cards_obtained":["Double Energy"]}],"is_beta":false,"boss_relics":[{"not_picked":["Runic Cube","aspiration:RitualDagger"],"picked":"aspiration:DefectSkillbook"},{"not_picked":["vexMod:EndlessSickness","Honey Jar"],"picked":"Electric Blood"}],"items_purged_floors":[2,4,7,10,12,12,15,15,20,22,22,23,23,27,32,32,36,36,37,37,49],"is_endless":false,"potions_floor_spawned":[5,6,19,28,29,31,33,35,41,44],"ascension_level":20}}