{"host":"ewfe3cr33ktd9xzj","time":1610251680,"event":{"mods":["AchievementEnabler","BaseMod","Colored Map","Custom Start","DeckTracker","Minty Spire (QoL Compilation)","Permanent Neow","Rare Cards Sparkle","StSLib","everything is the same but u backflip on backflip"],"gold_per_floor":[360,372,45,45,62,62,77,77,77],"floor_reached":8,"playtime":253,"items_purged":["Strike_G"],"score":96,"play_id":"4daf992e-5289-4c2a-af9f-cf67341ba0cf","local_time":"20210110130800","is_ascension_mode":true,"campfire_choices":[{"data":"Venomology","floor":6,"key":"SMITH"}],"circlet_count":0,"master_deck":["AscendersBane","Strike_G","Strike_G","Strike_G","Defend_G","Defend_G","Defend_G","Defend_G","Defend_G","Survivor","Neutralize","Well Laid Plans","Caltrops","Venomology+1","Flash of Steel","Backstab","Deadly Poison"],"relics":["Ring of the Snake"],"acts_visited":["Exordium"],"potions_floor_usage":[8],"damage_taken":[{"damage":3,"enemies":"Cultist","floor":1,"turns":4},{"damage":0,"enemies":"2 Louse","floor":2,"turns":3},{"damage":6,"enemies":"Jaw Worm","floor":5,"turns":6},{"damage":5,"enemies":"3 Louse","floor":7,"turns":6},{"damage":14,"enemies":"Gremlin Nob","floor":8,"turns":3}],"seed_played":"6601488285157046392","potions_obtained":[],"is_trial":false,"path_per_floor":["M","M","$","?","M","R","M","E"],"character_chosen":"THE_SILENT","items_purchased":["Venomology","Flash of Steel"],"campfire_rested":0,"item_purchase_floors":[3,3],"current_hp_per_floor":[56,56,56,56,50,50,45,31,31],"gold":77,"neow_bonus":"TWO_FIFTY_GOLD","is_daily":false,"chose_seed":false,"campfire_upgraded":1,"win_rate":0.0,"timestamp":1610251680,"path_taken":["M","M","$","?","M","R","M","E"],"items_purchased_type":["Card","Card"],"build_version":"2020-12-22","purchased_purges":1,"victory":false,"max_hp_per_floor":[60,60,60,60,60,60,60,60,60],"card_choices":[{"not_picked":["Bane","Deadly Poison"],"picked":"Well Laid Plans","floor":1},{"not_picked":["Backflip","Deflect"],"picked":"Caltrops","floor":2},{"not_picked":["Deflect","Tactician"],"picked":"Backstab","floor":5},{"not_picked":["Blur","Dodge and Roll"],"picked":"Deadly Poison","floor":7}],"player_experience":33096,"relics_obtained":[],"event_choices":[{"cards_removed":["Strike_G"],"damage_healed":0,"gold_gain":0,"player_choice":"Offered Basic","damage_taken":0,"max_hp_gain":0,"max_hp_loss":0,"event_name":"Bonfire Elementals","floor":4,"gold_loss":0}],"is_beta":false,"boss_relics":[],"items_purged_floors":[3],"is_endless":false,"potions_floor_spawned":[],"killed_by":"Gremlin Nob","ascension_level":20}}