{"host":"n605f8gctjc87d7h","time":1610301291,"event":{"mods":["Aspiration","Bard","BaseMod","Better Match","Better Note","Better Skull","Better Third Choice","Conspire","Downfall","Halation","Infinite Spire","Minty Spire (QoL Compilation)","Replay The Spire","Retaliation","Shade Mod","Spicy Shops","StSLib","The IronCluck"],"gold_per_floor":[116,46,46,46,67,67,101,101,149,174,174,195,220,245,245,245,245],"floor_reached":16,"playtime":925,"items_purged":[],"score":148,"play_id":"24898137-6d4a-4569-9670-124af6eeb884","local_time":"20210110095451","is_ascension_mode":true,"campfire_choices":[{"data":"Hidden Blade","floor":6.0,"key":"SMITH"},{"floor":8,"key":"REST"},{"floor":15,"key":"REST"}],"circlet_count":0,"master_deck":["Strike_G","Strike_G","Strike_G","Strike_G","Strike_G","Defend_G","Defend_G","Defend_G","Defend_G","Defend_G","Survivor","Neutralize","Blade Dance","Accuracy","Hidden Blade+1","Flying Knee+1"],"relics":["Ring of the Snake","infinitespire:Lucky Rock","halation:EternalFortune","Golden Idol","Molten Egg 2","Replay:Bottled Snecko"],"acts_visited":["Exordium"],"potions_floor_usage":[7,16,16],"damage_taken":[{"damage":1.0,"enemies":"Small Slimes","floor":1.0,"turns":5.0},{"damage":5.0,"enemies":"Jaw Worm","floor":5.0,"turns":5.0},{"damage":50,"enemies":"Replay:BlueRogue","floor":7,"turns":10},{"damage":0,"enemies":"Cultist","floor":10,"turns":3},{"damage":0,"enemies":"2 Fungi Beasts","floor":12,"turns":3},{"damage":18,"enemies":"Exordium Thugs","floor":13,"turns":4},{"damage":0,"enemies":"Blue Slaver","floor":14,"turns":4},{"damage":40,"enemies":"Hexaghost","floor":16,"turns":9}],"seed_played":"8617681355611024028","potions_obtained":[{"floor":1.0,"key":"Swift Potion"},{"floor":10,"key":"SmokeBomb"},{"floor":12,"key":"DuplicationPotion"},{"floor":13,"key":"SteroidPotion"}],"is_trial":false,"path_per_floor":["M","$","?","?","M","R","E","R","T","M","T","M","M","M","R","B"],"character_chosen":"THE_SILENT","items_purchased":["Accuracy"],"campfire_rested":2,"item_purchase_floors":[2],"current_hp_per_floor":[62,62,65,65,60,60,10,30,30,33,33,33,15,15,36,0,0],"gold":245,"neow_bonus":"RANDOM_COMMON_RELIC","is_daily":false,"chose_seed":false,"campfire_upgraded":1,"win_rate":0.0,"timestamp":1610301291,"path_taken":["M","$","?","?","M","R","E","R","T","M","?","M","M","?","R","BOSS"],"items_purchased_type":["Card"],"build_version":"2020-12-22","purchased_purges":0,"victory":false,"max_hp_per_floor":[70,70,73,68,68,68,68,68,68,71,71,71,71,71,71,71,71],"card_choices":[{"not_picked":["Deadly Poison","Flying Knee"],"picked":"Blade Dance","floor":1.0},{"not_picked":["Backflip","Replay:Bag of Tricks"],"picked":"Hidden Blade","floor":5.0},{"not_picked":["Poisoned Stab+1","Draining Mist","Dash+1"],"picked":"SKIP","floor":7},{"not_picked":["Fluid Movement","Deflect"],"picked":"Flying Knee+1","floor":10},{"not_picked":["Deadly Poison","Quick Slash+1","Backflip"],"picked":"SKIP","floor":12},{"not_picked":["Catalyst","Expertise","Deadly Poison"],"picked":"SKIP","floor":13},{"not_picked":["Reflex","Prepared","Concentrate"],"picked":"SKIP","floor":14}],"player_experience":641002,"relics_obtained":[{"floor":7,"key":"Molten Egg 2"},{"floor":10,"key":"halation:EternalFortune"},{"floor":11,"key":"Replay:Bottled Snecko"}],"event_choices":[{"damage_healed":0.0,"max_hp_gain":0.0,"max_hp_loss":5.0,"gold_gain":0.0,"event_name":"Golden Idol","player_choice":"Lose Max HP","floor":4.0,"gold_loss":0.0,"damage_taken":0.0,"relics_obtained":["Golden Idol"]}],"is_beta":false,"boss_relics":[],"items_purged_floors":[],"is_endless":false,"potions_floor_spawned":[1,10,12,13],"killed_by":"Hexaghost","ascension_level":9}}