{"host":"w9yruvs4bqht6bhw","time":1610240195,"event":{"mods":["BaseMod","Colored Powertips","Minty Spire (QoL Compilation)"],"gold_per_floor":[113,132,148,166,178,178,1,18,18,18,93,21,21,40,40,144,144,127,141,141,141,141,141,141,141],"floor_reached":24,"playtime":880,"items_purged":["Writhe"],"score":263,"play_id":"40662c78-d052-42fa-a31d-683fba90b42d","local_time":"20210109195635","is_ascension_mode":true,"campfire_choices":[{"data":"Barricade","floor":6,"key":"SMITH"},{"floor":13,"key":"REST"},{"data":"Defend_R","floor":15,"key":"SMITH"},{"floor":23,"key":"REST"}],"circlet_count":0,"master_deck":["Strike_R+1","Strike_R+1","Strike_R+1","Strike_R+1","Strike_R+1","Defend_R+1","Defend_R+1","Defend_R+1","Defend_R+1","Bash","Barricade+1","Rampage","Spot Weakness","Reaper","Thunderclap","Ghostly Armor","Demon Form","Armaments+1","Pommel Strike+1"],"relics":["Burning Blood","HornCleat"],"acts_visited":["Exordium","TheCity"],"potions_floor_usage":[4,5,8,8,14,16,18,19],"damage_taken":[{"damage":11,"enemies":"Cultist","floor":1,"turns":4},{"damage":10,"enemies":"Small Slimes","floor":2,"turns":4},{"damage":10,"enemies":"2 Louse","floor":3,"turns":3},{"damage":18,"enemies":"Exordium Thugs","floor":4,"turns":4},{"damage":13,"enemies":"Red Slaver","floor":5,"turns":3},{"damage":14,"enemies":"3 Louse","floor":8,"turns":5},{"damage":1,"enemies":"Looter","floor":14,"turns":4},{"damage":61,"enemies":"Slime Boss","floor":16,"turns":23},{"damage":13,"enemies":"2 Thieves","floor":18,"turns":4},{"damage":56,"enemies":"3 Byrds","floor":19,"turns":9},{"damage":65,"enemies":"Sentry and Sphere","floor":24,"turns":7}],"seed_played":"-4274276380777833596","potions_obtained":[{"floor":2,"key":"Strength Potion"},{"floor":3,"key":"SteroidPotion"},{"floor":4,"key":"ColorlessPotion"},{"floor":16,"key":"EssenceOfSteel"},{"floor":19,"key":"BloodPotion"}],"is_trial":false,"path_per_floor":["M","M","M","M","M","R","$","M","T","$","?","$","R","M","R","B",null,"M","M","$","?","?","R","M"],"character_chosen":"IRONCLAD","items_purchased":["Block Potion","PowerPotion","EssenceOfSteel"],"campfire_rested":2,"item_purchase_floors":[7,7,12],"current_hp_per_floor":[67,63,59,47,40,40,40,40,40,40,32,32,56,66,66,17,64,57,31,31,31,36,60,0,0],"gold":141,"neow_bonus":"THREE_RARE_CARDS","is_daily":false,"chose_seed":false,"campfire_upgraded":2,"win_rate":0.0,"timestamp":1610240195,"path_taken":["M","M","M","M","M","R","$","M","T","?","?","$","R","M","R","BOSS","M","?","$","?","?","R","M"],"items_purchased_type":["Potion","Potion","Potion"],"build_version":"2020-12-22","purchased_purges":1,"victory":false,"max_hp_per_floor":[80,80,80,80,80,80,80,80,80,80,80,80,80,80,80,80,80,80,80,80,80,80,80,80,80],"card_choices":[{"not_picked":["Berserk","Immolate"],"picked":"Barricade","floor":0},{"not_picked":["Metallicize","Twin Strike"],"picked":"Rampage","floor":1},{"not_picked":["Sword Boomerang","Pommel Strike"],"picked":"Clash","floor":2},{"not_picked":["Anger","True Grit"],"picked":"Spot Weakness","floor":3},{"not_picked":["Reckless Charge","Dual Wield"],"picked":"Reaper","floor":4},{"not_picked":["Wild Strike","Iron Wave"],"picked":"Thunderclap","floor":5},{"not_picked":["Flex","Power Through"],"picked":"Ghostly Armor","floor":8},{"not_picked":["Sword Boomerang","Feel No Pain","Cleave"],"picked":"SKIP","floor":14},{"not_picked":["Fiend Fire","Immolate"],"picked":"Demon Form","floor":16},{"not_picked":["Whirlwind","Headbutt"],"picked":"Armaments+1","floor":18},{"not_picked":["Anger","Cleave"],"picked":"Pommel Strike+1","floor":19}],"player_experience":362441,"relics_obtained":[{"floor":9,"key":"HornCleat"}],"event_choices":[{"damage_healed":0,"gold_gain":75,"player_choice":"Touch","damage_taken":8,"max_hp_gain":0,"max_hp_loss":0,"event_name":"FaceTrader","floor":11,"gold_loss":0},{"damage_healed":0,"gold_gain":0,"player_choice":"Simplicity","damage_taken":0,"max_hp_gain":0,"max_hp_loss":0,"event_name":"Back to Basics","floor":21,"gold_loss":0,"cards_upgraded":["Strike_R","Strike_R","Strike_R","Strike_R","Strike_R","Defend_R","Defend_R","Defend_R"]},{"cards_removed":["Clash"],"damage_healed":5,"gold_gain":0,"player_choice":"Offered Common","damage_taken":0,"max_hp_gain":0,"max_hp_loss":0,"event_name":"Bonfire Elementals","floor":22,"gold_loss":0},{"cards_removed":["Clash"],"damage_healed":5,"gold_gain":0,"player_choice":"Offered Special","damage_taken":0,"max_hp_gain":0,"max_hp_loss":0,"event_name":"Bonfire Elementals","floor":22,"gold_loss":0}],"is_beta":false,"boss_relics":[{"not_picked":["Velvet Choker","Calling Bell","Philosopher\u0027s Stone"]}],"items_purged_floors":[7],"is_endless":false,"potions_floor_spawned":[2,3,4,16,19],"killed_by":"Sentry and Sphere","ascension_level":8}}