{"host":"3y2rtlgteqp2nuo3","time":1610265369,"event":{"mods":["2.2 Compatiblity","AchievementEnabler","BaseMod","Colored Map","DeckTracker","Highlight Path","Keyboard Shortcuts","Minty Spire (QoL Compilation)","Permanent Neow","Quick Restart","StSLib","SuperFastMode","everything is the same but u backflip on backflip"],"gold_per_floor":[20,30,46,56,71,71,106,106,106,106,126,126,138,138,138,243,243,258,183,183,155,55,55,55],"floor_reached":23,"playtime":653,"items_purged":["Strike_G","Writhe"],"score":261,"play_id":"a20cc854-5274-49bd-a917-8b4c91e4fe47","local_time":"20210110165609","is_ascension_mode":true,"campfire_choices":[{"data":"Deadly Poison","floor":6.0,"key":"SMITH"},{"data":"Neutralize","floor":8.0,"key":"SMITH"},{"data":"Masterful Stab","floor":10.0,"key":"SMITH"},{"data":"Cloak And Dagger","floor":15.0,"key":"SMITH"}],"circlet_count":0,"master_deck":["Strike_G","Strike_G","Defend_G","Defend_G","Defend_G","Defend_G","Defend_G","Survivor","Neutralize+1","Venomology","Masterful Stab+1","Cloak And Dagger+1","Dagger Throw","Deadly Poison+1","Dagger Spray","Acrobatics","Tools of the Trade","Blur+1"],"relics":["Ring of the Snake","Meat on the Bone","WingedGreaves","Empty Cage","Incense Burner"],"acts_visited":["Exordium","TheCity"],"potions_floor_usage":[16,18,18,23,23],"damage_taken":[{"damage":0.0,"enemies":"Cultist","floor":1.0,"turns":4.0},{"damage":1.0,"enemies":"Jaw Worm","floor":2.0,"turns":5.0},{"damage":0.0,"enemies":"2 Louse","floor":3.0,"turns":2.0},{"damage":0.0,"enemies":"Looter","floor":4.0,"turns":4.0},{"damage":1.0,"enemies":"Red Slaver","floor":5.0,"turns":5.0},{"damage":12.0,"enemies":"Lagavulin","floor":7.0,"turns":5.0},{"damage":0.0,"enemies":"Large Slime","floor":11.0,"turns":5.0},{"damage":9.0,"enemies":"Lots of Slimes","floor":13.0,"turns":3.0},{"damage":40,"enemies":"Hexaghost","floor":16,"turns":13},{"damage":23,"enemies":"Shell Parasite","floor":18,"turns":9},{"damage":37,"enemies":"2 Thieves","floor":21,"turns":5},{"damage":21,"enemies":"Slavers","floor":23,"turns":3}],"seed_played":"2274563736697311245","potions_obtained":[{"floor":7.0,"key":"FearPotion"},{"floor":16,"key":"EssenceOfSteel"},{"floor":21,"key":"Poison Potion"}],"is_trial":false,"path_per_floor":["M","M","M","M","M","R","E","R","T","R","M","?","M","?","R","B",null,"M","$","?","M","$","E"],"character_chosen":"THE_SILENT","items_purchased":[],"campfire_rested":0,"item_purchase_floors":[],"current_hp_per_floor":[63,62,62,62,61,61,49,49,49,49,49,54,45,45,45,17,61,38,38,38,13,13,0,0],"gold":55,"neow_bonus":"THREE_RARE_CARDS","is_daily":false,"chose_seed":false,"campfire_upgraded":4,"win_rate":0.0,"timestamp":1610265369,"path_taken":["M","M","M","M","?","R","E","R","T","R","M","?","M","?","R","BOSS","M","$","?","M","$","E"],"items_purchased_type":[],"build_version":"2020-12-22","purchased_purges":2,"victory":false,"max_hp_per_floor":[70,70,70,70,70,70,70,70,70,70,70,75,75,75,75,75,75,75,75,75,75,75,75,75],"card_choices":[{"not_picked":["A Thousand Cuts","Wraith Form v2"],"picked":"Venomology","floor":0.0},{"not_picked":["Crippling Poison","Flying Knee"],"picked":"Masterful Stab","floor":1.0},{"not_picked":["Deflect","Eviscerate","Quick Slash"],"picked":"SKIP","floor":2.0},{"not_picked":["Quick Slash","Blur"],"picked":"Cloak And Dagger","floor":3.0},{"not_picked":["Eviscerate","Expertise"],"picked":"Dagger Throw","floor":4.0},{"not_picked":["Dagger Spray","Sucker Punch"],"picked":"Deadly Poison","floor":5.0},{"not_picked":["Slice","Storm of Steel","Deflect"],"picked":"SKIP","floor":7.0},{"not_picked":["Prepared","Cloak And Dagger"],"picked":"Dagger Spray","floor":11.0},{"not_picked":["Outmaneuver","Prepared"],"picked":"Acrobatics","floor":13.0},{"not_picked":["Phantasmal Killer","Venomology"],"picked":"Tools of the Trade","floor":16},{"not_picked":["Tactician","Sucker Punch"],"picked":"Blur+1","floor":18},{"not_picked":["Dodge and Roll","Deflect","Cloak And Dagger"],"picked":"SKIP","floor":21}],"player_experience":669001,"relics_obtained":[{"floor":7.0,"key":"Meat on the Bone"},{"floor":9.0,"key":"WingedGreaves"}],"event_choices":[{"damage_healed":0.0,"max_hp_gain":5.0,"max_hp_loss":0.0,"gold_gain":0.0,"event_name":"Big Fish","player_choice":"Donut","floor":12.0,"gold_loss":0.0,"damage_taken":0.0},{"damage_healed":0.0,"max_hp_gain":0.0,"max_hp_loss":0.0,"gold_gain":0.0,"event_name":"Liars Game","player_choice":"Ignored","floor":14.0,"gold_loss":0.0,"damage_taken":0.0},{"damage_healed":0,"gold_gain":0,"player_choice":"Opened","damage_taken":0,"relics_obtained":["Incense Burner"],"max_hp_gain":0,"max_hp_loss":0,"event_name":"The Mausoleum","floor":20,"gold_loss":0,"cards_obtained":["Writhe"]}],"is_beta":false,"boss_relics":[{"not_picked":["Sozu","Snecko Eye"],"picked":"Empty Cage"}],"items_purged_floors":[19,22],"is_endless":false,"potions_floor_spawned":[4,7,16,21],"killed_by":"Slavers","ascension_level":7}}