{"host":"1zjc08c6hob33401","time":1610319892,"event":{"mods":["AchievementEnabler","Act Like it!","Aspiration","BaseMod","Downfall","Energized Spire","Evolution","GifTheSpireLib","Hubris","Infinite Spire","Jedi Mod","Minty Spire (QoL Compilation)","Pale of the Ancients","Quick Restart","Replay The Spire","Retaliation","Shop Mod","StSLib","Stuff the Spire","The Blue Laboratory","Wandering Minibosses","vexMod"],"gold_per_floor":[110,126,140,25,35,35,66,66,119,119,135,135,158,173,173,173,173],"floor_reached":16,"playtime":876,"items_purged":["Defend_B"],"score":143,"play_id":"b85c0fc9-1292-42a4-a9f4-46ccf6253aa5","local_time":"20210111010452","is_ascension_mode":true,"campfire_choices":[{"data":"Buffer","floor":6.0,"key":"SMITH"},{"data":"ReplayTheSpireMod:GoodbyeWorld","floor":8.0,"key":"SMITH"},{"data":"Loop","floor":10.0,"key":"SMITH"},{"floor":12.0,"key":"REST"},{"data":"Self Repair","floor":15.0,"key":"SMITH"}],"circlet_count":0,"master_deck":["Compile Driver","Compile Driver","Strike_B","Strike_B","Defend_B","Defend_B","Defend_B+1","Zap","Dualcast+1","Amplify","Cold Snap","jedi:reiji","ReplayTheSpireMod:GoodbyeWorld+1","Loop+1","Buffer+1","Streamline","Self Repair+1","Genetic Algorithm"],"relics":["Cracked Core","EVO:Axolotl","aspiration:FetidBarrel","Boot","War Paint"],"acts_visited":["Exordium"],"potions_floor_usage":[16],"damage_taken":[{"damage":1.0,"enemies":"Cultist","floor":1.0,"turns":3.0},{"damage":3.0,"enemies":"Small Slimes","floor":2.0,"turns":3.0},{"damage":14.0,"enemies":"2 Louse","floor":3.0,"turns":2.0},{"damage":18.0,"enemies":"2 Fungi Beasts","floor":5.0,"turns":5.0},{"damage":10.0,"enemies":"Gremlin Nob","floor":7.0,"turns":5.0},{"damage":7.0,"enemies":"Lots of Slimes","floor":11.0,"turns":5.0},{"damage":3.0,"enemies":"Looter","floor":14.0,"turns":2.0},{"damage":38,"enemies":"Hexaghost","floor":16,"turns":9}],"seed_played":"-104921162622991450","potions_obtained":[{"floor":5.0,"key":"EssenceOfSteel"},{"floor":7.0,"key":"Dexterity Potion"},{"floor":14.0,"key":"SkillPotion"}],"is_trial":false,"path_per_floor":["M","M","M","$","M","R","E","R","T","R","M","R","T","M","R","B"],"character_chosen":"DEFECT","items_purchased":["Loop"],"campfire_rested":1,"item_purchase_floors":[4],"current_hp_per_floor":[67,64,50,50,32,32,22,22,22,22,15,37,37,34,34,0,0],"gold":173,"neow_bonus":"ONE_RANDOM_RARE_CARD","is_daily":false,"chose_seed":false,"campfire_upgraded":4,"win_rate":0.0,"timestamp":1610319892,"path_taken":["M","M","M","$","?","R","E","R","T","R","M","R","?","?","R","BOSS"],"items_purchased_type":["Card"],"build_version":"2020-12-22","purchased_purges":1,"victory":false,"max_hp_per_floor":[75,75,75,75,75,75,75,75,75,75,75,75,75,75,75,75,75],"card_choices":[{"not_picked":["Double Energy","jedi:sharpshooter"],"picked":"Cold Snap","floor":1.0},{"not_picked":["Leap","Beam Cell"],"picked":"jedi:reiji","floor":2.0},{"not_picked":["Hologram","jedi:locknload"],"picked":"ReplayTheSpireMod:GoodbyeWorld","floor":3.0},{"not_picked":["Melter","StuffTheSpire:Plugnplay"],"picked":"Buffer","floor":5.0},{"not_picked":["jedi:BurstFrost","Sunder"],"picked":"Streamline","floor":7.0},{"not_picked":["Genetic Algorithm","Sunder"],"picked":"Self Repair","floor":11.0},{"not_picked":["Time Bomb","Darkness"],"picked":"Genetic Algorithm","floor":14.0}],"player_experience":545531,"relics_obtained":[{"floor":7.0,"key":"aspiration:FetidBarrel"},{"floor":9.0,"key":"Boot"},{"floor":13.0,"key":"War Paint"}],"event_choices":[],"is_beta":false,"boss_relics":[],"items_purged_floors":[4],"is_endless":false,"potions_floor_spawned":[5,7,14],"killed_by":"Hexaghost","ascension_level":8}}