{"host":"59efrpl3ft1ymrg4","time":1610307992,"event":{"mods":["BaseMod","Minty Spire (QoL Compilation)"],"gold_per_floor":[119,81,91,41,67,97,97,116,139,139,139],"floor_reached":10,"playtime":1091,"items_purged":[],"score":66,"play_id":"d508e972-a73e-4f44-9283-cbdeeb012a00","local_time":"20210110194632","is_ascension_mode":false,"campfire_choices":[{"floor":7,"key":"REST"}],"circlet_count":0,"master_deck":["Strike_P","Strike_P","Strike_P","Defend_P","Defend_P","Defend_P","Defend_P","Eruption","Vigilance","Worship","LikeWater","Pray","Collect","JustLucky"],"relics":["PureWater","Lantern","Bag of Marbles","Happy Flower","Bronze Scales"],"acts_visited":["Exordium"],"potions_floor_usage":[10],"damage_taken":[{"damage":0.0,"enemies":"2 Louse","floor":1.0,"turns":3.0},{"damage":1.0,"enemies":"Jaw Worm","floor":3.0,"turns":5.0},{"damage":47,"enemies":"Gremlin Nob","floor":6,"turns":6},{"damage":4,"enemies":"Cultist","floor":8,"turns":7},{"damage":49,"enemies":"3 Sentries","floor":10,"turns":7}],"seed_played":"-8964344761250556689","potions_obtained":[{"floor":8,"key":"Strength Potion"}],"is_trial":false,"path_per_floor":["M","$","M","?","T","E","R","M","T","E"],"character_chosen":"WATCHER","items_purchased":["LikeWater"],"campfire_rested":1,"item_purchase_floors":[2],"current_hp_per_floor":[72,72,71,71,71,24,45,41,41,0,0],"gold":139,"neow_bonus":"RANDOM_COMMON_RELIC","is_daily":false,"chose_seed":false,"campfire_upgraded":0,"win_rate":0.0,"timestamp":1610307992,"path_taken":["M","$","M","?","?","E","R","M","T","E"],"items_purchased_type":["Card"],"build_version":"2020-12-22","purchased_purges":0,"victory":false,"max_hp_per_floor":[72,72,72,72,72,72,72,72,72,72,72],"card_choices":[{"not_picked":["SashWhip","Wallop"],"picked":"Worship","floor":1.0},{"not_picked":["Nirvana","TalkToTheHand"],"picked":"Pray","floor":3.0},{"not_picked":["SashWhip","CrushJoints"],"picked":"Collect","floor":6},{"not_picked":["PathToVictory","Pray"],"picked":"JustLucky","floor":8}],"player_experience":41873,"relics_obtained":[{"floor":5.0,"key":"Bag of Marbles"},{"floor":6,"key":"Happy Flower"},{"floor":9,"key":"Bronze Scales"}],"event_choices":[{"cards_removed":["Strike_P"],"damage_healed":0.0,"max_hp_gain":0.0,"max_hp_loss":0.0,"gold_gain":0.0,"event_name":"The Cleric","player_choice":"Card Removal","floor":4.0,"gold_loss":50.0,"damage_taken":0.0}],"is_beta":false,"boss_relics":[],"items_purged_floors":[],"is_endless":false,"potions_floor_spawned":[8],"killed_by":"3 Sentries","ascension_level":0}}