{"host":"yptvp0rjza9g9li7","time":1610249248,"event":{"mods":["AchievementEnabler","BaseMod","Colored Map","Colored Powertips","DeckTracker","Minty Spire (QoL Compilation)","SuperFastMode"],"gold_per_floor":[109,120,120,120,140,166,166,181,181,191,224,74,74,92,92,190,190,203,217,230,230,240,240,270,86,86,111,111,111],"floor_reached":28,"playtime":1117,"items_purged":["Defend_R"],"score":300,"play_id":"9ba75a4b-d47f-4c0b-b424-750c1498f60d","local_time":"20210110122728","is_ascension_mode":false,"campfire_choices":[{"data":"Searing Blow","floor":7.0,"key":"SMITH"},{"data":"Searing Blow+1","floor":13.0,"key":"SMITH"},{"data":"Searing Blow+2","floor":15.0,"key":"SMITH"},{"floor":23.0,"key":"REST"}],"circlet_count":0,"master_deck":["Strike_R","Strike_R","Strike_R","Defend_R","Defend_R","Defend_R","Bash+1","Twin Strike","Searing Blow+3","Heavy Blade","Shrug It Off","Headbutt","Shrug It Off","Metallicize","Offering","Feel No Pain","Second Wind","Exhume","Havoc+1","Intimidate","Feel No Pain+1","Pummel","Power Through","Dark Embrace"],"relics":["Burning Blood","Mango","Blue Candle","Self Forming Clay","SlaversCollar","Pen Nib","Pocketwatch","Potion Belt"],"acts_visited":["Exordium","TheCity"],"potions_floor_usage":[24,28],"damage_taken":[{"damage":6.0,"enemies":"Cultist","floor":1.0,"turns":3.0},{"damage":7.0,"enemies":"2 Louse","floor":2.0,"turns":3.0},{"damage":10.0,"enemies":"Jaw Worm","floor":5.0,"turns":4.0},{"damage":36.0,"enemies":"Lagavulin","floor":6.0,"turns":5.0},{"damage":4.0,"enemies":"Gremlin Gang","floor":8.0,"turns":4.0},{"damage":5.0,"enemies":"3 Louse","floor":10.0,"turns":4.0},{"damage":0.0,"enemies":"Gremlin Nob","floor":11.0,"turns":2.0},{"damage":17.0,"enemies":"Exordium Thugs","floor":14.0,"turns":4.0},{"damage":46.0,"enemies":"Slime Boss","floor":16.0,"turns":9.0},{"damage":40.0,"enemies":"3 Byrds","floor":18.0,"turns":7.0},{"damage":19.0,"enemies":"Shell Parasite","floor":19.0,"turns":8.0},{"damage":40.0,"enemies":"Centurion and Healer","floor":20.0,"turns":8.0},{"damage":6.0,"enemies":"Snake Plant","floor":22.0,"turns":3.0},{"damage":32,"enemies":"Gremlin Leader","floor":24,"turns":9},{"damage":25,"enemies":"Book of Stabbing","floor":28,"turns":5}],"seed_played":"4364478554725349283","potions_obtained":[{"floor":2.0,"key":"AttackPotion"},{"floor":8.0,"key":"Strength Potion"},{"floor":10.0,"key":"SneckoOil"},{"floor":18.0,"key":"SkillPotion"},{"floor":19.0,"key":"LiquidMemories"},{"floor":24,"key":"FearPotion"}],"is_trial":false,"path_per_floor":["M","M","?","?","M","E","R","M","T","M","E","$","R","M","R","B",null,"M","M","M","?","M","R","E","$","T","T","E"],"character_chosen":"IRONCLAD","items_purchased":["Feel No Pain","Second Wind","Power Through","Dark Embrace"],"campfire_rested":1,"item_purchase_floors":[12,12,25,25],"current_hp_per_floor":[80,79,79,84,80,64,64,66,66,67,73,73,73,62,62,22,99,65,52,18,18,18,47,21,21,21,21,0,0],"gold":111,"neow_bonus":"UPGRADE_CARD","is_daily":false,"chose_seed":false,"campfire_upgraded":3,"win_rate":0.0,"timestamp":1610249248,"path_taken":["M","M","?","?","?","E","R","M","T","M","E","$","R","M","R","BOSS","M","?","M","?","?","R","E","$","T","?","E"],"items_purchased_type":["Card","Card","Card","Card"],"build_version":"2020-12-22","purchased_purges":1,"victory":false,"max_hp_per_floor":[80,80,80,85,85,99,99,99,99,99,99,99,99,99,99,99,99,99,99,99,99,99,99,99,99,99,99,99,99],"card_choices":[{"not_picked":["Clothesline","Sentinel"],"picked":"Twin Strike","floor":1.0},{"not_picked":["Clothesline","Clash"],"picked":"Searing Blow","floor":2.0},{"not_picked":["Burning Pact","Clash"],"picked":"Shrug It Off","floor":5.0},{"not_picked":["Anger","Clothesline"],"picked":"Headbutt","floor":6.0},{"not_picked":["True Grit","Flex"],"picked":"Shrug It Off","floor":8.0},{"not_picked":["Rupture","Body Slam"],"picked":"Metallicize","floor":10.0},{"not_picked":["Uppercut","Perfected Strike"],"picked":"Offering","floor":11.0},{"not_picked":["Perfected Strike","Shrug It Off","Clothesline"],"picked":"SKIP","floor":14.0},{"not_picked":["Berserk","Limit Break"],"picked":"Exhume","floor":16.0},{"not_picked":["Twin Strike","Clash+1","Thunderclap+1"],"picked":"SKIP","floor":18.0},{"not_picked":["Sever Soul","Reckless Charge","Shrug It Off"],"picked":"SKIP","floor":19.0},{"not_picked":["Pommel Strike","Hemokinesis+1"],"picked":"Havoc+1","floor":20.0},{"not_picked":["Hemokinesis+1","Thunderclap+1"],"picked":"Feel No Pain+1","floor":22.0},{"not_picked":["Fiend Fire","Twin Strike"],"picked":"Pummel","floor":24}],"player_experience":180976,"relics_obtained":[{"floor":6.0,"key":"Mango"},{"floor":9.0,"key":"Blue Candle"},{"floor":11.0,"key":"Self Forming Clay"},{"floor":24,"key":"Pen Nib"},{"floor":26,"key":"Pocketwatch"},{"floor":27,"key":"Potion Belt"}],"event_choices":[{"damage_healed":0.0,"max_hp_gain":0.0,"max_hp_loss":0.0,"gold_gain":0.0,"cards_transformed":["Strike_R"],"event_name":"Living Wall","player_choice":"Change","floor":3.0,"gold_loss":0.0,"damage_taken":0.0,"cards_obtained":["Heavy Blade"]},{"damage_healed":0.0,"max_hp_gain":5.0,"max_hp_loss":0.0,"gold_gain":0.0,"event_name":"Big Fish","player_choice":"Donut","floor":4.0,"gold_loss":0.0,"damage_taken":0.0},{"damage_healed":0.0,"max_hp_gain":0.0,"max_hp_loss":0.0,"gold_gain":0.0,"cards_transformed":["Strike_R"],"event_name":"Transmorgrifier","player_choice":"Transformed","floor":21.0,"gold_loss":0.0,"damage_taken":0.0,"cards_obtained":["Intimidate"]}],"is_beta":false,"boss_relics":[{"not_picked":["Black Star","Black Blood"],"picked":"SlaversCollar"}],"items_purged_floors":[25],"is_endless":false,"potions_floor_spawned":[2,8,10,18,19,24],"killed_by":"Book of Stabbing","ascension_level":0}}