{"host":"0c61l48zxvai1g68","time":1610255276,"event":{"mods":["100% Spire Juice","2.2 Compatiblity","Act Like it!","Arknights The Spire","BaseMod","Challenge The Spire","Hallownest","HololiveMod","KinomotoSakuraMod(木之本樱)","KomeijiMod","Luminous","Minty Spire (QoL Compilation)","MostiFishMod","Poem Panic","Prisma Mod","Quick Restart","Replay The Spire","RumiaBox-露米娅的神秘盒子","StSLib","The Alterego","The Animator","TheSwordswoman","UnlockEverythingMod","Waifu the Spire","WarShipGirlsR/战舰少女R mod","Yakumo Yukari mod","【功能Mod】混沌之环修复补丁","【遗物卡牌】REMEMod"],"gold_per_floor":[176,186,196,196,210,228,228,272,295,295,304,326,370,370,370,476,476,500,509,136,156,246,290,290,290,313,336,373,373,437,437,437,544,571,641,713,713,650,676,712,721,796,796,822,851,895,916,925,925,925,925,925,545,586,556],"floor_reached":56,"playtime":1644,"items_purged":["Amnesia"],"score":1366,"play_id":"0c6486b3-d6d9-45b9-b933-389b2e57e781","local_time":"20210110130756","is_ascension_mode":false,"campfire_choices":[{"floor":10,"key":"REST"},{"data":"QueenOfMidnight","floor":29,"key":"SMITH"},{"floor":32,"key":"RECALL"},{"data":"RedMagic","floor":49,"key":"SMITH"},{"data":"AllTheWorldInNightmare","floor":52,"key":"SMITH"}],"circlet_count":0,"master_deck":["Absorbed","Scratch+1","CruelSlaughter+1","FateConcerto","RemiliaStretch_Remiria","Offensive","StigmaNizer","RemiliaStretch_Remiria","ServantFlier","PrismaMod:ChloeDevil","VampirishNight","FastHealing","CruelSlaughter","Warpath","ScarletDestiny","PartStrengthen","BloodCleaner+1","StarOfDavid","BloodCoagulation","RocketKickup","BloodSurge","ServantFlier+1","Cripple","QueenOfMidnight+1","RocketKickup+1","CruelSlaughter","FateSonata","Doubt","Writhe","CurseOfTheBell","FateSonata","BloodySuit+1","AllTheWorldInNightmare+1","RocketKickup","ServantFlier","FastHealing","PainBurst+1","StigmaNizer","RocketKickup+1","YoungDemonLord","RedMagic+1","Swift Strike","MostiFishMod:StoryBook","ThirstForBlood"],"relics":["ThirstyCrossSpe","DaveBox","REME_ComplimentaryCards","PoemPanic:PoemPanicRelic","ExusiaiGun","SynthV:TestCard","CeramicFish","Bronze Scales","Replay:Wax Seal","RhineFirstAidKit","ReplayTheSpireMod:Ring of Addiction","Chameleon Ring","Toy Ornithopter","ReplayTheSpireMod:Ring of Challenge","SentryEyes","Whetstone","ReplayFunnel","Replay:Ancient Bell","Hololive_LightStick","GodSword1","BionicSphere","Nunchaku","Pet Ghost","Darkstone Periapt","Peace Pipe","Strawberry","ReplayTheSpireMod:Ninjato"],"acts_visited":["Exordium","TheCity","TheBeyond","TheEnding"],"potions_floor_usage":[19,21,35,39],"damage_taken":[{"damage":11,"enemies":"Jaw Worm","floor":1,"turns":2},{"damage":0,"enemies":"Cultist","floor":2,"turns":1},{"damage":0,"enemies":"2 Louse","floor":3,"turns":2},{"damage":0,"enemies":"2 Fungi Beasts","floor":5,"turns":1},{"damage":0,"enemies":"Exordium Thugs","floor":6,"turns":1},{"damage":0,"enemies":"Gremlin Nob","floor":8,"turns":2},{"damage":0,"enemies":"Blue Slaver","floor":12,"turns":1},{"damage":1,"enemies":"Lagavulin","floor":13,"turns":2},{"damage":55,"enemies":"The Guardian","floor":16,"turns":4},{"damage":0,"enemies":"Chosen","floor":18,"turns":1},{"damage":20,"enemies":"2 Thieves","floor":21,"turns":2},{"damage":0,"enemies":"Book of Stabbing","floor":23,"turns":1},{"damage":15,"enemies":"Chosen and Byrds","floor":27,"turns":2},{"damage":17,"enemies":"Snake Plant","floor":28,"turns":3},{"damage":0,"enemies":"Centurion and Healer","floor":30,"turns":1},{"damage":0,"enemies":"Collector","floor":33,"turns":2},{"damage":0,"enemies":"Orb Walker","floor":35,"turns":1},{"damage":0,"enemies":"3 Shapes","floor":36,"turns":1},{"damage":10,"enemies":"Transient","floor":39,"turns":5},{"damage":0,"enemies":"Reptomancer","floor":40,"turns":3},{"damage":0,"enemies":"Jaw Worm Horde","floor":42,"turns":2},{"damage":0,"enemies":"Spire Growth","floor":44,"turns":1},{"damage":0,"enemies":"Writhing Mass","floor":45,"turns":2},{"damage":49,"enemies":"Nemesis","floor":46,"turns":4},{"damage":0,"enemies":"4 Shapes","floor":47,"turns":2},{"damage":10,"enemies":"Replay:Hell Engine","floor":50,"turns":3},{"damage":0,"enemies":"Shield and Spear","floor":54,"turns":2},{"damage":37,"enemies":"The Heart","floor":55,"turns":5}],"seed_played":"-6449740646212011467","potions_obtained":[{"floor":2,"key":"Block Potion"},{"floor":5,"key":"SteroidPotion"},{"floor":8,"key":"Swift Potion"},{"floor":19,"key":"SkillPotion"},{"floor":19,"key":"SneckoOil"},{"floor":19,"key":"REME_GoldPotion"},{"floor":33,"key":"Elixir"},{"floor":39,"key":"Adrenaline Potion"},{"floor":45,"key":"Regen Potion"}],"is_trial":false,"path_per_floor":["M","M","M","?","M","M","?","E","T","R","?","M","E","?","R","B",null,"M","?","$","M","?","E","R","$","T","M","M","R","M","$","R","B",null,"M","M","?","$","M","E","?","M","T","M","M","E","M","?","R","B",null,"R","$","E","B",null],"character_chosen":"RemiriaScarlet","items_purchased":["SentryEyes","BloodSurge","AllTheWorldInNightmare","Strawberry","MostiFishMod:StoryBook"],"campfire_rested":1,"item_purchase_floors":[20,20,38,53,53],"current_hp_per_floor":[91,91,97,97,97,97,94,94,94,100,100,100,100,100,100,55,100,100,100,100,80,68,68,68,68,68,63,96,96,96,94,94,94,92,92,92,92,92,80,90,90,90,88,88,88,86,86,86,84,74,84,82,89,89,52],"gold":556,"neow_bonus":"","is_daily":false,"chose_seed":false,"campfire_upgraded":3,"win_rate":0.0,"timestamp":1610255276,"path_taken":["M","M","M","?","?","M","?","E","T","R","?","?","E","?","R","BOSS","M","?","$","M","?","E","R","$","T","M","M","R","?","$","R","BOSS","M","M","?","$","M","E","?","M","T","M","M","E","?","?","R","BOSS","R","$","E","BOSS"],"items_purchased_type":["Relic","Card","Card","Relic","Card"],"build_version":"2020-12-22","purchased_purges":1,"victory":true,"max_hp_per_floor":[100,100,100,100,100,100,100,100,100,100,100,100,100,100,100,100,100,100,100,100,100,100,100,100,98,98,98,96,96,96,94,94,94,92,92,92,92,92,90,90,90,90,88,88,88,86,86,86,84,84,84,82,89,89,87],"card_choices":[{"not_picked":["Cripple","DemonsDinnerFork_Remiria"],"picked":"VampirishNight","floor":1},{"not_picked":["Cripple","Offensive","BloodySuit","FateCollect"],"picked":"FastHealing","floor":2},{"not_picked":["FateEnsemble","LifeBreak","BloodySuit","DoubleEdge"],"picked":"CruelSlaughter","floor":3},{"not_picked":["TricksterDevil","BloodCollect","DoubleEdge","BodyStrengthen"],"picked":"Warpath","floor":5},{"not_picked":["Cripple","DamonLordCradle_Remiria","ServantFlier","StigmaNizer"],"picked":"ScarletDestiny","floor":6},{"not_picked":["Warpath","BloodCleaner","FierceSweep","ThePrice"],"picked":"PartStrengthen","floor":8},{"not_picked":["PainBurst","FitfulNightmare","Warpath","CurseofVladTepes"],"picked":"BloodCleaner","floor":12},{"not_picked":["RocketKickup","DoubleEdge","Exsanguinate","BadLadyScramble"],"picked":"StarOfDavid","floor":13},{"not_picked":["RedMagic","RedtheNightlessCastle","Septette","RemiliaStalker"],"picked":"BloodCoagulation","floor":16},{"not_picked":["ChainGang","StigmaNizer","DemonsDinnerFork_Remiria+1","Cripple"],"picked":"RocketKickup","floor":18},{"not_picked":["FateMeister+1","PartStrengthen","Feint","Rewrite"],"picked":"ServantFlier+1","floor":21},{"not_picked":["VampirishNight","BloodyMagicSquare+1","Warpath","ScarletNetherworld"],"picked":"Cripple","floor":23},{"not_picked":["BloodySuit","FateMeister","DoubleEdge","PartStrengthen"],"picked":"QueenOfMidnight","floor":27},{"not_picked":["SealingFear","ThirstForBlood","DemonsDinnerFork_Remiria","Offensive"],"picked":"RocketKickup+1","floor":28},{"not_picked":["TricksterDevil+1","BodyStrengthen+1","FastHealing","Paradox"],"picked":"CruelSlaughter","floor":30},{"not_picked":["RemiliaStalker","BloodCoagulation","FitfulNightmare","Septette"],"picked":"FateSonata","floor":33},{"not_picked":["Hallucinations","ReplayTheSpireMod:Splinters","ReplayTheSpireMod:Restless Dread","REME_CurseOfMatryoshka"],"picked":"Doubt","floor":34},{"not_picked":["Looming Evil","Hololive_RevenueRecovery","Hallownest:curseDreamersLament","Replay:Hysterical Blindness"],"picked":"Writhe","floor":34},{"not_picked":["Overencumbered","animator:Curse_Nutcracker","animator:Curse_Dizziness","ReplayTheSpireMod:Faulty Equipment"],"picked":"CurseOfTheBell","floor":34},{"not_picked":["RocketKickup","BloodSurge+1","FastHealing","Cripple+1"],"picked":"FateSonata","floor":35},{"not_picked":["Feint+1","DoubleEdge+1","BloodCollect","Warpath"],"picked":"BloodySuit+1","floor":36},{"not_picked":["BodyStrengthen","BloodCollect+1","DoubleEdge","Warpath"],"picked":"RocketKickup","floor":39},{"not_picked":["CombatMeter","Rewrite","Warpath","SealingFear"],"picked":"ServantFlier","floor":40},{"not_picked":["BloodCleaner","RemiliaStalker","DemonLordWalk","RocketKickup+1"],"picked":"PainBurst+1","floor":42},{"not_picked":["DamonLordCradle_Remiria+1","BodyStrengthen","Feint+1","FastHealing"],"picked":"StigmaNizer","floor":44},{"not_picked":["PartStrengthen","BodyStrengthen","Warpath","DemonLordWalk"],"picked":"RocketKickup+1","floor":45},{"not_picked":["BloodCollect+1","SealingFear","BodyStrengthen","CurseofVladTepes+1"],"picked":"YoungDemonLord","floor":46},{"not_picked":["ChainGang","Offensive","PainBurst+1","BloodSurge"],"picked":"RedMagic","floor":47},{"not_picked":["PanicButton","Specialist","Mind Blast","REME_ShortnessOfBreath"],"picked":"Swift Strike","floor":48},{"not_picked":["DemonsDinnerFork_Remiria+1","FateConcerto","TricksterDevil+1","Offensive"],"picked":"ThirstForBlood","floor":54}],"player_experience":145535,"relics_obtained":[{"floor":1,"key":"SynthV:TestCard"},{"floor":8,"key":"Bronze Scales"},{"floor":13,"key":"Replay:Wax Seal"},{"floor":19,"key":"ReplayTheSpireMod:Ring of Addiction"},{"floor":19,"key":"Chameleon Ring"},{"floor":19,"key":"Toy Ornithopter"},{"floor":19,"key":"ReplayTheSpireMod:Ring of Challenge"},{"floor":23,"key":"Whetstone"},{"floor":26,"key":"ReplayFunnel"},{"floor":36,"key":"Nunchaku"},{"floor":40,"key":"Pet Ghost"},{"floor":43,"key":"Darkstone Periapt"},{"floor":46,"key":"Peace Pipe"},{"floor":54,"key":"ReplayTheSpireMod:Ninjato"}],"event_choices":[{"damage_healed":0,"gold_gain":0,"player_choice":"Bought 0 Potions","damage_taken":0,"max_hp_gain":0,"max_hp_loss":0,"event_name":"The Woman in Blue","floor":4,"gold_loss":0},{"damage_healed":0,"gold_gain":0,"player_choice":"Success","damage_taken":3,"relics_obtained":["CeramicFish"],"max_hp_gain":0,"max_hp_loss":0,"event_name":"Scrap Ooze","floor":7,"gold_loss":0},{"cards_removed":["ClowCardTheSword"],"damage_healed":0,"gold_gain":0,"player_choice":"Took Card","damage_taken":0,"max_hp_gain":0,"max_hp_loss":0,"event_name":"NoteForYourself","floor":11,"gold_loss":0,"cards_obtained":["ClowCardTheSword"]},{"damage_healed":0,"gold_gain":0,"player_choice":"Ignored","damage_taken":0,"max_hp_gain":0,"max_hp_loss":0,"event_name":"Shining Light","floor":14,"gold_loss":0},{"damage_healed":0,"gold_gain":90,"player_choice":"GOLD ","damage_taken":12,"max_hp_gain":0,"max_hp_loss":0,"event_name":"Knowing Skull","floor":22,"potions_obtained":[],"gold_loss":0,"cards_obtained":[]},{"cards_removed":["FateConcerto"],"damage_healed":0,"gold_gain":0,"player_choice":"Removed Skill","damage_taken":0,"max_hp_gain":0,"max_hp_loss":0,"event_name":"Falling","floor":37,"gold_loss":0},{"damage_healed":0,"gold_gain":0,"player_choice":"1 cards matched","damage_taken":0,"max_hp_gain":0,"max_hp_loss":0,"event_name":"Match and Keep!","floor":41,"gold_loss":0,"cards_obtained":["FastHealing"]},{"damage_healed":0,"gold_gain":0,"player_choice":"Memory 1","damage_taken":0,"max_hp_gain":0,"max_hp_loss":0,"event_name":"SensoryStone","floor":48,"gold_loss":0}],"is_beta":false,"boss_relics":[{"not_picked":["EE1DDrone","Painkiller Herb"],"picked":"RhineFirstAidKit"},{"not_picked":["Calling Bell","HereWithMe"],"picked":"Replay:Ancient Bell"},{"not_picked":["Ancient Tea Set","Grinning Jar"],"picked":"Hololive_LightStick"},{"not_picked":["Mercury Hourglass","Snack Pack"],"picked":"GodSword1"},{"not_picked":["Gambling Chip","RedTeaWithBlood"],"picked":"BionicSphere"}],"items_purged_floors":[53],"is_endless":false,"potions_floor_spawned":[2,5,8,13,16,18,21,30,33,39,44,45,47],"ascension_level":0}}