{"host":"3h5qf14xt40jhha0","time":1610260576,"event":{"mods":["AlwaysNeverKeys","BaseMod","Colored Powertips","Minty Spire (QoL Compilation)","Permanent Neow","Relic Stats","StSLib"],"gold_per_floor":[110,121,101,116,128,156,156,200,200,28,37,37,63,92,92,175,175,192,192,220,235,235,576,4,48,74,124,169,203,224,259,259,342,342,354,354,373,39,66,66,103,103,103,147,147,174,208,235,235,235,235,235,244,27,71,71],"floor_reached":57,"playtime":4307,"items_purged":["Strike_G"],"score":3447,"play_id":"8e21250c-7429-4265-a4ed-7e6b68bd3d12","local_time":"20210110013616","is_ascension_mode":true,"campfire_choices":[{"data":"Terror","floor":12,"key":"SMITH"},{"data":"Neutralize","floor":15,"key":"SMITH"},{"floor":32,"key":"DIG"},{"floor":40,"key":"DIG"},{"floor":42,"key":"DIG"},{"floor":45,"key":"DIG"},{"floor":49,"key":"RECALL"},{"floor":53,"key":"REST"}],"circlet_count":0,"master_deck":["AscendersBane","Defend_G","Defend_G","Defend_G","Defend_G","Defend_G","Survivor","Neutralize+1","All Out Attack","Dagger Throw","Eviscerate+1","Terror+1","Prepared+1","Calculated Gamble+1","Blade Dance+1","Malaise+1","Blade Dance+1","Malaise+1","Prepared+1","Phantasmal Killer+1","Leg Sweep+1","Adrenaline+1","Bite","Bite","Bite","Bite","Bite","Backflip+1","Backflip+1","Noxious Fumes","Burst+1","Dodge and Roll+1","Adrenaline+1","Footwork","Cloak And Dagger+1","Tactician+1","Madness+1","Blind+1","Madness+1","Escape Plan+1","Acrobatics+1","Acrobatics+1","Blade Dance+1","Backflip+1"],"relics":["Ring of the Snake","Vajra","Toxic Egg 2","CeramicFish","Ginger","Pear","Philosopher\u0027s Stone","Old Coin","Gambling Chip","OrangePellets","Shovel","Dream Catcher","Du-Vu Doll","Tingsha","Bronze Scales","Fusion Hammer","Oddly Smooth Stone","DollysMirror","Turnip","Anchor","StrikeDummy","InkBottle","Akabeko","Omamori","Bag of Preparation","TwistedFunnel","Orichalcum"],"acts_visited":["Exordium","TheCity","TheBeyond","TheEnding"],"potions_floor_usage":[5,6,8,13,14,16,16,21,23,29,48,51,56,56,56],"damage_taken":[{"damage":0,"enemies":"Cultist","floor":1,"turns":4},{"damage":0,"enemies":"Jaw Worm","floor":2,"turns":3},{"damage":0,"enemies":"2 Louse","floor":4,"turns":2},{"damage":6,"enemies":"Red Slaver","floor":5,"turns":3},{"damage":27,"enemies":"3 Sentries","floor":6,"turns":7},{"damage":17,"enemies":"Lagavulin","floor":8,"turns":6},{"damage":0,"enemies":"Gremlin Nob","floor":13,"turns":3},{"damage":0,"enemies":"Exordium Wildlife","floor":14,"turns":4},{"damage":0,"enemies":"Hexaghost","floor":16,"turns":6},{"damage":0,"enemies":"Chosen","floor":18,"turns":3},{"damage":0,"enemies":"Spheric Guardian","floor":20,"turns":3},{"damage":0,"enemies":"Centurion and Healer","floor":21,"turns":4},{"damage":40,"enemies":"Slavers","floor":23,"turns":4},{"damage":7,"enemies":"Book of Stabbing","floor":25,"turns":5},{"damage":2,"enemies":"Slavers","floor":29,"turns":2},{"damage":11,"enemies":"Snecko","floor":30,"turns":4},{"damage":0,"enemies":"Gremlin Leader","floor":31,"turns":5},{"damage":12,"enemies":"Champ","floor":33,"turns":8},{"damage":12,"enemies":"3 Darklings","floor":35,"turns":4},{"damage":1,"enemies":"3 Shapes","floor":37,"turns":8},{"damage":3,"enemies":"Jaw Worm Horde","floor":39,"turns":2},{"damage":0,"enemies":"Giant Head","floor":41,"turns":5},{"damage":0,"enemies":"Nemesis","floor":44,"turns":5},{"damage":0,"enemies":"Giant Head","floor":47,"turns":4},{"damage":0,"enemies":"Spire Growth","floor":48,"turns":4},{"damage":0,"enemies":"Donu and Deca","floor":50,"turns":8},{"damage":51,"enemies":"Time Eater","floor":51,"turns":17},{"damage":0,"enemies":"Shield and Spear","floor":55,"turns":4},{"damage":16,"enemies":"The Heart","floor":56,"turns":7}],"seed_played":"-1517598432083410622","potions_obtained":[{"floor":3,"key":"Energy Potion"},{"floor":4,"key":"Fire Potion"},{"floor":6,"key":"Poison Potion"},{"floor":8,"key":"FearPotion"},{"floor":13,"key":"EntropicBrew"},{"floor":18,"key":"GamblersBrew"},{"floor":21,"key":"AttackPotion"},{"floor":30,"key":"Weak Potion"},{"floor":31,"key":"SpeedPotion"},{"floor":33,"key":"SkillPotion"},{"floor":35,"key":"EntropicBrew"},{"floor":48,"key":"AttackPotion"}],"is_trial":false,"path_per_floor":["M","M","?","M","M","E","T","E","T","$","?","R","E","M","R","B",null,"M","?","M","M","?","E","$","E","T","?","?","E","M","E","R","B",null,"M","?","M","$","M","R","E","R","T","E","R","?","E","M","R","B","B",null,"R","$","E","B",null],"character_chosen":"THE_SILENT","items_purchased":["Blade Dance+1","SteroidPotion","Gambling Chip","Leg Sweep+1","OrangePellets","Oddly Smooth Stone","DollysMirror","TwistedFunnel","Blade Dance+1"],"campfire_rested":1,"item_purchase_floors":[10,10,24,24,24,38,38,54,54],"current_hp_per_floor":[59,59,59,59,53,26,26,9,9,9,9,9,19,19,19,19,62,62,62,62,62,62,22,22,15,15,15,15,15,10,26,26,32,48,44,37,42,42,47,47,53,53,53,53,53,43,51,53,53,53,14,43,53,53,53,45],"gold":71,"neow_bonus":"RANDOM_COMMON_RELIC","is_daily":false,"chose_seed":false,"campfire_upgraded":2,"win_rate":0.0,"timestamp":1610260576,"path_taken":["M","M","?","M","?","E","?","E","T","$","?","R","E","M","R","BOSS","M","?","M","?","?","E","?","E","T","?","?","E","M","E","R","BOSS","M","?","?","$","M","R","E","R","T","E","R","?","E","M","R","BOSS","BOSS","R","$","E","BOSS"],"items_purchased_type":["Card","Potion","Relic","Card","Relic","Relic","Relic","Relic","Card"],"build_version":"2020-12-22","purchased_purges":1,"victory":true,"max_hp_per_floor":[66,66,66,66,66,66,66,66,66,66,66,66,76,76,76,76,76,76,76,76,76,76,76,76,76,76,76,53,53,53,53,53,53,53,53,53,53,53,53,53,53,53,53,53,53,53,53,53,53,53,53,53,53,53,53,53],"relic_stats":{"counters":[29,144],"CeramicFish":279,"Tingsha":[557],"Bag of Preparation":[10],"Ginger":[11],"Orichalcum":[0],"OrangePellets":[2],"Dream Catcher":1,"Shovel":4,"Gambling Chip":[72],"Bronze Scales":[282],"Turnip":[4],"obtain_stats":[{"TwistedFunnel":54,"CeramicFish":8,"Vajra":0,"Bag of Preparation":47,"Ginger":9,"Old Coin":23,"Dream Catcher":26,"Shovel":25,"DollysMirror":38,"Gambling Chip":24,"Philosopher\u0027s Stone":17,"Fusion Hammer":34,"Toxic Egg 2":6,"InkBottle":43,"Ring of the Snake":0,"Pear":13,"Oddly Smooth Stone":38,"Tingsha":31,"Omamori":45,"Orichalcum":55,"Akabeko":44,"Du-Vu Doll":29,"OrangePellets":24,"Anchor":41,"Bronze Scales":32,"Turnip":40,"StrikeDummy":42},{"TwistedFunnel":27,"CeramicFish":6,"Vajra":0,"Bag of Preparation":24,"Ginger":6,"Old Coin":13,"Dream Catcher":14,"Shovel":14,"DollysMirror":20,"Gambling Chip":13,"Philosopher\u0027s Stone":9,"Fusion Hammer":18,"Toxic Egg 2":5,"InkBottle":22,"Ring of the Snake":0,"Pear":7,"Oddly Smooth Stone":20,"Tingsha":17,"Omamori":23,"Orichalcum":28,"Akabeko":23,"Du-Vu Doll":15,"OrangePellets":13,"Anchor":22,"Bronze Scales":17,"Turnip":21,"StrikeDummy":22},{"TwistedFunnel":133,"CeramicFish":25,"Vajra":0,"Bag of Preparation":104,"Ginger":25,"Old Coin":52,"Dream Catcher":57,"Shovel":57,"DollysMirror":88,"Gambling Chip":52,"Philosopher\u0027s Stone":38,"Fusion Hammer":76,"Toxic Egg 2":19,"InkBottle":95,"Ring of the Snake":0,"Pear":28,"Oddly Smooth Stone":88,"Tingsha":68,"Omamori":100,"Orichalcum":137,"Akabeko":100,"Du-Vu Doll":59,"OrangePellets":52,"Anchor":95,"Bronze Scales":68,"Turnip":90,"StrikeDummy":95}],"InkBottle":[43],"Ring of the Snake":[58]},"card_choices":[{"not_picked":["Dodge and Roll","Quick Slash"],"picked":"All Out Attack","floor":1},{"not_picked":["Flying Knee","Bane"],"picked":"Dagger Throw","floor":2},{"not_picked":["Prepared","Escape Plan"],"picked":"Eviscerate","floor":4},{"not_picked":["Crippling Poison","Predator"],"picked":"Terror","floor":5},{"not_picked":["Deflect+1","Backflip+1"],"picked":"Prepared+1","floor":6},{"not_picked":["Sucker Punch","Accuracy"],"picked":"Calculated Gamble+1","floor":8},{"not_picked":["Bouncing Flask+1","Poisoned Stab","Deadly Poison+1"],"picked":"SKIP","floor":13},{"not_picked":["Glass Knife","Quick Slash"],"picked":"Blade Dance+1","floor":14},{"not_picked":["Corpse Explosion+1","Storm of Steel+1"],"picked":"Malaise+1","floor":16},{"not_picked":["Riddle With Holes","All Out Attack","Deflect+1"],"picked":"SKIP","floor":18},{"not_picked":["Slice","Sucker Punch+1"],"picked":"Prepared+1","floor":20},{"not_picked":["Deflect+1","Sucker Punch","Slice"],"picked":"SKIP","floor":21},{"not_picked":["Slice","Quick Slash"],"picked":"Phantasmal Killer+1","floor":23},{"not_picked":["Acrobatics+1","Bane"],"picked":"Adrenaline+1","floor":25},{"not_picked":["Bane","Dagger Throw"],"picked":"Backflip+1","floor":29},{"not_picked":["PiercingWail+1","Bouncing Flask+1"],"picked":"Backflip+1","floor":30},{"not_picked":["Underhanded Strike","Dodge and Roll+1"],"picked":"Noxious Fumes","floor":31},{"not_picked":["Phantasmal Killer+1","Venomology+1"],"picked":"Burst+1","floor":33},{"not_picked":["Backstab+1","Quick Slash","Dash"],"picked":"SKIP","floor":35},{"not_picked":["Prepared+1","Predator"],"picked":"Dodge and Roll+1","floor":37},{"not_picked":["PiercingWail+1","Prepared+1"],"picked":"Footwork","floor":39},{"not_picked":["Dagger Throw","Dodge and Roll+1"],"picked":"Cloak And Dagger+1","floor":41},{"not_picked":["Slice+1","Underhanded Strike"],"picked":"Tactician+1","floor":44},{"not_picked":["Violence+1","Bandage Up+1"],"picked":"Madness+1","floor":46},{"not_picked":["Purity+1","Violence+1"],"picked":"Blind+1","floor":46},{"not_picked":["Panacea+1","Enlightenment+1"],"picked":"Madness+1","floor":46},{"not_picked":["Riddle With Holes+1","Poisoned Stab+1"],"picked":"Escape Plan+1","floor":47},{"not_picked":["Bane+1","Bouncing Flask+1"],"picked":"Acrobatics+1","floor":48},{"not_picked":["Poisoned Stab","Skewer"],"picked":"Acrobatics+1","floor":53},{"not_picked":["Underhanded Strike","Finisher"],"picked":"Backflip+1","floor":55}],"player_experience":1308087,"relics_obtained":[{"floor":6,"key":"Toxic Egg 2"},{"floor":8,"key":"CeramicFish"},{"floor":9,"key":"Ginger"},{"floor":13,"key":"Pear"},{"floor":23,"key":"Old Coin"},{"floor":25,"key":"Shovel"},{"floor":26,"key":"Dream Catcher"},{"floor":29,"key":"Du-Vu Doll"},{"floor":31,"key":"Tingsha"},{"floor":32,"key":"Bronze Scales"},{"floor":40,"key":"Turnip"},{"floor":41,"key":"Anchor"},{"floor":42,"key":"StrikeDummy"},{"floor":43,"key":"InkBottle"},{"floor":44,"key":"Akabeko"},{"floor":45,"key":"Omamori"},{"floor":47,"key":"Bag of Preparation"},{"floor":55,"key":"Orichalcum"}],"event_choices":[{"damage_healed":0,"gold_gain":0,"player_choice":"Bought 1 Potion","damage_taken":0,"max_hp_gain":0,"max_hp_loss":0,"event_name":"The Woman in Blue","floor":3,"gold_loss":0},{"damage_healed":0,"gold_gain":0,"cards_transformed":["Strike_G"],"player_choice":"Change","damage_taken":0,"max_hp_gain":0,"max_hp_loss":0,"event_name":"Living Wall","floor":11,"gold_loss":0,"cards_obtained":["Malaise"]},{"damage_healed":0,"gold_gain":0,"player_choice":"Forge","damage_taken":0,"max_hp_gain":0,"max_hp_loss":0,"event_name":"Accursed Blacksmith","floor":19,"gold_loss":0,"cards_upgraded":["Eviscerate"]},{"cards_removed":["Strike_G"],"damage_healed":0,"gold_gain":0,"player_choice":"Purged","damage_taken":0,"max_hp_gain":0,"max_hp_loss":0,"event_name":"Purifier","floor":22,"gold_loss":0},{"damage_healed":0,"gold_gain":50,"player_choice":"Stole From Cult","damage_taken":0,"max_hp_gain":0,"max_hp_loss":0,"event_name":"Nest","floor":27,"gold_loss":0},{"damage_healed":0,"gold_gain":0,"player_choice":"Became a vampire","damage_taken":0,"max_hp_gain":0,"max_hp_loss":23,"event_name":"Vampires","floor":28,"gold_loss":0,"cards_obtained":["Bite","Bite","Bite","Bite","Bite"]},{"damage_healed":0,"gold_gain":0,"player_choice":"Damaged","damage_taken":7,"max_hp_gain":0,"max_hp_loss":0,"event_name":"Wheel of Change","floor":36,"gold_loss":0},{"damage_healed":0,"gold_gain":0,"player_choice":"Memory 3","damage_taken":10,"max_hp_gain":0,"max_hp_loss":0,"event_name":"SensoryStone","floor":46,"gold_loss":0}],"is_beta":false,"boss_relics":[{"not_picked":["Black Star","Velvet Choker"],"picked":"Philosopher\u0027s Stone"},{"not_picked":["Empty Cage","Ring of the Serpent"],"picked":"Fusion Hammer"}],"items_purged_floors":[10],"is_endless":false,"potions_floor_spawned":[4,6,8,13,18,21,30,31,33,35,37,41,48],"ascension_level":20}}