{"host":"d23wowvt3mehu8rg","time":1610286248,"event":{"mods":["BaseMod","Colored Powertips","Dark Map","Highlight Path","Minty Spire (QoL Compilation)","Slay-I"],"gold_per_floor":[119,134,150,150,150,185,185,42,65,79,98,98,98],"floor_reached":12,"playtime":802,"items_purged":[],"score":84,"play_id":"aa786216-1cbc-4924-b0ac-f095febf0f65","local_time":"20210110144408","is_ascension_mode":true,"campfire_choices":[{"data":"Neutralize","floor":7,"key":"SMITH"}],"circlet_count":0,"master_deck":["Strike_G","Strike_G","Strike_G","Strike_G","Strike_G","Defend_G","Defend_G","Defend_G","Defend_G","Defend_G","Survivor","Neutralize+1","Cloak And Dagger","All Out Attack","Catalyst","Injury","Dagger Throw","Backflip","Wraith Form v2"],"relics":["Ring of the Snake","Golden Idol","PreservedInsect","Nunchaku","Regal Pillow"],"acts_visited":["Exordium"],"potions_floor_usage":[6,6],"damage_taken":[{"damage":0,"enemies":"Small Slimes","floor":1,"turns":4},{"damage":0,"enemies":"2 Louse","floor":2,"turns":4},{"damage":1,"enemies":"Jaw Worm","floor":3,"turns":4},{"damage":14,"enemies":"Gremlin Nob","floor":6,"turns":4},{"damage":13,"enemies":"Exordium Thugs","floor":10,"turns":4},{"damage":3,"enemies":"3 Louse","floor":11,"turns":2},{"damage":52,"enemies":"Lagavulin","floor":12,"turns":11}],"seed_played":"8390528440559256142","potions_obtained":[{"floor":2,"key":"PowerPotion"},{"floor":3,"key":"BlessingOfTheForge"},{"floor":6,"key":"Strength Potion"}],"is_trial":false,"path_per_floor":["M","M","M","?","?","E","R","$","T","M","M","E"],"character_chosen":"THE_SILENT","items_purchased":["Nunchaku"],"campfire_rested":0,"item_purchase_floors":[8],"current_hp_per_floor":[77,77,76,76,76,62,62,62,62,49,46,0,0],"gold":98,"neow_bonus":"TEN_PERCENT_HP_BONUS","is_daily":false,"chose_seed":false,"campfire_upgraded":1,"win_rate":0.0,"timestamp":1610286248,"path_taken":["M","M","M","?","?","E","R","?","T","M","M","E"],"items_purchased_type":["Relic"],"build_version":"2020-12-22","purchased_purges":0,"victory":false,"max_hp_per_floor":[77,77,77,77,77,77,77,77,77,77,77,77,77],"card_choices":[{"not_picked":["Dodge and Roll","Crippling Poison"],"picked":"Cloak And Dagger","floor":1},{"not_picked":["Leg Sweep","Well Laid Plans"],"picked":"All Out Attack","floor":2},{"not_picked":["Sucker Punch","PiercingWail"],"picked":"Catalyst","floor":3},{"not_picked":["Reflex","Dagger Spray"],"picked":"Dagger Throw","floor":6},{"not_picked":["Dagger Spray","Concentrate"],"picked":"Backflip","floor":10},{"not_picked":["Quick Slash","Deflect"],"picked":"Wraith Form v2","floor":11}],"player_experience":176689,"relics_obtained":[{"floor":6,"key":"PreservedInsect"},{"floor":9,"key":"Regal Pillow"}],"event_choices":[{"damage_healed":0,"gold_gain":0,"player_choice":"Ignored","damage_taken":0,"max_hp_gain":0,"max_hp_loss":0,"event_name":"Liars Game","floor":4,"gold_loss":0},{"damage_healed":0,"gold_gain":0,"player_choice":"Take Wound","damage_taken":0,"relics_obtained":["Golden Idol"],"max_hp_gain":0,"max_hp_loss":0,"event_name":"Golden Idol","floor":5,"gold_loss":0,"cards_obtained":["Injury"]}],"is_beta":false,"boss_relics":[],"items_purged_floors":[],"is_endless":false,"potions_floor_spawned":[2,3,6],"killed_by":"Lagavulin","ascension_level":1}}