{"host":"7gewg82ormp6yt4e","time":1610291445,"event":{"mods":["BaseMod","Block Reminder","Colored Map","Colored Powertips","DeckTracker","Highlight Path","Minty Spire (QoL Compilation)","Relic Stats","StSLib","ojb\u0027s Info Mod"],"gold_per_floor":[115,40,56,206,206,206,206,21,103,121,121,121,121,155,155,226,226,239,256,22,22,34,34,34,34,34,34,50,69,69,85,85,160,160,177,222,140,168,190,190,190],"floor_reached":40,"playtime":1595,"items_purged":[],"score":768,"play_id":"f159d174-0ecf-4d46-ba21-bb1001d18ea2","local_time":"20210111001045","is_ascension_mode":true,"campfire_choices":[{"data":"Zap","floor":6,"key":"SMITH"},{"data":"Apotheosis","floor":11,"key":"SMITH"},{"data":"Static Discharge","floor":15,"key":"SMITH"},{"floor":23,"key":"REST"},{"data":"Biased Cognition","floor":25,"key":"SMITH"},{"floor":32,"key":"REST"}],"circlet_count":0,"master_deck":["AscendersBane","Defend_B+1","Defend_B+1","Defend_B+1","Defend_B+1","Zap+1","Dualcast","Storm","Ball Lightning","Apotheosis+1","Ball Lightning","Static Discharge+1","Biased Cognition+1","Machine Learning+1","Multi-Cast+1","Barrage+1","Storm","White Noise","Static Discharge","Hologram","Go for the Eyes+1","Cold Snap","Beam Cell+1","Echo Form","White Noise+1","Deep Breath","Undo+1","Coolheaded"],"relics":["Cracked Core","Bird Faced Urn","White Beast Statue","Pantograph","Calipers","Astrolabe","ClockworkSouvenir","Fusion Hammer","CeramicFish"],"acts_visited":["Exordium","TheCity","TheBeyond"],"potions_floor_usage":[16,16,18,33,33,38,38,39,40],"damage_taken":[{"damage":4,"enemies":"Small Slimes","floor":1,"turns":3},{"damage":4,"enemies":"Jaw Worm","floor":3,"turns":6},{"damage":0,"enemies":"Cultist","floor":10,"turns":3},{"damage":24,"enemies":"3 Sentries","floor":14,"turns":5},{"damage":30,"enemies":"Slime Boss","floor":16,"turns":6},{"damage":15,"enemies":"3 Byrds","floor":18,"turns":3},{"damage":3,"enemies":"Spheric Guardian","floor":19,"turns":3},{"damage":45,"enemies":"Shelled Parasite and Fungi","floor":22,"turns":4},{"damage":21,"enemies":"Snecko","floor":28,"turns":4},{"damage":15,"enemies":"Centurion and Healer","floor":29,"turns":4},{"damage":17,"enemies":"Cultist and Chosen","floor":31,"turns":3},{"damage":21,"enemies":"Automaton","floor":33,"turns":8},{"damage":21,"enemies":"Orb Walker","floor":35,"turns":3},{"damage":33,"enemies":"3 Darklings","floor":38,"turns":4},{"damage":46,"enemies":"Jaw Worm Horde","floor":39,"turns":5},{"damage":31,"enemies":"Reptomancer","floor":40,"turns":2}],"seed_played":"88406542289705129","potions_obtained":[{"floor":1,"key":"Swift Potion"},{"floor":10,"key":"Weak Potion"},{"floor":16,"key":"Energy Potion"},{"floor":18,"key":"Energy Potion"},{"floor":19,"key":"PowerPotion"},{"floor":29,"key":"Dexterity Potion"},{"floor":33,"key":"AttackPotion"},{"floor":35,"key":"LiquidMemories"},{"floor":38,"key":"EssenceOfSteel"},{"floor":39,"key":"AttackPotion"}],"is_trial":false,"path_per_floor":["M","?","M","?","?","R","?","$","T","M","R","?","T","E","R","B",null,"M","M","$","?","M","R","?","R","T","?","M","M","$","M","R","B",null,"M","T","$","M","M","E"],"character_chosen":"DEFECT","items_purchased":["Apotheosis","ClockworkSouvenir","Static Discharge","Deep Breath"],"campfire_rested":2,"item_purchase_floors":[8,20,20,37],"current_hp_per_floor":[42,42,40,40,33,33,38,38,38,40,40,40,40,18,18,17,61,54,59,59,59,28,50,50,50,50,50,41,40,40,35,57,55,71,62,62,62,47,15,0,0],"gold":190,"neow_bonus":"ONE_RARE_RELIC","is_daily":false,"chose_seed":false,"campfire_upgraded":4,"win_rate":0.0,"timestamp":1610291445,"path_taken":["M","?","M","?","?","R","?","$","T","M","R","?","?","E","R","BOSS","M","M","$","?","M","R","?","R","T","?","?","M","$","M","R","BOSS","M","?","?","?","M","E"],"items_purchased_type":["Card","Relic","Card","Card"],"build_version":"2020-12-22","purchased_purges":0,"victory":false,"max_hp_per_floor":[71,71,71,71,71,71,76,76,76,76,76,76,76,76,76,76,76,76,76,76,76,76,76,76,76,76,76,76,76,76,76,76,76,76,76,76,76,76,76,76,76],"relic_stats":{"counters":[16,66],"Bird Faced Urn":[128],"Pantograph":44,"Astrolabe":["Machine Learning","Multi-Cast","Barrage"],"CeramicFish":27,"obtain_stats":[{"Calipers":14,"Bird Faced Urn":0,"Pantograph":13,"Astrolabe":17,"CeramicFish":36,"Fusion Hammer":34,"Cracked Core":0,"White Beast Statue":9,"ClockworkSouvenir":20},{"Calipers":4,"Bird Faced Urn":0,"Pantograph":3,"Astrolabe":5,"CeramicFish":13,"Fusion Hammer":12,"Cracked Core":0,"White Beast Statue":2,"ClockworkSouvenir":7},{"Calipers":17,"Bird Faced Urn":0,"Pantograph":12,"Astrolabe":23,"CeramicFish":55,"Fusion Hammer":52,"Cracked Core":0,"White Beast Statue":9,"ClockworkSouvenir":29}]},"card_choices":[{"not_picked":["Chill","Beam Cell"],"picked":"Storm","floor":1},{"not_picked":["Beam Cell","Double Energy"],"picked":"Ball Lightning","floor":3},{"not_picked":["Barrage","Coolheaded"],"picked":"Ball Lightning","floor":10},{"not_picked":["Lockon","Rip and Tear"],"picked":"Static Discharge","floor":14},{"not_picked":["Machine Learning","Thunder Strike"],"picked":"Biased Cognition","floor":16},{"not_picked":["Beam Cell","Steam"],"picked":"Storm","floor":18},{"not_picked":["Hologram","Steam Power"],"picked":"White Noise","floor":19},{"not_picked":["Beam Cell","Compile Driver"],"picked":"Hologram","floor":22},{"not_picked":["Steam","Aggregate"],"picked":"Go for the Eyes+1","floor":28},{"not_picked":["FTL","Stack+1"],"picked":"Cold Snap","floor":29},{"not_picked":["Steam Power+1","Steam"],"picked":"Beam Cell+1","floor":31},{"not_picked":["Fission","Buffer"],"picked":"Echo Form","floor":33},{"not_picked":["Scrape","Force Field"],"picked":"White Noise+1","floor":35},{"not_picked":["Fusion+1","Barrage"],"picked":"Undo+1","floor":38},{"not_picked":["Hologram+1","Stack"],"picked":"Coolheaded","floor":39}],"player_experience":2528694,"relics_obtained":[{"floor":9,"key":"White Beast Statue"},{"floor":13,"key":"Pantograph"},{"floor":14,"key":"Calipers"},{"floor":36,"key":"CeramicFish"}],"event_choices":[{"cards_removed":["Strike_B"],"damage_healed":0,"gold_gain":0,"player_choice":"Card Removal","damage_taken":0,"max_hp_gain":0,"max_hp_loss":0,"event_name":"The Cleric","floor":2,"gold_loss":75},{"damage_healed":0,"gold_gain":150,"player_choice":"AGREE","damage_taken":0,"max_hp_gain":0,"max_hp_loss":0,"event_name":"Liars Game","floor":4,"gold_loss":0,"cards_obtained":["Doubt"]},{"cards_removed":["Doubt"],"damage_healed":0,"gold_gain":0,"player_choice":"Card Removal","damage_taken":7,"max_hp_gain":0,"max_hp_loss":0,"event_name":"Golden Wing","floor":5,"gold_loss":0},{"damage_healed":0,"gold_gain":0,"player_choice":"Donut","damage_taken":0,"max_hp_gain":5,"max_hp_loss":0,"event_name":"Big Fish","floor":7,"gold_loss":0},{"damage_healed":0,"gold_gain":0,"player_choice":"Ignored","damage_taken":0,"max_hp_gain":0,"max_hp_loss":0,"event_name":"Shining Light","floor":12,"gold_loss":0},{"damage_healed":0,"gold_gain":0,"player_choice":"Ignored","damage_taken":0,"max_hp_gain":0,"max_hp_loss":0,"event_name":"The Mausoleum","floor":21,"gold_loss":0},{"damage_healed":0,"gold_gain":0,"player_choice":"Ignored","damage_taken":0,"max_hp_gain":0,"max_hp_loss":0,"event_name":"Vampires","floor":24,"gold_loss":0},{"damage_healed":0,"gold_gain":0,"player_choice":"Simplicity","damage_taken":0,"max_hp_gain":0,"max_hp_loss":0,"event_name":"Back to Basics","floor":27,"gold_loss":0,"cards_upgraded":["Defend_B","Defend_B","Defend_B","Defend_B"]}],"is_beta":false,"boss_relics":[{"not_picked":["Philosopher\u0027s Stone","Calling Bell"],"picked":"Astrolabe"},{"not_picked":["FrozenCore","Runic Dome"],"picked":"Fusion Hammer"}],"items_purged_floors":[],"is_endless":false,"potions_floor_spawned":[1,10,14,16,18,19,22,28,29,31,33,35,38,39],"killed_by":"Reptomancer","ascension_level":20}}