{"host":"w3q5ijqu8eoknil3","time":1610242035,"event":{"mods":["AchievementEnabler","BaseMod","Block Reminder","Colored Powertips","Curses Come First","Minty Spire (QoL Compilation)","Quick Restart","Relic Stats","StSLib","ojb\u0027s Better Paths Mod","ojb\u0027s Info Mod","slay the spire mod where everything is the same but ironclad has a cowboy hat"],"gold_per_floor":[366,43,118,130,55,55,84,84,138,138,138],"floor_reached":10,"playtime":384,"items_purged":[],"score":118,"play_id":"7899dad2-7f41-40ee-88b4-a1a6ff839702","local_time":"20210110012715","is_ascension_mode":true,"campfire_choices":[{"data":"Leg Sweep","floor":6,"key":"SMITH"},{"data":"Blade Dance","floor":8,"key":"SMITH"}],"circlet_count":0,"master_deck":["AscendersBane","Strike_G","Strike_G","Strike_G","Strike_G","Strike_G","Defend_G","Defend_G","Defend_G","Defend_G","Defend_G","Survivor","Neutralize","Dagger Spray","Blade Dance+1","Leg Sweep+1","Flying Knee"],"relics":["Ring of the Snake","Shuriken","Snake Skull","Nunchaku"],"acts_visited":["Exordium"],"potions_floor_usage":[10],"damage_taken":[{"damage":6,"enemies":"2 Louse","floor":1,"turns":5},{"damage":0,"enemies":"Small Slimes","floor":4,"turns":2},{"damage":27,"enemies":"3 Sentries","floor":7,"turns":8},{"damage":24,"enemies":"Lagavulin","floor":10,"turns":6}],"seed_played":"1662528374992800033","potions_obtained":[{"floor":7,"key":"DuplicationPotion"}],"is_trial":false,"path_per_floor":["M","$","?","M","?","R","E","R","T","E"],"character_chosen":"THE_SILENT","items_purchased":["Shuriken","Blade Dance"],"campfire_rested":0,"item_purchase_floors":[2,2],"current_hp_per_floor":[53,53,42,42,42,42,15,15,15,0,0],"gold":138,"neow_bonus":"TWO_FIFTY_GOLD","is_daily":false,"chose_seed":false,"campfire_upgraded":2,"win_rate":0.0,"timestamp":1610242035,"path_taken":["M","$","?","M","?","R","E","R","T","E"],"items_purchased_type":["Relic","Card"],"build_version":"2020-12-22","purchased_purges":0,"victory":false,"max_hp_per_floor":[66,66,66,66,66,66,66,66,66,66,66],"relic_stats":{"Nunchaku":[1],"counters":[4,21],"Shuriken":[8],"Snake Skull":[0],"obtain_stats":[{"Nunchaku":9,"Shuriken":2,"Snake Skull":7,"Ring of the Snake":0},{"Nunchaku":3,"Shuriken":1,"Snake Skull":3,"Ring of the Snake":0},{"Nunchaku":15,"Shuriken":5,"Snake Skull":15,"Ring of the Snake":0}],"Ring of the Snake":[8]},"card_choices":[{"not_picked":["Sucker Punch","Concentrate"],"picked":"Dagger Spray","floor":1},{"not_picked":["Catalyst","Dodge and Roll"],"picked":"Leg Sweep","floor":4},{"not_picked":["Quick Slash","Concentrate"],"picked":"Flying Knee","floor":7}],"player_experience":944035,"relics_obtained":[{"floor":7,"key":"Snake Skull"},{"floor":9,"key":"Nunchaku"}],"event_choices":[{"damage_healed":0,"gold_gain":75,"player_choice":"Gather Gold","damage_taken":11,"max_hp_gain":0,"max_hp_loss":0,"event_name":"World of Goop","floor":3,"gold_loss":0},{"cards_removed":["Pain"],"damage_healed":0,"gold_gain":0,"player_choice":"Card Removal","damage_taken":0,"max_hp_gain":0,"max_hp_loss":0,"event_name":"The Cleric","floor":5,"gold_loss":75}],"is_beta":false,"boss_relics":[],"items_purged_floors":[],"is_endless":false,"potions_floor_spawned":[7],"killed_by":"Lagavulin","ascension_level":17}}