{"host":"5fpb1gzflhq9886n","time":1610257989,"event":{"mods":["AchievementEnabler","BaseMod","Colored Map","Colored Powertips","Minty Spire (QoL Compilation)","Permanent Neow"],"gold_per_floor":[216,391,402,372,41,41,57,89,142,155,167,236,236,86,86,185,185,196,121,145,145,127,127,160,160,186,213,213,213,213,232,232,232,232],"floor_reached":33,"playtime":2175,"items_purged":["Doubt"],"score":367,"play_id":"611ee575-1b00-4b65-be88-7653f2ca8275","local_time":"20210110005309","is_ascension_mode":true,"campfire_choices":[{"data":"Catalyst","floor":6,"key":"SMITH"},{"floor":13,"key":"REST"},{"floor":15,"key":"REST"},{"floor":23,"key":"REST"},{"data":"Burst","floor":25,"key":"SMITH"},{"data":"Glass Knife","floor":28,"key":"SMITH"},{"floor":30,"key":"REST"},{"floor":32,"key":"REST"}],"circlet_count":0,"master_deck":["Strike_G","Strike_G","Strike_G","Strike_G","Defend_G","Defend_G","Defend_G","Defend_G","Defend_G","Survivor","Neutralize","Quick Slash","PiercingWail","Catalyst+1","Noxious Fumes","Poisoned Stab","Dagger Spray","Distraction","Concentrate","Burst+1","CurseOfTheBell","Bane+1","Catalyst+1","Sucker Punch","Glass Knife+1","Dash","Footwork"],"relics":["Ring of the Snake","Tiny Chest","Vajra","Snake Skull","Anchor","Calling Bell","PreservedInsect","Meat on the Bone","Turnip","Smiling Mask","Ginger","Blood Vial","Incense Burner"],"acts_visited":["Exordium","TheCity"],"potions_floor_usage":[16,27,27,33,33,33],"damage_taken":[{"damage":1,"enemies":"Small Slimes","floor":1,"turns":4},{"damage":0,"enemies":"Cultist","floor":3,"turns":4},{"damage":3,"enemies":"2 Louse","floor":7,"turns":3},{"damage":29,"enemies":"Gremlin Nob","floor":8,"turns":5},{"damage":6,"enemies":"Exordium Thugs","floor":10,"turns":3},{"damage":4,"enemies":"Large Slime","floor":11,"turns":6},{"damage":15,"enemies":"The Guardian","floor":16,"turns":8},{"damage":27,"enemies":"Shell Parasite","floor":18,"turns":6},{"damage":13,"enemies":"2 Thieves","floor":22,"turns":4},{"damage":5,"enemies":"Gremlin Leader","floor":24,"turns":4},{"damage":6,"enemies":"Slavers","floor":27,"turns":4},{"damage":55,"enemies":"Sentry and Sphere","floor":31,"turns":6},{"damage":81,"enemies":"Champ","floor":33,"turns":11}],"seed_played":"7358039188033287416","potions_obtained":[{"floor":3,"key":"EntropicBrew"},{"floor":4,"key":"Explosive Potion"},{"floor":4,"key":"LiquidMemories"},{"floor":8,"key":"ColorlessPotion"},{"floor":11,"key":"FearPotion"},{"floor":18,"key":"Fire Potion"},{"floor":27,"key":"Energy Potion"},{"floor":31,"key":"SpeedPotion"}],"is_trial":false,"path_per_floor":["M","?","M","?","$","R","M","E","T","M","M","T","R","$","R","B",null,"M","?","T","?","M","R","E","R","T","E","R","?","R","M","R","B"],"character_chosen":"THE_SILENT","items_purchased":["Catalyst","Noxious Fumes","Tiny Chest","Anchor"],"campfire_rested":5,"item_purchase_floors":[5,5,5,14],"current_hp_per_floor":[69,69,69,69,69,69,66,37,37,31,27,27,48,48,69,54,70,43,43,43,43,42,63,58,58,58,54,54,41,63,22,44,0,0],"gold":232,"neow_bonus":"HUNDRED_GOLD","is_daily":false,"chose_seed":false,"campfire_upgraded":3,"win_rate":0.0,"timestamp":1610257989,"path_taken":["M","?","M","?","$","R","M","E","T","?","M","?","R","$","R","BOSS","M","?","?","?","?","R","E","R","T","E","R","?","R","M","R","BOSS"],"items_purchased_type":["Card","Card","Relic","Relic"],"build_version":"2020-12-22","purchased_purges":1,"victory":false,"max_hp_per_floor":[70,70,70,70,70,70,70,70,70,70,70,70,70,70,70,70,70,70,70,70,70,70,70,70,70,70,70,70,75,75,75,75,75,75],"card_choices":[{"not_picked":["Backflip","Choke"],"picked":"Quick Slash","floor":1},{"not_picked":["Eviscerate","Predator"],"picked":"PiercingWail","floor":3},{"not_picked":["Tools of the Trade","PiercingWail"],"picked":"Poisoned Stab","floor":7},{"not_picked":["Backflip","Blade Dance"],"picked":"Dagger Spray","floor":8},{"not_picked":["Envenom","Dodge and Roll"],"picked":"Distraction","floor":10},{"not_picked":["Choke","Flying Knee"],"picked":"Concentrate","floor":11},{"not_picked":["Bullet Time","Tools of the Trade"],"picked":"Burst","floor":16},{"not_picked":["Slice+1","Flying Knee+1"],"picked":"Bane+1","floor":18},{"not_picked":["Cloak And Dagger","Choke"],"picked":"Sucker Punch","floor":22},{"not_picked":["Slice+1","Dodge and Roll"],"picked":"Glass Knife","floor":24},{"not_picked":["Slice","Noxious Fumes"],"picked":"Dash","floor":27},{"not_picked":["Blur+1","Infinite Blades"],"picked":"Footwork","floor":31}],"player_experience":672104,"relics_obtained":[{"floor":8,"key":"Vajra"},{"floor":9,"key":"Snake Skull"},{"floor":17,"key":"PreservedInsect"},{"floor":17,"key":"Meat on the Bone"},{"floor":17,"key":"Turnip"},{"floor":20,"key":"Smiling Mask"},{"floor":24,"key":"Ginger"},{"floor":26,"key":"Blood Vial"},{"floor":27,"key":"Incense Burner"}],"event_choices":[{"damage_healed":0,"gold_gain":175,"player_choice":"AGREE","damage_taken":0,"max_hp_gain":0,"max_hp_loss":0,"event_name":"Liars Game","floor":2,"gold_loss":0,"cards_obtained":["Doubt"]},{"damage_healed":0,"gold_gain":0,"player_choice":"Bought 2 Potions","damage_taken":0,"max_hp_gain":0,"max_hp_loss":0,"event_name":"The Woman in Blue","floor":4,"gold_loss":0},{"cards_removed":["Strike_G"],"damage_healed":0,"gold_gain":0,"player_choice":"Gave Gold","damage_taken":0,"max_hp_gain":0,"max_hp_loss":0,"event_name":"Beggar","floor":19,"gold_loss":75},{"damage_healed":0,"gold_gain":0,"player_choice":"Copied","damage_taken":0,"max_hp_gain":0,"max_hp_loss":0,"event_name":"Duplicator","floor":21,"gold_loss":0,"cards_obtained":["Catalyst"]},{"damage_healed":0,"gold_gain":0,"player_choice":"Shed Blood","damage_taken":18,"max_hp_gain":5,"max_hp_loss":0,"event_name":"Forgotten Altar","floor":29,"gold_loss":0}],"is_beta":false,"boss_relics":[{"not_picked":["Runic Pyramid","WristBlade"],"picked":"Calling Bell"}],"items_purged_floors":[5],"is_endless":false,"potions_floor_spawned":[3,8,10,11,18,27,31],"killed_by":"Champ","ascension_level":4}}