{"host":"4cz9gr89nglr7k8k","time":1610313198,"event":{"mods":["BaseMod","Minty Spire (QoL Compilation)","Relic Stats","Slay-I"],"gold_per_floor":[110,110,110,8,31,31,74,74,74,99,111,137,149,185,197,298,310,338,400,412,444,471,483,529,541,553,565,615,627,639,664,676,688,688],"floor_reached":33,"playtime":884,"items_purged":[],"score":616,"play_id":"634276e8-6bd9-4e96-94ba-92e38d87dfbb","local_time":"20210110221318","is_ascension_mode":true,"campfire_choices":[{"data":"Bash","floor":6,"key":"SMITH"},{"data":"Metallicize","floor":8,"key":"SMITH"},{"floor":11,"key":"REST"},{"data":"Hemokinesis","floor":13,"key":"SMITH"},{"data":"Bludgeon","floor":15,"key":"SMITH"},{"floor":23,"key":"REST"},{"floor":25,"key":"REST"},{"floor":27,"key":"REST"},{"floor":32,"key":"REST"}],"circlet_count":0,"master_deck":["AscendersBane","Strike_R","Strike_R","Strike_R","Strike_R","Strike_R","Defend_R","Defend_R","Defend_R","Bash+1","Anger","Flash of Steel","Thunderclap","Metallicize+1","Hemokinesis+1","Sword Boomerang","Bludgeon+1","Bludgeon","Perfected Strike","Clash","Searing Blow","Twin Strike","Clash","Writhe","Flex"],"relics":["Burning Blood","NeowsBlessing","Golden Idol","Self Forming Clay","MawBank","Velvet Choker","Boot","Unceasing Top","Tiny Chest","Centennial Puzzle"],"acts_visited":["Exordium","TheCity"],"potions_floor_usage":[16,28],"damage_taken":[{"damage":0,"enemies":"2 Louse","floor":1,"turns":1},{"damage":0,"enemies":"Jaw Worm","floor":5,"turns":1},{"damage":0,"enemies":"Lagavulin","floor":7,"turns":1},{"damage":12,"enemies":"Small Slimes","floor":10,"turns":3},{"damage":9,"enemies":"2 Fungi Beasts","floor":12,"turns":3},{"damage":2,"enemies":"Large Slime","floor":14,"turns":4},{"damage":48,"enemies":"Hexaghost","floor":16,"turns":6},{"damage":13,"enemies":"Spheric Guardian","floor":18,"turns":3},{"damage":3,"enemies":"Chosen","floor":21,"turns":3},{"damage":31,"enemies":"Snake Plant","floor":22,"turns":4},{"damage":35,"enemies":"Gremlin Leader","floor":24,"turns":5},{"damage":26,"enemies":"Slavers","floor":28,"turns":5},{"damage":13,"enemies":"Cultist and Chosen","floor":31,"turns":4},{"damage":98,"enemies":"Automaton","floor":33,"turns":6}],"seed_played":"7412849975980334263","potions_obtained":[{"floor":14,"key":"AttackPotion"},{"floor":16,"key":"Fire Potion"},{"floor":18,"key":"SmokeBomb"},{"floor":28,"key":"DistilledChaos"}],"is_trial":false,"path_per_floor":["M","?","?","$","M","R","E","R","T","M","R","M","R","M","R","B",null,"M","?","$","M","M","R","E","R","T","R","E","?","?","M","R","B"],"character_chosen":"IRONCLAD","items_purchased":["Flash of Steel"],"campfire_rested":5,"item_purchase_floors":[4],"current_hp_per_floor":[74,67,41,41,47,47,53,53,53,47,69,66,66,70,70,28,63,56,56,56,59,34,56,27,49,49,71,51,51,51,44,66,0,0],"gold":688,"neow_bonus":"THREE_ENEMY_KILL","is_daily":false,"chose_seed":false,"campfire_upgraded":4,"win_rate":0.0,"timestamp":1610313198,"path_taken":["M","?","?","?","M","R","E","R","T","M","R","M","R","M","R","BOSS","M","?","$","M","M","R","E","R","T","R","E","?","?","M","R","BOSS"],"items_purchased_type":["Card"],"build_version":"2020-12-22","purchased_purges":0,"victory":false,"max_hp_per_floor":[75,75,75,75,75,75,75,75,75,75,75,75,75,75,75,75,75,75,75,75,75,75,75,75,75,75,75,75,75,75,75,75,75,75],"relic_stats":{"Centennial Puzzle":[6],"counters":[14,49],"Golden Idol":71,"Self Forming Clay":[126],"Tiny Chest":0,"MawBank":288,"Boot":[27],"obtain_stats":[{"Centennial Puzzle":30,"NeowsBlessing":0,"Golden Idol":3,"Self Forming Clay":7,"Velvet Choker":17,"Tiny Chest":28,"MawBank":9,"Boot":24,"Burning Blood":0,"Unceasing Top":26},{"Centennial Puzzle":12,"NeowsBlessing":0,"Golden Idol":1,"Self Forming Clay":3,"Velvet Choker":7,"Tiny Chest":12,"MawBank":3,"Boot":11,"Burning Blood":0,"Unceasing Top":11},{"Centennial Puzzle":39,"NeowsBlessing":0,"Golden Idol":1,"Self Forming Clay":3,"Velvet Choker":19,"Tiny Chest":39,"MawBank":3,"Boot":34,"Burning Blood":0,"Unceasing Top":34}],"Burning Blood":78,"Unceasing Top":[0]},"card_choices":[{"not_picked":["Perfected Strike","Headbutt"],"picked":"Anger","floor":1},{"not_picked":["Sword Boomerang","Warcry"],"picked":"Thunderclap","floor":5},{"not_picked":["Sword Boomerang","Thunderclap"],"picked":"Metallicize","floor":7},{"not_picked":["Evolve","Dark Embrace"],"picked":"Hemokinesis","floor":10},{"not_picked":["Ghostly Armor","Pommel Strike"],"picked":"Sword Boomerang","floor":12},{"not_picked":["Pommel Strike","Thunderclap"],"picked":"Bludgeon","floor":14},{"not_picked":["Limit Break","Corruption"],"picked":"Bludgeon","floor":16},{"not_picked":["Pommel Strike","Sword Boomerang"],"picked":"Perfected Strike","floor":18},{"not_picked":["Second Wind","Seeing Red+1"],"picked":"Clash","floor":21},{"not_picked":["Blood for Blood","Body Slam"],"picked":"Searing Blow","floor":22},{"not_picked":["Dropkick","Combust"],"picked":"Twin Strike","floor":24},{"not_picked":["Headbutt","Reckless Charge"],"picked":"Clash","floor":28},{"not_picked":["Havoc+1","Power Through"],"picked":"Flex","floor":31}],"player_experience":1485825,"relics_obtained":[{"floor":7,"key":"Self Forming Clay"},{"floor":9,"key":"MawBank"},{"floor":24,"key":"Boot"},{"floor":26,"key":"Unceasing Top"},{"floor":28,"key":"Tiny Chest"}],"event_choices":[{"cards_removed":["Defend_R"],"damage_healed":0,"gold_gain":0,"player_choice":"Card Removal","damage_taken":7,"max_hp_gain":0,"max_hp_loss":0,"event_name":"Golden Wing","floor":2,"gold_loss":0},{"damage_healed":0,"gold_gain":0,"player_choice":"Take Damage","damage_taken":26,"relics_obtained":["Golden Idol"],"max_hp_gain":0,"max_hp_loss":0,"event_name":"Golden Idol","floor":3,"gold_loss":0},{"damage_healed":0,"gold_gain":50,"player_choice":"Stole From Cult","damage_taken":0,"max_hp_gain":0,"max_hp_loss":0,"event_name":"Nest","floor":19,"gold_loss":0},{"damage_healed":0,"gold_gain":0,"player_choice":"Ignored","damage_taken":0,"max_hp_gain":0,"max_hp_loss":0,"event_name":"Ghosts","floor":29,"gold_loss":0},{"damage_healed":0,"gold_gain":0,"player_choice":"Opened","damage_taken":0,"relics_obtained":["Centennial Puzzle"],"max_hp_gain":0,"max_hp_loss":0,"event_name":"The Mausoleum","floor":30,"gold_loss":0,"cards_obtained":["Writhe"]}],"is_beta":false,"boss_relics":[{"not_picked":["SlaversCollar","Runic Cube"],"picked":"Velvet Choker"}],"items_purged_floors":[],"is_endless":false,"potions_floor_spawned":[14,16,18,28],"killed_by":"Automaton","ascension_level":20}}