{"host":"j29osl8nelwi4hyu","time":1610254662,"event":{"mods":["BaseMod","Colored Powertips","Hubris","Infinite Spire","Minty Spire (QoL Compilation)","Replay The Spire","StSLib"],"gold_per_floor":[111,127,127,146,166,166,182,17,17,17,29,47,66,84,84,189,189,209,209,209,221,233,258,258,284,310,310,310,310,322,341,341,438,438,449,459,459,471,488,515,515,549,549,564,564,564,564,575,575,575,575,575,25,50,50],"floor_reached":56,"playtime":2694,"items_purged":["Strike_B"],"score":1368,"play_id":"dc93ba2a-14bc-4675-af93-04cc63ab172d","local_time":"20210109205742","is_ascension_mode":true,"campfire_choices":[{"data":"hubris:Ukulele","floor":6.0,"key":"SMITH"},{"floor":15.0,"key":"REST"},{"floor":24.0,"key":"REST"},{"floor":27.0,"key":"REST"},{"floor":29.0,"key":"REST"},{"floor":32.0,"key":"RECALL"},{"floor":41.0,"key":"REST"},{"data":"Echo Form","floor":47.0,"key":"SMITH"},{"data":"The Bomb","floor":49.0,"key":"SMITH"},{"floor":52.0,"key":"REST"}],"circlet_count":0,"master_deck":["Strike_B","Strike_B","Defend_B","Defend_B","Defend_B","Zap+1","Dualcast","Double Energy","Ball Lightning","hubris:Ukulele+1","Buffer","hubris:Ukulele","Ball Lightning","The Bomb+1","Good Instincts","Replay:Dark Deal","Conserve Battery","Core Surge","Steam","Echo Form+1","Hologram+1","infinitespire:Collect+1","Cold Snap","Defragment","Darkness","Coolheaded+1","Skim+1","Buffer","Compile Driver+1","Storm","Gash+1","Sweeping Beam+1","FIFO Queue","FIFO Queue","Barrage+1","Redo+1"],"relics":["Cracked Core","ReplayTheSpireMod:ShopPack","hubris:PeanutButter","infinitespire:Broken Mirror","Replay:Bronze Core","hubris:TenFootPole","SlaversCollar","MealTicket","Blue Doll","Blood Vial","Busted Crown","hubris:BundleOfHerbs","Replay:Rubber Ducky","Molten Egg 2","Ice Cream","Replay:Wax Seal","BargainBundle","Strawberry"],"acts_visited":["Exordium","TheCity","TheBeyond","TheEnding"],"potions_floor_usage":[54,55,55],"damage_taken":[{"damage":2.0,"enemies":"Jaw Worm","floor":1.0,"turns":3.0},{"damage":0.0,"enemies":"Cultist","floor":2.0,"turns":3.0},{"damage":6.0,"enemies":"Small Slimes","floor":4.0,"turns":3.0},{"damage":4.0,"enemies":"Red Slaver","floor":5.0,"turns":4.0},{"damage":17.0,"enemies":"3 Louse","floor":7.0,"turns":3.0},{"damage":0.0,"enemies":"Large Slime","floor":11.0,"turns":5.0},{"damage":19.0,"enemies":"Exordium Thugs","floor":12.0,"turns":3.0},{"damage":0.0,"enemies":"2 Fungi Beasts","floor":13.0,"turns":3.0},{"damage":0.0,"enemies":"Large Slime","floor":14.0,"turns":3.0},{"damage":48.0,"enemies":"Slime Boss","floor":16.0,"turns":8.0},{"damage":0.0,"enemies":"Chosen","floor":18.0,"turns":3.0},{"damage":3.0,"enemies":"2 Thieves","floor":21.0,"turns":3.0},{"damage":0.0,"enemies":"Snake Plant","floor":22.0,"turns":3.0},{"damage":22.0,"enemies":"Replay:Snechameleon","floor":23.0,"turns":5.0},{"damage":51.0,"enemies":"Gremlin Leader","floor":25.0,"turns":6.0},{"damage":3.0,"enemies":"3 Cultists","floor":30.0,"turns":5.0},{"damage":5.0,"enemies":"Chosen and Byrds","floor":31.0,"turns":5.0},{"damage":11.0,"enemies":"hubris:MusketHawk","floor":33.0,"turns":8.0},{"damage":12.0,"enemies":"Orb Walker","floor":35.0,"turns":4.0},{"damage":35.0,"enemies":"3 Shapes","floor":36.0,"turns":3.0},{"damage":5.0,"enemies":"Maw","floor":38.0,"turns":6.0},{"damage":0.0,"enemies":"Sphere and 2 Shapes","floor":39.0,"turns":4.0},{"damage":0.0,"enemies":"Giant Head","floor":40.0,"turns":6.0},{"damage":1.0,"enemies":"Nemesis","floor":42.0,"turns":7.0},{"damage":0.0,"enemies":"Spire Growth","floor":44.0,"turns":4.0},{"damage":1.0,"enemies":"Writhing Mass","floor":48.0,"turns":5.0},{"damage":66.0,"enemies":"infinitespire:MassOfShapes","floor":50.0,"turns":15.0},{"damage":70,"enemies":"Shield and Spear","floor":54,"turns":5},{"damage":0,"enemies":"The Heart","floor":55,"turns":2}],"seed_played":"6553131297416619746","potions_obtained":[{"floor":5.0,"key":"Energy Potion"},{"floor":7.0,"key":"Reflective Coating"},{"floor":12.0,"key":"Swift Potion"},{"floor":14.0,"key":"FairyPotion"},{"floor":16.0,"key":"FairyPotion"},{"floor":25.0,"key":"Cursed Concoction"},{"floor":30.0,"key":"EssenceOfSteel"},{"floor":33.0,"key":"Death Potion"},{"floor":36.0,"key":"CultistPotion"},{"floor":38.0,"key":"PotionOfCapacity"},{"floor":40.0,"key":"AttackPotion"},{"floor":54,"key":"Dexterity Potion"}],"is_trial":false,"path_per_floor":["M","M","?","M","M","R","M","$","T","T","M","M","M","M","R","B",null,"M","AVR","?","M","M","E","R","E","T","R","?","R","M","M","R","B",null,"M","M","T","M","M","E","R","E","T","M","?","?","R","M","R","B",null,"R","$","E","B",null],"character_chosen":"DEFECT","items_purchased":["ReplayTheSpireMod:ShopPack","Ball Lightning","Ice Cream","Replay:Wax Seal","BargainBundle","FIFO Queue","Barrage+1","Elixir","ColorlessPotion"],"campfire_rested":6,"item_purchase_floors":[8,8,53,53,53,53,53,53,53],"current_hp_per_floor":[66,66,66,60,56,56,39,39,39,39,39,20,20,20,42,40,66,66,66,66,63,63,41,63,12,12,34,34,56,55,52,52,43,67,57,24,24,21,23,25,47,75,75,75,75,75,75,75,75,9,59,75,75,23,25],"gold":50,"neow_bonus":"UPGRADE_CARD","is_daily":false,"chose_seed":false,"campfire_upgraded":3,"win_rate":0.0,"timestamp":1610254662,"path_taken":["M","M","?","M","?","R","M","$","T","?","M","M","M","M","R","BOSS","M","AVR","?","M","M","E","R","E","T","R","?","R","M","M","R","BOSS","M","M","?","M","?","E","R","E","T","M","?","?","R","M","R","BOSS","R","$","E","BOSS"],"items_purchased_type":["Relic","Card","Relic","Relic","Relic","Card","Card","Potion","Potion"],"build_version":"2020-12-22","purchased_purges":1,"victory":true,"max_hp_per_floor":[75,75,75,75,75,75,75,75,75,75,75,75,75,75,75,75,75,75,75,75,75,75,75,75,75,75,75,75,75,75,75,75,75,75,75,75,75,75,75,75,75,75,75,75,75,75,75,75,75,75,75,75,75,82,82],"card_choices":[{"not_picked":["Rebound","Stack"],"picked":"Double Energy","floor":1.0},{"not_picked":["Redo","Cold Snap"],"picked":"Ball Lightning","floor":2.0},{"not_picked":["Amplify","Gash"],"picked":"hubris:Ukulele","floor":4.0},{"not_picked":["Rebound","Darkness"],"picked":"Buffer","floor":5.0},{"not_picked":["Streamline","Sweeping Beam"],"picked":"hubris:Ukulele","floor":7.0},{"not_picked":["Purity","Dramatic Entrance"],"picked":"The Bomb","floor":8.0},{"not_picked":["hubris:EnhanceAbility","Dark Shackles"],"picked":"Good Instincts","floor":8.0},{"not_picked":["ReplayUltimateDefense","Crow Ritual"],"picked":"Replay:Dark Deal","floor":8.0},{"not_picked":["Darkness","hubris:PowerSurge","ReplayTheSpireMod:Reroute Power"],"picked":"SKIP","floor":11.0},{"not_picked":["Blizzard","Crystallizer"],"picked":"Conserve Battery","floor":12.0},{"not_picked":["Rebound","Go for the Eyes"],"picked":"Core Surge","floor":13.0},{"not_picked":["Panic Button","Go for the Eyes"],"picked":"Steam","floor":14.0},{"not_picked":["Fission","Amplify"],"picked":"Echo Form","floor":16.0},{"not_picked":["Undo+1","ReplaySort"],"picked":"Hologram+1","floor":18.0},{"not_picked":["Compile Driver","Beam Cell"],"picked":"Cold Snap","floor":21.0},{"not_picked":["ReplayTheSpireMod:System Scan","Crystallizer","ReplayTheSpireMod:Repulse"],"picked":"SKIP","floor":22.0},{"not_picked":["Reboot","Fission"],"picked":"Defragment","floor":23.0},{"not_picked":["hubris:PowerSurge","Cold Snap","hubris:Ukulele"],"picked":"SKIP","floor":25.0},{"not_picked":["Chaos","Storm+1"],"picked":"Coolheaded+1","floor":30.0},{"not_picked":["Chaos","Turbo"],"picked":"Skim+1","floor":31.0},{"not_picked":["Fission","hubris:Prefetch"],"picked":"Buffer","floor":33.0},{"not_picked":["Recycle"],"picked":"SKIP","floor":35.0},{"not_picked":[],"picked":"Compile Driver+1","floor":36.0},{"not_picked":["Panic Button"],"picked":"SKIP","floor":38.0},{"not_picked":["BasicCrystalCard+1"],"picked":"SKIP","floor":39.0},{"not_picked":[],"picked":"Storm","floor":40.0},{"not_picked":[],"picked":"Gash+1","floor":42.0},{"not_picked":[],"picked":"Sweeping Beam+1","floor":44.0},{"not_picked":["Coolheaded"],"picked":"SKIP","floor":48.0},{"not_picked":[],"picked":"Redo+1","floor":54}],"player_experience":305364,"relics_obtained":[{"floor":9.0,"key":"hubris:PeanutButter"},{"floor":10.0,"key":"infinitespire:Broken Mirror"},{"floor":23.0,"key":"MealTicket"},{"floor":25.0,"key":"Blue Doll"},{"floor":26.0,"key":"Blood Vial"},{"floor":40.0,"key":"hubris:BundleOfHerbs"},{"floor":42.0,"key":"Replay:Rubber Ducky"},{"floor":43.0,"key":"Molten Egg 2"},{"floor":54,"key":"Strawberry"}],"event_choices":[{"cards_removed":["Strike_B"],"damage_healed":0.0,"max_hp_gain":0.0,"max_hp_loss":0.0,"gold_gain":0.0,"event_name":"Purifier","player_choice":"Purged","floor":3.0,"gold_loss":0.0,"damage_taken":0.0},{"damage_healed":0.0,"max_hp_gain":0.0,"max_hp_loss":0.0,"gold_gain":0.0,"cards_transformed":["Defend_B"],"event_name":"Transmorgrifier","player_choice":"Transformed","floor":28.0,"gold_loss":0.0,"damage_taken":0.0,"cards_obtained":["Darkness"]}],"is_beta":false,"boss_relics":[{"not_picked":["Painkiller Herb","Abe\u0027s Treasure"],"picked":"Replay:Bronze Core"},{"not_picked":["Snecko Eye","Black Star"],"picked":"Busted Crown"}],"items_purged_floors":[53],"is_endless":false,"potions_floor_spawned":[5,7,12,14,16,25,30,33,36,38,40,54],"ascension_level":8}}