{"host":"dyggtcpod2kd5hqt","time":1610240671,"event":{"mods":["2.2 Compatiblity","AchievementEnabler","BaseMod","Bestiary","Block Reminder","Colored Map","Colored Powertips","Minty Spire (QoL Compilation)","Quick Restart","Rare Cards Sparkle","Relic Stats","Unknown Chances"],"gold_per_floor":[117,117,46,46,12,43,56,75,145,176,189,189,189,200,200,304,304,323,23,23,23,38,38,72,101,136,148,173,202,226,258,270,282,282],"floor_reached":33,"playtime":1005,"items_purged":["Strike_B"],"score":513,"play_id":"8ca75763-e195-4db3-ac64-979aaa80e73d","local_time":"20210109200431","is_ascension_mode":true,"campfire_choices":[{"floor":13.0,"key":"DIG"},{"floor":15.0,"key":"DIG"},{"floor":23.0,"key":"DIG"},{"floor":27.0,"key":"REST"},{"floor":32.0,"key":"REST"}],"circlet_count":0,"master_deck":["Strike_B","Strike_B","Strike_B","Defend_B","Defend_B","Defend_B","Defend_B","Zap","Dualcast","Sweeping Beam","Sweeping Beam","Chaos+1","Static Discharge","Streamline","Streamline","Conserve Battery","Hyperbeam+1","Steam","Conserve Battery","Creative AI","Panacea","Recycle","Double Energy","Streamline","Conserve Battery","Aggregate+1"],"relics":["Cracked Core","NeowsBlessing","Tiny Chest","InkBottle","Kunai","Shovel","Pen Nib","Smiling Mask","Incense Burner","Snecko Eye","Boot","MealTicket","Anchor","MawBank","Blood Vial"],"acts_visited":["Exordium","TheCity"],"potions_floor_usage":[33],"damage_taken":[{"damage":0.0,"enemies":"Cultist","floor":1.0,"turns":1.0},{"damage":0.0,"enemies":"Gremlin Nob","floor":6.0,"turns":1.0},{"damage":0.0,"enemies":"Jaw Worm","floor":7.0,"turns":1.0},{"damage":10.0,"enemies":"Small Slimes","floor":8.0,"turns":3.0},{"damage":33.0,"enemies":"Lagavulin","floor":10.0,"turns":5.0},{"damage":5.0,"enemies":"Looter","floor":11.0,"turns":3.0},{"damage":0.0,"enemies":"Gremlin Gang","floor":14.0,"turns":1.0},{"damage":0.0,"enemies":"The Guardian","floor":16.0,"turns":11.0},{"damage":14.0,"enemies":"3 Byrds","floor":18.0,"turns":4.0},{"damage":6.0,"enemies":"Shell Parasite","floor":22.0,"turns":3.0},{"damage":12.0,"enemies":"Book of Stabbing","floor":24.0,"turns":4.0},{"damage":26.0,"enemies":"Shelled Parasite and Fungi","floor":25.0,"turns":4.0},{"damage":16.0,"enemies":"Centurion and Healer","floor":28.0,"turns":5.0},{"damage":0.0,"enemies":"Cultist and Chosen","floor":29.0,"turns":4.0},{"damage":0.0,"enemies":"Sentry and Sphere","floor":30.0,"turns":3.0},{"damage":10.0,"enemies":"Snake Plant","floor":31.0,"turns":3.0},{"damage":21,"enemies":"Champ","floor":33,"turns":3}],"seed_played":"-6712183597873718758","potions_obtained":[{"floor":1.0,"key":"SpeedPotion"},{"floor":6.0,"key":"SteroidPotion"},{"floor":11.0,"key":"GamblersBrew"},{"floor":22.0,"key":"GamblersBrew"},{"floor":25.0,"key":"PowerPotion"},{"floor":29.0,"key":"Strength Potion"},{"floor":30.0,"key":"AttackPotion"},{"floor":31.0,"key":"Strength Potion"}],"is_trial":false,"path_per_floor":["M","T","$","?","$","E","M","M","T","E","M","?","R","M","R","B",null,"M","$","T","?","M","R","E","M","T","R","M","M","M","M","R","B"],"character_chosen":"DEFECT","items_purchased":["Chaos","Static Discharge","Boot","Panacea"],"campfire_rested":2,"item_purchase_floors":[3,5,19,19],"current_hp_per_floor":[68,68,68,68,68,68,68,58,58,25,20,13,13,13,13,13,60,46,46,46,46,40,40,28,2,2,24,10,12,14,6,28,9,9],"gold":282,"neow_bonus":"THREE_ENEMY_KILL","is_daily":false,"chose_seed":false,"campfire_upgraded":0,"win_rate":0.0,"timestamp":1610240671,"path_taken":["M","?","$","?","$","E","M","M","T","E","?","?","R","M","R","BOSS","M","$","?","?","M","R","E","M","T","R","M","?","M","M","R","BOSS"],"items_purchased_type":["Card","Card","Relic","Card"],"build_version":"2020-12-22","purchased_purges":1,"victory":false,"max_hp_per_floor":[75,75,75,75,75,75,75,75,75,75,75,75,75,75,75,75,75,75,75,75,75,75,75,75,75,75,75,75,75,75,75,75,75,75],"relic_stats":{"counters":[17,59],"Pen Nib":[6],"Smiling Mask":25,"Boot":[6],"MawBank":108,"Blood Vial":10,"Shovel":3,"Snecko Eye":[55,66,70,60],"Tiny Chest":1,"MealTicket":0,"Kunai":[9],"obtain_stats":[{"NeowsBlessing":0,"Pen Nib":12,"Incense Burner":15,"Smiling Mask":13,"Boot":19,"MawBank":24,"Blood Vial":26,"Anchor":23,"Shovel":10,"Snecko Eye":17,"Tiny Chest":2,"MealTicket":20,"Kunai":9,"Cracked Core":0,"InkBottle":6},{"NeowsBlessing":0,"Pen Nib":6,"Incense Burner":7,"Smiling Mask":6,"Boot":9,"MawBank":11,"Blood Vial":12,"Anchor":10,"Shovel":5,"Snecko Eye":8,"Tiny Chest":1,"MealTicket":9,"Kunai":4,"Cracked Core":0,"InkBottle":2},{"NeowsBlessing":0,"Pen Nib":14,"Incense Burner":15,"Smiling Mask":14,"Boot":30,"MawBank":37,"Blood Vial":41,"Anchor":33,"Shovel":11,"Snecko Eye":26,"Tiny Chest":1,"MealTicket":30,"Kunai":6,"Cracked Core":0,"InkBottle":2}],"InkBottle":[16]},"card_choices":[{"not_picked":["Reinforced Body","Self Repair"],"picked":"Sweeping Beam","floor":1.0},{"not_picked":["Reinforced Body","Self Repair"],"picked":"Sweeping Beam","floor":1.0},{"not_picked":["Recycle","Stack"],"picked":"Streamline","floor":6.0},{"not_picked":["Beam Cell","Melter"],"picked":"Streamline","floor":7.0},{"not_picked":["Stack","Cold Snap"],"picked":"Conserve Battery","floor":8.0},{"not_picked":["Steam","Reboot"],"picked":"Hyperbeam","floor":10.0},{"not_picked":["Blizzard","Doom and Gloom"],"picked":"Steam","floor":11.0},{"not_picked":["Ball Lightning","Compile Driver"],"picked":"Conserve Battery","floor":14.0},{"not_picked":["Meteor Strike","Amplify"],"picked":"Creative AI","floor":16.0},{"not_picked":["Compile Driver","Ball Lightning","Stack"],"picked":"SKIP","floor":18.0},{"not_picked":["Conserve Battery","FTL"],"picked":"Recycle","floor":22.0},{"not_picked":["Go for the Eyes","Gash","Compile Driver"],"picked":"SKIP","floor":24.0},{"not_picked":["Steam Power","Sweeping Beam","Beam Cell"],"picked":"SKIP","floor":25.0},{"not_picked":["Static Discharge","Recycle"],"picked":"Double Energy","floor":28.0},{"not_picked":["Beam Cell","Leap"],"picked":"Streamline","floor":29.0},{"not_picked":["Stack","Machine Learning"],"picked":"Conserve Battery","floor":30.0},{"not_picked":["Sweeping Beam","Chill"],"picked":"Aggregate+1","floor":31.0}],"player_experience":586012,"relics_obtained":[{"floor":2.0,"key":"Tiny Chest"},{"floor":6.0,"key":"InkBottle"},{"floor":9.0,"key":"Kunai"},{"floor":10.0,"key":"Shovel"},{"floor":13.0,"key":"Smiling Mask"},{"floor":15.0,"key":"Incense Burner"},{"floor":20.0,"key":"MealTicket"},{"floor":23.0,"key":"Anchor"},{"floor":24.0,"key":"MawBank"},{"floor":26.0,"key":"Blood Vial"}],"event_choices":[{"damage_healed":0.0,"max_hp_gain":0.0,"max_hp_loss":0.0,"gold_gain":0.0,"event_name":"Accursed Blacksmith","player_choice":"Forge","floor":4.0,"gold_loss":0.0,"damage_taken":0.0,"cards_upgraded":["Chaos"]},{"damage_healed":0.0,"max_hp_gain":0.0,"max_hp_loss":0.0,"gold_gain":0.0,"event_name":"Scrap Ooze","player_choice":"Success","floor":12.0,"gold_loss":0.0,"damage_taken":7.0,"relics_obtained":["Pen Nib"]},{"damage_healed":0.0,"max_hp_gain":0.0,"max_hp_loss":0.0,"gold_gain":0.0,"event_name":"Upgrade Shrine","player_choice":"Upgraded","floor":21.0,"gold_loss":0.0,"damage_taken":0.0,"cards_upgraded":["Hyperbeam"]}],"is_beta":false,"boss_relics":[{"not_picked":["Coffee Dripper","Fusion Hammer"],"picked":"Snecko Eye"}],"items_purged_floors":[19],"is_endless":false,"potions_floor_spawned":[1,6,11,22,25,29,30,31],"killed_by":"Champ","ascension_level":9}}