{"host":"vddkjx04kiwje1tk","time":1610285406,"event":{"mods":["AchievementEnabler","BaseMod","Colored Map","Minty Spire (QoL Compilation)","Quick Restart","SuperFastMode"],"gold_per_floor":[117,117,6,6,17,17,32,65,88,104,104,116,116,66,66,66,66],"floor_reached":16,"playtime":452,"items_purged":["Strike_R"],"score":140,"play_id":"0856f1c3-4005-4259-b629-41ede50a8e25","local_time":"20210110223006","is_ascension_mode":true,"campfire_choices":[{"data":"True Grit","floor":6,"key":"SMITH"},{"data":"Fire Breathing","floor":11,"key":"SMITH"},{"floor":13,"key":"REST"},{"data":"Evolve","floor":15,"key":"SMITH"}],"circlet_count":0,"master_deck":["Strike_R+1","Strike_R","Strike_R+1","Defend_R","Defend_R","Defend_R","Defend_R","Bash","True Grit+1","Evolve+1","Fire Breathing+1","Feel No Pain"],"relics":["Burning Blood","Potion Belt","Centennial Puzzle","Magic Flower","Oddly Smooth Stone"],"acts_visited":["Exordium"],"potions_floor_usage":[10],"damage_taken":[{"damage":9,"enemies":"2 Louse","floor":1,"turns":3},{"damage":2,"enemies":"Jaw Worm","floor":5,"turns":3},{"damage":0,"enemies":"Cultist","floor":7,"turns":3},{"damage":52,"enemies":"Lagavulin","floor":8,"turns":7},{"damage":1,"enemies":"Looter","floor":10,"turns":3},{"damage":13,"enemies":"Blue Slaver","floor":12,"turns":3},{"damage":66,"enemies":"Hexaghost","floor":16,"turns":9}],"seed_played":"8140488315471586014","potions_obtained":[{"floor":5,"key":"GamblersBrew"},{"floor":8,"key":"BloodPotion"},{"floor":12,"key":"ElixirPotion"}],"is_trial":false,"path_per_floor":["M","?","$","?","M","R","M","E","T","M","R","M","R","?","R","B"],"character_chosen":"IRONCLAD","items_purchased":["Evolve"],"campfire_rested":1,"item_purchase_floors":[3],"current_hp_per_floor":[69,53,53,46,50,50,56,10,10,42,42,38,62,62,62,0,0],"gold":66,"neow_bonus":"RANDOM_COMMON_RELIC","is_daily":false,"chose_seed":false,"campfire_upgraded":3,"win_rate":0.0,"timestamp":1610285406,"path_taken":["M","?","$","?","M","R","M","E","T","M","R","M","R","?","R","BOSS"],"items_purchased_type":["Card"],"build_version":"2020-12-22","purchased_purges":1,"victory":false,"max_hp_per_floor":[80,80,80,80,80,80,80,80,80,80,80,80,80,80,80,80,80],"card_choices":[{"not_picked":["Infernal Blade","Bloodletting"],"picked":"True Grit","floor":1},{"not_picked":["Cleave","Pommel Strike","Bludgeon"],"picked":"SKIP","floor":5},{"not_picked":["Cleave","Ghostly Armor","Clash"],"picked":"SKIP","floor":7},{"not_picked":["Perfected Strike","Evolve","Inflame"],"picked":"SKIP","floor":8},{"not_picked":["Uppercut","Rupture"],"picked":"Fire Breathing","floor":10},{"not_picked":["Burning Pact","Pummel"],"picked":"Feel No Pain","floor":12}],"player_experience":252600,"relics_obtained":[{"floor":8,"key":"Magic Flower"},{"floor":9,"key":"Oddly Smooth Stone"}],"event_choices":[{"damage_healed":0,"gold_gain":0,"player_choice":"Entered Light","damage_taken":16,"max_hp_gain":0,"max_hp_loss":0,"event_name":"Shining Light","floor":2,"gold_loss":0,"cards_upgraded":["Strike_R","Strike_R"]},{"damage_healed":0,"gold_gain":0,"player_choice":"Success","damage_taken":7,"relics_obtained":["Centennial Puzzle"],"max_hp_gain":0,"max_hp_loss":0,"event_name":"Scrap Ooze","floor":4,"gold_loss":0},{"cards_removed":["Strike_R"],"damage_healed":0,"gold_gain":0,"player_choice":"Card Removal","damage_taken":0,"max_hp_gain":0,"max_hp_loss":0,"event_name":"The Cleric","floor":14,"gold_loss":50}],"is_beta":false,"boss_relics":[],"items_purged_floors":[3],"is_endless":false,"potions_floor_spawned":[5,8,12],"killed_by":"Hexaghost","ascension_level":8}}