{"host":"z4nt7tdd4gjrinn7","time":1610302873,"event":{"mods":["BaseMod","Minty Spire (QoL Compilation)","StSLib"],"gold_per_floor":[111,16,32,32,52,77,77,92,143,143,160,160,160,160,160,261,261,278,278,278,290,300,300,2,2,52,52,83,83,83,102,102,102,102],"floor_reached":33,"playtime":6257,"items_purged":[],"score":263,"play_id":"897d5898-a331-48cc-afaa-c8cb5f2c8eff","local_time":"20210110132113","is_ascension_mode":false,"campfire_choices":[{"data":"Fire Breathing","floor":7,"key":"SMITH"},{"floor":10,"key":"REST"},{"data":"Perfected Strike","floor":12,"key":"SMITH"},{"floor":15,"key":"REST"},{"floor":23,"key":"REST"},{"data":"Juggernaut","floor":25,"key":"SMITH"},{"data":"Wild Strike","floor":29,"key":"SMITH"},{"floor":32,"key":"REST"}],"circlet_count":0,"master_deck":["Strike_R","Strike_R","Strike_R+1","Strike_R","Strike_R","Defend_R","Defend_R","Defend_R","Defend_R","Bash","Flame Barrier+1","Clothesline+1","Fire Breathing+1","Wild Strike+1","Searing Blow","Perfected Strike+1","Anger","Juggernaut+1","Twin Strike+1","Twin Strike","Shrug It Off+1","Twin Strike","Perfected Strike","Pommel Strike"],"relics":["Burning Blood","PreservedInsect","Anchor","Pen Nib","Nunchaku","Black Star","Lee\u0027s Waffle","Regal Pillow","Whetstone","MutagenicStrength","Potion Belt","Letter Opener"],"acts_visited":["Exordium","TheCity"],"potions_floor_usage":[33,33,33,33],"damage_taken":[{"damage":1,"enemies":"Cultist","floor":1,"turns":4},{"damage":6,"enemies":"2 Louse","floor":3,"turns":3},{"damage":6,"enemies":"Jaw Worm","floor":5,"turns":4},{"damage":15,"enemies":"3 Sentries","floor":6,"turns":5},{"damage":10,"enemies":"3 Louse","floor":8,"turns":3},{"damage":17,"enemies":"Large Slime","floor":11,"turns":5},{"damage":65,"enemies":"Hexaghost","floor":16,"turns":10},{"damage":30,"enemies":"Shell Parasite","floor":18,"turns":7},{"damage":30,"enemies":"Spheric Guardian","floor":21,"turns":4},{"damage":20,"enemies":"Chosen and Byrds","floor":22,"turns":5},{"damage":14,"enemies":"Slavers","floor":28,"turns":5},{"damage":11,"enemies":"Snake Plant","floor":31,"turns":2},{"damage":95,"enemies":"Champ","floor":33,"turns":11}],"seed_played":"5104628696975377522","potions_obtained":[{"floor":1,"key":"Block Potion"},{"floor":6,"key":"Explosive Potion"},{"floor":8,"key":"AttackPotion"},{"floor":31,"key":"Ancient Potion"}],"is_trial":false,"path_per_floor":["M","$","M","T","M","E","R","M","T","R","M","R","?","?","R","B",null,"M","?","?","M","M","R","$","R","T","?","E","R","?","M","R","B"],"character_chosen":"IRONCLAD","items_purchased":["Clothesline","ColorlessPotion","Lee\u0027s Waffle","Regal Pillow"],"campfire_rested":4,"item_purchase_floors":[2,2,24,24],"current_hp_per_floor":[80,80,80,80,80,71,71,67,67,80,69,69,74,74,85,26,85,61,61,61,37,23,48,92,92,92,92,84,84,84,79,92,0,0],"gold":102,"neow_bonus":"RANDOM_COMMON_RELIC","is_daily":false,"chose_seed":false,"campfire_upgraded":4,"win_rate":0.0,"timestamp":1610302873,"path_taken":["M","?","?","?","M","E","R","M","T","R","M","R","?","?","R","BOSS","M","?","?","M","M","R","$","R","T","?","E","R","?","M","R","BOSS"],"items_purchased_type":["Card","Potion","Relic","Relic"],"build_version":"2020-12-22","purchased_purges":0,"victory":false,"max_hp_per_floor":[80,80,80,80,80,80,80,80,80,80,80,80,85,85,85,85,85,85,85,85,85,85,85,92,92,92,92,92,92,92,92,92,92,92],"card_choices":[{"not_picked":["Dropkick","Pommel Strike"],"picked":"Flame Barrier","floor":1},{"not_picked":["Shockwave","Clothesline"],"picked":"Fire Breathing","floor":3},{"not_picked":["Armaments","Whirlwind"],"picked":"Wild Strike","floor":5},{"not_picked":["Ghostly Armor","Spot Weakness"],"picked":"Searing Blow","floor":6},{"not_picked":["Flame Barrier","Clothesline"],"picked":"Perfected Strike","floor":8},{"not_picked":["Flex","Reaper"],"picked":"Anger","floor":11},{"not_picked":["Bludgeon","Exhume"],"picked":"Juggernaut","floor":16},{"not_picked":["Sword Boomerang","Anger+1"],"picked":"Twin Strike+1","floor":18},{"not_picked":["Inflame+1","Disarm"],"picked":"Twin Strike","floor":21},{"not_picked":["True Grit+1","Dark Embrace"],"picked":"Shrug It Off+1","floor":22},{"not_picked":["Bludgeon","Havoc+1"],"picked":"Twin Strike","floor":28},{"not_picked":["Havoc+1","Hemokinesis+1"],"picked":"Pommel Strike","floor":31}],"player_experience":39979,"relics_obtained":[{"floor":4,"key":"Anchor"},{"floor":6,"key":"Pen Nib"},{"floor":9,"key":"Nunchaku"},{"floor":26,"key":"Whetstone"},{"floor":28,"key":"Potion Belt"},{"floor":28,"key":"Letter Opener"}],"event_choices":[{"damage_healed":0,"gold_gain":0,"player_choice":"Donut","damage_taken":0,"max_hp_gain":5,"max_hp_loss":0,"event_name":"Big Fish","floor":13,"gold_loss":0},{"damage_healed":0,"gold_gain":0,"player_choice":"Grow","damage_taken":0,"max_hp_gain":0,"max_hp_loss":0,"event_name":"Living Wall","floor":14,"gold_loss":0,"cards_upgraded":["Flame Barrier"]},{"damage_healed":0,"gold_gain":0,"player_choice":"Ignored","damage_taken":0,"max_hp_gain":0,"max_hp_loss":0,"event_name":"Beggar","floor":19,"gold_loss":0},{"damage_healed":0,"gold_gain":0,"player_choice":"Ignored","damage_taken":0,"max_hp_gain":0,"max_hp_loss":0,"event_name":"Vampires","floor":20,"gold_loss":0},{"damage_healed":0,"gold_gain":0,"player_choice":"Inject Mutagens","damage_taken":0,"relics_obtained":["MutagenicStrength"],"max_hp_gain":0,"max_hp_loss":0,"event_name":"Drug Dealer","floor":27,"gold_loss":0},{"damage_healed":0,"gold_gain":0,"player_choice":"Read","damage_taken":0,"max_hp_gain":0,"max_hp_loss":0,"event_name":"The Library","floor":30,"gold_loss":0,"cards_obtained":["Perfected Strike"]}],"is_beta":false,"boss_relics":[{"not_picked":["Calling Bell","Snecko Eye"],"picked":"Black Star"}],"items_purged_floors":[],"is_endless":false,"potions_floor_spawned":[1,6,8,11,22,31],"killed_by":"Champ","ascension_level":0}}