{"host":"709e3hc8hvltf42g","time":1610267061,"event":{"mods":["ATMod(阿瑾Mod)","Act Like it!","Arknights The Spire","Aspiration","BaseMod","CapriCore","Conspire","Downfall","Gensokyo","GungeonMod","Hallownest","Hermit","Lobotomy","LobotomyExtend","Minty Spire (QoL Compilation)","MostiFishMod","Remilia（蕾米莉亚）","Replay The Spire","StSLib","The Alterego","The Blackbeard","The Bug Knight","The Cursed","The Immortal","The Jungle","The Marked","Waifu the Spire","Yakumo Yukari mod","[IsaacMod]以撒尖塔","[地精首领爬塔]The Maniac","vexMod","【遗物卡牌】REMEMod"],"gold_per_floor":[135,10,10,10,27,46,81,81,128,157,5,22,36,48,48,151,151,151,151,151,151,101,101,101],"floor_reached":23,"playtime":1226,"items_purged":["AT_purpleEX","AT_purpleEX"],"score":278,"play_id":"547d84ab-1ace-4ce2-adbd-c35307463f8c","local_time":"20210110162421","is_ascension_mode":false,"campfire_choices":[{"data":"Gensokyo:UnhurriedMind","floor":8,"key":"SMITH"},{"floor":15,"key":"REST"}],"circlet_count":0,"master_deck":["AT_purpleEX","AT_purpleEX","Defend_purpleEX","Defend_purpleEX","Defend_purpleEX","Defend_purpleEX","Observe_purple_1","Observe_purple_2","Gensokyo:UnhurriedMind+1","StateErode_purple","Worldmountain_purple","OmniscientAndOmnipotent_Monster_purple","MeetDecomposer_purple","BarrageBoundary_PipeDream_purple","Mirror_FormAndEmptin_purple","BarrageBoundary_PipeDream_purple","WatchEChange_purple","WorldDissolvedintheRealm_purple+1"],"relics":["Boundary_crack","Memoryfragments_purpleEX","HushsDoor","AT_ATBox","REME_ComplimentaryCards","DaveBox","aspiration:Nostalgia","TheCursedMod:BlackMagic101","JellyFishMachine","Damocles","ReplayTheSpireMod:Lightbulb","SynthV:TestCard","Regal Pillow","AT_ChloranthyRing","HollowMod:LifeEnderRelic","aspiration:Lifesprig","Bag of Marbles","Simple Rune","REME_CardOfGreed","aspiration:FrozenJewel","Bottled Lightning","vexMod:MysteryBossChallenge","downfall:Hecktoplasm","Smiling Mask","MutagenicStrength","HowToJump","DemoMod:GlassGuonStoneRelic","Replay:Arrowhead"],"acts_visited":["Gensokyo:Gensokyo","TheCity"],"potions_floor_usage":[10],"damage_taken":[{"damage":0,"enemies":"Gensokyo:3_Fairies","floor":1,"turns":5},{"damage":2,"enemies":"Gensokyo:Gryphon","floor":5,"turns":3},{"damage":0,"enemies":"Gensokyo:Python","floor":6,"turns":3},{"damage":33,"enemies":"Gensokyo:Mamizou","floor":7,"turns":6},{"damage":14,"enemies":"Gensokyo:Aya","floor":10,"turns":3},{"damage":0,"enemies":"Gensokyo:LivingMonolith","floor":12,"turns":1},{"damage":0,"enemies":"Gensokyo:Gryphon_and_Rabbit","floor":13,"turns":2},{"damage":0,"enemies":"Gensokyo:2_Rabbits","floor":14,"turns":1},{"damage":7,"enemies":"Gensokyo:Yukari","floor":16,"turns":5},{"damage":0,"enemies":"Shell Parasite","floor":18,"turns":3},{"damage":0,"enemies":"Chosen","floor":20,"turns":2},{"damage":1,"enemies":"Shelled Parasite and Fungi","floor":21,"turns":2},{"damage":1,"enemies":"Book of Stabbing","floor":23,"turns":1}],"seed_played":"5926972929182052336","potions_obtained":[{"floor":6,"key":"PowerPotion"},{"floor":10,"key":"Weak Potion"},{"floor":12,"key":"Venom Potion"},{"floor":13,"key":"Reflective Coating"}],"is_trial":false,"path_per_floor":["M","$","?","?","M","M","E","R","T","E","$","M","M","M","R","B",null,"M","?","M","M","$","E"],"character_chosen":"Youkari","items_purchased":["Worldmountain_purple","REME_CardOfGreed"],"campfire_rested":1,"item_purchase_floors":[2,11],"current_hp_per_floor":[70,70,77,77,77,77,45,45,45,31,31,31,31,31,69,62,77,77,77,77,76,76,0,0],"gold":101,"neow_bonus":"NOSTALGIA","is_daily":false,"chose_seed":false,"campfire_upgraded":1,"win_rate":0.0,"timestamp":1610267061,"path_taken":["M","$","?","?","?","M","E","R","T","E","$","M","M","M","R","BOSS","M","?","M","M","$","E"],"items_purchased_type":["Card","Relic"],"build_version":"2020-12-22","purchased_purges":2,"victory":false,"max_hp_per_floor":[70,70,77,77,77,77,77,77,77,77,77,77,77,77,77,77,77,77,77,77,77,77,77,77],"card_choices":[{"not_picked":["Anti_communist_purple","SharpContractionReality_purple"],"picked":"StateErode_purple","floor":1},{"not_picked":["Worldmountain_purple","ButterflyHabitatTemple_purple","Shallow_ocean_purpleEX","MeetDecomposer_purple"],"picked":"OmniscientAndOmnipotent_Monster_purple","floor":5},{"not_picked":["Price_of_realm_purpleEX","Shallow_ocean_purpleEX","Umbrella_purple","Charmbait_purple"],"picked":"MeetDecomposer_purple","floor":6},{"not_picked":["Charmbait_purple","PurpleNeedle_purple","WeekHit_purple","MetroBOOM_purple"],"picked":"BarrageBoundary_PipeDream_purple","floor":7},{"not_picked":["Mirror_WaveAndshot_purple","MeetDecomposer_purple","Worldmountain_purple","Nest_LightFlightworm_purple","EighthInstrument_OneDividesIntoTwo_purple"],"picked":"SKIP","floor":10},{"not_picked":["ProofOfUnderstanding_purple","MeetDecomposer_purple","Boundary_DreamRealityDamnation_purple","Line_surface_state_purple"],"picked":"Mirror_FormAndEmptin_purple","floor":12},{"not_picked":["MetroBOOM_purple","ExternalForce_HighSpeedFlying_purple","Realm_recovery_purpleEX","SfantasyHide_purple","Extrememeaning_purpleEX"],"picked":"SKIP","floor":13},{"not_picked":["Umbrella_purple","OmniscientAndOmnipotent_Monster_purple","MonsterNeedle_purple","ButterflyHabitatTemple_purple","StateDuplicate_purple"],"picked":"SKIP","floor":14},{"not_picked":["Monsters_DoubleDeathButterfly_purple","ProofOfUnderstanding_purple","Human_Monster_Realm_purple","WasteWire_Metro_purple"],"picked":"BarrageBoundary_PipeDream_purple","floor":16},{"not_picked":["SfantasyHide_purple","Anti_communist_purple","StateErode_purple+1","MeetDecomposer_purple"],"picked":"WatchEChange_purple","floor":18},{"not_picked":["GluttonyofRealm_purpleEX","StretchesForeverDream_purple","StateDuplicate_purple","OpenedBox_purple","Mirror_Drifter_purple+1"],"picked":"SKIP","floor":20},{"not_picked":["WeekHit_purple+1","Erosivefilter_purple","AdvanceAttack_purple+1","DimensionStaggered_purple"],"picked":"WorldDissolvedintheRealm_purple+1","floor":21}],"player_experience":269193,"relics_obtained":[{"floor":1,"key":"ReplayTheSpireMod:Lightbulb"},{"floor":1,"key":"SynthV:TestCard"},{"floor":5,"key":"Regal Pillow"},{"floor":6,"key":"AT_ChloranthyRing"},{"floor":7,"key":"HollowMod:LifeEnderRelic"},{"floor":7,"key":"aspiration:Lifesprig"},{"floor":9,"key":"Bag of Marbles"},{"floor":10,"key":"Simple Rune"},{"floor":12,"key":"aspiration:FrozenJewel"},{"floor":13,"key":"Bottled Lightning"},{"floor":18,"key":"Smiling Mask"},{"floor":20,"key":"HowToJump"},{"floor":21,"key":"Replay:Arrowhead"}],"event_choices":[{"damage_healed":0,"gold_gain":0,"player_choice":"Inject Mutagens","damage_taken":0,"relics_obtained":["MutagenicStrength"],"max_hp_gain":0,"max_hp_loss":0,"event_name":"Drug Dealer","floor":19,"gold_loss":0}],"is_beta":false,"boss_relics":[{"not_picked":["Replay:Ancient Bell","Calling Bell"],"picked":"vexMod:MysteryBossChallenge"},{"not_picked":[]}],"items_purged_floors":[2,22],"is_endless":false,"potions_floor_spawned":[6,10,12,13,14,18,20],"killed_by":"Book of Stabbing","ascension_level":0}}