{"host":"c97twqu0op5dg8i4","time":1610245711,"event":{"mods":["BaseMod","Minty Spire (QoL Compilation)","Permanent Neow"],"gold_per_floor":[118,118,118,118,20,51,51,51,77,2,102,133,133,45,45,145,145,156,175,188,13,25,25,38,72,72,88,88,106,106,152,164,271,283,314,339,351,363,93,93,103,117,117,46,97,97,97],"floor_reached":46,"playtime":1110,"items_purged":["Defend_P","Strike_P","Protect"],"score":533,"play_id":"eaf23aed-8848-4992-9a28-6c403c145bec","local_time":"20210109212831","is_ascension_mode":true,"campfire_choices":[{"data":"Eruption","floor":7,"key":"SMITH"},{"data":"1","floor":13,"key":"LIFT"},{"data":"2","floor":15,"key":"LIFT"},{"data":"3","floor":23,"key":"LIFT"},{"floor":28,"key":"REST"},{"data":"Wallop","floor":30,"key":"SMITH"},{"floor":32,"key":"REST"},{"data":"Madness","floor":40,"key":"SMITH"}],"circlet_count":0,"master_deck":["Defend_P","Defend_P","Defend_P","Eruption+1","Vigilance","FlyingSleeves","Consecrate","Halt","CarveReality","Bandage Up","FlyingSleeves","BattleHymn","Wallop+1","FlyingSleeves","Pray+1","Brilliance+1","Protect+1","Protect+1","Protect+1","Madness+1","Madness","WindmillStrike","Parasite"],"relics":["Sozu","Du-Vu Doll","Damaru","Akabeko","Girya","Philosopher\u0027s Stone","Pantograph","Kunai","MawBank","Astrolabe","PreservedInsect","Blue Candle","Thread and Needle"],"acts_visited":["Exordium","TheCity","TheBeyond"],"potions_floor_usage":[],"damage_taken":[{"damage":0,"enemies":"Small Slimes","floor":1,"turns":3},{"damage":35,"enemies":"Gremlin Nob","floor":6,"turns":4},{"damage":18,"enemies":"Lagavulin","floor":12,"turns":5},{"damage":4,"enemies":"Hexaghost","floor":16,"turns":8},{"damage":19,"enemies":"Shell Parasite","floor":18,"turns":6},{"damage":0,"enemies":"Spheric Guardian","floor":19,"turns":2},{"damage":13,"enemies":"Cultist and Chosen","floor":20,"turns":3},{"damage":17,"enemies":"Centurion and Healer","floor":22,"turns":5},{"damage":14,"enemies":"3 Cultists","floor":24,"turns":4},{"damage":9,"enemies":"Slavers","floor":25,"turns":3},{"damage":3,"enemies":"Snecko","floor":27,"turns":4},{"damage":9,"enemies":"Cultist and Chosen","floor":29,"turns":4},{"damage":19,"enemies":"Champ","floor":33,"turns":7},{"damage":0,"enemies":"3 Shapes","floor":35,"turns":4},{"damage":3,"enemies":"Orb Walker","floor":36,"turns":3},{"damage":0,"enemies":"4 Shapes","floor":41,"turns":4},{"damage":6,"enemies":"Transient","floor":42,"turns":5},{"damage":20,"enemies":"2 Orb Walkers","floor":45,"turns":4},{"damage":68,"enemies":"Writhing Mass","floor":46,"turns":3}],"seed_played":"680568507731694742","potions_obtained":[],"is_trial":false,"path_per_floor":["M","?","$","?","$","E","R","?","T","$","?","E","R","$","R","B",null,"M","M","M","$","M","R","M","E","T","M","R","M","R","T","R","B",null,"M","M","?","?","$","R","M","M","T","$","?","M"],"character_chosen":"WATCHER","items_purchased":["Consecrate","Protect","Bandage Up","Wallop","PreservedInsect","WindmillStrike"],"campfire_rested":2,"item_purchase_floors":[5,5,14,21,39,44],"current_hp_per_floor":[72,60,60,53,53,18,18,42,42,42,42,24,24,24,24,24,72,57,61,52,52,39,39,29,24,24,21,42,37,37,37,58,57,72,72,69,60,55,55,55,59,57,57,57,41,0,0],"gold":97,"neow_bonus":"BOSS_RELIC","is_daily":false,"chose_seed":false,"campfire_upgraded":3,"win_rate":0.0,"timestamp":1610245711,"path_taken":["M","?","$","?","?","E","R","?","T","$","?","E","R","$","R","BOSS","M","?","M","$","M","R","M","E","T","M","R","M","R","?","R","BOSS","M","M","?","?","$","R","M","M","T","$","?","M"],"items_purchased_type":["Card","Card","Card","Card","Relic","Card"],"build_version":"2020-12-22","purchased_purges":3,"victory":false,"max_hp_per_floor":[72,72,72,72,72,72,72,72,72,72,72,72,72,72,72,72,72,72,72,72,72,72,72,72,72,72,72,72,72,72,72,72,72,72,72,72,72,72,72,72,72,72,72,72,72,72,72],"card_choices":[{"not_picked":["Fasting2","Protect"],"picked":"FlyingSleeves","floor":1},{"not_picked":["Consecrate","Adaptation"],"picked":"Halt","floor":6},{"not_picked":["ClearTheMind","Meditate"],"picked":"CarveReality","floor":12},{"not_picked":["ConjureBlade","Omniscience"],"picked":"DeusExMachina","floor":16},{"not_picked":["JustLucky+1","CrushJoints","Consecrate"],"picked":"SKIP","floor":18},{"not_picked":["EmptyFist","Adaptation"],"picked":"FlyingSleeves","floor":19},{"not_picked":["FollowUp","Wireheading"],"picked":"BattleHymn","floor":20},{"not_picked":["Consecrate","BowlingBash","Meditate"],"picked":"SKIP","floor":22},{"not_picked":["Study","DeceiveReality","FearNoEvil"],"picked":"SKIP","floor":24},{"not_picked":["Study+1","Protect"],"picked":"FlyingSleeves","floor":25},{"not_picked":["SashWhip","EmptyFist","PathToVictory"],"picked":"SKIP","floor":27},{"not_picked":["Vengeance","SashWhip","ForeignInfluence"],"picked":"SKIP","floor":29},{"not_picked":["WreathOfFlame+1","ReachHeaven+1"],"picked":"Protect+1","floor":35},{"not_picked":["PathToVictory","Weave+1"],"picked":"Protect+1","floor":36},{"not_picked":["FollowUp","ThirdEye","Consecrate+1"],"picked":"SKIP","floor":41},{"not_picked":["WaveOfTheHand","Consecrate+1","Weave"],"picked":"SKIP","floor":42}],"player_experience":276778,"relics_obtained":[{"floor":6,"key":"Damaru"},{"floor":9,"key":"Akabeko"},{"floor":12,"key":"Girya"},{"floor":25,"key":"Pantograph"},{"floor":26,"key":"Kunai"},{"floor":31,"key":"MawBank"},{"floor":43,"key":"Blue Candle"},{"floor":45,"key":"Thread and Needle"}],"event_choices":[{"damage_healed":0,"gold_gain":0,"player_choice":"Success","damage_taken":12,"relics_obtained":["Du-Vu Doll"],"max_hp_gain":0,"max_hp_loss":0,"event_name":"Scrap Ooze","floor":2,"gold_loss":0},{"cards_removed":["Strike_P"],"damage_healed":0,"gold_gain":0,"player_choice":"Card Removal","damage_taken":7,"max_hp_gain":0,"max_hp_loss":0,"event_name":"Golden Wing","floor":4,"gold_loss":0},{"damage_healed":24,"gold_gain":0,"player_choice":"Banana","damage_taken":0,"max_hp_gain":0,"max_hp_loss":0,"event_name":"Big Fish","floor":8,"gold_loss":0},{"damage_healed":0,"gold_gain":100,"player_choice":"Pray","damage_taken":0,"max_hp_gain":0,"max_hp_loss":0,"event_name":"Golden Shrine","floor":11,"gold_loss":0},{"damage_healed":0,"gold_gain":0,"player_choice":"Embrace Madness","damage_taken":9,"max_hp_gain":0,"max_hp_loss":0,"event_name":"Winding Halls","floor":37,"gold_loss":0,"cards_obtained":["Madness","Madness"]},{"damage_healed":0,"gold_gain":0,"player_choice":"Memory 2","damage_taken":5,"max_hp_gain":0,"max_hp_loss":0,"event_name":"SensoryStone","floor":38,"gold_loss":0},{"damage_healed":0,"gold_gain":0,"player_choice":"Fight","damage_taken":0,"max_hp_gain":0,"max_hp_loss":0,"event_name":"Mysterious Sphere","floor":45,"gold_loss":0}],"is_beta":false,"boss_relics":[{"not_picked":["Velvet Choker","Calling Bell"],"picked":"Philosopher\u0027s Stone"},{"not_picked":["Busted Crown","Pandora\u0027s Box"],"picked":"Astrolabe"}],"items_purged_floors":[10,21,39],"is_endless":false,"potions_floor_spawned":[6,12,18,19,24,33,35,41],"killed_by":"Writhing Mass","ascension_level":4}}