{"host":"qm4rv4rkpk76sbxu","time":1610244468,"event":{"mods":["BaseMod","Bestiary","Block Reminder","DeckTracker","Filter the Spire","Keyboard Shortcuts","Minty Spire (QoL Compilation)","MonsterHotkey","Potion Indicator Mod","Quick Restart","Relic Stats","Slay-I","StSLib","ojb\u0027s Better Paths Mod"],"gold_per_floor":[20,20,20,38,38,38,38,38,64,104,104,104,156,4,4,106,106,99,99,126,148,170,209,259,259,268,302,192,203,203,217,217,298,298,321,330,164,187,196,196,221,248,257,257,279,306,306,335,335,335,335,335,335,61,61,61],"floor_reached":55,"playtime":3173,"items_purged":["Injury","Strike_G"],"score":1978,"play_id":"e2499db0-734a-44ed-a336-6532fdf0389b","local_time":"20210110030748","is_ascension_mode":true,"campfire_choices":[{"data":"Poisoned Stab","floor":6.0,"key":"SMITH"},{"data":"Neutralize","floor":8.0,"key":"SMITH"},{"floor":12.0,"key":"REST"},{"floor":15.0,"key":"REST"},{"data":"Ghostly","floor":25.0,"key":"SMITH"},{"data":"Ghostly","floor":30.0,"key":"SMITH"},{"data":"Catalyst","floor":32.0,"key":"SMITH"},{"data":"Well Laid Plans","floor":40.0,"key":"SMITH"},{"data":"Ghostly","floor":44.0,"key":"SMITH"},{"floor":49.0,"key":"RECALL"},{"data":"Night Terror","floor":53.0,"key":"SMITH"}],"circlet_count":0,"master_deck":["AscendersBane","Strike_G","Strike_G","Strike_G","Strike_G","Defend_G","Defend_G","Defend_G","Defend_G","Defend_G","Survivor","Neutralize+1","Sadistic Nature","Poisoned Stab+1","PiercingWail","Backflip","Catalyst+1","Well Laid Plans+1","Malaise+1","Cloak And Dagger","Ghostly+1","Ghostly+1","Ghostly+1","Poisoned Stab","Crippling Poison","Acrobatics","Footwork+1","Night Terror+1","Acrobatics","Calculated Gamble","Reflex","PiercingWail","Writhe","Backflip","Clumsy","Poisoned Stab","Impatience","Good Instincts","Footwork","Blur","Deadly Poison"],"relics":["Ring of the Snake","Bloody Idol","WarpedTongs","Blood Vial","CeramicFish","StoneCalendar","Bird Faced Urn","Cursed Key","Ice Cream","Blue Candle","Oddly Smooth Stone","HoveringKite","Mango","Paper Crane","ClockworkSouvenir"],"acts_visited":["Exordium","TheCity","TheBeyond","TheEnding"],"potions_floor_usage":[55],"damage_taken":[{"damage":1.0,"enemies":"Jaw Worm","floor":1.0,"turns":5.0},{"damage":3.0,"enemies":"Small Slimes","floor":4.0,"turns":3.0},{"damage":0.0,"enemies":"Lagavulin","floor":10.0,"turns":6.0},{"damage":19.0,"enemies":"Gremlin Nob","floor":13.0,"turns":4.0},{"damage":7.0,"enemies":"Slime Boss","floor":16.0,"turns":7.0},{"damage":22.0,"enemies":"2 Thieves","floor":18.0,"turns":4.0},{"damage":5.0,"enemies":"3 Byrds","floor":21.0,"turns":7.0},{"damage":18.0,"enemies":"Snake Plant","floor":22.0,"turns":6.0},{"damage":2.0,"enemies":"Book of Stabbing","floor":23.0,"turns":7.0},{"damage":32.0,"enemies":"Slavers","floor":27.0,"turns":7.0},{"damage":5.0,"enemies":"Sentry and Sphere","floor":29.0,"turns":8.0},{"damage":2.0,"enemies":"Centurion and Healer","floor":31.0,"turns":8.0},{"damage":11.0,"enemies":"Collector","floor":33.0,"turns":11.0},{"damage":2.0,"enemies":"Orb Walker","floor":35.0,"turns":4.0},{"damage":13.0,"enemies":"3 Darklings","floor":38.0,"turns":7.0},{"damage":2.0,"enemies":"4 Shapes","floor":41.0,"turns":6.0},{"damage":11.0,"enemies":"Giant Head","floor":42.0,"turns":5.0},{"damage":14.0,"enemies":"Maw","floor":45.0,"turns":10.0},{"damage":17.0,"enemies":"Transient","floor":48.0,"turns":6.0},{"damage":38.0,"enemies":"Donu and Deca","floor":50.0,"turns":12.0},{"damage":9.0,"enemies":"Awakened One","floor":51.0,"turns":14.0},{"damage":49,"enemies":"Shield and Spear","floor":55,"turns":8}],"seed_played":"-8118214093278107299","potions_obtained":[{"floor":1.0,"key":"EntropicBrew"},{"floor":4.0,"key":"FearPotion"},{"floor":13.0,"key":"SneckoOil"},{"floor":16.0,"key":"Ancient Potion"},{"floor":21.0,"key":"SpeedPotion"},{"floor":27.0,"key":"DuplicationPotion"},{"floor":29.0,"key":"EntropicBrew"}],"is_trial":false,"path_per_floor":["M","?","?","M","?","R","?","R","T","E","?","R","E","$","R","B",null,"M","?","?","M","M","E","?","R","T","E","?","M","R","M","R","B",null,"M","?","$","M","T","R","M","E","T","R","M","?","?","M","R","B","B",null,"R","$","E"],"character_chosen":"THE_SILENT","items_purchased":["Well Laid Plans","Reflex","Blur","ClockworkSouvenir","Deadly Poison"],"campfire_rested":2,"item_purchase_floors":[14,37,54,54,54],"current_hp_per_floor":[58,58,58,55,55,55,55,55,55,57,22,41,24,24,43,42,60,42,42,33,33,25,33,33,33,33,13,13,21,21,32,32,33,33,33,33,33,33,47,47,47,44,47,47,47,47,47,44,44,16,17,40,40,47,0,0],"gold":61,"neow_bonus":"RANDOM_COLORLESS_2","is_daily":false,"chose_seed":false,"campfire_upgraded":8,"win_rate":0.0,"timestamp":1610244468,"path_taken":["M","?","?","?","?","R","?","R","T","E","?","R","E","?","R","BOSS","M","?","?","M","M","E","?","R","T","E","?","M","R","?","R","BOSS","M","?","?","M","?","R","?","E","T","R","M","?","?","M","R","BOSS","BOSS","R","$","E"],"items_purchased_type":["Card","Card","Card","Relic","Card"],"build_version":"2020-12-22","purchased_purges":2,"victory":false,"max_hp_per_floor":[66,66,66,66,66,66,66,66,66,66,66,66,66,66,66,66,66,66,66,33,33,33,33,33,33,33,33,33,33,33,33,33,33,33,33,33,33,33,47,47,47,47,47,47,47,47,47,47,47,47,47,47,47,47,47,47],"relic_stats":{"Blood Vial":19,"counters":[22,155],"Bloody Idol":97,"CeramicFish":252,"Bird Faced Urn":[67],"Blue Candle":[9],"HoveringKite":[33],"StoneCalendar":[576],"Cursed Key":3,"obtain_stats":[{"Ice Cream":23,"Golden Idol":2,"CeramicFish":10,"Blue Candle":26,"Oddly Smooth Stone":27,"HoveringKite":34,"StoneCalendar":11,"Mango":39,"Paper Crane":42,"Cursed Key":17,"WarpedTongs":3,"ClockworkSouvenir":54,"Blood Vial":9,"Bird Faced Urn":13,"Bloody Idol":19,"Ring of the Snake":0},{"Ice Cream":9,"Golden Idol":1,"CeramicFish":3,"Blue Candle":9,"Oddly Smooth Stone":10,"HoveringKite":13,"StoneCalendar":3,"Mango":15,"Paper Crane":17,"Cursed Key":5,"WarpedTongs":1,"ClockworkSouvenir":21,"Blood Vial":2,"Bird Faced Urn":4,"Bloody Idol":6,"Ring of the Snake":0},{"Ice Cream":49,"Golden Idol":5,"CeramicFish":14,"Blue Candle":49,"Oddly Smooth Stone":56,"HoveringKite":83,"StoneCalendar":14,"Mango":94,"Paper Crane":105,"Cursed Key":25,"WarpedTongs":5,"ClockworkSouvenir":147,"Blood Vial":8,"Bird Faced Urn":18,"Bloody Idol":29,"Ring of the Snake":0}],"Ring of the Snake":[44],"WarpedTongs":[149]},"card_choices":[{"not_picked":["Thinking Ahead","Violence"],"picked":"Sadistic Nature","floor":0.0},{"not_picked":["Skewer","Reflex"],"picked":"Poisoned Stab","floor":1.0},{"not_picked":["Flechettes","Expertise"],"picked":"PiercingWail","floor":4.0},{"not_picked":["Malaise","Bane"],"picked":"Backflip","floor":10.0},{"not_picked":["Blur","Underhanded Strike"],"picked":"Catalyst","floor":13.0},{"not_picked":["Unload","Grand Finale"],"picked":"Malaise","floor":16.0},{"not_picked":["Slice","Underhanded Strike"],"picked":"Cloak And Dagger","floor":18.0},{"not_picked":["Dagger Spray","Acrobatics"],"picked":"Poisoned Stab","floor":21.0},{"not_picked":["Flying Knee","Cloak And Dagger"],"picked":"Crippling Poison","floor":22.0},{"not_picked":["Quick Slash","Concentrate"],"picked":"Acrobatics","floor":23.0},{"not_picked":["Dagger Throw","Backflip"],"picked":"Footwork+1","floor":27.0},{"not_picked":["Slice+1","Underhanded Strike+1","Flechettes"],"picked":"SKIP","floor":29.0},{"not_picked":["Bane","Slice","Infinite Blades+1"],"picked":"SKIP","floor":31.0},{"not_picked":["Malaise","Glass Knife"],"picked":"Night Terror","floor":33.0},{"not_picked":["Bane+1","Slice"],"picked":"Acrobatics","floor":35.0},{"not_picked":["Prepared","Sucker Punch"],"picked":"PiercingWail","floor":38.0},{"not_picked":["Dagger Throw","Quick Slash"],"picked":"Backflip","floor":41.0},{"not_picked":["Cloak And Dagger","Caltrops","Prepared"],"picked":"SKIP","floor":42.0},{"not_picked":["Outmaneuver","Cloak And Dagger"],"picked":"Poisoned Stab","floor":45.0},{"not_picked":["Panache","Enlightenment"],"picked":"Impatience","floor":46.0},{"not_picked":["Forethought","PanicButton"],"picked":"Discovery","floor":46.0},{"not_picked":["Violence","Jack Of All Trades"],"picked":"Good Instincts","floor":46.0},{"not_picked":["Infinite Blades","Underhanded Strike+1"],"picked":"Footwork","floor":48.0}],"player_experience":1244332,"relics_obtained":[{"floor":9.0,"key":"Blood Vial"},{"floor":10.0,"key":"CeramicFish"},{"floor":13.0,"key":"Bird Faced Urn"},{"floor":23.0,"key":"Ice Cream"},{"floor":26.0,"key":"Blue Candle"},{"floor":27.0,"key":"Oddly Smooth Stone"},{"floor":39.0,"key":"Mango"},{"floor":42.0,"key":"Paper Crane"}],"event_choices":[{"damage_healed":0.0,"max_hp_gain":0.0,"max_hp_loss":0.0,"gold_gain":0.0,"event_name":"Golden Idol","player_choice":"Take Wound","floor":2.0,"gold_loss":0.0,"damage_taken":0.0,"relics_obtained":["Golden Idol"],"cards_obtained":["Injury"]},{"damage_healed":0.0,"max_hp_gain":0.0,"max_hp_loss":0.0,"gold_gain":0.0,"event_name":"Accursed Blacksmith","player_choice":"Rummage","floor":3.0,"gold_loss":0.0,"damage_taken":0.0,"relics_obtained":["WarpedTongs"],"cards_obtained":["Pain"]},{"damage_healed":0.0,"max_hp_gain":0.0,"max_hp_loss":0.0,"gold_gain":0.0,"event_name":"Liars Game","player_choice":"Ignored","floor":5.0,"gold_loss":0.0,"damage_taken":0.0},{"cards_removed":["Pain"],"damage_healed":0.0,"max_hp_gain":0.0,"max_hp_loss":0.0,"gold_gain":0.0,"event_name":"Living Wall","player_choice":"Forget","floor":7.0,"gold_loss":0.0,"damage_taken":0.0},{"damage_healed":0.0,"max_hp_gain":0.0,"max_hp_loss":0.0,"gold_gain":0.0,"event_name":"Scrap Ooze","player_choice":"Success","floor":11.0,"gold_loss":0.0,"damage_taken":35.0,"relics_obtained":["StoneCalendar"]},{"damage_healed":0.0,"max_hp_gain":0.0,"max_hp_loss":0.0,"gold_gain":0.0,"event_name":"Forgotten Altar","player_choice":"Gave Idol","floor":19.0,"relics_lost":["Golden Idol"],"gold_loss":0.0,"damage_taken":0.0,"relics_obtained":["Bloody Idol"]},{"damage_healed":0.0,"max_hp_gain":0.0,"max_hp_loss":33.0,"gold_gain":0.0,"event_name":"Ghosts","player_choice":"Became a Ghost","floor":20.0,"gold_loss":0.0,"damage_taken":0.0,"cards_obtained":["Ghostly","Ghostly","Ghostly"]},{"damage_healed":0.0,"max_hp_gain":0.0,"max_hp_loss":0.0,"gold_gain":50.0,"event_name":"Nest","player_choice":"Stole From Cult","floor":24.0,"gold_loss":0.0,"damage_taken":0.0},{"cards_removed":["Injury"],"damage_healed":0.0,"max_hp_gain":0.0,"max_hp_loss":0.0,"gold_gain":0.0,"event_name":"Designer","player_choice":"Upgrade and Remove","floor":28.0,"gold_loss":110.0,"damage_taken":0.0,"cards_upgraded":["Malaise"]},{"damage_healed":0.0,"max_hp_gain":0.0,"max_hp_loss":0.0,"gold_gain":0.0,"event_name":"Match and Keep!","player_choice":"1 cards matched","floor":36.0,"gold_loss":0.0,"damage_taken":0.0,"cards_obtained":["Calculated Gamble"]},{"damage_healed":0.0,"max_hp_gain":0.0,"max_hp_loss":0.0,"gold_gain":0.0,"event_name":"SensoryStone","player_choice":"Memory 3","floor":46.0,"gold_loss":0.0,"damage_taken":10.0},{"cards_removed":["Discovery"],"damage_healed":0.0,"max_hp_gain":0.0,"max_hp_loss":0.0,"gold_gain":0.0,"event_name":"Bonfire Elementals","player_choice":"Offered Uncommon","floor":47.0,"gold_loss":0.0,"damage_taken":0.0}],"is_beta":false,"boss_relics":[{"not_picked":["Velvet Choker","Runic Dome"],"picked":"Cursed Key"},{"not_picked":["SacredBark","Ring of the Serpent"],"picked":"HoveringKite"}],"items_purged_floors":[14,37],"is_endless":false,"potions_floor_spawned":[1,4,13,16,21,27,29,33,42,45,48],"killed_by":"Shield and Spear","ascension_level":20}}