{"host":"d1za9dvx43o9v494","time":1610313098,"event":{"mods":["2.2 Compatiblity","BaseMod","Better-Laid Plans","Colored Map","Downfall","Emptier Cage","Minty Spire (QoL Compilation)","Permanent Neow","StSLib"],"gold_per_floor":[99,99,112,112,112,22,22,82,182,182,210,31,59,59,73,178,178,178,198,210,95,109,141,141,241,141,167,174,174,202,202,216,318,318,318,333,352,352,362,391,417,436,336,361,361,261,280,42,54,54,54,86,21,21,21,21],"floor_reached":57,"playtime":4956,"items_purged":["downfall:Malfunctioning","Slimebound:Tackle","Regret","Slimebound:Split"],"score":1476,"play_id":"a130ccda-a889-4522-812a-db344f7ac499","local_time":"20210111001138","is_ascension_mode":true,"campfire_choices":[{"data":"Slimebound:CorrosiveSpit","floor":1.0,"key":"SMITH"},{"data":"Slimebound:GoopSpray","floor":10.0,"key":"SMITH"},{"data":"Slimebound:DouseInSlime","floor":18.0,"key":"SMITH"},{"data":"Slimebound:PrepareCrush","floor":26.0,"key":"SMITH"},{"data":"Slimebound:PrepareCrush","floor":35,"key":"SMITH"},{"floor":43,"key":"RECALL"},{"data":"Slimebound:SlimeSlap","floor":46,"key":"SMITH"},{"data":"Slimebound:TagTeam","floor":54,"key":"SMITH"}],"circlet_count":0,"master_deck":["Slimebound:Strike_Slimebound+1","Slimebound:Strike_Slimebound+1","Slimebound:Strike_Slimebound+1","Slimebound:Defend_Slimebound","Slimebound:Defend_Slimebound","Slimebound:Defend_Slimebound","Slimebound:CorrosiveSpit+1","Slimebound:RollThrough","Slimebound:GoopSpray+1","Slimebound:SamplingLick","Slimebound:PrepareCrush+1","expansioncontent:QuickStudy+1","Slimebound:DouseInSlime+1","Slimebound:OozeBath","Slimebound:SplitMire","Slimebound:SplitSpecialist","downfall:Malfunctioning","Clumsy","Slimebound:GrowthPunch","Slimebound:SplitSpecialist","Pain","Slimebound:PrepareCrush+1","Slimebound:FinishingTackle+1","Slimebound:SlimeSlap+1","Slimebound:Equalize","Slimebound:TagTeam+1"],"relics":["Slimebound:AbsorbEndCombat","Slimebound:StickyStick","Slimebound:PreparedRelic","Bag of Preparation","downfall:ShatteredFragment","Calipers","Lantern","Slimebound:PreparedRelic","Bottled Flame","bronze:MakeshiftBattery","The Courier","Matryoshka","Blue Candle","downfall:HeartBlessingGreen","Mango","champ:DuelingGlove","Ancient Tea Set","WarpedTongs","Sozu","Mercury Hourglass","Pen Nib","downfall:HeartBlessingBlue","Ornamental Fan","downfall:HeartBlessingRed","Guardian:PocketSentry","Slimebound:StickyStick"],"acts_visited":["Exordium","TheCity","TheBeyond","TheEnding"],"potions_floor_usage":[56,56,56],"damage_taken":[{"damage":0.0,"enemies":"Small Slimes","floor":3.0,"turns":2.0},{"damage":0.0,"enemies":"downfall:FleeingMerchant","floor":6.0,"turns":4.0},{"damage":28.0,"enemies":"3 Sentries","floor":8.0,"turns":5.0},{"damage":1.0,"enemies":"3 Sentries","floor":11.0,"turns":4.0},{"damage":5.0,"enemies":"downfall:FleeingMerchant","floor":12.0,"turns":4.0},{"damage":0.0,"enemies":"Gremlin Nob","floor":13.0,"turns":2.0},{"damage":0.0,"enemies":"Cultist","floor":15.0,"turns":2.0},{"damage":36.0,"enemies":"downfall:Defect","floor":16.0,"turns":9.0},{"damage":0.0,"enemies":"3 Byrds","floor":19.0,"turns":3.0},{"damage":0.0,"enemies":"Chosen","floor":20.0,"turns":3.0},{"damage":5.0,"enemies":"downfall:FleeingMerchant","floor":21.0,"turns":4.0},{"damage":0.0,"enemies":"3 Cultists","floor":22.0,"turns":3.0},{"damage":42.0,"enemies":"Slavers","floor":23.0,"turns":4.0},{"damage":5.0,"enemies":"Book of Stabbing","floor":27.0,"turns":3.0},{"damage":0.0,"enemies":"downfall:FleeingMerchant","floor":28.0,"turns":2.0},{"damage":19.0,"enemies":"Slavers","floor":30.0,"turns":5.0},{"damage":2.0,"enemies":"Cultist and Chosen","floor":32.0,"turns":4.0},{"damage":0,"enemies":"downfall:Silent","floor":33,"turns":1},{"damage":2,"enemies":"3 Darklings","floor":36,"turns":3},{"damage":9,"enemies":"Orb Walker","floor":37,"turns":3},{"damage":46,"enemies":"Sphere and 2 Shapes","floor":39,"turns":4},{"damage":23,"enemies":"Giant Head","floor":40,"turns":6},{"damage":2,"enemies":"Transient","floor":42,"turns":5},{"damage":8,"enemies":"Reptomancer","floor":44,"turns":4},{"damage":1,"enemies":"Spire Growth","floor":47,"turns":3},{"damage":6,"enemies":"Writhing Mass","floor":49,"turns":3},{"damage":32,"enemies":"ArchetypeAct3BlockNewAge","floor":50,"turns":8},{"damage":54,"enemies":"downfall:CharBossMerchant","floor":52,"turns":5},{"damage":31,"enemies":"downfall:NeowBoss","floor":55,"turns":10},{"damage":63,"enemies":"downfall:NeowBossFinal","floor":56,"turns":8}],"seed_played":"4308912099459003673","potions_obtained":[{"floor":13.0,"key":"Slimebound:ThreeZeroPotion"},{"floor":15.0,"key":"Ancient Potion"},{"floor":16.0,"key":"BlessingOfTheForge"},{"floor":19.0,"key":"Energy Potion"},{"floor":22.0,"key":"FearPotion"},{"floor":23.0,"key":"SteroidPotion"}],"is_trial":false,"path_per_floor":["R","?","M","?","?","$","T","?","?","R","E","$","E","?","M","B",null,"R","M","M","$","M","E","T","?","R","E","$","?","E","?","M","B",null,"R","M","M","?","M","E","T","M","R","E","?","R","M","$","M","B",null,"E","$","R","B","B",null],"character_chosen":"SLIMEBOUND","items_purchased":["expansioncontent:QuickStudy","champ:DuelingGlove","Guardian:PocketSentry","Slimebound:TagTeam"],"campfire_rested":0,"item_purchase_floors":[12,28,48,53],"current_hp_per_floor":[65,65,65,47,47,49,49,24,24,24,31,33,36,36,38,10,65,65,65,65,62,65,29,29,34,34,46,49,49,41,41,44,44,84,84,84,78,78,36,22,22,38,48,53,53,53,58,58,57,43,94,45,45,45,48,13],"gold":21,"neow_bonus":"RANDOM_COMMON_RELIC","is_daily":false,"chose_seed":false,"campfire_upgraded":7,"win_rate":0.0,"timestamp":1610313098,"path_taken":["R","?","?","?","?","$","T","?","?","R","E","?","E","?","M","BOSS","R","M","M","$","M","E","T","?","R","E","$","?","E","?","M","BOSS","R","M","M","?","?","E","T","M","R","E","?","R","?","$","M","BOSS","E","$","R","BOSS","BOSS"],"items_purchased_type":["Card","Relic","Relic","Card"],"build_version":"2020-12-22","purchased_purges":4,"victory":true,"max_hp_per_floor":[65,65,65,65,65,65,65,65,65,65,65,65,65,65,65,65,65,65,65,65,65,65,65,65,70,70,84,84,84,84,84,84,84,84,84,84,84,84,84,84,84,84,94,94,94,94,94,94,94,94,94,94,94,94,94,94],"card_choices":[{"not_picked":["Slimebound:Schlurp","Slimebound:LeechEnergy"],"picked":"Slimebound:RollThrough","floor":3.0},{"not_picked":["Slimebound:FormOfPuddle","Slimebound:Schlurp"],"picked":"Slimebound:GoopSpray","floor":6.0},{"not_picked":["Slimebound:GoopSpray","Slimebound:GrowthPunch"],"picked":"Slimebound:SamplingLick","floor":8.0},{"not_picked":["Slimebound:Replication","Slimebound:DisruptingSlam"],"picked":"Slimebound:PrepareCrush","floor":11.0},{"not_picked":["Slimebound:SamplingLick","Slimebound:RollThrough","Slimebound:Prepare"],"picked":"SKIP","floor":12.0},{"not_picked":["Slimebound:Prepare","Slimebound:ItLooksTasty","Slimebound:MegaLick"],"picked":"SKIP","floor":13.0},{"not_picked":["Slimebound:SplitMire","Slimebound:SlimeSpikes"],"picked":"Slimebound:DouseInSlime","floor":15.0},{"not_picked":["Slimebound:MassRepurpose","Slimebound:PrepareCrush"],"picked":"Slimebound:OozeBath","floor":16.0},{"not_picked":["Slimebound:TongueLash+1","Slimebound:Nibble","Slimebound:GoopTackle+1"],"picked":"SKIP","floor":19.0},{"not_picked":["Slimebound:LevelUp","Slimebound:SlimeTap","Slimebound:LeechEnergy"],"picked":"SKIP","floor":20.0},{"not_picked":["Slimebound:LeechEnergy","Slimebound:SamplingLick"],"picked":"Slimebound:SplitMire","floor":21.0},{"not_picked":["Slimebound:Nibble","Slimebound:SplitAcid","Slimebound:OneTwoCombo"],"picked":"SKIP","floor":22.0},{"not_picked":["Slimebound:PressTheAttack+1","Slimebound:LivingWall"],"picked":"Slimebound:SplitSpecialist","floor":23.0},{"not_picked":["Slimebound:RollThrough","Slimebound:SplitBruiser"],"picked":"Slimebound:GrowthPunch","floor":27.0},{"not_picked":["Slimebound:SpikyOuterGoop+1","Slimebound:Schlurp","Slimebound:GoopSpray"],"picked":"SKIP","floor":28.0},{"not_picked":["Slimebound:LeadByExample","Slimebound:BestDefense","Slimebound:SamplingLick"],"picked":"SKIP","floor":30.0},{"not_picked":["Slimebound:SplitMire","Slimebound:SplitSpecialist","Slimebound:Schlurp"],"picked":"SKIP","floor":32.0},{"not_picked":["Slimebound:Darklings","Slimebound:WasteNot"],"picked":"Slimebound:PrepareCrush","floor":33},{"not_picked":["Slimebound:SplitAcid+1","Slimebound:MegaLick","Slimebound:ProtectTheBoss"],"picked":"SKIP","floor":36},{"not_picked":["Slimebound:ProtectTheBoss+1","Slimebound:FlameTackle"],"picked":"Slimebound:FinishingTackle+1","floor":37},{"not_picked":["Slimebound:SamplingLick","Slimebound:GrowthPunch","Slimebound:PressTheAttack"],"picked":"SKIP","floor":39},{"not_picked":["Slimebound:Darklings","Slimebound:FinishingTackle"],"picked":"Slimebound:SlimeSlap","floor":40},{"not_picked":["Slimebound:HungryTackle","Slimebound:GoopTackle"],"picked":"Slimebound:Equalize","floor":42},{"not_picked":["Slimebound:DivideAndConquer+1","Slimebound:LeechingTouch+1","Slimebound:LivingWall+1"],"picked":"SKIP","floor":44},{"not_picked":["Slimebound:GoopSpray","Slimebound:TongueLash+1","Slimebound:RollThrough+1"],"picked":"SKIP","floor":47},{"not_picked":["Slimebound:RollThrough","Slimebound:LeechingTouch+1","Slimebound:ViciousTackle+1"],"picked":"SKIP","floor":49},{"not_picked":["Slimebound:GoopTackle+1","Slimebound:Gluttony+1","Slimebound:SplitLeeching"],"picked":"SKIP","floor":52}],"player_experience":692292,"relics_obtained":[{"floor":7.0,"key":"Calipers"},{"floor":8.0,"key":"Lantern"},{"floor":11.0,"key":"Slimebound:PreparedRelic"},{"floor":13.0,"key":"Bottled Flame"},{"floor":23.0,"key":"The Courier"},{"floor":24.0,"key":"Matryoshka"},{"floor":27.0,"key":"Mango"},{"floor":30.0,"key":"Ancient Tea Set"},{"floor":40,"key":"Mercury Hourglass"},{"floor":41,"key":"Pen Nib"},{"floor":44,"key":"Ornamental Fan"},{"floor":52,"key":"Slimebound:StickyStick"}],"event_choices":[{"damage_healed":0.0,"max_hp_gain":0.0,"max_hp_loss":0.0,"gold_gain":0.0,"event_name":"NoteForYourself","player_choice":"Ignored","floor":2.0,"gold_loss":0.0,"damage_taken":0.0},{"damage_healed":0.0,"max_hp_gain":0.0,"max_hp_loss":0.0,"gold_gain":0.0,"event_name":"The Library","player_choice":"Read","floor":29.0,"gold_loss":0.0,"damage_taken":0.0,"cards_obtained":["Slimebound:SplitSpecialist"]},{"damage_healed":0.0,"max_hp_gain":0.0,"max_hp_loss":0.0,"gold_gain":0.0,"event_name":"Accursed Blacksmith","player_choice":"Rummage","floor":31.0,"gold_loss":0.0,"damage_taken":0.0,"relics_obtained":["WarpedTongs"],"cards_obtained":["Pain"]},{"cards_removed":["Slimebound:Defend_Slimebound"],"damage_healed":0,"gold_gain":0,"player_choice":"Offered Basic","damage_taken":0,"max_hp_gain":0,"max_hp_loss":0,"event_name":"Bonfire Elementals","floor":38,"gold_loss":0}],"is_beta":false,"boss_relics":[{"not_picked":["sneckomod:SneckoTalon","Velvet Choker"],"picked":"bronze:MakeshiftBattery"},{"not_picked":["Slimebound:AbsorbEndCombatUpgraded","expansioncontent:StudyCardRelic"],"picked":"Sozu"}],"items_purged_floors":[6,21,28,48],"is_endless":false,"potions_floor_spawned":[13,15,16,19,22,23,32,40,42,44],"ascension_level":1}}