{"host":"cwd5s03r1oaxs6mx","time":1610292275,"event":{"mods":["Act Like it!","BaseMod","Better Third Choice","BetterRewards","CapriCore","Card Filter","Colored Map","Custom Start","DeckTracker","Friendly Minions","Hubris","Infinite Spire","Marisa£¨Ùöéë¡¡Øª×âÞÞ£©","Minty Spire (QoL Compilation)","Quick Restart","Relic Stats","Shop Mod","Spicy Shops","StSLib","SuperFastMode"],"gold_per_floor":[114,114,124,141,159,159,193,222,234,246,287,316,328,340,352,439,451,482,472,484,496,508,520,563,588,623,655,667,713,725,765,777,789,789],"floor_reached":33,"playtime":1283,"items_purged":["Strike_R","Defend_R"],"score":780,"play_id":"83760508-ce04-4d53-96a1-bc08708a8e3a","local_time":"20210111002435","is_ascension_mode":true,"campfire_choices":[{"data":"Metallicize","floor":6.0,"key":"SMITH"},{"data":"Metallicize","floor":13.0,"key":"SMITH"},{"floor":15.0,"key":"REST"},{"data":"Clash","floor":23.0,"key":"SMITH"},{"data":"Clash","floor":28.0,"key":"SMITH"},{"data":"Amplify","floor":30.0,"key":"SMITH"},{"data":"Sever Soul","floor":32.0,"key":"SMITH"}],"circlet_count":0,"master_deck":["AscendersBane","Strike_R","Strike_R","Strike_R","Strike_R","Defend_R","Defend_R","Bash","Metallicize+1","Metallicize+1","Clash+1","Evolve","Amplify+1","Bludgeon+1","Clash+1","Sever Soul+1"],"relics":["Burning Blood","Membership Card","infinitespire:Satchel","DollysMirror","MawBank","Lantern","Tiny Chest","infinitespire:Cupcake","hubris:BottledHeart","Bag of Marbles","Omamori","PreservedInsect","infinitespire:Lychee Nut"],"acts_visited":["Exordium","TheCity"],"potions_floor_usage":[33],"damage_taken":[{"damage":8.0,"enemies":"Small Slimes","floor":1.0,"turns":4.0},{"damage":1.0,"enemies":"2 Louse","floor":3.0,"turns":4.0},{"damage":0.0,"enemies":"Cultist","floor":4.0,"turns":4.0},{"damage":16.0,"enemies":"Lots of Slimes","floor":5.0,"turns":7.0},{"damage":12.0,"enemies":"Lagavulin","floor":7.0,"turns":10.0},{"damage":0.0,"enemies":"2 Fungi Beasts","floor":8.0,"turns":4.0},{"damage":33.0,"enemies":"Gremlin Nob","floor":11.0,"turns":6.0},{"damage":2.0,"enemies":"Gremlin Gang","floor":12.0,"turns":8.0},{"damage":32.0,"enemies":"Hexaghost","floor":16.0,"turns":16.0},{"damage":0.0,"enemies":"Spheric Guardian","floor":18.0,"turns":6.0},{"damage":11.0,"enemies":"2 Thieves","floor":19.0,"turns":4.0},{"damage":0.0,"enemies":"Book of Stabbing","floor":24.0,"turns":5.0},{"damage":0.0,"enemies":"Cultist and Chosen","floor":25.0,"turns":7.0},{"damage":0.0,"enemies":"Centurion and Healer","floor":27.0,"turns":5.0},{"damage":0.0,"enemies":"Gremlin Leader","floor":29.0,"turns":4.0},{"damage":0.0,"enemies":"Book of Stabbing","floor":31.0,"turns":4.0},{"damage":11,"enemies":"Collector","floor":33,"turns":9}],"seed_played":"-2199873120683207073","potions_obtained":[{"floor":1.0,"key":"Swift Potion"},{"floor":3.0,"key":"FearPotion"}],"is_trial":false,"path_per_floor":["M","?","M","M","M","R","E","M","T","$","E","M","R","?","R","B",null,"M","M","AVR","?","?","R","E","M","T","M","R","E","R","E","R","B"],"character_chosen":"IRONCLAD","items_purchased":["Metallicize","Membership Card","infinitespire:Satchel","DollysMirror","Clash"],"campfire_rested":1,"item_purchase_floors":[0,0,0,0,0],"current_hp_per_floor":[66,66,71,75,65,65,59,65,65,65,38,42,42,21,43,17,61,67,62,62,1,1,1,1,1,1,1,1,1,1,1,1,0,0],"gold":789,"neow_bonus":"","is_daily":false,"chose_seed":false,"campfire_upgraded":6,"win_rate":0.0,"timestamp":1610292275,"path_taken":["M","?","M","M","M","R","E","M","T","$","E","M","R","?","R","BOSS","M","M","AVR","?","?","R","E","M","T","M","R","E","R","E","R","BOSS"],"items_purchased_type":["Card","Relic","Relic","Relic","Card"],"build_version":"2020-12-22","purchased_purges":2,"victory":false,"max_hp_per_floor":[75,75,75,75,75,75,75,75,75,75,75,75,75,75,75,75,75,75,75,75,1,1,1,1,1,1,1,1,1,1,1,1,1,1],"relic_stats":{"counters":[224,974],"Tiny Chest":0,"PreservedInsect":43,"MawBank":312,"obtain_stats":[{"infinitespire:BottledMercury":26,"Whetstone":6,"hubris:MysteriousPyramids":0,"Boot":12,"Blood Vial":9,"infinitespire:ShieldingShard":27,"hubris:AstralHammer":0,"Kunai":38,"hubris:MobiusCoin":45,"Pear":54,"Blue Candle":9,"infinitespire:Magic Flask":25,"Akabeko":8,"hubris:BottledHeart":21,"infinitespire:Lychee Nut":31,"Pandora\u0027s Box":17,"Mark of Pain":34,"hubris:TenFootPole":6,"Unceasing Top":0,"hubris:Reverence":24,"infinitespire:Cupcake":17,"Lantern":2,"Singing Bowl":12,"Magic Flower":9,"StoneCalendar":7,"Bag of Preparation":0,"Ancient Tea Set":9,"Burning Blood":0,"hubris:BlackHole":34,"hubris:Backtick":28,"infinitespire:Bottled Soul":10,"Toolbox":54,"hubris:ScarierMask":17,"hubris:CuriousFeather":0,"Chemical X":0,"hubris:ChampionShield":40,"Paper Frog":0,"Golden Idol":10,"The Courier":9,"PreservedInsect":29,"Omamori":29,"hubris:Towel":5,"MawBank":24,"hubris:Spice":9,"Ornamental Fan":14,"Art of War":31,"Bottled Lightning":9,"hubris:CrackedHourglass":17,"Toy Ornithopter":45,"infinitespire:Midas Blood":26,"hubris:BottledRain":0,"Gremlin Horn":24,"Nilry\u0027s Codex":31,"CeramicFish":29,"Vajra":31,"Sozu":34,"Centennial Puzzle":29,"Lizard Tail":6,"DollysMirror":0,"Prayer Wheel":31,"Girya":8,"hubris:DuctTape":48,"Happy Flower":9,"Dead Branch":0,"Oddly Smooth Stone":29,"Letter Opener":0,"War Paint":8,"Question Card":0,"hubris:Zylophone":19,"Du-Vu Doll":25,"Bottled Flame":14,"Molten Egg 2":26,"hubris:PeanutButter":54,"Black Star":17,"hubris:ToyBattleship":7,"Black Blood":17,"Mango":37,"hubris:SlimyHat":0,"Dream Catcher":25,"hubris:Icosahedron":22,"Mummified Hand":6,"Pantograph":6,"Tiny Chest":14,"hubris:IronBody":28,"Red Skull":0,"Runic Pyramid":17,"infinitespire:FocusingShard":40,"Medical Kit":0,"White Beast Statue":55,"Mercury Hourglass":46,"Peace Pipe":10,"Strange Spoon":19,"Anchor":10,"CaptainsWheel":46,"infinitespire:Satchel":0,"hubris:BundleOfHerbs":40,"infinitespire:Burning Sword":17,"Bag of Marbles":24,"Membership Card":11,"hubris:Potato":6,"hubris:OldNail":13,"TungstenRod":20},{"infinitespire:BottledMercury":40,"Whetstone":85,"hubris:MysteriousPyramids":148,"Boot":58,"Blood Vial":171,"infinitespire:ShieldingShard":41,"hubris:AstralHammer":51,"Kunai":98,"hubris:MobiusCoin":22,"Pear":146,"Blue Candle":86,"infinitespire:Magic Flask":93,"Akabeko":107,"hubris:BottledHeart":218,"infinitespire:Lychee Nut":223,"Pandora\u0027s Box":110,"Mark of Pain":45,"hubris:TenFootPole":206,"Unceasing Top":81,"hubris:Reverence":132,"infinitespire:Cupcake":216,"Lantern":186,"Singing Bowl":108,"Magic Flower":5,"StoneCalendar":33,"Bag of Preparation":51,"Ancient Tea Set":189,"Burning Blood":0,"hubris:BlackHole":68,"hubris:Backtick":93,"infinitespire:Bottled Soul":34,"Toolbox":79,"hubris:ScarierMask":88,"hubris:CuriousFeather":180,"Chemical X":0,"hubris:ChampionShield":20,"Paper Frog":118,"Golden Idol":118,"The Courier":33,"PreservedInsect":222,"Omamori":42,"hubris:Towel":84,"MawBank":12,"hubris:Spice":56,"Ornamental Fan":156,"Art of War":67,"Bottled Lightning":107,"hubris:CrackedHourglass":128,"Toy Ornithopter":74,"infinitespire:Midas Blood":64,"hubris:BottledRain":100,"Gremlin Horn":160,"Nilry\u0027s Codex":134,"CeramicFish":134,"Vajra":67,"Sozu":17,"Centennial Puzzle":15,"Lizard Tail":106,"DollysMirror":51,"Prayer Wheel":16,"Girya":86,"hubris:DuctTape":24,"Happy Flower":152,"Dead Branch":51,"Oddly Smooth Stone":66,"Letter Opener":28,"War Paint":118,"Question Card":28,"hubris:Zylophone":38,"Du-Vu Doll":64,"Bottled Flame":8,"Molten Egg 2":12,"hubris:PeanutButter":146,"Black Star":60,"hubris:ToyBattleship":189,"Black Blood":193,"Mango":48,"hubris:SlimyHat":0,"Dream Catcher":64,"hubris:Icosahedron":39,"Mummified Hand":4,"Pantograph":122,"Tiny Chest":215,"hubris:IronBody":93,"Red Skull":168,"Runic Pyramid":37,"infinitespire:FocusingShard":72,"Medical Kit":0,"White Beast Statue":27,"Mercury Hourglass":76,"Peace Pipe":57,"Strange Spoon":38,"Anchor":6,"CaptainsWheel":76,"infinitespire:Satchel":207,"hubris:BundleOfHerbs":72,"infinitespire:Burning Sword":9,"Bag of Marbles":219,"Membership Card":6,"hubris:Potato":117,"hubris:OldNail":173,"TungstenRod":177},{"infinitespire:BottledMercury":166,"Whetstone":310,"hubris:MysteriousPyramids":584,"Boot":238,"Blood Vial":696,"infinitespire:ShieldingShard":171,"hubris:AstralHammer":215,"Kunai":324,"hubris:MobiusCoin":97,"Pear":567,"Blue Candle":311,"infinitespire:Magic Flask":318,"Akabeko":378,"hubris:BottledHeart":940,"infinitespire:Lychee Nut":965,"Pandora\u0027s Box":401,"Mark of Pain":190,"hubris:TenFootPole":864,"Unceasing Top":306,"hubris:Reverence":494,"infinitespire:Cupcake":930,"Lantern":760,"Singing Bowl":387,"Magic Flower":34,"StoneCalendar":138,"Bag of Preparation":215,"Ancient Tea Set":778,"Burning Blood":0,"hubris:BlackHole":283,"hubris:Backtick":318,"infinitespire:Bottled Soul":142,"Toolbox":301,"hubris:ScarierMask":313,"hubris:CuriousFeather":732,"Chemical X":0,"hubris:ChampionShield":92,"Paper Frog":436,"Golden Idol":436,"The Courier":138,"PreservedInsect":961,"Omamori":177,"hubris:Towel":309,"MawBank":70,"hubris:Spice":233,"Ornamental Fan":620,"Art of War":273,"Bottled Lightning":378,"hubris:CrackedHourglass":478,"Toy Ornithopter":289,"infinitespire:Midas Blood":260,"hubris:BottledRain":329,"Gremlin Horn":647,"Nilry\u0027s Codex":506,"CeramicFish":506,"Vajra":273,"Sozu":85,"Centennial Puzzle":78,"Lizard Tail":357,"DollysMirror":215,"Prayer Wheel":81,"Girya":311,"hubris:DuctTape":102,"Happy Flower":602,"Dead Branch":215,"Oddly Smooth Stone":269,"Letter Opener":120,"War Paint":436,"Question Card":120,"hubris:Zylophone":160,"Du-Vu Doll":260,"Bottled Flame":46,"Molten Egg 2":70,"hubris:PeanutButter":567,"Black Star":247,"hubris:ToyBattleship":778,"Black Blood":806,"Mango":205,"hubris:SlimyHat":0,"Dream Catcher":260,"hubris:Icosahedron":163,"Mummified Hand":30,"Pantograph":454,"Tiny Chest":914,"hubris:IronBody":318,"Red Skull":686,"Runic Pyramid":157,"infinitespire:FocusingShard":287,"Medical Kit":0,"White Beast Statue":114,"Mercury Hourglass":296,"Peace Pipe":235,"Strange Spoon":160,"Anchor":38,"CaptainsWheel":296,"infinitespire:Satchel":867,"hubris:BundleOfHerbs":287,"infinitespire:Burning Sword":56,"Bag of Marbles":945,"Membership Card":38,"hubris:Potato":430,"hubris:OldNail":703,"TungstenRod":723}],"Burning Blood":1169},"card_choices":[{"not_picked":["Iron Wave","Flex","Pommel Strike"],"picked":"SKIP","floor":1.0},{"not_picked":["Headbutt","Burning Pact"],"picked":"Evolve","floor":3.0},{"not_picked":["Armaments","Clothesline","Twin Strike"],"picked":"SKIP","floor":4.0},{"not_picked":["Carnage","Anger","Wild Strike"],"picked":"SKIP","floor":5.0},{"not_picked":["Cleave","Inflame","Burning Pact"],"picked":"SKIP","floor":7.0},{"not_picked":["Sword Boomerang","Twin Strike","Clothesline"],"picked":"SKIP","floor":8.0},{"not_picked":["Feel No Pain","Dark Embrace","Ghostly Armor"],"picked":"SKIP","floor":11.0},{"not_picked":["Anger","Warcry","Whirlwind"],"picked":"SKIP","floor":12.0},{"not_picked":["Double Tap","Fiend Fire"],"picked":"Bludgeon","floor":16.0},{"not_picked":["Cleave+1","Anger"],"picked":"Clash","floor":18.0},{"not_picked":["Perfected Strike","Warcry","Iron Wave"],"picked":"SKIP","floor":19.0},{"not_picked":["Sever Soul","Carnage","Armaments"],"picked":"SKIP","floor":24.0},{"not_picked":["Sentinel","Whirlwind+1","Heavy Blade"],"picked":"SKIP","floor":25.0},{"not_picked":["Searing Blow","Warcry","Blood for Blood"],"picked":"SKIP","floor":27.0},{"not_picked":["Bloodletting","Spot Weakness","Dark Embrace"],"picked":"SKIP","floor":29.0},{"not_picked":["Iron Wave","Shockwave"],"picked":"Sever Soul","floor":31.0}],"player_experience":1024065,"relics_obtained":[{"floor":7.0,"key":"MawBank"},{"floor":11.0,"key":"Lantern"},{"floor":24.0,"key":"Bag of Marbles"},{"floor":26.0,"key":"Omamori"},{"floor":29.0,"key":"PreservedInsect"},{"floor":31.0,"key":"infinitespire:Lychee Nut"}],"event_choices":[{"cards_removed":["Defend_R"],"damage_healed":0.0,"max_hp_gain":0.0,"max_hp_loss":0.0,"gold_gain":0.0,"event_name":"Living Wall","player_choice":"Forget","floor":2.0,"gold_loss":0.0,"damage_taken":0.0}],"is_beta":false,"boss_relics":[{"not_picked":["Velvet Choker","hubris:Stopwatch"],"picked":"infinitespire:Cupcake"}],"items_purged_floors":[0,20],"is_endless":false,"potions_floor_spawned":[1,3,8,12,16,24,25,31],"killed_by":"Collector","ascension_level":20}}