{"host":"m6h67kf6cz80m3yv","time":1610274196,"event":{"mods":["Bartender","BaseMod","Better Third Choice","BetterRewards","CatGirl Mod","Colored Powertips","Downfall","Duelist Mod","Hermit","Marisa????????","Minty Spire (QoL Compilation)","Prisma Mod","Quick Restart","Shade Mod","Shop Mod","StSLib","SuperFastMode","The Dragon Tamer","The Marked","The Servant 0.9.4"],"gold_per_floor":[114,130,141,152,4,33,0,0,0],"floor_reached":8,"playtime":354,"items_purged":[],"score":75,"play_id":"c527fdb7-b12c-40f1-9c38-0dcda1708bc6","local_time":"20210110082316","is_ascension_mode":true,"campfire_choices":[],"circlet_count":0,"master_deck":["Strike_S","Strike_S","Strike_S","Strike_S","Defend_S","Defend_S","Defend_S","Defend_S","KidneyShot","Exchange","SilverBlades","BestPractice","BottledTime","TimeWarp","Orbit","SilverBlades","GearUp"],"relics":["Uniform","Girya","Pantograph","Unceasing Top","DollysMirror","Ornamental Fan"],"acts_visited":["Exordium"],"potions_floor_usage":[6,6],"damage_taken":[{"damage":0,"enemies":"Cultist","floor":1,"turns":5},{"damage":0,"enemies":"Small Slimes","floor":2,"turns":3},{"damage":0,"enemies":"2 Louse","floor":3,"turns":3},{"damage":9,"enemies":"Looter","floor":4,"turns":5},{"damage":7,"enemies":"Lagavulin","floor":6,"turns":6},{"damage":22,"enemies":"Gremlin Nob","floor":8,"turns":3}],"seed_played":"-6432964894720206537","potions_obtained":[{"floor":1,"key":"Swift Potion"},{"floor":4,"key":"Fire Potion"}],"is_trial":false,"path_per_floor":["M","M","M","M","$","E","?","E"],"character_chosen":"THE_SERVANT","items_purchased":["SilverBlades","Pantograph","DollysMirror"],"campfire_rested":0,"item_purchase_floors":[0,0,5],"current_hp_per_floor":[27,27,27,18,18,11,11,0,0],"gold":0,"neow_bonus":"","is_daily":false,"chose_seed":false,"campfire_upgraded":0,"win_rate":0.0,"timestamp":1610274196,"path_taken":["M","?","M","M","$","E","?","E"],"items_purchased_type":["Card","Relic","Relic"],"build_version":"2020-12-22","purchased_purges":0,"victory":false,"max_hp_per_floor":[65,65,65,65,65,65,65,65,65],"card_choices":[{"not_picked":["Spin","SilverBlades"],"picked":"BestPractice","floor":1},{"not_picked":["Potential","Defy"],"picked":"BottledTime","floor":2},{"not_picked":["SilverMatrix","Starlight"],"picked":"TimeWarp","floor":3},{"not_picked":["Deadline","Replace"],"picked":"Orbit","floor":4},{"not_picked":["Revamp","RealityMarble"],"picked":"GearUp","floor":6}],"player_experience":345374,"relics_obtained":[{"floor":6,"key":"Ornamental Fan"}],"event_choices":[{"damage_healed":0,"gold_gain":0,"player_choice":"Left","damage_taken":0,"max_hp_gain":0,"max_hp_loss":0,"event_name":"betterThird:BetterGoop","floor":7,"gold_loss":33}],"is_beta":false,"boss_relics":[],"items_purged_floors":[],"is_endless":false,"potions_floor_spawned":[1,4],"killed_by":"Gremlin Nob","ascension_level":6}}