{"host":"88sw61cmk1203zgj","time":1610244577,"event":{"mods":["BaseMod","Minty Spire (QoL Compilation)"],"gold_per_floor":[109,122,140,140,116,141,141,141,141,153,153,164,164,177,177,276,276,294,294,219,119,119,146,146,162,186,186,206,206,223,246,246,246,246],"floor_reached":33,"playtime":1371,"items_purged":["Strike_B","Strike_B"],"score":411,"play_id":"08a937f8-afa6-460e-b519-194f2ddf5573","local_time":"20210109210937","is_ascension_mode":true,"campfire_choices":[{"data":"1","floor":7.0,"key":"LIFT"},{"data":"Barrage","floor":11.0,"key":"SMITH"},{"data":"2","floor":13.0,"key":"LIFT"},{"data":"3","floor":15.0,"key":"LIFT"},{"floor":24.0,"key":"REST"},{"floor":27.0,"key":"REST"},{"floor":32.0,"key":"REST"}],"circlet_count":0,"master_deck":["AscendersBane","Strike_B","Strike_B+1","Defend_B","Defend_B+1","Defend_B","Defend_B","Zap","Dualcast","Sweeping Beam+1","Conserve Battery","Leap","Rip and Tear","Barrage+1","Beam Cell","Cold Snap+1","Electrodynamics","Conserve Battery+1","Leap+1","Glacier","Redo+1"],"relics":["Cracked Core","Bag of Preparation","Girya","WingedGreaves","Inserter","Toy Ornithopter","Whetstone","Toxic Egg 2","Happy Flower"],"acts_visited":["Exordium","TheCity"],"potions_floor_usage":[],"damage_taken":[{"damage":2.0,"enemies":"Jaw Worm","floor":1.0,"turns":3.0},{"damage":0.0,"enemies":"Small Slimes","floor":2.0,"turns":2.0},{"damage":0.0,"enemies":"Cultist","floor":3.0,"turns":3.0},{"damage":29.0,"enemies":"Gremlin Nob","floor":6.0,"turns":5.0},{"damage":2.0,"enemies":"Looter","floor":10.0,"turns":3.0},{"damage":0.0,"enemies":"Exordium Wildlife","floor":12.0,"turns":4.0},{"damage":0.0,"enemies":"3 Louse","floor":14.0,"turns":2.0},{"damage":18.0,"enemies":"Hexaghost","floor":16.0,"turns":10.0},{"damage":16.0,"enemies":"2 Thieves","floor":18.0,"turns":3.0},{"damage":35.0,"enemies":"Slavers","floor":23.0,"turns":4.0},{"damage":22.0,"enemies":"3 Byrds","floor":25.0,"turns":4.0},{"damage":1.0,"enemies":"Centurion and Healer","floor":28.0,"turns":6.0},{"damage":0.0,"enemies":"Cultist and Chosen","floor":30.0,"turns":6.0},{"damage":75,"enemies":"Champ","floor":33,"turns":11}],"seed_played":"-3931135219502653283","potions_obtained":[{"floor":6.0,"key":"SkillPotion"},{"floor":10.0,"key":"Regen Potion"},{"floor":16.0,"key":"BlessingOfTheForge"},{"floor":18.0,"key":"Strength Potion"},{"floor":28.0,"key":"Fire Potion"}],"is_trial":false,"path_per_floor":["M","M","M","?","?","E","R","?","T","M","R","M","R","M","R","B",null,"M","?","$","$","?","E","R","M","T","R","M","?","M","T","R","B"],"character_chosen":"DEFECT","items_purchased":[],"campfire_rested":3,"item_purchase_floors":[],"current_hp_per_floor":[66,66,66,51,51,22,22,22,22,20,20,20,20,20,20,17,61,45,45,45,45,45,10,32,15,15,37,36,36,36,36,58,0,0],"gold":246,"neow_bonus":"RANDOM_COMMON_RELIC","is_daily":false,"chose_seed":false,"campfire_upgraded":1,"win_rate":0.0,"timestamp":1610244577,"path_taken":["M","M","M","?","?","E","R","?","T","M","R","?","R","?","R","BOSS","M","?","$","$","?","E","R","M","T","R","M","?","?","?","R","BOSS"],"items_purchased_type":[],"build_version":"2020-12-22","purchased_purges":2,"victory":false,"max_hp_per_floor":[75,75,75,75,75,75,75,75,75,75,75,75,75,75,75,75,75,75,75,75,75,75,75,75,75,75,75,75,75,75,75,75,75,75],"card_choices":[{"not_picked":["Coolheaded","Conserve Battery"],"picked":"Sweeping Beam","floor":1.0},{"not_picked":["Streamline","Sweeping Beam"],"picked":"Conserve Battery","floor":2.0},{"not_picked":["Blizzard","Undo"],"picked":"Leap","floor":3.0},{"not_picked":["Meteor Strike","Rebound"],"picked":"Rip and Tear","floor":6.0},{"not_picked":["Ball Lightning","Glacier"],"picked":"Barrage","floor":10.0},{"not_picked":["Undo","Double Energy"],"picked":"Beam Cell","floor":12.0},{"not_picked":["FTL","Double Energy"],"picked":"Cold Snap","floor":14.0},{"not_picked":["Creative AI","Echo Form"],"picked":"Electrodynamics","floor":16.0},{"not_picked":["Steam Power","Leap"],"picked":"Conserve Battery+1","floor":18.0},{"not_picked":["Creative AI","Skim+1","Reinforced Body"],"picked":"SKIP","floor":23.0},{"not_picked":["Beam Cell","Gash"],"picked":"Leap+1","floor":25.0},{"not_picked":["Chill","Conserve Battery"],"picked":"Glacier","floor":28.0},{"not_picked":["Cold Snap","Sunder"],"picked":"Redo+1","floor":30.0}],"player_experience":1472513,"relics_obtained":[{"floor":6.0,"key":"Girya"},{"floor":9.0,"key":"WingedGreaves"},{"floor":23.0,"key":"Toy Ornithopter"},{"floor":26.0,"key":"Whetstone"},{"floor":31.0,"key":"Happy Flower"}],"event_choices":[{"damage_healed":0.0,"max_hp_gain":0.0,"max_hp_loss":0.0,"gold_gain":0.0,"event_name":"Shining Light","player_choice":"Entered Light","floor":4.0,"gold_loss":0.0,"damage_taken":15.0,"cards_upgraded":["Defend_B","Sweeping Beam"]},{"damage_healed":0.0,"max_hp_gain":0.0,"max_hp_loss":0.0,"gold_gain":0.0,"event_name":"World of Goop","player_choice":"Left Gold","floor":5.0,"gold_loss":24.0,"damage_taken":0.0},{"damage_healed":0.0,"max_hp_gain":0.0,"max_hp_loss":0.0,"gold_gain":0.0,"event_name":"Golden Wing","player_choice":"Ignored","floor":8.0,"gold_loss":0.0,"damage_taken":0.0},{"damage_healed":0.0,"max_hp_gain":0.0,"max_hp_loss":0.0,"gold_gain":0.0,"event_name":"Ghosts","player_choice":"Ignored","floor":19.0,"gold_loss":0.0,"damage_taken":0.0},{"damage_healed":0.0,"max_hp_gain":0.0,"max_hp_loss":0.0,"gold_gain":0.0,"event_name":"Cursed Tome","player_choice":"Ignored","floor":22.0,"gold_loss":0.0,"damage_taken":0.0},{"damage_healed":0.0,"max_hp_gain":0.0,"max_hp_loss":0.0,"gold_gain":0.0,"event_name":"WeMeetAgain","player_choice":"Gave Potion","floor":29.0,"gold_loss":0.0,"damage_taken":0.0,"relics_obtained":["Toxic Egg 2"]}],"is_beta":false,"boss_relics":[{"not_picked":["Coffee Dripper","Philosopher\u0027s Stone"],"picked":"Inserter"}],"items_purged_floors":[20,21],"is_endless":false,"potions_floor_spawned":[6,10,12,16,18,28],"killed_by":"Champ","ascension_level":11}}