{"host":"bm1qfstn98p1odmu","time":1610237414,"event":{"mods":["AchievementEnabler","BaseMod","Bestiary","Block Reminder","Colored Map","Colored Powertips","DeckTracker","Highlight Path","Minty Spire (QoL Compilation)","Relic Stats","Replay The Spire","StSLib"],"gold_per_floor":[113,131,131,145,145,173,189,189,238,12,34,72,38,70,70,181,181,217,248,285,320,367,367,423,423,446,371,427,342,390,1,1,116,116,158,158,33,33,66,82,44,44,44,44,77,77,28,66,66,72,72],"floor_reached":50,"playtime":2956,"items_purged":["Strike_B","Defend_B","Redo"],"score":591,"play_id":"e7f979eb-ff62-4bc9-9440-40dc9eed29a2","local_time":"20210110021014","is_ascension_mode":false,"campfire_choices":[{"floor":8,"key":"REST"},{"floor":15,"key":"REST"},{"data":"Dualcast","floor":23,"key":"SMITH"},{"floor":44,"key":"REST"},{"data":"Madness","floor":46,"key":"SMITH"},{"floor":49,"key":"REST"}],"circlet_count":0,"master_deck":["Defend_B","Defend_B","Zap","Dualcast+1","Gash","Go for the Eyes","Defragment","Coolheaded","Gash","FTL","Beam Cell","All For One","Gash","Auto Shields","Conserve Battery","FTL","Go for the Eyes","Pot Of Greed","Double Energy+1","Bandage Up","Enlightenment","Pot Of Greed","Madness+1","Madness","Glacier","Hallucinations","Beam Cell","ReplayTheSpireMod:Calculation Training","Consume"],"relics":["Cracked Core","Sundial","Orichalcum","Replay:Bandana","Omamori","Calling Bell","Bag of Marbles","Darkstone Periapt","Lizard Tail","Happy Flower","Grinning Jar","PreservedInsect","Vajra","Nunchaku","Ginger","Replay:PocketPolymizer","Sozu","ReplayTheSpireMod:Ring of Exchange","ReplayTheSpireMod:Shallot","Mercury Hourglass"],"acts_visited":["Exordium","TheCity","TheBeyond"],"potions_floor_usage":[11,16,16,20,33,33,40,45],"damage_taken":[{"damage":1,"enemies":"Jaw Worm","floor":1,"turns":3},{"damage":7,"enemies":"Small Slimes","floor":2,"turns":3},{"damage":6,"enemies":"Cultist","floor":4,"turns":3},{"damage":25,"enemies":"3 Sentries","floor":6,"turns":7},{"damage":14,"enemies":"Exordium Thugs","floor":7,"turns":4},{"damage":4,"enemies":"Gremlin Gang","floor":11,"turns":4},{"damage":7,"enemies":"Replay:BlueRogue","floor":12,"turns":6},{"damage":3,"enemies":"Blue Slaver","floor":14,"turns":3},{"damage":8,"enemies":"The Guardian","floor":16,"turns":10},{"damage":6,"enemies":"3 Byrds","floor":18,"turns":6},{"damage":3,"enemies":"Shell Parasite","floor":20,"turns":3},{"damage":19,"enemies":"Sentry and Sphere","floor":21,"turns":6},{"damage":9,"enemies":"Centurion and Healer","floor":22,"turns":3},{"damage":8,"enemies":"Book of Stabbing","floor":24,"turns":5},{"damage":0,"enemies":"Replay:Snechameleon","floor":28,"turns":2},{"damage":9,"enemies":"Gremlin Leader","floor":30,"turns":4},{"damage":46,"enemies":"Automaton","floor":33,"turns":8},{"damage":1,"enemies":"3 Shapes","floor":35,"turns":3},{"damage":8,"enemies":"Orb Walker","floor":39,"turns":3},{"damage":46,"enemies":"Reptomancer","floor":40,"turns":4},{"damage":16,"enemies":"Jaw Worm Horde","floor":45,"turns":6},{"damage":47,"enemies":"R_Hoarder","floor":48,"turns":11},{"damage":72,"enemies":"Time Eater","floor":50,"turns":7}],"seed_played":"-8869137895136050588","potions_obtained":[{"floor":2,"key":"Weak Potion"},{"floor":7,"key":"Block Potion"},{"floor":12,"key":"PowerPotion"},{"floor":19,"key":"SmokeBomb"},{"floor":19,"key":"Weak Potion"},{"floor":19,"key":"EssenceOfDarkness"},{"floor":22,"key":"GamblersBrew"},{"floor":33,"key":"Fire Potion"}],"is_trial":false,"path_per_floor":["M","M","?","M","?","E","M","R","T","$","M","E","$","M","R","B",null,"M","?","M","M","M","R","E","T","T","?","E","?","E","$","R_BF","B",null,"M","?","$","?","M","E","$","?","T","R","M","R","$","E","R","B"],"character_chosen":"DEFECT","items_purchased":["Replay:Bandana","FTL","Replay:PocketPolymizer","Glacier","Beam Cell"],"campfire_rested":4,"item_purchase_floors":[10,13,31,41,47],"current_hp_per_floor":[74,67,67,61,54,29,15,37,37,37,33,26,26,23,45,37,75,69,69,66,47,38,38,30,30,30,30,30,30,21,21,43,1,75,74,74,74,65,57,15,15,21,21,45,33,33,33,31,55,0,0],"gold":72,"neow_bonus":"RANDOM_EVENT","is_daily":false,"chose_seed":false,"campfire_upgraded":2,"win_rate":0.0,"timestamp":1610237414,"path_taken":["M","M","?","M","?","E","M","R","T","$","M","E","?","M","R","BOSS","M","?","M","?","M","R","E","?","T","?","E","?","E","$","R_BF","BOSS","M","?","$","?","M","E","$","?","T","R","M","R","$","E","R","BOSS"],"items_purchased_type":["Relic","Card","Relic","Card","Card"],"build_version":"2020-12-22","purchased_purges":3,"victory":false,"max_hp_per_floor":[75,75,75,75,75,75,75,75,75,75,75,75,75,75,75,75,75,75,75,75,75,75,75,75,75,75,75,75,75,75,75,75,75,75,75,75,75,75,75,75,75,81,81,81,81,81,81,81,81,81,81],"relic_stats":{"Darkstone Periapt":6,"Sozu":0,"Lizard Tail":40,"Nunchaku":[14],"Happy Flower":[16],"counters":[23,114],"Sundial":[14],"PreservedInsect":216,"Ginger":[3],"Orichalcum":[138],"obtain_stats":[{"Darkstone Periapt":17,"ReplayTheSpireMod:Ring of Exchange":42,"Replay:PocketPolymizer":31,"Happy Flower":24,"Vajra":28,"PreservedInsect":26,"Omamori":12,"Ginger":30,"Orichalcum":9,"Mercury Hourglass":48,"Calling Bell":17,"Sozu":34,"Replay:Bandana":10,"Lizard Tail":17,"Nunchaku":29,"ReplayTheSpireMod:Shallot":43,"Sundial":6,"Bag of Marbles":17,"Grinning Jar":25,"Cracked Core":0},{"Darkstone Periapt":9,"ReplayTheSpireMod:Ring of Exchange":20,"Replay:PocketPolymizer":16,"Happy Flower":14,"Vajra":15,"PreservedInsect":14,"Omamori":7,"Ginger":16,"Orichalcum":5,"Mercury Hourglass":22,"Calling Bell":9,"Sozu":17,"Replay:Bandana":5,"Lizard Tail":9,"Nunchaku":15,"ReplayTheSpireMod:Shallot":20,"Sundial":4,"Bag of Marbles":9,"Grinning Jar":14,"Cracked Core":0},{"Darkstone Periapt":43,"ReplayTheSpireMod:Ring of Exchange":90,"Replay:PocketPolymizer":72,"Happy Flower":66,"Vajra":68,"PreservedInsect":66,"Omamori":30,"Ginger":72,"Orichalcum":20,"Mercury Hourglass":107,"Calling Bell":43,"Sozu":80,"Replay:Bandana":20,"Lizard Tail":43,"Nunchaku":68,"ReplayTheSpireMod:Shallot":90,"Sundial":16,"Bag of Marbles":43,"Grinning Jar":66,"Cracked Core":0}],"Mercury Hourglass":[15]},"card_choices":[{"not_picked":["Undo","Conserve Battery"],"picked":"Redo","floor":1},{"not_picked":["Consume","Melter"],"picked":"Gash","floor":2},{"not_picked":["Heatsinks","FTL"],"picked":"Go for the Eyes","floor":4},{"not_picked":["Panic Button","Redo"],"picked":"Defragment","floor":6},{"not_picked":["Conserve Battery","Compile Driver","Streamline"],"picked":"SKIP","floor":7},{"not_picked":["Streamline","Self Repair"],"picked":"Coolheaded","floor":11},{"not_picked":["Self Repair","Darkness"],"picked":"Gash","floor":12},{"not_picked":["Heatsinks","ReplayRNGCard"],"picked":"Beam Cell","floor":14},{"not_picked":["Seek","ReplayRNGCard"],"picked":"All For One","floor":16},{"not_picked":["ReplaySort","BasicCrystalCard"],"picked":"Gash","floor":18},{"not_picked":["Panic Button+1","BasicCrystalCard"],"picked":"Auto Shields","floor":19},{"not_picked":["Compile Driver","Panic Button"],"picked":"Conserve Battery","floor":20},{"not_picked":["ReplayTheSpireMod:Reroute Power","Skim+1"],"picked":"FTL","floor":21},{"not_picked":["Sweeping Beam","Panic Button+1","Rainbow"],"picked":"SKIP","floor":22},{"not_picked":["Panic Button","Rainbow"],"picked":"Go for the Eyes","floor":24},{"not_picked":["Compile Driver+1","Ball Lightning","ReplaySolidLightProjector"],"picked":"SKIP","floor":28},{"not_picked":["Conserve Battery+1","Static Discharge"],"picked":"Double Energy","floor":30},{"not_picked":["Thunder Strike","ReplayRNGCard"],"picked":"Amplify","floor":33},{"not_picked":["Redo","Sweeping Beam+1","Compile Driver+1"],"picked":"SKIP","floor":35},{"not_picked":["Dark Shackles","Forethought"],"picked":"Enlightenment","floor":36},{"not_picked":["Skim","Consume","Force Field"],"picked":"SKIP","floor":39},{"not_picked":["Storm","Barrage","Creative AI"],"picked":"SKIP","floor":45},{"not_picked":["Leap+1","Rainbow"],"picked":"ReplayTheSpireMod:Calculation Training","floor":48}],"player_experience":40634,"relics_obtained":[{"floor":6,"key":"Sundial"},{"floor":9,"key":"Orichalcum"},{"floor":12,"key":"Omamori"},{"floor":17,"key":"Bag of Marbles"},{"floor":17,"key":"Darkstone Periapt"},{"floor":17,"key":"Lizard Tail"},{"floor":24,"key":"Happy Flower"},{"floor":25,"key":"Grinning Jar"},{"floor":26,"key":"PreservedInsect"},{"floor":28,"key":"Vajra"},{"floor":30,"key":"Ginger"},{"floor":42,"key":"ReplayTheSpireMod:Ring of Exchange"},{"floor":43,"key":"ReplayTheSpireMod:Shallot"},{"floor":48,"key":"Mercury Hourglass"}],"event_choices":[{"cards_removed":["Strike_B"],"damage_healed":0,"gold_gain":0,"player_choice":"Forget","damage_taken":0,"max_hp_gain":0,"max_hp_loss":0,"event_name":"Living Wall","floor":0,"gold_loss":0},{"cards_removed":["Strike_B"],"damage_healed":0,"gold_gain":0,"player_choice":"Card Removal","damage_taken":7,"max_hp_gain":0,"max_hp_loss":0,"event_name":"Golden Wing","floor":5,"gold_loss":0},{"cards_removed":["Strike_B"],"damage_healed":0,"gold_gain":0,"player_choice":"Gave Gold","damage_taken":0,"max_hp_gain":0,"max_hp_loss":0,"event_name":"Beggar","floor":27,"gold_loss":75},{"damage_healed":0,"gold_gain":0,"player_choice":"Obtained Relic","damage_taken":0,"relics_obtained":["Nunchaku"],"max_hp_gain":0,"max_hp_loss":0,"event_name":"Addict","floor":29,"gold_loss":85},{"damage_healed":0,"gold_gain":0,"player_choice":"Memory 1","damage_taken":0,"max_hp_gain":0,"max_hp_loss":0,"event_name":"SensoryStone","floor":36,"gold_loss":0},{"damage_healed":0,"gold_gain":0,"player_choice":"Embrace Madness","damage_taken":9,"max_hp_gain":0,"max_hp_loss":0,"event_name":"Winding Halls","floor":38,"gold_loss":0,"cards_obtained":["Madness","Madness"]}],"is_beta":false,"boss_relics":[{"not_picked":["Runic Dome","SacredBark"],"picked":"Calling Bell"},{"not_picked":["Runic Pyramid","Coffee Dripper"],"picked":"Sozu"}],"items_purged_floors":[10,31,37],"is_endless":false,"potions_floor_spawned":[2,7,12,22,28,33],"killed_by":"Time Eater","ascension_level":0}}