{"host":"7z9izfsmsy4azoxx","time":1610248239,"event":{"mods":["AchievementEnabler","BaseMod","Colored Map","Custom Start","Hermit","Minty Spire (QoL Compilation)","StSLib","SuperFastMode"],"gold_per_floor":[546546663,546546674,546545602,546545612,546544923,546544923,546544949,546544960,546545040,546545040,546545040,546545051,546545051,546545062,546545062,546545141,546545141,546545161,546545172,546544200,546543829,546543845,546543845,546543875,546543875,546543951,546543980,546543980,546543539,546543554,546543572,546543572,546543648,546543648,546543660,546543670,546543716,546543343,546542922,546542416,546542416,546542416,546542416,546542445,546542460,546542460,546542489,546542499,546542499,546542499,546542499,546542499,546542499,546542062,546542091,546542091],"floor_reached":57,"playtime":1484,"items_purged":["Strike_R","Strike_R","Regret","Barricade","Defend_R","Warcry","Flex","Defend_R","Defend_R"],"score":3075,"play_id":"4073d85b-113a-447c-8f2f-01442dfc6145","local_time":"20210110121039","is_ascension_mode":true,"campfire_choices":[{"data":"Immolate","floor":6.0,"key":"SMITH"},{"data":"1","floor":10.0,"key":"LIFT"},{"data":"2","floor":15.0,"key":"LIFT"},{"data":"3","floor":23,"key":"LIFT"},{"data":"Demon Form","floor":25,"key":"SMITH"},{"data":"Limit Break","floor":32,"key":"SMITH"},{"data":"Offering","floor":41,"key":"SMITH"},{"data":"Barricade","floor":42,"key":"SMITH"},{"floor":49,"key":"RECALL"},{"data":"Fiend Fire","floor":53,"key":"SMITH"}],"circlet_count":0,"master_deck":["AscendersBane","Defend_R","Bash","Inflame","Flame Barrier","Shockwave","Offering+1","Feel No Pain","Shrug It Off","Immolate+1","Limit Break+1","Barricade+1","Burning Pact","Entrench","Demon Form+1","Sword Boomerang+1","Wild Strike","Blood for Blood","Master of Strategy","Anger","Heavy Blade","Hemokinesis+1","Second Wind","Impervious","Power Through","Reaper","Fiend Fire+1","Dual Wield+1"],"relics":["Burning Blood","Lantern","Question Card","Orrery","TheAbacus","Oddly Smooth Stone","Girya","StrikeDummy","Boot","Coffee Dripper","Darkstone Periapt","Kunai","Membership Card","Sundial","Frozen Egg 2","Nunchaku","Pantograph","MutagenicStrength","White Beast Statue","Bronze Scales","Toolbox","Sozu","WingedGreaves","Ornamental Fan","Meat on the Bone","HornCleat","Dead Branch","Lee\u0027s Waffle","Matryoshka","Dream Catcher","Letter Opener","Red Skull","Toy Ornithopter","Pen Nib","Gremlin Horn","OrangePellets","InkBottle"],"acts_visited":["Exordium","TheCity","TheBeyond","TheEnding"],"potions_floor_usage":[16,20,27,33,33,33],"damage_taken":[{"damage":10.0,"enemies":"Small Slimes","floor":1.0,"turns":4.0},{"damage":12.0,"enemies":"Cultist","floor":2.0,"turns":4.0},{"damage":6.0,"enemies":"2 Louse","floor":4.0,"turns":3.0},{"damage":19.0,"enemies":"Lagavulin","floor":7.0,"turns":8.0},{"damage":13.0,"enemies":"Large Slime","floor":8.0,"turns":5.0},{"damage":6.0,"enemies":"2 Fungi Beasts","floor":12.0,"turns":2.0},{"damage":0.0,"enemies":"3 Louse","floor":14.0,"turns":1.0},{"damage":43,"enemies":"Slime Boss","floor":16,"turns":17},{"damage":8,"enemies":"3 Byrds","floor":18,"turns":4},{"damage":41,"enemies":"Chosen","floor":19,"turns":7},{"damage":17,"enemies":"Shelled Parasite and Fungi","floor":22,"turns":3},{"damage":25,"enemies":"Book of Stabbing","floor":24,"turns":3},{"damage":20,"enemies":"Gremlin Leader","floor":27,"turns":4},{"damage":24,"enemies":"Snake Plant","floor":30,"turns":2},{"damage":6,"enemies":"Cultist and Chosen","floor":31,"turns":2},{"damage":20,"enemies":"Champ","floor":33,"turns":9},{"damage":14,"enemies":"Orb Walker","floor":35,"turns":2},{"damage":8,"enemies":"3 Shapes","floor":36,"turns":4},{"damage":34,"enemies":"2 Orb Walkers","floor":37,"turns":4},{"damage":8,"enemies":"Giant Head","floor":44,"turns":5},{"damage":0,"enemies":"Jaw Worm Horde","floor":45,"turns":1},{"damage":2,"enemies":"Nemesis","floor":47,"turns":5},{"damage":15,"enemies":"Spire Growth","floor":48,"turns":3},{"damage":55,"enemies":"Awakened One","floor":50,"turns":6},{"damage":8,"enemies":"Donu and Deca","floor":51,"turns":4},{"damage":33,"enemies":"Shield and Spear","floor":55,"turns":6},{"damage":178,"enemies":"The Heart","floor":56,"turns":10}],"seed_played":"4644876846149686589","potions_obtained":[{"floor":14.0,"key":"FearPotion"},{"floor":18,"key":"SteroidPotion"},{"floor":33,"key":"Fruit Juice"}],"is_trial":false,"path_per_floor":["M","M","$","M","$","R","E","M","T","R","?","M","?","M","R","B",null,"M","M","$","$","M","R","E","R","T","E","?","$","M","M","R","B",null,"M","M","?","$","$","$","R","R","T","E","M","?","E","M","R","B","B",null,"R","$","E","B",null],"character_chosen":"IRONCLAD","items_purchased":["Lantern","Question Card","Offering","Orrery","Flex","AttackPotion","Explosive Potion","Feel No Pain","TheAbacus","Oddly Smooth Stone","Immolate","Limit Break","Darkstone Periapt","Kunai","Membership Card","Fruit Juice","Strength Potion","Blood for Blood","Master of Strategy","Sundial","Frozen Egg 2","Anger","White Beast Statue","Bronze Scales","Toolbox","Regen Potion","Ornamental Fan","Meat on the Bone","HornCleat","Dead Branch","Lee\u0027s Waffle","Matryoshka","Dream Catcher","Reaper","Pen Nib","Gremlin Horn","OrangePellets"],"campfire_rested":0,"item_purchase_floors":[3,3,3,3,3,3,3,3,5,5,5,5,20,20,20,20,20,20,20,21,21,21,29,29,29,29,38,38,39,39,40,40,40,40,54,54,54],"current_hp_per_floor":[46,40,40,40,40,40,27,20,20,20,20,20,20,26,26,40,66,64,29,34,34,23,23,55,55,55,41,41,41,23,23,23,54,77,69,67,39,39,39,92,92,92,92,90,92,87,87,78,78,50,73,84,84,84,57,60],"gold":546542091,"neow_bonus":"TRANSFORM_TWO_CARDS","is_daily":false,"chose_seed":false,"campfire_upgraded":6,"win_rate":0.0,"timestamp":1610248239,"path_taken":["M","M","$","M","$","R","E","M","T","R","?","M","?","M","R","BOSS","M","M","?","$","M","R","E","R","T","E","?","$","M","M","R","BOSS","M","M","?","$","$","$","R","R","T","E","M","?","E","M","R","BOSS","BOSS","R","$","E","BOSS"],"items_purchased_type":["Relic","Relic","Card","Relic","Card","Potion","Potion","Card","Relic","Relic","Card","Card","Relic","Relic","Relic","Potion","Potion","Card","Card","Relic","Relic","Card","Relic","Relic","Relic","Potion","Relic","Relic","Relic","Relic","Relic","Relic","Relic","Card","Relic","Relic","Relic"],"build_version":"2020-12-22","purchased_purges":9,"victory":true,"max_hp_per_floor":[75,75,75,75,75,75,75,75,75,75,75,75,75,75,75,75,75,75,75,80,80,80,80,80,80,80,80,80,80,80,80,80,85,85,85,85,85,85,85,92,92,92,92,92,92,87,87,87,87,87,87,87,87,87,87,87],"card_choices":[{"not_picked":["Clothesline","Pommel Strike"],"picked":"Flame Barrier","floor":1.0},{"not_picked":["Seeing Red","Sword Boomerang"],"picked":"Shockwave","floor":2.0},{"not_picked":["Dropkick","Sever Soul","Flex"],"picked":"Shrug It Off","floor":4.0},{"not_picked":["Dropkick","Clash","Cleave","Wild Strike"],"picked":"SKIP","floor":7.0},{"not_picked":["Dark Embrace","Cleave","Anger"],"picked":"Barricade","floor":8.0},{"not_picked":["Thunderclap","Iron Wave","Second Wind"],"picked":"Burning Pact","floor":12.0},{"not_picked":["Flex","Sever Soul","Warcry"],"picked":"Entrench","floor":14.0},{"not_picked":["Corruption","Offering","Feed"],"picked":"Demon Form","floor":16},{"not_picked":["Clash","Flex+1","Rage"],"picked":"Sword Boomerang+1","floor":18},{"not_picked":["Thunderclap","Clothesline","Reckless Charge"],"picked":"Wild Strike","floor":19},{"not_picked":["Armaments","Headbutt","Pommel Strike"],"picked":"Heavy Blade","floor":22},{"not_picked":["Intimidate","Thunderclap","Exhume","Flex"],"picked":"SKIP","floor":24},{"not_picked":["Metallicize+1","Spot Weakness","Evolve+1","Heavy Blade"],"picked":"SKIP","floor":27},{"not_picked":["Reckless Charge","True Grit","Clash"],"picked":"Hemokinesis+1","floor":30},{"not_picked":["Shockwave","Sentinel","Wild Strike"],"picked":"Second Wind","floor":31},{"not_picked":["Offering","Demon Form+1","Limit Break"],"picked":"Impervious","floor":33},{"not_picked":["Heavy Blade","Warcry","Metallicize+1","Havoc"],"picked":"SKIP","floor":35},{"not_picked":["Feel No Pain+1","Flex","True Grit"],"picked":"Power Through","floor":36},{"not_picked":["Dual Wield+1","Disarm+1","Sword Boomerang"],"picked":"Fiend Fire","floor":44},{"not_picked":["Spot Weakness","Seeing Red","Fire Breathing+1","Havoc"],"picked":"SKIP","floor":45},{"not_picked":["True Grit+1","Flex","Twin Strike","Clash"],"picked":"SKIP","floor":47},{"not_picked":["Reckless Charge","Iron Wave","Infernal Blade"],"picked":"Dual Wield+1","floor":48},{"not_picked":["Twin Strike","Armaments","Heavy Blade","Thunderclap"],"picked":"SKIP","floor":55}],"player_experience":524461,"relics_obtained":[{"floor":7.0,"key":"Girya"},{"floor":9.0,"key":"StrikeDummy"},{"floor":24,"key":"Nunchaku"},{"floor":26,"key":"Pantograph"},{"floor":37,"key":"WingedGreaves"},{"floor":43,"key":"Letter Opener"},{"floor":44,"key":"Red Skull"},{"floor":47,"key":"Toy Ornithopter"},{"floor":55,"key":"InkBottle"}],"event_choices":[{"damage_healed":0.0,"max_hp_gain":0.0,"max_hp_loss":0.0,"gold_gain":0.0,"event_name":"Big Fish","player_choice":"Box","floor":11.0,"gold_loss":0.0,"damage_taken":0.0,"relics_obtained":["Boot"],"cards_obtained":["Regret"]},{"damage_healed":0.0,"max_hp_gain":0.0,"max_hp_loss":0.0,"gold_gain":0.0,"cards_transformed":["Strike_R"],"event_name":"Transmorgrifier","player_choice":"Transformed","floor":13.0,"gold_loss":0.0,"damage_taken":0.0,"cards_obtained":["Barricade"]},{"damage_healed":0,"gold_gain":0,"player_choice":"Inject Mutagens","damage_taken":0,"relics_obtained":["MutagenicStrength"],"max_hp_gain":0,"max_hp_loss":0,"event_name":"Drug Dealer","floor":28,"gold_loss":0},{"damage_healed":0,"gold_gain":0,"player_choice":"Fight","damage_taken":0,"max_hp_gain":0,"max_hp_loss":0,"event_name":"Mysterious Sphere","floor":37,"gold_loss":0},{"damage_healed":0,"gold_gain":0,"player_choice":"Max HP","damage_taken":0,"max_hp_gain":0,"max_hp_loss":5,"event_name":"Winding Halls","floor":46,"gold_loss":0}],"is_beta":false,"boss_relics":[{"not_picked":["Runic Cube","Snecko Eye"],"picked":"Coffee Dripper"},{"not_picked":["Cursed Key","Runic Pyramid"],"picked":"Sozu"}],"items_purged_floors":[3,5,20,21,29,38,39,40,54],"is_endless":false,"potions_floor_spawned":[7,12,14,18,27,30,31,33,35,36,37,44,45,47,48,55],"ascension_level":20}}