{"host":"sc0o2qwpf9j16a4i","time":1610272982,"event":{"mods":["AchievementEnabler","BaseMod","BetterRewards","Block Reminder","Colored Map","Colored Powertips","Custom Start","Highlight Path","Minty Spire (QoL Compilation)","Relic Stats"],"gold_per_floor":[109,109,128,128,278,278,313,327,403,446,371,415,11,0,0,0,0],"floor_reached":16,"playtime":306,"items_purged":["Strike_R"],"score":282,"play_id":"030977fa-732f-4c4e-80a0-ce75ac771bbf","local_time":"20210110120302","is_ascension_mode":true,"campfire_choices":[{"data":"Bash","floor":6,"key":"SMITH"},{"floor":15,"key":"REST"}],"circlet_count":0,"master_deck":["AscendersBane","Strike_R","Strike_R","Strike_R+1","Strike_R","Defend_R","Defend_R","Defend_R","Defend_R","Bash+1","Hemokinesis+1","Headbutt","Armaments","Twin Strike","Fiend Fire","Reaper"],"relics":["Burning Blood","NeowsBlessing","Golden Idol","Dream Catcher","Paper Frog","Strawberry","Akabeko","PreservedInsect"],"acts_visited":["Exordium"],"potions_floor_usage":[10,10],"damage_taken":[{"damage":0,"enemies":"Cultist","floor":1,"turns":1},{"damage":0,"enemies":"Jaw Worm","floor":3,"turns":1},{"damage":0,"enemies":"Lagavulin","floor":7,"turns":1},{"damage":3,"enemies":"Small Slimes","floor":8,"turns":3},{"damage":10,"enemies":"Gremlin Nob","floor":10,"turns":3},{"damage":31,"enemies":"3 Sentries","floor":12,"turns":9},{"damage":22,"enemies":"Slime Boss","floor":16,"turns":6}],"seed_played":"-8049588134182414754","potions_obtained":[{"floor":1,"key":"PowerPotion"},{"floor":3,"key":"SmokeBomb"},{"floor":7,"key":"Energy Potion"}],"is_trial":false,"path_per_floor":["M","?","M","?","?","R","E","M","T","E","?","E","$","?","R","B"],"character_chosen":"IRONCLAD","items_purchased":["PreservedInsect","Fiend Fire"],"campfire_rested":1,"item_purchase_floors":[13,13],"current_hp_per_floor":[74,51,57,31,31,31,37,40,40,43,43,18,18,18,42,20,20],"gold":0,"neow_bonus":"THREE_ENEMY_KILL","is_daily":false,"chose_seed":false,"campfire_upgraded":1,"win_rate":0.0,"timestamp":1610272982,"path_taken":["M","?","M","?","?","R","E","?","T","E","?","E","$","?","R","BOSS"],"items_purchased_type":["Relic","Card"],"build_version":"2020-12-22","purchased_purges":1,"victory":false,"max_hp_per_floor":[75,75,75,75,75,75,75,75,75,82,82,82,82,82,82,82,82],"relic_stats":{"Dream Catcher":1,"counters":[7,24],"Golden Idol":28,"PreservedInsect":0,"obtain_stats":[{"Dream Catcher":7,"NeowsBlessing":0,"Golden Idol":4,"Strawberry":10,"PreservedInsect":13,"Burning Blood":0,"Akabeko":12,"Paper Frog":9},{"Dream Catcher":3,"NeowsBlessing":0,"Golden Idol":2,"Strawberry":5,"PreservedInsect":6,"Burning Blood":0,"Akabeko":6,"Paper Frog":4},{"Dream Catcher":3,"NeowsBlessing":0,"Golden Idol":2,"Strawberry":9,"PreservedInsect":18,"Burning Blood":0,"Akabeko":18,"Paper Frog":6}],"Burning Blood":36},"card_choices":[{"not_picked":["Feel No Pain","Heavy Blade"],"picked":"Hemokinesis","floor":1},{"not_picked":["Flex","Havoc"],"picked":"Headbutt","floor":3},{"not_picked":["Intimidate","Pommel Strike"],"picked":"Armaments","floor":7},{"not_picked":["True Grit","Shrug It Off"],"picked":"Twin Strike","floor":8},{"not_picked":["Armaments","Iron Wave","Sword Boomerang"],"picked":"SKIP","floor":10},{"not_picked":["Clash","Headbutt"],"picked":"Reaper","floor":15}],"player_experience":579014,"relics_obtained":[{"floor":7,"key":"Dream Catcher"},{"floor":9,"key":"Paper Frog"},{"floor":10,"key":"Strawberry"},{"floor":12,"key":"Akabeko"}],"event_choices":[{"damage_healed":0,"gold_gain":0,"player_choice":"Entered Light","damage_taken":23,"max_hp_gain":0,"max_hp_loss":0,"event_name":"Shining Light","floor":2,"gold_loss":0,"cards_upgraded":["Hemokinesis","Strike_R"]},{"damage_healed":0,"gold_gain":0,"player_choice":"Take Damage","damage_taken":26,"relics_obtained":["Golden Idol"],"max_hp_gain":0,"max_hp_loss":0,"event_name":"Golden Idol","floor":4,"gold_loss":0},{"damage_healed":0,"gold_gain":150,"player_choice":"AGREE","damage_taken":0,"max_hp_gain":0,"max_hp_loss":0,"event_name":"Liars Game","floor":5,"gold_loss":0,"cards_obtained":["Doubt"]},{"cards_removed":["Doubt"],"damage_healed":0,"gold_gain":0,"player_choice":"Card Removal","damage_taken":0,"max_hp_gain":0,"max_hp_loss":0,"event_name":"The Cleric","floor":11,"gold_loss":75},{"damage_healed":0,"gold_gain":0,"player_choice":"Left Gold","damage_taken":0,"max_hp_gain":0,"max_hp_loss":0,"event_name":"World of Goop","floor":14,"gold_loss":11}],"is_beta":false,"boss_relics":[],"items_purged_floors":[13],"is_endless":false,"potions_floor_spawned":[1,3,7],"killed_by":"Slime Boss","ascension_level":20}}