{"host":"9a7cruws131mrp2b","time":1610287892,"event":{"mods":["Act Like it!","BaseMod","Better Third Choice","Hubris","Minty Spire (QoL Compilation)","Reworked Bosses","StSLib","The Jungle"],"gold_per_floor":[119,119,44,60,60,60,89,89,89,115,128,128,143,163,163,163,163],"floor_reached":16,"playtime":487,"items_purged":["Strike_P"],"score":119,"play_id":"81a24538-88ca-435c-a3ab-c6a1370fd5ce","local_time":"20210110141132","is_ascension_mode":true,"campfire_choices":[{"data":"Vigilance","floor":6,"key":"SMITH"},{"data":"SignatureMove","floor":8,"key":"SMITH"},{"floor":12,"key":"RECALL"},{"floor":15,"key":"REST"}],"circlet_count":0,"master_deck":["Strike_P","Strike_P","Defend_P","Defend_P","Defend_P","Defend_P","Eruption","Vigilance+1","Prostrate","FlurryOfBlows","SignatureMove+1","Prostrate"],"relics":["PureWater","Bag of Marbles","Blood Vial","Odd Mushroom"],"acts_visited":["Exordium"],"potions_floor_usage":[],"damage_taken":[{"damage":11,"enemies":"Small Slimes","floor":1,"turns":5},{"damage":2,"enemies":"Jaw Worm","floor":4,"turns":3},{"damage":2,"enemies":"Lagavulin","floor":7,"turns":5},{"damage":15,"enemies":"3 Sentries","floor":10,"turns":7},{"damage":0,"enemies":"Cultist","floor":11,"turns":1},{"damage":5,"enemies":"3 Louse","floor":13,"turns":4},{"damage":21,"enemies":"The Mushroom Lair","floor":14,"turns":3},{"damage":46,"enemies":"The Guardian","floor":16,"turns":10}],"seed_played":"4422933833458772665","potions_obtained":[{"floor":10,"key":"Dexterity Potion"},{"floor":11,"key":"Energy Potion"},{"floor":14,"key":"BottledMiracle"}],"is_trial":false,"path_per_floor":["M","?","$","M","?","R","E","R","T","E","M","R","M","?","R","B"],"character_chosen":"WATCHER","items_purchased":[],"campfire_rested":1,"item_purchase_floors":[],"current_hp_per_floor":[61,61,61,59,59,59,57,57,57,42,44,44,41,22,43,0,0],"gold":163,"neow_bonus":"THREE_CARDS","is_daily":false,"chose_seed":false,"campfire_upgraded":2,"win_rate":0.0,"timestamp":1610287892,"path_taken":["M","?","$","M","?","R","E","R","T","E","M","R","?","?","R","BOSS"],"items_purchased_type":[],"build_version":"2020-12-22","purchased_purges":1,"victory":false,"max_hp_per_floor":[72,72,72,72,72,72,72,72,72,72,72,72,72,72,72,72,72],"card_choices":[{"not_picked":["Protect","BattleHymn"],"picked":"Prostrate","floor":0},{"not_picked":["SashWhip","Evaluate"],"picked":"FlurryOfBlows","floor":1},{"not_picked":["BowlingBash","CarveReality"],"picked":"SignatureMove","floor":4},{"not_picked":["EmptyFist","WaveOfTheHand","CrushJoints"],"picked":"SKIP","floor":7},{"not_picked":["JustLucky","Protect","ReachHeaven"],"picked":"SKIP","floor":10},{"not_picked":["DeusExMachina","ClearTheMind","FollowUp"],"picked":"SKIP","floor":11},{"not_picked":["CutThroughFate","Wireheading"],"picked":"Prostrate","floor":13}],"player_experience":788085,"relics_obtained":[{"floor":7,"key":"Bag of Marbles"},{"floor":10,"key":"Blood Vial"},{"floor":14,"key":"Odd Mushroom"}],"event_choices":[{"damage_healed":0,"gold_gain":0,"player_choice":"Leave","damage_taken":0,"max_hp_gain":0,"max_hp_loss":0,"event_name":"The Cleric","floor":2,"gold_loss":0},{"cards_removed":["Strike_P"],"damage_healed":0,"gold_gain":0,"player_choice":"Purged","damage_taken":0,"max_hp_gain":0,"max_hp_loss":0,"event_name":"Purifier","floor":5,"gold_loss":0},{"damage_healed":0,"gold_gain":0,"player_choice":"Fought Mushrooms","damage_taken":0,"max_hp_gain":0,"max_hp_loss":0,"event_name":"Mushrooms","floor":14,"gold_loss":0}],"is_beta":false,"boss_relics":[],"items_purged_floors":[3],"is_endless":false,"potions_floor_spawned":[10,11,14],"killed_by":"The Guardian","ascension_level":2}}