{"host":"l84l8xigz5v5foa2","time":1610251928,"event":{"mods":["2.2 Compatiblity","AchievementEnabler","BaseMod","Better Note","Better Vampires","Card Filter","Colored Map","DeckTracker","Downfall","Gremlin Skip","Highlight Path","Keyboard Shortcuts","Minty Spire (QoL Compilation)","Permanent Neow","Quick Restart","Relic Filter","Relic Stats","StSLib","SuperFastMode","Transform Curses","Unknown Chances"],"gold_per_floor":[99,110,126,191,191,203,203,203,17,50,64,64,77,87,104,182,182,182,193,193,207,219,236,236,236,247,275,275,200,200,35,46,123,123,123,133,149,149,300,313,339,358,458,478,491,286,136,136,146,146,146,181,31,31,31],"floor_reached":56,"playtime":4830,"items_purged":["Guardian:Strike_Guardian","Guardian:Strike_Guardian","Guardian:Defend_Guardian","Guardian:WalkerClaw"],"score":2125,"play_id":"1ab5eec0-e858-42bb-aeb3-1077fcb74726","local_time":"20210110131208","is_ascension_mode":true,"campfire_choices":[{"data":"Guardian:TwinSlam","floor":1.0,"key":"SMITH"},{"data":"Guardian:CurlUp","floor":8.0,"key":"SMITH"},{"data":"Guardian:DonusPower","floor":12.0,"key":"SMITH"},{"data":"Guardian:Suspension","floor":18.0,"key":"SMITH"},{"data":"Guardian:Suspension","floor":25.0,"key":"SMITH"},{"data":"Guardian:DecasProtection","floor":29.0,"key":"SMITH"},{"floor":35.0,"key":"RECALL"},{"data":"Guardian:CompilePackage","floor":47.0,"key":"SMITH"},{"data":"Guardian:TemporalShield","floor":54,"key":"SMITH"}],"circlet_count":0,"master_deck":["AscendersBane","Guardian:Defend_Guardian","Guardian:Defend_Guardian","Guardian:CurlUp+1","Guardian:TwinSlam+1","Guardian:DonusPower+1","Guardian:DecasProtection+1","Guardian:TwinSlam+1","Guardian:Suspension+1","Guardian:Suspension+1","Guardian:PiercingHide","Guardian:Reroute","Guardian:ExploitGems","Guardian:Recover","Guardian:CompilePackage+1","Guardian:Incinerate","Guardian:TemporalStrike+1","Guardian:FloatingOrbs","Guardian:Clone+1","Guardian:TemporalShield+1","Guardian:PrismaticBeam","Guardian:Recover"],"relics":["Philosopher\u0027s Stone","Nunchaku","PreservedInsect","DollysMirror","Centennial Puzzle","Empty Cage","White Beast Statue","Bird Faced Urn","downfall:HeartBlessingGreen","expansioncontent:StudyCardRelic","Toy Ornithopter","downfall:HeartBlessingRed","downfall:HeartBlessingBlue","Orichalcum"],"acts_visited":["Exordium","TheCity","TheBeyond","TheEnding"],"potions_floor_usage":[55,55],"damage_taken":[{"damage":0.0,"enemies":"Small Slimes","floor":2.0,"turns":4.0},{"damage":3.0,"enemies":"Jaw Worm","floor":3.0,"turns":4.0},{"damage":18.0,"enemies":"3 Sentries","floor":4.0,"turns":7.0},{"damage":0.0,"enemies":"Cultist","floor":6.0,"turns":3.0},{"damage":0.0,"enemies":"downfall:FleeingMerchant","floor":9.0,"turns":4.0},{"damage":1.0,"enemies":"3 Sentries","floor":10.0,"turns":4.0},{"damage":9.0,"enemies":"Lots of Slimes","floor":11.0,"turns":3.0},{"damage":0.0,"enemies":"2 Fungi Beasts","floor":13.0,"turns":3.0},{"damage":0.0,"enemies":"Blue Slaver","floor":14.0,"turns":3.0},{"damage":0.0,"enemies":"Gremlin Gang","floor":15.0,"turns":3.0},{"damage":20.0,"enemies":"downfall:Defect","floor":16.0,"turns":7.0},{"damage":4.0,"enemies":"Spheric Guardian","floor":19.0,"turns":4.0},{"damage":14.0,"enemies":"Shell Parasite","floor":21.0,"turns":4.0},{"damage":5.0,"enemies":"Snecko","floor":22.0,"turns":5.0},{"damage":5.0,"enemies":"Snake Plant","floor":23.0,"turns":4.0},{"damage":0.0,"enemies":"Centurion and Healer","floor":26.0,"turns":6.0},{"damage":0.0,"enemies":"Book of Stabbing","floor":27.0,"turns":3.0},{"damage":0.0,"enemies":"downfall:FleeingMerchant","floor":31.0,"turns":4.0},{"damage":6.0,"enemies":"Cultist and Chosen","floor":32.0,"turns":7.0},{"damage":0.0,"enemies":"downfall:Silent","floor":33.0,"turns":7.0},{"damage":0.0,"enemies":"3 Shapes","floor":36.0,"turns":4.0},{"damage":0.0,"enemies":"3 Darklings","floor":37.0,"turns":5.0},{"damage":6.0,"enemies":"downfall:FleeingMerchant","floor":39.0,"turns":3.0},{"damage":6.0,"enemies":"Spire Growth","floor":40.0,"turns":3.0},{"damage":0.0,"enemies":"Sphere and 2 Shapes","floor":42.0,"turns":4.0},{"damage":0.0,"enemies":"downfall:LadyInBlue","floor":43.0,"turns":5.0},{"damage":14.0,"enemies":"3 Darklings","floor":44.0,"turns":4.0},{"damage":0.0,"enemies":"Spire Growth","floor":45.0,"turns":4.0},{"damage":3.0,"enemies":"Writhing Mass","floor":49.0,"turns":7.0},{"damage":4.0,"enemies":"downfall:Ironclad","floor":50.0,"turns":10.0},{"damage":31,"enemies":"downfall:CharBossMerchant","floor":52,"turns":8},{"damage":12,"enemies":"downfall:NeowBoss","floor":55,"turns":16}],"seed_played":"4919971887121351629","potions_obtained":[{"floor":2.0,"key":"Dexterity Potion"},{"floor":6.0,"key":"AttackPotion"},{"floor":10.0,"key":"LiquidBronze"},{"floor":11.0,"key":"Slimebound:ThreeZeroPotion"},{"floor":15.0,"key":"Dexterity Potion"},{"floor":16.0,"key":"SteroidPotion"},{"floor":20.0,"key":"FearPotion"},{"floor":22.0,"key":"Block Potion"},{"floor":23.0,"key":"Block Potion"},{"floor":27.0,"key":"AttackPotion"},{"floor":31.0,"key":"SkillPotion"},{"floor":32.0,"key":"SpeedPotion"},{"floor":36.0,"key":"Guardian:BlockOnCardUsePotion"},{"floor":37.0,"key":"FearPotion"},{"floor":39.0,"key":"Guardian:AcceleratePotion"},{"floor":40.0,"key":"Explosive Potion"},{"floor":43.0,"key":"SteroidPotion"},{"floor":49.0,"key":"GamblersBrew"},{"floor":52,"key":"FearPotion"}],"is_trial":false,"path_per_floor":["R","M","M","?","?","M","T","R","$","E","M","R","M","M","M","B",null,"R","M","?","M","M","M","T","R","M","E","?","R","?","$","M","B",null,"R","M","M","?","$","M","T","M","?","M","M","$","R","?","M","B",null,"E","$","R","B",null],"character_chosen":"GUARDIAN","items_purchased":["DollysMirror","Guardian:ExploitGems","Guardian:FloatingOrbs","Guardian:Gem_Red","Guardian:Recover"],"campfire_rested":0,"item_purchase_floors":[9,31,39,46,46],"current_hp_per_floor":[65,65,62,44,44,44,44,44,44,43,34,34,34,34,34,14,58,58,54,54,40,35,30,30,30,30,30,30,30,30,32,26,28,61,61,67,72,72,68,68,68,72,72,64,72,72,82,82,82,78,81,51,51,51,65],"gold":31,"neow_bonus":"BOSS_RELIC","is_daily":false,"chose_seed":false,"campfire_upgraded":8,"win_rate":0.0,"timestamp":1610251928,"path_taken":["R","M","M","?","?","M","T","R","$","E","M","R","M","M","M","BOSS","R","M","?","?","?","M","T","R","M","E","?","R","?","$","M","BOSS","R","M","M","?","$","M","T","M","?","?","M","$","R","?","M","BOSS","E","$","R","BOSS"],"items_purchased_type":["Relic","Card","Card","Card","Card"],"build_version":"2020-12-22","purchased_purges":4,"victory":true,"max_hp_per_floor":[72,72,72,72,72,72,72,72,72,72,72,72,72,72,72,72,72,72,72,72,72,72,72,72,72,72,72,72,72,72,72,72,72,72,72,72,72,72,72,72,72,72,72,72,72,72,82,82,82,82,82,82,82,82,82],"relic_stats":{"Nunchaku":[43],"Centennial Puzzle":[42],"counters":[32,161],"Bird Faced Urn":[61],"PreservedInsect":325,"Orichalcum":[6],"obtain_stats":[{"downfall:HeartBlessingRed":47,"Guardian:ModeShifter":0,"downfall:HeartBlessingGreen":29,"PreservedInsect":7,"expansioncontent:StudyCardRelic":34,"Orichalcum":52,"Empty Cage":17,"White Beast Statue":24,"Nunchaku":4,"Centennial Puzzle":10,"DollysMirror":9,"downfall:HeartBlessingBlue":47,"Bird Faced Urn":27,"Philosopher\u0027s Stone":0,"Toy Ornithopter":43},{"downfall:HeartBlessingRed":28,"Guardian:ModeShifter":0,"downfall:HeartBlessingGreen":17,"PreservedInsect":4,"expansioncontent:StudyCardRelic":20,"Orichalcum":31,"Empty Cage":11,"White Beast Statue":15,"Nunchaku":3,"Centennial Puzzle":6,"DollysMirror":5,"downfall:HeartBlessingBlue":28,"Bird Faced Urn":17,"Philosopher\u0027s Stone":0,"Toy Ornithopter":26},{"downfall:HeartBlessingRed":120,"Guardian:ModeShifter":0,"downfall:HeartBlessingGreen":70,"PreservedInsect":18,"expansioncontent:StudyCardRelic":88,"Orichalcum":145,"Empty Cage":45,"White Beast Statue":61,"Nunchaku":15,"Centennial Puzzle":26,"DollysMirror":22,"downfall:HeartBlessingBlue":120,"Bird Faced Urn":70,"Philosopher\u0027s Stone":0,"Toy Ornithopter":112}],"Toy Ornithopter":10},"card_choices":[{"not_picked":["Guardian:Gem_Green","Guardian:Gem_Cyan"],"picked":"Guardian:DonusPower","floor":2.0},{"not_picked":["Guardian:FuturePlans","Guardian:Recover"],"picked":"Guardian:Gem_Fragmented","floor":3.0},{"not_picked":["Guardian:PrimingBeam","Guardian:ChargeCore"],"picked":"Guardian:DecasProtection","floor":4.0},{"not_picked":["Guardian:PrismaticBarrier","Guardian:Gem_Crimson","Guardian:RefractedBeam"],"picked":"SKIP","floor":6.0},{"not_picked":["Guardian:TimeSifter","Guardian:SentryBeam"],"picked":"Guardian:Gem_Fragmented","floor":9.0},{"not_picked":["Guardian:GuardianWhirl","Guardian:TemporalShield"],"picked":"Guardian:Gem_Purple","floor":10.0},{"not_picked":["Guardian:SentryBeam","Guardian:Repulse"],"picked":"Guardian:WalkerClaw","floor":11.0},{"not_picked":["Guardian:ShieldCharger","Guardian:PrimingBeam"],"picked":"Guardian:Gem_Cyan","floor":13.0},{"not_picked":["Guardian:Gem_Purple","Guardian:TimeBomb"],"picked":"Guardian:Suspension","floor":14.0},{"not_picked":["Guardian:Planning","Guardian:TimeBomb","Guardian:Gem_Green"],"picked":"SKIP","floor":15.0},{"not_picked":["Guardian:ExploitGems","Guardian:FastForward"],"picked":"Guardian:Gem_Synthetic","floor":16.0},{"not_picked":["Guardian:DecasProtection","Guardian:ShieldCharger"],"picked":"Guardian:TemporalShield","floor":19.0},{"not_picked":["Guardian:Gem_Cyan","Guardian:PrimingBeam"],"picked":"Guardian:Suspension","floor":21.0},{"not_picked":["Guardian:ShieldCharger","Guardian:WalkerClaw","Guardian:Repulse"],"picked":"SKIP","floor":22.0},{"not_picked":["Guardian:Recover","Guardian:WalkerClaw"],"picked":"Guardian:PiercingHide","floor":23.0},{"not_picked":["Guardian:TemporalStrike","Guardian:VentSteam","Guardian:Repulse"],"picked":"SKIP","floor":26.0},{"not_picked":["Guardian:TemporalShield","Guardian:Gem_Blue"],"picked":"Guardian:Reroute","floor":27.0},{"not_picked":["Guardian:CrystalBeam","Guardian:TemporalStrike","Guardian:Planning"],"picked":"SKIP","floor":31.0},{"not_picked":["Guardian:Preprogram","Guardian:TemporalShield"],"picked":"Guardian:Recover","floor":32.0},{"not_picked":["Guardian:FastForward","Guardian:BaubleBeam"],"picked":"Guardian:CompilePackage","floor":33.0},{"not_picked":["Guardian:Suspension","Guardian:RollAttack"],"picked":"Guardian:Gem_Cyan","floor":36.0},{"not_picked":["Guardian:Reroute","Guardian:ShieldCharger+1"],"picked":"Guardian:Incinerate","floor":37.0},{"not_picked":["Guardian:ShieldCharger","Guardian:PrimingBeam+1"],"picked":"Guardian:TemporalStrike+1","floor":39.0},{"not_picked":["Guardian:RollAttack","Guardian:Repulse"],"picked":"Guardian:Gem_Cyan","floor":40.0},{"not_picked":["Guardian:PrimingBeam","Guardian:AncientConstruct"],"picked":"Guardian:Clone+1","floor":42.0},{"not_picked":["Guardian:Planning","Guardian:Reroute+1"],"picked":"Guardian:TemporalShield","floor":43.0},{"not_picked":["Guardian:Recover+1","Guardian:Suspension"],"picked":"Guardian:Gem_Cyan","floor":44.0},{"not_picked":["Guardian:Incinerate","Guardian:BronzeOrb"],"picked":"Guardian:PrismaticBeam","floor":45.0},{"not_picked":["Guardian:RollAttack","Guardian:TimeBomb+1","Guardian:Repulse"],"picked":"SKIP","floor":49.0},{"not_picked":["Guardian:BronzeOrb","Guardian:BronzeArmor"],"picked":"Guardian:Gem_White","floor":52}],"player_experience":3039859,"relics_obtained":[{"floor":4.0,"key":"Nunchaku"},{"floor":7.0,"key":"PreservedInsect"},{"floor":10.0,"key":"Centennial Puzzle"},{"floor":24.0,"key":"White Beast Statue"},{"floor":27.0,"key":"Bird Faced Urn"},{"floor":43.0,"key":"Toy Ornithopter"},{"floor":52,"key":"Orichalcum"}],"event_choices":[{"damage_healed":0.0,"max_hp_gain":0.0,"max_hp_loss":0.0,"gold_gain":0.0,"event_name":"Lab","player_choice":"Got Potions","floor":20.0,"gold_loss":0.0,"damage_taken":0.0},{"damage_healed":0.0,"max_hp_gain":0.0,"max_hp_loss":0.0,"gold_gain":0.0,"event_name":"Vampires","player_choice":"Ignored","floor":28.0,"gold_loss":0.0,"damage_taken":0.0},{"cards_removed":["Guardian:TemporalShield"],"damage_healed":0.0,"max_hp_gain":0.0,"max_hp_loss":0.0,"gold_gain":0.0,"event_name":"Falling","player_choice":"Removed Skill","floor":38.0,"gold_loss":0.0,"damage_taken":0.0}],"is_beta":false,"boss_relics":[{"not_picked":["Fusion Hammer","Astrolabe"],"picked":"Empty Cage"},{"not_picked":["Calling Bell","Coffee Dripper"],"picked":"expansioncontent:StudyCardRelic"}],"items_purged_floors":[31,39,46,53],"is_endless":false,"potions_floor_spawned":[2,6,10,11,15,16,19,22,23,26,27,31,32,33,36,37,39,40,42,43,44,45,49,52],"ascension_level":20}}