{"host":"a1eatafr7pisesky","time":1610286045,"event":{"mods":["AchievementEnabler","BaseMod","Colored Map","Keyboard Shortcuts","Minty Spire (QoL Compilation)","Say the Spire","StSLib","SuperFastMode","everything is the same but u backflip on backflip"],"gold_per_floor":[11,21,21,21,21,21,44,44,44,14,27,45,85,99,99,99,99],"floor_reached":16,"playtime":398,"items_purged":[],"score":158,"play_id":"0ced8179-9701-4638-b556-e643e4d83861","local_time":"20210110224045","is_ascension_mode":true,"campfire_choices":[{"data":"Barricade","floor":6.0,"key":"SMITH"},{"data":"Power Through","floor":8.0,"key":"SMITH"},{"floor":15,"key":"REST"}],"circlet_count":0,"master_deck":["AscendersBane","Strike_R","Strike_R","Strike_R","Strike_R","Defend_R","Defend_R","Defend_R","Defend_R","Bash","Barricade+1","Sword Boomerang","Power Through+1","Feel No Pain","True Grit","Exhume","Shrug It Off","Twin Strike","Twin Strike"],"relics":["Burning Blood","Golden Idol","Pen Nib"],"acts_visited":["Exordium"],"potions_floor_usage":[13,13],"damage_taken":[{"damage":22.0,"enemies":"Jaw Worm","floor":1.0,"turns":9.0},{"damage":14.0,"enemies":"2 Louse","floor":2.0,"turns":4.0},{"damage":5.0,"enemies":"Small Slimes","floor":7.0,"turns":5.0},{"damage":11.0,"enemies":"Looter","floor":10.0,"turns":4.0},{"damage":21.0,"enemies":"2 Fungi Beasts","floor":11.0,"turns":6.0},{"damage":24.0,"enemies":"Exordium Wildlife","floor":12.0,"turns":9.0},{"damage":20,"enemies":"Gremlin Nob","floor":13,"turns":4},{"damage":5,"enemies":"Blue Slaver","floor":14,"turns":5},{"damage":28,"enemies":"The Guardian","floor":16,"turns":3}],"seed_played":"-943777753220386243","potions_obtained":[{"floor":1.0,"key":"BloodPotion"},{"floor":11.0,"key":"CultistPotion"},{"floor":12.0,"key":"PowerPotion"},{"floor":14,"key":"Ancient Potion"}],"is_trial":false,"path_per_floor":["M","M","?","?","?","R","M","R","T","M","M","M","E","M","R","B"],"character_chosen":"IRONCLAD","items_purchased":[],"campfire_rested":1,"item_purchase_floors":[],"current_hp_per_floor":[56,48,48,48,53,53,54,54,54,49,34,31,17,18,41,13,13],"gold":99,"neow_bonus":"THREE_RARE_CARDS","is_daily":false,"chose_seed":false,"campfire_upgraded":2,"win_rate":0.0,"timestamp":1610286045,"path_taken":["M","M","?","?","?","R","M","R","T","M","?","M","E","M","R","BOSS"],"items_purchased_type":[],"build_version":"2020-12-22","purchased_purges":0,"victory":false,"max_hp_per_floor":[80,80,74,74,79,79,79,79,79,79,79,79,79,79,79,79,79],"card_choices":[{"not_picked":["Juggernaut","Impervious"],"picked":"Barricade","floor":0.0},{"not_picked":["Reckless Charge","Heavy Blade"],"picked":"Sword Boomerang","floor":1.0},{"not_picked":["Hemokinesis","Shrug It Off"],"picked":"Power Through","floor":2.0},{"not_picked":["Rampage","Cleave"],"picked":"Feel No Pain","floor":7.0},{"not_picked":["Clothesline","Twin Strike"],"picked":"True Grit","floor":10.0},{"not_picked":["True Grit","Iron Wave"],"picked":"Exhume","floor":11.0},{"not_picked":["Thunderclap","Cleave"],"picked":"Shrug It Off","floor":12.0},{"not_picked":["Perfected Strike","Havoc"],"picked":"Twin Strike","floor":13},{"not_picked":["Iron Wave","Perfected Strike"],"picked":"Twin Strike","floor":14}],"player_experience":301473,"relics_obtained":[{"floor":13,"key":"Pen Nib"}],"event_choices":[{"damage_healed":0.0,"max_hp_gain":0.0,"max_hp_loss":6.0,"gold_gain":0.0,"event_name":"Golden Idol","player_choice":"Lose Max HP","floor":3.0,"gold_loss":0.0,"damage_taken":0.0,"relics_obtained":["Golden Idol"]},{"cards_removed":["Strike_R"],"damage_healed":0.0,"max_hp_gain":0.0,"max_hp_loss":0.0,"gold_gain":0.0,"event_name":"Living Wall","player_choice":"Forget","floor":4.0,"gold_loss":0.0,"damage_taken":0.0},{"damage_healed":0.0,"max_hp_gain":5.0,"max_hp_loss":0.0,"gold_gain":0.0,"event_name":"Big Fish","player_choice":"Donut","floor":5.0,"gold_loss":0.0,"damage_taken":0.0}],"is_beta":false,"boss_relics":[],"items_purged_floors":[],"is_endless":false,"potions_floor_spawned":[1,11,12,14],"killed_by":"The Guardian","ascension_level":11}}