{"host":"z42sc0n2dozsmk72","time":1610268603,"event":{"mods":["AchievementEnabler","BaseMod","Better Third Choice","Colored Map","Curses Come First","Googly Eyes","Highlight Path","Minty Spire (QoL Compilation)","Permanent Neow","Quick Restart","Relic Stats","Shop Mod","StSLib","egg","slay the spire mod where everything is the same but ironclad has a cowboy hat"],"gold_per_floor":[114,38,53,68,68,98,98,113,138,138,153,168,183,213,213,313,313,298,298,223,238,253,253,283,283,283],"floor_reached":25,"playtime":1348,"items_purged":[],"score":335,"play_id":"dba7996c-c10e-48e9-8b1d-b2b7726dca87","local_time":"20210110215003","daily_mods":["Specialized","Diverse","Night Terrors"],"is_ascension_mode":false,"campfire_choices":[{"data":"Conserve Battery","floor":7.0,"key":"SMITH"},{"data":"Noxious Fumes","floor":10.0,"key":"SMITH"},{"data":"Buffer","floor":15.0,"key":"SMITH"},{"data":"Concentrate","floor":23,"key":"SMITH"}],"circlet_count":0,"master_deck":["Vigilance","Accuracy","Accuracy","Accuracy","Accuracy","Accuracy","Clothesline","Concentrate+1","Footwork+1","Conserve Battery+1","EmptyBody","Noxious Fumes+1","Buffer+1","Echo Form","True Grit+1","Shockwave+1"],"relics":["PureWater","Mummified Hand","Strawberry","Pear","Runic Pyramid","Boot"],"acts_visited":["Exordium","TheCity"],"potions_floor_usage":[24],"damage_taken":[{"damage":4.0,"enemies":"2 Louse","floor":1.0,"turns":3.0},{"damage":2.0,"enemies":"Cultist","floor":3.0,"turns":5.0},{"damage":10.0,"enemies":"Small Slimes","floor":4.0,"turns":6.0},{"damage":33.0,"enemies":"Lagavulin","floor":6.0,"turns":8.0},{"damage":0.0,"enemies":"2 Fungi Beasts","floor":8.0,"turns":5.0},{"damage":6.0,"enemies":"3 Louse","floor":11.0,"turns":3.0},{"damage":1.0,"enemies":"Blue Slaver","floor":12.0,"turns":6.0},{"damage":4.0,"enemies":"Exordium Thugs","floor":13.0,"turns":7.0},{"damage":9.0,"enemies":"Gremlin Nob","floor":14.0,"turns":5.0},{"damage":0.0,"enemies":"Slime Boss","floor":16.0,"turns":9.0},{"damage":23.0,"enemies":"2 Thieves","floor":18.0,"turns":5.0},{"damage":0.0,"enemies":"Chosen","floor":21.0,"turns":8.0},{"damage":11,"enemies":"Snake Plant","floor":22,"turns":6},{"damage":47,"enemies":"Slavers","floor":24,"turns":6},{"damage":10,"enemies":"Cultist and Chosen","floor":25,"turns":4}],"seed_played":"-956745095108410897","potions_obtained":[{"floor":1.0,"key":"Fire Potion"},{"floor":6.0,"key":"SkillPotion"},{"floor":12.0,"key":"Dexterity Potion"},{"floor":13.0,"key":"Explosive Potion"},{"floor":14.0,"key":"Weak Potion"}],"is_trial":false,"path_per_floor":["M","$","M","M","?","E","R","M","T","R","M","M","M","E","R","B",null,"M","?","?","M","M","R","E","M"],"character_chosen":"WATCHER","items_purchased":["Concentrate"],"campfire_rested":0,"item_purchase_floors":[2],"current_hp_per_floor":[68,68,66,56,56,23,23,23,30,30,24,23,19,20,20,20,89,66,66,66,66,55,55,8,0,0],"gold":283,"neow_bonus":"","is_daily":true,"chose_seed":false,"campfire_upgraded":4,"win_rate":0.0,"timestamp":1610268603,"path_taken":["M","$","M","M","?","E","R","M","T","R","M","?","M","E","R","BOSS","M","?","?","M","M","R","E","M"],"items_purchased_type":["Card"],"build_version":"2020-12-22","purchased_purges":0,"victory":false,"max_hp_per_floor":[72,72,72,72,72,72,72,72,79,79,79,79,79,89,89,89,89,89,89,89,89,89,89,89,89,89],"relic_stats":{"counters":[15,86],"Mummified Hand":[97],"Boot":[0],"obtain_stats":[{"Pear":14,"Mummified Hand":6,"Strawberry":9,"PureWater":0,"Boot":24,"Runic Pyramid":17},{"Pear":9,"Mummified Hand":4,"Strawberry":5,"PureWater":0,"Boot":14,"Runic Pyramid":10},{"Pear":48,"Mummified Hand":22,"Strawberry":27,"PureWater":0,"Boot":82,"Runic Pyramid":57}]},"card_choices":[{"not_picked":["Finisher","Flechettes"],"picked":"Clothesline","floor":1.0},{"not_picked":["Bane","Perfected Strike"],"picked":"Footwork","floor":3.0},{"not_picked":["Halt","Wild Strike"],"picked":"Conserve Battery","floor":4.0},{"not_picked":["SashWhip","Intimidate"],"picked":"EmptyBody","floor":6.0},{"not_picked":["ReachHeaven","Underhanded Strike"],"picked":"Noxious Fumes","floor":8.0},{"not_picked":["Prostrate","FollowUp","Riddle With Holes"],"picked":"SKIP","floor":11.0},{"not_picked":["Worship","Doom and Gloom","Reckless Charge"],"picked":"SKIP","floor":12.0},{"not_picked":["Meditate","Consecrate"],"picked":"Buffer","floor":13.0},{"not_picked":["FlyingSleeves","Setup","PathToVictory"],"picked":"SKIP","floor":14.0},{"not_picked":["Devotion","Electrodynamics"],"picked":"Echo Form","floor":16.0},{"not_picked":["Sunder","Dagger Throw","FlyingSleeves"],"picked":"SKIP","floor":18.0},{"not_picked":["Cold Snap","Rip and Tear+1"],"picked":"True Grit+1","floor":21.0},{"not_picked":["Pray","Sword Boomerang","Twin Strike"],"picked":"SKIP","floor":22},{"not_picked":["EmptyBody+1","Scrape"],"picked":"Shockwave+1","floor":24}],"player_experience":813334,"relics_obtained":[{"floor":6.0,"key":"Mummified Hand"},{"floor":9.0,"key":"Strawberry"},{"floor":14.0,"key":"Pear"},{"floor":24,"key":"Boot"}],"event_choices":[{"damage_healed":0.0,"max_hp_gain":0.0,"max_hp_loss":0.0,"gold_gain":0.0,"event_name":"Upgrade Shrine","player_choice":"Upgraded","floor":5.0,"gold_loss":0.0,"damage_taken":0.0,"cards_upgraded":["Footwork"]},{"damage_healed":0.0,"max_hp_gain":0.0,"max_hp_loss":8.0,"gold_gain":0.0,"event_name":"betterThird:BetterWriting","player_choice":"Materialism","floor":19.0,"gold_loss":0.0,"damage_taken":0.0},{"cards_removed":["Eruption"],"damage_healed":0.0,"max_hp_gain":0.0,"max_hp_loss":0.0,"gold_gain":0.0,"event_name":"Beggar","player_choice":"Gave Gold","floor":20.0,"gold_loss":75.0,"damage_taken":0.0}],"is_beta":false,"boss_relics":[{"not_picked":["Fusion Hammer","Velvet Choker"],"picked":"Runic Pyramid"}],"items_purged_floors":[],"is_endless":false,"potions_floor_spawned":[1,6,12,13,14,21],"killed_by":"Cultist and Chosen","ascension_level":0}}