{"host":"njcl8kinlkfw245p","time":1610307880,"event":{"mods":["BaseMod","Block Reminder","Colored Map","Googly Eyes","KinomotoSakuraMod(????)","Minty Spire (QoL Compilation)","StSLib","The Senshi","Unceasing Turn Reminder","everything is the same but u backflip on backflip"],"gold_per_floor":[119,135,210,210,210,210,253,253,253,284,300,324,225,21,21,140,140,140,140,140,55,55,55,55,55,55,55,55,55,55,55,55,55,55],"floor_reached":33,"playtime":1851,"items_purged":["theSenshi:SailorBlock","theSenshi:SailorBlock"],"score":485,"play_id":"b8c6baad-bffa-4606-be5a-78c524630c38","local_time":"20210110114440","is_ascension_mode":true,"campfire_choices":[{"floor":6,"key":"REST"},{"data":"theSenshi:MoonPower","floor":8,"key":"SMITH"},{"data":"theSenshi:RoseThrow","floor":15,"key":"SMITH"},{"floor":23,"key":"REST"},{"data":"theSenshi:MoonCrisisMakeUp","floor":27,"key":"SMITH"},{"data":"theSenshi:CrisisMakeUp","floor":29,"key":"SMITH"},{"floor":32,"key":"REST"}],"circlet_count":0,"master_deck":["AscendersBane","theSenshi:SailorKick","theSenshi:SailorKick","theSenshi:SailorKick","theSenshi:SailorBlock+1","theSenshi:RoseThrow+1","theSenshi:MoonPrismPowerMakeUp","theSenshi:MoonPower+1","theSenshi:SailorV+1","theSenshi:TallSilhouette","theSenshi:TallSilhouette","theSenshi:MoonCrisisMakeUp+1","theSenshi:TallSilhouette","theSenshi:LunaWiseMentor","theSenshi:EncouragingSpeech","theSenshi:SilverMoonCrystalPowerKiss","theSenshi:SailorVenusAssists","theSenshi:SailorJupiterAssists","theSenshi:CrisisMakeUp+1","theSenshi:SailorJupiterAssists","theSenshi:MoonCrystalPowerMakeUp","theSenshi:SailorPlanetPower","theSenshi:SailorChibiMoonAssists"],"relics":["theSenshi:TransformationBroochRelic","NeowsBlessing","Bloody Idol","HornCleat","theSenshi:CrystalStarRelic","Ectoplasm","War Paint","theSenshi:CutieMoonRodRelic"],"acts_visited":["Exordium","TheCity"],"potions_floor_usage":[33],"damage_taken":[{"damage":0,"enemies":"Cultist","floor":1,"turns":1},{"damage":0,"enemies":"Small Slimes","floor":2,"turns":1},{"damage":0,"enemies":"3 Sentries","floor":7,"turns":2},{"damage":9,"enemies":"Lagavulin","floor":10,"turns":5},{"damage":0,"enemies":"Jaw Worm","floor":11,"turns":4},{"damage":7,"enemies":"Blue Slaver","floor":12,"turns":4},{"damage":14,"enemies":"The Guardian","floor":16,"turns":9},{"damage":18,"enemies":"Spheric Guardian","floor":18,"turns":4},{"damage":22,"enemies":"3 Byrds","floor":19,"turns":5},{"damage":9,"enemies":"Snake Plant","floor":20,"turns":3},{"damage":12,"enemies":"Chosen and Byrds","floor":22,"turns":8},{"damage":27,"enemies":"Cultist and Chosen","floor":31,"turns":10},{"damage":69,"enemies":"Automaton","floor":33,"turns":6}],"seed_played":"-4718219378314179246","potions_obtained":[{"floor":1,"key":"Swift Potion"},{"floor":10,"key":"FearPotion"},{"floor":20,"key":"DistilledChaos"}],"is_trial":false,"path_per_floor":["M","M","?","?","?","R","E","R","T","E","M","M","$","$","R","B",null,"M","M","M","?","M","R","?","?","T","R","$","R","$","M","R","B"],"character_chosen":"THE_SENSHI","items_purchased":["theSenshi:TallSilhouette","theSenshi:LunaWiseMentor","theSenshi:EncouragingSpeech"],"campfire_rested":3,"item_purchase_floors":[13,14,14],"current_hp_per_floor":[68,68,57,39,44,68,68,68,68,59,61,56,56,56,56,46,72,56,38,33,33,23,47,47,47,47,47,47,47,47,26,50,0,0],"gold":55,"neow_bonus":"THREE_ENEMY_KILL","is_daily":false,"chose_seed":true,"campfire_upgraded":4,"win_rate":0.0,"timestamp":1610307880,"path_taken":["M","M","?","?","?","R","E","R","T","E","M","M","?","$","R","BOSS","M","M","M","?","M","R","?","?","T","R","$","R","?","?","R","BOSS"],"items_purchased_type":["Card","Card","Card"],"build_version":"2020-12-22","purchased_purges":2,"victory":false,"max_hp_per_floor":[75,75,75,75,80,80,80,80,80,80,80,80,80,80,80,80,80,80,80,80,80,80,80,80,80,80,80,80,80,80,80,80,80,80],"card_choices":[{"not_picked":["theSenshi:MoonSpiralHeartAttack","theSenshi:SailorMercuryAssists"],"picked":"theSenshi:MoonPower","floor":1},{"not_picked":["theSenshi:LateForSchool","theSenshi:TuxedoMaskAssists"],"picked":"theSenshi:SailorV","floor":2},{"not_picked":["theSenshi:SailorNeptuneAssists","theSenshi:JupitersPower"],"picked":"theSenshi:TallSilhouette","floor":7},{"not_picked":["theSenshi:MoonTiaraMagic","theSenshi:SaturnsMystery"],"picked":"theSenshi:TallSilhouette","floor":10},{"not_picked":["theSenshi:SailorMarsAssists","theSenshi:MoonlightKnight"],"picked":"theSenshi:MoonCrisisMakeUp","floor":11},{"not_picked":["theSenshi:NeptunesGrace","theSenshi:LunasBite","theSenshi:SupersonicWaves"],"picked":"SKIP","floor":12},{"not_picked":["theSenshi:JupitersPower","theSenshi:InTheNameOfTheMoon"],"picked":"theSenshi:SilverMoonCrystalPowerKiss","floor":16},{"not_picked":["theSenshi:SailorChibiMoonAssists","theSenshi:DramaticEntrance"],"picked":"theSenshi:SailorVenusAssists","floor":18},{"not_picked":["theSenshi:LunasBite","theSenshi:MoonsReflection"],"picked":"theSenshi:SailorJupiterAssists","floor":19},{"not_picked":["theSenshi:SupersonicWaves","theSenshi:SchoolBag"],"picked":"theSenshi:CrisisMakeUp","floor":20},{"not_picked":["theSenshi:EncouragingSpeech","theSenshi:YouCanTalk"],"picked":"theSenshi:SailorJupiterAssists","floor":22},{"not_picked":["theSenshi:SteeledNerves","theSenshi:Sidestep"],"picked":"theSenshi:SailorChibiMoonAssists","floor":31}],"player_experience":893433,"relics_obtained":[{"floor":7,"key":"HornCleat"},{"floor":10,"key":"theSenshi:CrystalStarRelic"},{"floor":26,"key":"theSenshi:CutieMoonRodRelic"}],"event_choices":[{"damage_healed":0,"gold_gain":75,"player_choice":"Gather Gold","damage_taken":11,"max_hp_gain":0,"max_hp_loss":0,"event_name":"World of Goop","floor":3,"gold_loss":0},{"damage_healed":0,"gold_gain":0,"player_choice":"Take Damage","damage_taken":18,"relics_obtained":["Golden Idol"],"max_hp_gain":0,"max_hp_loss":0,"event_name":"Golden Idol","floor":4,"gold_loss":0},{"damage_healed":0,"gold_gain":0,"player_choice":"Donut","damage_taken":0,"max_hp_gain":5,"max_hp_loss":0,"event_name":"Big Fish","floor":5,"gold_loss":0},{"damage_healed":0,"gold_gain":0,"player_choice":"Obtained Relic","damage_taken":0,"relics_obtained":["War Paint"],"max_hp_gain":0,"max_hp_loss":0,"event_name":"Addict","floor":21,"gold_loss":85},{"damage_healed":0,"gold_gain":0,"player_choice":"Gave Idol","damage_taken":0,"relics_obtained":["Bloody Idol"],"max_hp_gain":0,"max_hp_loss":0,"event_name":"Forgotten Altar","floor":24,"relics_lost":["Golden Idol"],"gold_loss":0},{"damage_healed":0,"gold_gain":0,"cards_transformed":["theSenshi:SailorKick","theSenshi:SailorBlock"],"player_choice":"Became Test Subject","damage_taken":0,"max_hp_gain":0,"max_hp_loss":0,"event_name":"Drug Dealer","floor":25,"gold_loss":0,"cards_obtained":["theSenshi:MoonCrystalPowerMakeUp","theSenshi:SailorPlanetPower"]}],"is_beta":false,"boss_relics":[{"not_picked":["Black Star","theSenshi:MoonKaleidoScopeRelic"],"picked":"Ectoplasm"}],"items_purged_floors":[13,14],"is_endless":false,"potions_floor_spawned":[1,10,16,19,20],"killed_by":"Automaton","ascension_level":12}}