{"host":"q0qnzbgdx8oqogg9","time":1610320254,"event":{"mods":["BaseMod","Minty Spire (QoL Compilation)","Slay-I","StSLib"],"gold_per_floor":[113,132,148,166,185,185,213,213,213,244,344,358,358,358],"floor_reached":13,"playtime":359,"items_purged":[],"score":121,"play_id":"d4b5fa00-8bed-4939-9273-988398372338","local_time":"20210110181054","is_ascension_mode":true,"campfire_choices":[{"data":"Bash","floor":6,"key":"SMITH"},{"data":"Armaments","floor":8,"key":"SMITH"}],"circlet_count":0,"master_deck":["Strike_R","Strike_R","Strike_R","Strike_R","Strike_R","Defend_R","Defend_R","Defend_R","Defend_R","Bash+1","Armaments+1","Combust","Pommel Strike","Sword Boomerang","Inflame","Brutality"],"relics":["Burning Blood","NeowsBlessing","Boot","Toxic Egg 2","Dream Catcher"],"acts_visited":["Exordium"],"potions_floor_usage":[5,7,12,13],"damage_taken":[{"damage":0,"enemies":"Cultist","floor":1,"turns":1},{"damage":0,"enemies":"Small Slimes","floor":2,"turns":1},{"damage":0,"enemies":"Jaw Worm","floor":3,"turns":1},{"damage":11,"enemies":"Blue Slaver","floor":4,"turns":5},{"damage":26,"enemies":"Gremlin Gang","floor":5,"turns":4},{"damage":16,"enemies":"Gremlin Nob","floor":7,"turns":3},{"damage":19,"enemies":"Lagavulin","floor":10,"turns":7},{"damage":6,"enemies":"Exordium Thugs","floor":12,"turns":4},{"damage":32,"enemies":"Gremlin Nob","floor":13,"turns":4}],"seed_played":"-2760858638393226754","potions_obtained":[{"floor":2,"key":"Strength Potion"},{"floor":3,"key":"PowerPotion"},{"floor":4,"key":"DistilledChaos"},{"floor":5,"key":"BlessingOfTheForge"},{"floor":12,"key":"ElixirPotion"}],"is_trial":false,"path_per_floor":["M","M","M","M","M","R","E","R","T","E","?","M","E"],"character_chosen":"IRONCLAD","items_purchased":[],"campfire_rested":0,"item_purchase_floors":[],"current_hp_per_floor":[80,80,80,75,55,55,45,45,45,32,32,32,0,0],"gold":358,"neow_bonus":"THREE_ENEMY_KILL","is_daily":false,"chose_seed":false,"campfire_upgraded":2,"win_rate":0.0,"timestamp":1610320254,"path_taken":["M","M","M","M","M","R","E","R","T","E","?","?","E"],"items_purchased_type":[],"build_version":"2020-12-22","purchased_purges":0,"victory":false,"max_hp_per_floor":[80,80,80,80,80,80,80,80,80,80,80,80,80,80],"card_choices":[{"not_picked":["Havoc","Blood for Blood"],"picked":"Armaments","floor":1},{"not_picked":["Twin Strike","Metallicize"],"picked":"Combust","floor":2},{"not_picked":["Disarm","Dropkick"],"picked":"Pommel Strike","floor":3},{"not_picked":["Heavy Blade","Shockwave"],"picked":"Sword Boomerang","floor":4},{"not_picked":["Limit Break","Second Wind","Perfected Strike"],"picked":"SKIP","floor":5},{"not_picked":["Thunderclap","Armaments"],"picked":"Inflame","floor":7},{"not_picked":["Rage+1","Havoc+1"],"picked":"Brutality","floor":10},{"not_picked":["Sword Boomerang","Carnage","Seeing Red+1"],"picked":"SKIP","floor":12}],"player_experience":204497,"relics_obtained":[{"floor":7,"key":"Boot"},{"floor":9,"key":"Toxic Egg 2"},{"floor":10,"key":"Dream Catcher"}],"event_choices":[{"damage_healed":0,"gold_gain":100,"player_choice":"Pray","damage_taken":0,"max_hp_gain":0,"max_hp_loss":0,"event_name":"Golden Shrine","floor":11,"gold_loss":0}],"is_beta":false,"boss_relics":[],"items_purged_floors":[],"is_endless":false,"potions_floor_spawned":[2,3,4,5,12],"killed_by":"Gremlin Nob","ascension_level":5}}