{"host":"s3s7xsmblwiz356v","time":1610297125,"event":{"mods":["AchievementEnabler","BaseMod","Block Reminder","Colored Map","Colored Powertips","Minty Spire (QoL Compilation)"],"gold_per_floor":[110,70,70,87,106,131,131,142,142,175,140,140,168,180,180,259,259,230,230,230,505,505,505],"floor_reached":22,"playtime":1568,"items_purged":[],"score":364,"play_id":"f4511c84-5d7e-496f-bbda-04bbe7e2657f","local_time":"20210110114525","is_ascension_mode":true,"campfire_choices":[{"data":"Barrage","floor":7,"key":"SMITH"},{"data":"Hologram","floor":15,"key":"SMITH"}],"circlet_count":0,"master_deck":["AscendersBane","Strike_B","Strike_B","Strike_B","Strike_B","Defend_B","Defend_B","Defend_B","Defend_B","Zap","Dualcast","Melter","Hologram+1","Clumsy","Glacier","Sweeping Beam","Barrage+1","Cold Snap","Compile Driver","BootSequence","Cold Snap","Echo Form","Buffer","CurseOfTheBell","Genetic Algorithm","Defragment+1","Regret"],"relics":["Cracked Core","Juzu Bracelet","Pantograph","Shovel","Ginger","HornCleat","Emotion Chip","Calling Bell","Orichalcum","Frozen Egg 2","FossilizedHelix","Enchiridion"],"acts_visited":["Exordium","TheCity"],"potions_floor_usage":[6,8,16,16],"damage_taken":[{"damage":5,"enemies":"2 Louse","floor":1,"turns":3},{"damage":0,"enemies":"Cultist","floor":4,"turns":4},{"damage":4,"enemies":"Jaw Worm","floor":5,"turns":3},{"damage":12,"enemies":"Gremlin Nob","floor":6,"turns":3},{"damage":28,"enemies":"Gremlin Gang","floor":8,"turns":5},{"damage":12,"enemies":"Lagavulin","floor":10,"turns":8},{"damage":8,"enemies":"3 Sentries","floor":13,"turns":6},{"damage":0,"enemies":"Looter","floor":14,"turns":2},{"damage":31,"enemies":"The Guardian","floor":16,"turns":17},{"damage":4,"enemies":"2 Thieves","floor":18,"turns":5},{"damage":34,"enemies":"Masked Bandits","floor":22,"turns":4}],"seed_played":"144709901600082457","potions_obtained":[{"floor":2,"key":"FearPotion"},{"floor":2,"key":"SneckoOil"},{"floor":10,"key":"LiquidMemories"},{"floor":14,"key":"Swift Potion"},{"floor":16,"key":"SteroidPotion"}],"is_trial":false,"path_per_floor":["M","?","?","M","M","E","R","M","T","E","?","T","E","M","R","B",null,"M","?","?","?","?"],"character_chosen":"DEFECT","items_purchased":[],"campfire_rested":0,"item_purchase_floors":[],"current_hp_per_floor":[59,59,59,59,55,43,43,15,15,3,20,20,12,12,12,6,55,51,30,30,30,0,0],"gold":505,"neow_bonus":"RANDOM_COMMON_RELIC","is_daily":false,"chose_seed":false,"campfire_upgraded":2,"win_rate":0.0,"timestamp":1610297125,"path_taken":["M","?","?","M","M","E","R","M","T","E","?","?","E","M","R","BOSS","M","?","?","?","?"],"items_purchased_type":[],"build_version":"2020-12-22","purchased_purges":0,"victory":false,"max_hp_per_floor":[71,71,71,71,71,71,71,71,71,71,71,71,71,71,71,71,71,71,71,71,71,71,71],"card_choices":[{"not_picked":["Steam","Barrage"],"picked":"Melter","floor":1},{"not_picked":["Streamline","Steam"],"picked":"Sweeping Beam","floor":4},{"not_picked":["Rebound","Lockon"],"picked":"Barrage","floor":5},{"not_picked":["BootSequence","Turbo"],"picked":"Cold Snap","floor":6},{"not_picked":["Auto Shields","Streamline"],"picked":"Compile Driver","floor":8},{"not_picked":["Rebound","Hologram"],"picked":"BootSequence","floor":10},{"not_picked":["Aggregate","Conserve Battery"],"picked":"Cold Snap","floor":13},{"not_picked":["Steam Power","Rip and Tear"],"picked":"Echo Form","floor":14},{"not_picked":["Creative AI","All For One"],"picked":"Buffer","floor":16},{"not_picked":["Blizzard+1","Rebound"],"picked":"Genetic Algorithm","floor":18}],"player_experience":414373,"relics_obtained":[{"floor":6,"key":"Pantograph"},{"floor":9,"key":"Shovel"},{"floor":10,"key":"Ginger"},{"floor":12,"key":"HornCleat"},{"floor":13,"key":"Emotion Chip"},{"floor":17,"key":"Orichalcum"},{"floor":17,"key":"Frozen Egg 2"},{"floor":17,"key":"FossilizedHelix"},{"floor":19,"key":"Enchiridion"}],"event_choices":[{"damage_healed":0,"gold_gain":0,"player_choice":"Bought 3 Potions","damage_taken":0,"max_hp_gain":0,"max_hp_loss":0,"event_name":"The Woman in Blue","floor":2,"gold_loss":0},{"damage_healed":0,"gold_gain":0,"player_choice":"3 cards matched","damage_taken":0,"max_hp_gain":0,"max_hp_loss":0,"event_name":"Match and Keep!","floor":3,"gold_loss":0,"cards_obtained":["Hologram","Clumsy","Glacier"]},{"damage_healed":17,"gold_gain":0,"player_choice":"Healed","damage_taken":0,"max_hp_gain":0,"max_hp_loss":0,"event_name":"The Cleric","floor":11,"gold_loss":35},{"damage_healed":0,"gold_gain":0,"player_choice":"Obtained Book","damage_taken":21,"max_hp_gain":0,"max_hp_loss":0,"event_name":"Cursed Tome","floor":19,"gold_loss":0},{"damage_healed":0,"gold_gain":0,"player_choice":"Read","damage_taken":0,"max_hp_gain":0,"max_hp_loss":0,"event_name":"The Library","floor":20,"gold_loss":0,"cards_obtained":["Defragment"]},{"damage_healed":0,"gold_gain":275,"player_choice":"Desecrate","damage_taken":0,"max_hp_gain":0,"max_hp_loss":0,"event_name":"Golden Shrine","floor":21,"gold_loss":0,"cards_obtained":["Regret"]},{"damage_healed":0,"gold_gain":0,"player_choice":"Fought Bandits","damage_taken":0,"max_hp_gain":0,"max_hp_loss":0,"event_name":"Masked Bandits","floor":22,"gold_loss":0}],"is_beta":false,"boss_relics":[{"not_picked":["SacredBark","Runic Dome"],"picked":"Calling Bell"}],"items_purged_floors":[],"is_endless":false,"potions_floor_spawned":[10,14,16],"killed_by":"Masked Bandits","ascension_level":16}}