{"host":"qxeepl7ydvsgmfdb","time":1610286582,"event":{"mods":["AchievementEnabler","BaseMod","Colored Powertips","Minty Spire (QoL Compilation)","Quick Restart","slay the spire mod where everything is the same but ironclad has a cowboy hat"],"gold_per_floor":[110,185,185,135,56,56,70,70,70,0,15,15,15,25,25,128,128,141,161,161,161,161,186,186,186,186,205,11,11,22,37,37,140,140,159,159,169,79,79,112,112,33,33,33,43,43,73,86,86,86],"floor_reached":51,"playtime":1386,"items_purged":[],"score":811,"play_id":"51b32e4d-d38c-49e2-9e79-980d153ea671","local_time":"20210110084942","is_ascension_mode":false,"campfire_choices":[{"data":"Zap","floor":6.0,"key":"SMITH"},{"data":"BootSequence","floor":8.0,"key":"SMITH"},{"data":"Doom and Gloom","floor":13.0,"key":"SMITH"},{"data":"Redo","floor":15.0,"key":"SMITH"},{"data":"Electrodynamics","floor":24.0,"key":"SMITH"},{"floor":32.0,"key":"REST"},{"data":"Dualcast","floor":41.0,"key":"SMITH"},{"data":"Capacitor","floor":44.0,"key":"SMITH"},{"floor":46.0,"key":"REST"},{"floor":49.0,"key":"REST"}],"circlet_count":0,"master_deck":["Strike_B","Strike_B","Strike_B","Defend_B","Defend_B","Defend_B","Defend_B","Zap+1","Dualcast+1","Chill","BootSequence+1","Doom and Gloom+1","Redo+1","Ball Lightning","Electrodynamics+1","Conserve Battery+1","Injury","Ball Lightning+1","Defragment+1","Ball Lightning+1","BootSequence","Capacitor+1"],"relics":["Cracked Core","NeowsBlessing","Thread and Needle","Centennial Puzzle","Nunchaku","Black Star","MutagenicStrength","Enchiridion","Ginger","Toy Ornithopter","Bag of Preparation","Vajra","Nuclear Battery","Smiling Mask","Symbiotic Virus","The Courier","Mercury Hourglass","Singing Bowl"],"acts_visited":["Exordium","TheCity","TheBeyond"],"potions_floor_usage":[50,50,50],"damage_taken":[{"damage":0.0,"enemies":"Cultist","floor":1.0,"turns":1.0},{"damage":0.0,"enemies":"2 Louse","floor":7.0,"turns":1.0},{"damage":0.0,"enemies":"Small Slimes","floor":11.0,"turns":1.0},{"damage":1.0,"enemies":"Blue Slaver","floor":14.0,"turns":3.0},{"damage":3.0,"enemies":"Slime Boss","floor":16.0,"turns":6.0},{"damage":6.0,"enemies":"Spheric Guardian","floor":18.0,"turns":3.0},{"damage":7.0,"enemies":"2 Thieves","floor":19.0,"turns":3.0},{"damage":2.0,"enemies":"Slavers","floor":23.0,"turns":3.0},{"damage":29.0,"enemies":"Chosen and Byrds","floor":27.0,"turns":5.0},{"damage":3.0,"enemies":"Cultist and Chosen","floor":30.0,"turns":4.0},{"damage":7.0,"enemies":"Centurion and Healer","floor":31.0,"turns":5.0},{"damage":48.0,"enemies":"Champ","floor":33.0,"turns":8.0},{"damage":7.0,"enemies":"Orb Walker","floor":35.0,"turns":4.0},{"damage":0.0,"enemies":"3 Shapes","floor":37.0,"turns":1.0},{"damage":16.0,"enemies":"Reptomancer","floor":40.0,"turns":5.0},{"damage":12.0,"enemies":"Maw","floor":45.0,"turns":5.0},{"damage":35.0,"enemies":"Nemesis","floor":47.0,"turns":6.0},{"damage":0.0,"enemies":"Jaw Worm Horde","floor":48.0,"turns":3.0},{"damage":68,"enemies":"Donu and Deca","floor":50,"turns":8}],"seed_played":"2992865554590953544","potions_obtained":[{"floor":11.0,"key":"Explosive Potion"},{"floor":14.0,"key":"FocusPotion"},{"floor":18.0,"key":"LiquidMemories"},{"floor":19.0,"key":"AttackPotion"},{"floor":27.0,"key":"Dexterity Potion"},{"floor":36.0,"key":"Fire Potion"},{"floor":37.0,"key":"Explosive Potion"},{"floor":47.0,"key":"AttackPotion"},{"floor":48.0,"key":"FocusPotion"}],"is_trial":false,"path_per_floor":["M","?","?","?","$","R","M","R","T","$","M","?","R","M","R","B",null,"M","M","?","?","?","E","R","$","T","M","$","?","M","M","R","B",null,"M","?","M","?","$","E","R","$","T","R","M","R","E","M","R","B",null],"character_chosen":"DEFECT","items_purchased":["Chill","Doom and Gloom","Vajra","PowerPotion","Capacitor"],"campfire_rested":3,"item_purchase_floors":[5,10,28,28,42],"current_hp_per_floor":[75,64,61,61,61,61,61,61,61,61,61,61,61,60,60,57,75,69,62,62,46,46,44,44,44,44,15,15,40,37,30,52,9,75,68,68,68,68,68,59,59,59,59,59,47,69,36,38,61,8],"gold":86,"neow_bonus":"THREE_ENEMY_KILL","is_daily":false,"chose_seed":false,"campfire_upgraded":7,"win_rate":0.0,"timestamp":1610286582,"path_taken":["M","?","?","?","?","R","?","R","T","$","M","?","R","M","R","BOSS","M","M","?","?","?","E","R","$","T","?","$","?","M","M","R","BOSS","M","?","?","?","$","E","R","?","T","R","M","R","E","M","R","BOSS"],"items_purchased_type":["Card","Card","Relic","Potion","Card"],"build_version":"2020-12-22","purchased_purges":0,"victory":true,"max_hp_per_floor":[75,75,75,75,75,75,75,75,75,75,75,75,75,75,75,75,75,75,75,75,75,75,75,75,75,75,75,75,75,75,75,75,75,75,75,75,75,75,75,75,75,75,75,75,75,75,77,79,79,79],"card_choices":[{"not_picked":["Turbo","Auto Shields","Steam Power"],"picked":"SKIP","floor":1.0},{"not_picked":["Steam","Rebound"],"picked":"BootSequence","floor":7.0},{"not_picked":["Conserve Battery","Auto Shields"],"picked":"Redo","floor":11.0},{"not_picked":["Streamline","Sweeping Beam"],"picked":"Ball Lightning","floor":14.0},{"not_picked":["Core Surge","Meteor Strike"],"picked":"Electrodynamics","floor":16.0},{"not_picked":["Redo","Gash"],"picked":"Conserve Battery+1","floor":18.0},{"not_picked":["Coolheaded","Doom and Gloom","Gash"],"picked":"SKIP","floor":19.0},{"not_picked":["Sunder","Reinforced Body"],"picked":"Ball Lightning+1","floor":23.0},{"not_picked":["Loop","Fusion"],"picked":"Defragment+1","floor":27.0},{"not_picked":["Beam Cell","Turbo","Gash"],"picked":"SKIP","floor":30.0},{"not_picked":["Steam Power+1","Steam+1","Sunder"],"picked":"SKIP","floor":31.0},{"not_picked":["Stack+1","Blizzard"],"picked":"Ball Lightning","floor":35.0},{"not_picked":["BootSequence","Sweeping Beam","Compile Driver"],"picked":"SKIP","floor":37.0},{"not_picked":["Sunder","Double Energy"],"picked":"BootSequence","floor":40.0},{"not_picked":["Leap","Streamline+1","Redo+1"],"picked":"SKIP","floor":45.0},{"not_picked":["BootSequence","Undo+1","Skim"],"picked":"Singing Bowl","floor":47.0},{"not_picked":["Redo","Creative AI","Recycle"],"picked":"Singing Bowl","floor":48.0}],"player_experience":117372,"relics_obtained":[{"floor":9.0,"key":"Centennial Puzzle"},{"floor":21.0,"key":"Enchiridion"},{"floor":23.0,"key":"Ginger"},{"floor":23.0,"key":"Toy Ornithopter"},{"floor":26.0,"key":"Bag of Preparation"},{"floor":40.0,"key":"Smiling Mask"},{"floor":40.0,"key":"Symbiotic Virus"},{"floor":43.0,"key":"The Courier"},{"floor":47.0,"key":"Mercury Hourglass"},{"floor":47.0,"key":"Singing Bowl"}],"event_choices":[{"damage_healed":0.0,"max_hp_gain":0.0,"max_hp_loss":0.0,"gold_gain":75.0,"event_name":"World of Goop","player_choice":"Gather Gold","floor":2.0,"gold_loss":0.0,"damage_taken":11.0},{"damage_healed":0.0,"max_hp_gain":0.0,"max_hp_loss":0.0,"gold_gain":0.0,"event_name":"Scrap Ooze","player_choice":"Success","floor":3.0,"gold_loss":0.0,"damage_taken":3.0,"relics_obtained":["Thread and Needle"]},{"cards_removed":["Strike_B"],"damage_healed":0.0,"max_hp_gain":0.0,"max_hp_loss":0.0,"gold_gain":0.0,"event_name":"The Cleric","player_choice":"Card Removal","floor":4.0,"gold_loss":50.0,"damage_taken":0.0},{"damage_healed":0.0,"max_hp_gain":0.0,"max_hp_loss":0.0,"gold_gain":0.0,"event_name":"Big Fish","player_choice":"Box","floor":12.0,"gold_loss":0.0,"damage_taken":0.0,"relics_obtained":["Nunchaku"],"cards_obtained":["Regret"]},{"damage_healed":0.0,"max_hp_gain":0.0,"max_hp_loss":0.0,"gold_gain":0.0,"event_name":"Drug Dealer","player_choice":"Inject Mutagens","floor":20.0,"gold_loss":0.0,"damage_taken":0.0,"relics_obtained":["MutagenicStrength"]},{"damage_healed":0.0,"max_hp_gain":0.0,"max_hp_loss":0.0,"gold_gain":0.0,"event_name":"Cursed Tome","player_choice":"Obtained Book","floor":21.0,"gold_loss":0.0,"damage_taken":16.0},{"damage_healed":0.0,"max_hp_gain":0.0,"max_hp_loss":0.0,"gold_gain":0.0,"event_name":"Match and Keep!","player_choice":"1 cards matched","floor":22.0,"gold_loss":0.0,"damage_taken":0.0,"cards_obtained":["Injury"]},{"damage_healed":25.0,"max_hp_gain":0.0,"max_hp_loss":0.0,"gold_gain":0.0,"event_name":"The Library","player_choice":"Heal","floor":29.0,"gold_loss":0.0,"damage_taken":0.0},{"damage_healed":0.0,"max_hp_gain":0.0,"max_hp_loss":0.0,"gold_gain":0.0,"event_name":"Lab","player_choice":"Got Potions","floor":36.0,"gold_loss":0.0,"damage_taken":0.0},{"cards_removed":["Regret"],"damage_healed":0.0,"max_hp_gain":0.0,"max_hp_loss":0.0,"gold_gain":0.0,"event_name":"Designer","player_choice":"Upgrade and Remove","floor":38.0,"gold_loss":90.0,"damage_taken":0.0,"cards_upgraded":["Ball Lightning"]}],"is_beta":false,"boss_relics":[{"not_picked":["Tiny House","Fusion Hammer"],"picked":"Black Star"},{"not_picked":["Velvet Choker","Inserter"],"picked":"Nuclear Battery"}],"items_purged_floors":[],"is_endless":false,"potions_floor_spawned":[11,14,18,19,27,31,37,47,48],"ascension_level":0}}