{"host":"lxihx0b6awoz2w1j","time":1610285592,"event":{"mods":["Aspiration","BaseMod","Better Third Choice","CapriCore","Colored Powertips","Downfall","Hermit","Hubris","Infinite Spire","JesterMod","Luminous","Marisa????????","Melee Mod","Minty Spire (QoL Compilation)","Prisma Mod","Quick Restart","Relic Stats","Replay The Spire","Shade Mod","Spicy Shops","StSLib","The Alterego","The Blue Laboratory","The Cursed","The Disciple","The Forsaken","The Immortal","The Jungle","The Marked","The Runesmith","The Senshi","The Servant 0.9.4","Waifu the Spire"],"gold_per_floor":[116,134,144,163,163,128,158,158,213,230,241,274,274,286,286,382,382,392,404,503,234,249,265,265,279,306,306,334,334,334,334,334,438,438,448,448,464,480,0,0,15,43,43,59,59,59,59,70,70,171,171,184,194,187,187,192,192,201,186,186,193,193,185,191,193,193,247,247,246,246,243,242,242,225,220,204,204,51,63,11,27,16,16,101,101,98,89,15,13,13,33,33,32,59,59,46,45,45,18,18,101,101,101],"floor_reached":102,"playtime":4611,"items_purged":["hexamod:Haunted"],"score":2345,"play_id":"469c9413-5b8b-4687-836c-97e7c0ba7eb9","local_time":"20210110143312","is_ascension_mode":false,"campfire_choices":[{"data":"alterego_mod:Vow","floor":8.0,"key":"SMITH"},{"data":"alterego_mod:BigMeatyClaws","floor":13.0,"key":"SMITH"},{"data":"alterego_mod:DiscoLights","floor":15.0,"key":"SMITH"},{"floor":24.0,"key":"REST"},{"data":"alterego_mod:Belts","floor":30.0,"key":"SMITH"},{"floor":32.0,"key":"DIG"},{"data":"alterego_mod:DiscoLights","floor":40.0,"key":"SMITH"},{"data":"alterego_mod:Weigh","floor":45.0,"key":"SMITH"},{"data":"infinitespire:Collect","floor":47.0,"key":"SMITH"},{"data":"alterego_mod:BustOut","floor":49.0,"key":"SMITH"},{"data":"alterego_mod:Impale","floor":57.0,"key":"SMITH"},{"data":"alterego_mod:DiscoLights","floor":62.0,"key":"SMITH"},{"data":"alterego_mod:RidiculouslyBig","floor":66.0,"key":"SMITH"},{"data":"alterego_mod:Venus","floor":83.0,"key":"SMITH"},{"data":"infinitespire:SevenWalls","floor":95.0,"key":"SMITH"},{"data":"alterego_mod:GoddessCore","floor":100.0,"key":"SMITH"}],"circlet_count":0,"master_deck":["alterego_mod:Strike","alterego_mod:Strike","alterego_mod:Strike","alterego_mod:Strike","alterego_mod:Defend","alterego_mod:Defend","alterego_mod:Defend+1","alterego_mod:Defend","alterego_mod:Impale+1","alterego_mod:BigMeatyClaws+1","alterego_mod:BrynhildrsRune+1","alterego_mod:SakuraPetals","alterego_mod:Belts+1","alterego_mod:RidiculouslyBig+1","alterego_mod:Bounce","alterego_mod:DiscoLights+1","alterego_mod:Vow+1","alterego_mod:Complex","alterego_mod:1TonWallop","alterego_mod:Birthday+1","alterego_mod:Weigh+1","alterego_mod:Undulate+1","alterego_mod:DiscoLights+1","alterego_mod:STier+1","alterego_mod:Swimsuit","alterego_mod:BiFurious","alterego_mod:Undulate","alterego_mod:Mirror","alterego_mod:BustOut+1","infinitespire:Collect+1","alterego_mod:GoddessCore","alterego_mod:BigMeatyClaws+1","alterego_mod:DiscoLights+1","alterego_mod:DiscoLights","alterego_mod:DiscoLights+1","Parasite","alterego_mod:Nekomimi+1","alterego_mod:Bounce","alterego_mod:Birthday+1","alterego_mod:PresenceConcealment+1","alterego_mod:Lift+1","alterego_mod:ChallengeComplete+1","alterego_mod:BeGentle","alterego_mod:Birthday","alterego_mod:Undulate","alterego_mod:DeftHands","alterego_mod:Bounce","alterego_mod:Bounce","alterego_mod:Swimsuit","alterego_mod:Venus+1","infinitespire:SevenWalls+1","alterego_mod:SakuraFive","alterego_mod:GoddessCore+1","alterego_mod:SideboobHour","alterego_mod:MagicResistance+1","alterego_mod:1TonWallop","alterego_mod:Stockings","alterego_mod:Bounce","alterego_mod:Bounce","alterego_mod:SakuraFive+1","alterego_mod:TrickOrTreatment+1","alterego_mod:Bounce","alterego_mod:Cushion+1","alterego_mod:MagicResistance+1","alterego_mod:Bounce","alterego_mod:Punishment+1","alterego_mod:GoddessCore","alterego_mod:Pet+1","alterego_mod:Birthday+1","alterego_mod:Undulate+1","alterego_mod:AlterEgo+1"],"relics":["alterego_mod:MasochisticConstitution","Iron Hammer","Boot","infinitespire:Satchel","Sozu","ReplayTheSpireMod:CursedCoin","Replay:Rubber Ducky","Blood Vial","Turnip","War Paint","Mango","aspiration:PoetsPen_weak","Runesmith:AutoHammer","hubris:CuriousFeather","Potion Belt","Frozen Egg 2","Painkiller Herb","hubris:DeckOfHolding","Toxic Egg 2","hubris:Backtick","Shuriken","aspiration:StickyExplosives_weak","Snack Pack","Du-Vu Doll","hubris:ToyBattleship","theSenshi:SailorFukuRelic","infinitespire:CheckeredPen","Coffee Dripper","hubris:Towel","Replay:Bottled Snecko","Replay:Accelerometer","Happy Flower","Pet Ghost","SacredBark"],"acts_visited":["Exordium","TheCity","TheBeyond","Exordium","TheCity","TheBeyond"],"potions_floor_usage":[],"damage_taken":[{"damage":2.0,"enemies":"2 Louse","floor":1.0,"turns":4.0},{"damage":0.0,"enemies":"Small Slimes","floor":2.0,"turns":4.0},{"damage":0.0,"enemies":"Cultist","floor":3.0,"turns":3.0},{"damage":6.0,"enemies":"Exordium Wildlife","floor":4.0,"turns":8.0},{"damage":29.0,"enemies":"Gremlin Nob","floor":7.0,"turns":5.0},{"damage":0.0,"enemies":"2 Fungi Beasts","floor":10.0,"turns":2.0},{"damage":0.0,"enemies":"Lots of Slimes","floor":11.0,"turns":2.0},{"damage":18.0,"enemies":"Lagavulin","floor":12.0,"turns":6.0},{"damage":1.0,"enemies":"Gremlin Gang","floor":14.0,"turns":2.0},{"damage":18.0,"enemies":"The Guardian","floor":16.0,"turns":10.0},{"damage":0.0,"enemies":"Shell Parasite","floor":18.0,"turns":2.0},{"damage":6.0,"enemies":"2 Thieves","floor":19.0,"turns":4.0},{"damage":2.0,"enemies":"Cultist and Chosen","floor":22.0,"turns":2.0},{"damage":27.0,"enemies":"Snake Plant","floor":23.0,"turns":3.0},{"damage":11.0,"enemies":"3 Cultists","floor":25.0,"turns":3.0},{"damage":9.0,"enemies":"Nightmare","floor":28.0,"turns":6.0},{"damage":35.0,"enemies":"Automaton","floor":33.0,"turns":4.0},{"damage":1.0,"enemies":"Orb Walker","floor":35.0,"turns":2.0},{"damage":41.0,"enemies":"3 Shapes","floor":37.0,"turns":5.0},{"damage":2.0,"enemies":"Spire Growth","floor":38.0,"turns":3.0},{"damage":2.0,"enemies":"Writhing Mass","floor":41.0,"turns":5.0},{"damage":0.0,"enemies":"Giant Head","floor":42.0,"turns":6.0},{"damage":36.0,"enemies":"Jaw Worm Horde","floor":44.0,"turns":5.0},{"damage":0.0,"enemies":"Transient","floor":48.0,"turns":5.0},{"damage":25.0,"enemies":"infinitespire:MassOfShapes","floor":50.0,"turns":3.0},{"damage":0.0,"enemies":"2 Louse","floor":52.0,"turns":1.0},{"damage":5.0,"enemies":"Jaw Worm","floor":53.0,"turns":2.0},{"damage":0.0,"enemies":"Cultist","floor":54.0,"turns":3.0},{"damage":0.0,"enemies":"Looter","floor":56.0,"turns":2.0},{"damage":2.0,"enemies":"Replay:BlueRogue","floor":58.0,"turns":3.0},{"damage":14.0,"enemies":"Exordium Wildlife","floor":59.0,"turns":4.0},{"damage":15.0,"enemies":"Blue Slaver","floor":61.0,"turns":2.0},{"damage":6.0,"enemies":"Large Slime","floor":63.0,"turns":4.0},{"damage":0.0,"enemies":"2 Fungi Beasts","floor":64.0,"turns":2.0},{"damage":0.0,"enemies":"Gremlin Gang","floor":65.0,"turns":1.0},{"damage":78.0,"enemies":"Hexaghost","floor":67.0,"turns":7.0},{"damage":5.0,"enemies":"3 Byrds","floor":69.0,"turns":2.0},{"damage":0.0,"enemies":"Shell Parasite","floor":71.0,"turns":2.0},{"damage":0.0,"enemies":"Snake Plant","floor":72.0,"turns":2.0},{"damage":0.0,"enemies":"Nightmare","floor":74.0,"turns":6.0},{"damage":0.0,"enemies":"Cultist and Chosen","floor":75.0,"turns":1.0},{"damage":9.0,"enemies":"Chosen and Byrds","floor":76.0,"turns":4.0},{"damage":0.0,"enemies":"Shelled Parasite and Fungi","floor":79.0,"turns":1.0},{"damage":39.0,"enemies":"Book of Stabbing","floor":81.0,"turns":3.0},{"damage":0.0,"enemies":"3 Cultists","floor":82.0,"turns":1.0},{"damage":18.0,"enemies":"Collector","floor":84.0,"turns":3.0},{"damage":11.0,"enemies":"3 Darklings","floor":86.0,"turns":3.0},{"damage":0.0,"enemies":"3 Shapes","floor":87.0,"turns":1.0},{"damage":0.0,"enemies":"Spire Growth","floor":89.0,"turns":2.0},{"damage":19.0,"enemies":"Giant Head","floor":91.0,"turns":2.0},{"damage":32.0,"enemies":"Nightmare","floor":93.0,"turns":6.0},{"damage":0.0,"enemies":"Sphere and 2 Shapes","floor":96.0,"turns":1.0},{"damage":0.0,"enemies":"Jaw Worm Horde","floor":97.0,"turns":1.0},{"damage":0.0,"enemies":"Transient","floor":99.0,"turns":5.0},{"damage":16.0,"enemies":"hubris:GrandSnecko","floor":101.0,"turns":2.0}],"seed_played":"-541470140748984043","potions_obtained":[{"floor":1.0,"key":"Strength Potion"},{"floor":7.0,"key":"Energy Potion"},{"floor":10.0,"key":"Adrenaline Potion"},{"floor":14.0,"key":"Explosive Potion"}],"is_trial":false,"path_per_floor":["M","M","M","M","?","$","E","R","T","M","M","E","R","M","R","B",null,"M","M","?","$","M","M","R","M","T","?","NM","AVR","R","?","R","B",null,"M","?","M","M","$","R","M","E","T","M","R","?","R","M","R","B",null,"?","?","?","?","?","T","E","?","T","?","T","?","?","?","T","B",null,"?","AVR","?","?","?","NM","?","?","T","T","?","?","E","?","T","B",null,"?","?","T","?","?","E","AVR","NM","T","T","?","?","?","?","T","B",null],"character_chosen":"The_Alterego","items_purchased":["alterego_mod:DiscoLights","ReplayTheSpireMod:CursedCoin","Replay:Rubber Ducky","alterego_mod:STier","alterego_mod:Swimsuit","alterego_mod:BiFurious","alterego_mod:DiscoLights","Runesmith:AutoHammer","hubris:CuriousFeather","hubris:ToyBattleship","alterego_mod:MagicResistance+1","alterego_mod:Bounce"],"campfire_rested":1,"item_purchase_floors":[6,21,21,21,21,21,39,39,39,78,88,88],"current_hp_per_floor":[76,76,76,76,76,76,55,55,55,55,76,59,59,61,61,46,83,83,78,78,78,80,56,81,78,78,78,74,74,74,74,88,56,103,103,103,81,82,82,82,105,107,107,95,95,95,95,100,100,81,109,109,110,110,110,110,110,111,104,104,92,92,94,96,104,104,61,118,114,114,116,118,129,129,129,130,130,130,130,130,94,108,108,111,132,122,133,133,133,133,124,124,124,124,124,135,135,135,135,135,133,136,136],"gold":101,"neow_bonus":"TEN_PERCENT_HP_BONUS","is_daily":false,"chose_seed":false,"campfire_upgraded":14,"win_rate":0.0,"timestamp":1610285592,"path_taken":["M","M","M","M","?","$","E","R","T","M","M","E","R","M","R","BOSS","M","M","?","$","M","M","R","M","T","?","NM","AVR","R","?","R","BOSS","M","?","M","M","$","R","M","E","T","?","R","?","R","M","R","BOSS","?","?","?","?","?","T","E","?","T","?","T","?","?","?","T","BOSS","?","AVR","?","?","?","NM","?","?","T","T","?","?","E","?","T","BOSS","?","?","T","?","?","E","AVR","NM","T","T","?","?","?","?","T","BOSS"],"items_purchased_type":["Card","Relic","Relic","Card","Card","Card","Card","Relic","Relic","Relic","Card","Card"],"build_version":"2020-12-22","purchased_purges":1,"victory":false,"max_hp_per_floor":[78,78,78,79,79,79,80,80,80,80,80,81,81,82,82,83,83,83,84,84,84,85,86,86,87,87,87,88,88,88,88,102,103,103,104,104,105,106,106,106,107,107,107,108,108,108,108,108,108,109,109,109,110,110,110,110,110,111,115,115,116,116,117,117,117,117,118,118,119,119,119,119,129,129,129,130,130,130,130,130,131,131,131,132,132,133,133,133,133,133,134,134,135,135,135,135,135,135,135,135,136,136,136],"relic_stats":{"Sozu":19,"Blood Vial":39,"Happy Flower":[3],"counters":[55,183],"Shuriken":[99],"Turnip":[12],"War Paint":["alterego_mod:STier","alterego_mod:Defend"],"Boot":[384],"obtain_stats":[{"Replay:Accelerometer":92,"SacredBark":102,"Mango":32,"Painkiller Herb":51,"aspiration:PoetsPen_weak":34,"Boot":9,"Pet Ghost":94,"Replay:Rubber Ducky":21,"aspiration:StickyExplosives_weak":70,"Sozu":17,"Blood Vial":26,"hubris:Backtick":68,"hubris:DeckOfHolding":58,"Iron Hammer":7,"hubris:CuriousFeather":39,"Replay:Bottled Snecko":91,"Toxic Egg 2":60,"theSenshi:SailorFukuRelic":80,"Potion Belt":42,"alterego_mod:MasochisticConstitution":0,"Happy Flower":93,"ReplayTheSpireMod:CursedCoin":21,"infinitespire:CheckeredPen":81,"War Paint":29,"Frozen Egg 2":43,"hubris:Towel":90,"Du-Vu Doll":77,"Shuriken":68,"infinitespire:Satchel":12,"Turnip":28,"Snack Pack":74,"hubris:ToyBattleship":78,"Coffee Dripper":85,"Runesmith:AutoHammer":39},{"Replay:Accelerometer":50,"SacredBark":55,"Mango":16,"Painkiller Herb":25,"aspiration:PoetsPen_weak":17,"Boot":5,"Pet Ghost":51,"Replay:Rubber Ducky":12,"aspiration:StickyExplosives_weak":37,"Sozu":10,"Blood Vial":15,"hubris:Backtick":36,"hubris:DeckOfHolding":30,"Iron Hammer":5,"hubris:CuriousFeather":20,"Replay:Bottled Snecko":50,"Toxic Egg 2":31,"theSenshi:SailorFukuRelic":43,"Potion Belt":22,"alterego_mod:MasochisticConstitution":0,"Happy Flower":51,"ReplayTheSpireMod:CursedCoin":12,"infinitespire:CheckeredPen":44,"War Paint":16,"Frozen Egg 2":22,"hubris:Towel":49,"Du-Vu Doll":42,"Shuriken":36,"infinitespire:Satchel":8,"Turnip":16,"Snack Pack":40,"hubris:ToyBattleship":42,"Coffee Dripper":46,"Runesmith:AutoHammer":20},{"Replay:Accelerometer":168,"SacredBark":183,"Mango":66,"Painkiller Herb":104,"aspiration:PoetsPen_weak":70,"Boot":24,"Pet Ghost":174,"Replay:Rubber Ducky":52,"aspiration:StickyExplosives_weak":137,"Sozu":46,"Blood Vial":60,"hubris:Backtick":135,"hubris:DeckOfHolding":115,"Iron Hammer":24,"hubris:CuriousFeather":80,"Replay:Bottled Snecko":168,"Toxic Egg 2":119,"theSenshi:SailorFukuRelic":153,"Potion Belt":91,"alterego_mod:MasochisticConstitution":0,"Happy Flower":174,"ReplayTheSpireMod:CursedCoin":52,"infinitespire:CheckeredPen":156,"War Paint":66,"Frozen Egg 2":91,"hubris:Towel":166,"Du-Vu Doll":152,"Shuriken":135,"infinitespire:Satchel":34,"Turnip":66,"Snack Pack":147,"hubris:ToyBattleship":152,"Coffee Dripper":160,"Runesmith:AutoHammer":80}]},"card_choices":[{"not_picked":["alterego_mod:DestructionOfProperty","alterego_mod:BustOut"],"picked":"alterego_mod:SakuraPetals","floor":1.0},{"not_picked":["alterego_mod:Complex","alterego_mod:Mirror"],"picked":"alterego_mod:Belts","floor":2.0},{"not_picked":["alterego_mod:Lingerie","alterego_mod:Cooking"],"picked":"alterego_mod:RidiculouslyBig","floor":3.0},{"not_picked":["alterego_mod:Skirt","alterego_mod:Jiggle"],"picked":"alterego_mod:Bounce","floor":4.0},{"not_picked":["alterego_mod:TrashNCrash","alterego_mod:GIGAMILK"],"picked":"alterego_mod:Vow","floor":7.0},{"not_picked":["alterego_mod:Belts","alterego_mod:Rip"],"picked":"alterego_mod:Complex","floor":10.0},{"not_picked":["alterego_mod:SakuraFive","alterego_mod:IdEs"],"picked":"alterego_mod:1TonWallop","floor":11.0},{"not_picked":["alterego_mod:Complex","alterego_mod:PresenceConcealment"],"picked":"alterego_mod:Birthday","floor":12.0},{"not_picked":["alterego_mod:Table","alterego_mod:Maid","alterego_mod:HighServant"],"picked":"SKIP","floor":14.0},{"not_picked":["alterego_mod:ClassAdvantage","alterego_mod:Vow"],"picked":"alterego_mod:Weigh","floor":16.0},{"not_picked":["alterego_mod:Punishment","alterego_mod:Jiggle"],"picked":"alterego_mod:Undulate+1","floor":18.0},{"not_picked":["alterego_mod:SakuraFive","alterego_mod:BustOut"],"picked":"alterego_mod:DiscoLights","floor":19.0},{"not_picked":["alterego_mod:BeGentle","alterego_mod:Complex","alterego_mod:Cooking"],"picked":"SKIP","floor":22.0},{"not_picked":["alterego_mod:Cooking","alterego_mod:DeftHands"],"picked":"alterego_mod:Undulate","floor":23.0},{"not_picked":["alterego_mod:Schoolgirl","alterego_mod:Belts"],"picked":"alterego_mod:Mirror","floor":25.0},{"not_picked":["alterego_mod:Table+1","alterego_mod:PurpleHair"],"picked":"alterego_mod:BustOut","floor":28.0},{"not_picked":["alterego_mod:Valkyrie","alterego_mod:Antipathy"],"picked":"alterego_mod:ClassAdvantage","floor":33.0},{"not_picked":["alterego_mod:Undulate","alterego_mod:Cooking+1"],"picked":"alterego_mod:GoddessCore","floor":35.0},{"not_picked":["alterego_mod:BiFurious+1","alterego_mod:SuperDuperMasochism"],"picked":"alterego_mod:DiscoLights","floor":37.0},{"not_picked":["alterego_mod:1TonWallop","alterego_mod:DustData","alterego_mod:Skirt+1"],"picked":"SKIP","floor":38.0},{"not_picked":["alterego_mod:GoddessCore+1","alterego_mod:MaintainEyeContact"],"picked":"alterego_mod:Nekomimi+1","floor":41.0},{"not_picked":["alterego_mod:GoddessCore+1","alterego_mod:Cycle+1"],"picked":"alterego_mod:Bounce","floor":42.0},{"not_picked":["alterego_mod:Bloomers+1","alterego_mod:Vow"],"picked":"alterego_mod:Birthday+1","floor":44.0},{"not_picked":["alterego_mod:Rip","alterego_mod:Maid+1"],"picked":"alterego_mod:PresenceConcealment+1","floor":48.0},{"not_picked":["alterego_mod:ClassAdvantage+1","alterego_mod:AlterEgo+1"],"picked":"alterego_mod:Lift+1","floor":50.0},{"not_picked":["alterego_mod:TrashNCrash","alterego_mod:Clap"],"picked":"alterego_mod:ChallengeComplete+1","floor":52.0},{"not_picked":["alterego_mod:BusterCard","alterego_mod:HighServant"],"picked":"alterego_mod:BeGentle","floor":53.0},{"not_picked":["alterego_mod:Cooking","alterego_mod:1TonWallop"],"picked":"alterego_mod:Birthday","floor":54.0},{"not_picked":["alterego_mod:GoddessCore","alterego_mod:Swimsuit"],"picked":"alterego_mod:Undulate","floor":56.0},{"not_picked":["alterego_mod:BreastValley+1","alterego_mod:IndependentAction","alterego_mod:PurpleHair"],"picked":"SKIP","floor":58.0},{"not_picked":["alterego_mod:Cooking","alterego_mod:InsideBaseball+1"],"picked":"alterego_mod:DeftHands","floor":59.0},{"not_picked":["alterego_mod:Rip","alterego_mod:DiscoLights+1","alterego_mod:Crossover+1"],"picked":"SKIP","floor":61.0},{"not_picked":["alterego_mod:Complex","alterego_mod:TrashNCrash+1"],"picked":"alterego_mod:Bounce","floor":63.0},{"not_picked":["alterego_mod:Complex","alterego_mod:Smother+1"],"picked":"alterego_mod:Bounce","floor":64.0},{"not_picked":["alterego_mod:Antipathy+1","alterego_mod:Bounce"],"picked":"alterego_mod:Swimsuit","floor":65.0},{"not_picked":["alterego_mod:STier+1","alterego_mod:BrynhildrRomantia"],"picked":"alterego_mod:Venus","floor":67.0},{"not_picked":["infinitespire:Collect","infinitespire:UltimateForm"],"picked":"infinitespire:SevenWalls","floor":69.0},{"not_picked":["alterego_mod:SuperDuperMasochism+1","alterego_mod:Belle+1"],"picked":"alterego_mod:SakuraFive","floor":69.0},{"not_picked":["alterego_mod:PurpleHair+1","alterego_mod:Cycle+1"],"picked":"alterego_mod:GoddessCore","floor":71.0},{"not_picked":["alterego_mod:Pet+1","alterego_mod:Cooking+1"],"picked":"alterego_mod:SideboobHour","floor":72.0},{"not_picked":["alterego_mod:Jiggle+1","alterego_mod:Undulate+1"],"picked":"alterego_mod:MagicResistance+1","floor":74.0},{"not_picked":["alterego_mod:Lift+1","alterego_mod:Cooking+1"],"picked":"alterego_mod:1TonWallop","floor":75.0},{"not_picked":["alterego_mod:Skirt+1","alterego_mod:HighServant+1"],"picked":"alterego_mod:Stockings","floor":76.0},{"not_picked":["alterego_mod:TrashNCrash+1","alterego_mod:Cooking+1"],"picked":"alterego_mod:Bounce","floor":79.0},{"not_picked":["alterego_mod:DeftHands","alterego_mod:BiFurious"],"picked":"alterego_mod:Bounce","floor":81.0},{"not_picked":["alterego_mod:Exercise","alterego_mod:MaintainEyeContact+1"],"picked":"alterego_mod:SakuraFive+1","floor":82.0},{"not_picked":["alterego_mod:GIGAMILK+1","alterego_mod:Vow+1"],"picked":"alterego_mod:TrickOrTreatment+1","floor":84.0},{"not_picked":["alterego_mod:HighServant+1","alterego_mod:Nekomimi+1"],"picked":"alterego_mod:Bounce","floor":86.0},{"not_picked":["alterego_mod:BiFurious","alterego_mod:HighServant+1"],"picked":"alterego_mod:Cushion+1","floor":87.0},{"not_picked":["alterego_mod:DiscoLights+1","alterego_mod:Complex"],"picked":"alterego_mod:Punishment+1","floor":89.0},{"not_picked":["alterego_mod:Cooking+1","alterego_mod:DeftHands"],"picked":"alterego_mod:GoddessCore","floor":91.0},{"not_picked":["alterego_mod:Skirt","alterego_mod:BusterCard","alterego_mod:Jiggle+1"],"picked":"SKIP","floor":93.0},{"not_picked":["alterego_mod:Smother+1","alterego_mod:1TonWallop+1"],"picked":"alterego_mod:Pet+1","floor":96.0},{"not_picked":["alterego_mod:Cushion+1","alterego_mod:Punishment+1"],"picked":"alterego_mod:Birthday+1","floor":97.0},{"not_picked":["alterego_mod:1TonWallop","alterego_mod:PresenceConcealment+1"],"picked":"alterego_mod:Undulate+1","floor":99.0},{"not_picked":["alterego_mod:Antipathy+1","alterego_mod:VirginLaserPalladion"],"picked":"alterego_mod:AlterEgo+1","floor":101.0}],"player_experience":558565,"relics_obtained":[{"floor":7.0,"key":"Iron Hammer"},{"floor":9.0,"key":"Boot"},{"floor":12.0,"key":"infinitespire:Satchel"},{"floor":26.0,"key":"Blood Vial"},{"floor":28.0,"key":"Turnip"},{"floor":32.0,"key":"Mango"},{"floor":42.0,"key":"Potion Belt"},{"floor":43.0,"key":"Frozen Egg 2"},{"floor":58.0,"key":"hubris:DeckOfHolding"},{"floor":60.0,"key":"Toxic Egg 2"},{"floor":74.0,"key":"Snack Pack"},{"floor":77.0,"key":"Du-Vu Doll"},{"floor":81.0,"key":"infinitespire:CheckeredPen"},{"floor":91.0,"key":"Replay:Bottled Snecko"},{"floor":93.0,"key":"Happy Flower"},{"floor":94.0,"key":"Pet Ghost"}],"event_choices":[{"damage_healed":0.0,"max_hp_gain":0.0,"max_hp_loss":0.0,"gold_gain":99.0,"event_name":"betterThird:BetterNest","player_choice":"Steal","floor":20.0,"gold_loss":0.0,"damage_taken":0.0},{"damage_healed":0.0,"max_hp_gain":0.0,"max_hp_loss":0.0,"gold_gain":0.0,"event_name":"betterThird:BetterPortal","player_choice":"Random: Orange","floor":36.0,"gold_loss":0.0,"damage_taken":0.0},{"damage_healed":0.0,"max_hp_gain":0.0,"max_hp_loss":0.0,"gold_gain":0.0,"event_name":"Match and Keep!","player_choice":"1 cards matched","floor":36.0,"gold_loss":0.0,"damage_taken":0.0,"cards_obtained":["alterego_mod:BigMeatyClaws"]},{"damage_healed":0.0,"max_hp_gain":0.0,"max_hp_loss":0.0,"gold_gain":0.0,"event_name":"Purifier","player_choice":"Ignored","floor":55.0,"gold_loss":0.0,"damage_taken":0.0},{"cards_removed":["alterego_mod:ClassAdvantage"],"damage_healed":1.0,"max_hp_gain":10.0,"max_hp_loss":0.0,"gold_gain":0.0,"event_name":"Bonfire Elementals","player_choice":"Offered Rare","floor":73.0,"gold_loss":0.0,"damage_taken":0.0},{"damage_healed":0.0,"max_hp_gain":0.0,"max_hp_loss":0.0,"gold_gain":0.0,"event_name":"WeMeetAgain","player_choice":"Paid Gold","floor":80.0,"gold_loss":52.0,"damage_taken":0.0,"relics_obtained":["theSenshi:SailorFukuRelic"]},{"damage_healed":0.0,"max_hp_gain":0.0,"max_hp_loss":0.0,"gold_gain":0.0,"event_name":"Accursed Blacksmith","player_choice":"Forge","floor":98.0,"gold_loss":0.0,"damage_taken":0.0,"cards_upgraded":["alterego_mod:DiscoLights"]}],"is_beta":false,"boss_relics":[{"not_picked":["Cursed Key","hubris:ScarierMask"],"picked":"Sozu"},{"not_picked":["Replay:Ancient Bell","Hololive_Finger"],"picked":"aspiration:PoetsPen_weak"},{"not_picked":["Runic Pyramid","Pandora\u0027s Box"],"picked":"Painkiller Herb"},{"not_picked":["aspiration:RunicSpoon","Empty Cage"],"picked":"hubris:Backtick"},{"not_picked":["Pandora\u0027s Box","hubris:RunicObelisk"],"picked":"Coffee Dripper"},{"not_picked":["Velvet Choker","Replay:Grab Bag"],"picked":"SacredBark"}],"items_purged_floors":[21],"is_endless":true,"potions_floor_spawned":[1,7,10,14,23,33,38,42,44,54,58,63,64,65,67,69,74,75,79,86,93,96,99],"ascension_level":0}}