{"host":"wvhb1cpt008qp3ei","time":1610245624,"event":{"mods":["BaseMod","Hermit","KOR Keyword Fix","Minty Spire (QoL Compilation)","StSLib","The Cursed","The Dragon Tamer","The Gatherer","The Hierophant","The Poker Player","The Runesmith"],"gold_per_floor":[119,135,210,385,405,405,405,405,405,424,438,438,469,2,2,2,2],"floor_reached":16,"playtime":549,"items_purged":["Doubt"],"score":100,"play_id":"9a475c02-9244-4b34-a6a9-57c1ac037975","local_time":"20210110112704","is_ascension_mode":false,"campfire_choices":[{"data":"hermit:GoldenBullet","floor":6,"key":"SMITH"},{"data":"hermit:EyeOfTheStorm","floor":8,"key":"SMITH"},{"data":"hermit:Quickdraw","floor":12,"key":"SMITH"},{"data":"hermit:TakeAim","floor":15,"key":"SMITH"}],"circlet_count":0,"master_deck":["hermit:Strike_Hermit","hermit:Strike_Hermit","hermit:Strike_Hermit","hermit:Defend_Hermit","hermit:Defend_Hermit","hermit:Defend_Hermit","hermit:Defend_Hermit","hermit:Snapshot","hermit:Covet","hermit:Quickdraw","hermit:Quickdraw+1","hermit:GoldenBullet+1","hermit:EyeOfTheStorm+1","hermit:Cheat","hermit:TakeAim+1"],"relics":["hermit:Momento","NeowsBlessing","White Beast Statue","Blood Vial","Shuriken","Strange Spoon"],"acts_visited":["Exordium"],"potions_floor_usage":[13,16],"damage_taken":[{"damage":0,"enemies":"Small Slimes","floor":1,"turns":1},{"damage":0,"enemies":"Jaw Worm","floor":2,"turns":1},{"damage":0,"enemies":"2 Louse","floor":5,"turns":1},{"damage":11,"enemies":"Blue Slaver","floor":10,"turns":4},{"damage":7,"enemies":"Exordium Thugs","floor":11,"turns":3},{"damage":17,"enemies":"Gremlin Nob","floor":13,"turns":5},{"damage":50,"enemies":"The Guardian","floor":16,"turns":10}],"seed_played":"-2911178419045645394","potions_obtained":[{"floor":1,"key":"SkillPotion"},{"floor":10,"key":"SmokeBomb"},{"floor":11,"key":"SmokeBomb"},{"floor":13,"key":"Block Potion"}],"is_trial":false,"path_per_floor":["M","M","?","?","M","R","?","R","T","M","M","R","E","$","R","B"],"character_chosen":"HERMIT","items_purchased":["Shuriken","Strange Spoon"],"campfire_rested":0,"item_purchase_floors":[14,14],"current_hp_per_floor":[75,75,64,64,64,64,64,64,64,53,46,46,29,29,29,0,0],"gold":2,"neow_bonus":"THREE_ENEMY_KILL","is_daily":false,"chose_seed":false,"campfire_upgraded":4,"win_rate":0.0,"timestamp":1610245624,"path_taken":["M","M","?","?","?","R","?","R","T","M","M","R","E","$","R","BOSS"],"items_purchased_type":["Relic","Relic"],"build_version":"2020-12-22","purchased_purges":1,"victory":false,"max_hp_per_floor":[75,75,75,75,75,75,75,75,75,75,75,75,75,75,75,75,75],"card_choices":[{"not_picked":["hermit:DeadMansHand","hermit:Desperado"],"picked":"hermit:Quickdraw","floor":1},{"not_picked":["hermit:HoleUp","hermit:Headshot"],"picked":"hermit:Quickdraw","floor":2},{"not_picked":["hermit:Gestalt","hermit:Glare"],"picked":"hermit:GoldenBullet","floor":5},{"not_picked":["hermit:SprayPray","hermit:TrackingShot","hermit:Coalescence"],"picked":"SKIP","floor":10},{"not_picked":["hermit:TrackingShot","hermit:Headshot"],"picked":"hermit:Cheat","floor":11},{"not_picked":["hermit:Glare","hermit:Horror"],"picked":"hermit:TakeAim","floor":13}],"player_experience":29493,"relics_obtained":[{"floor":9,"key":"White Beast Statue"},{"floor":13,"key":"Blood Vial"}],"event_choices":[{"damage_healed":0,"gold_gain":75,"player_choice":"Gather Gold","damage_taken":11,"max_hp_gain":0,"max_hp_loss":0,"event_name":"World of Goop","floor":3,"gold_loss":0},{"damage_healed":0,"gold_gain":175,"player_choice":"AGREE","damage_taken":0,"max_hp_gain":0,"max_hp_loss":0,"event_name":"Liars Game","floor":4,"gold_loss":0,"cards_obtained":["Doubt"]},{"damage_healed":0,"gold_gain":0,"cards_transformed":["hermit:Strike_Hermit"],"player_choice":"Change","damage_taken":0,"max_hp_gain":0,"max_hp_loss":0,"event_name":"Living Wall","floor":7,"gold_loss":0,"cards_obtained":["hermit:EyeOfTheStorm"]}],"is_beta":false,"boss_relics":[],"items_purged_floors":[14],"is_endless":false,"potions_floor_spawned":[1,10,11,13],"killed_by":"The Guardian","ascension_level":0}}