{"host":"xkmvu47k9fdstweo","time":1610310157,"event":{"mods":["BaseMod","Colored Map","Conspire","Hubris","Minty Spire (QoL Compilation)","Quick Restart","Railgun Mod","Shop Mod","StSLib","The Alterego","The Servant 0.9.4","The Wild Card","TheBandit","WarShipGirlsR/??è≠èóR mod","vexMod"],"gold_per_floor":[112,128,128,142,142,171,185,185,185,185,185],"floor_reached":10,"playtime":193,"items_purged":[],"score":102,"play_id":"cf1e326c-f2e0-436d-af0e-de7efd35e670","local_time":"20210110152237","is_ascension_mode":true,"campfire_choices":[{"floor":8,"key":"REST"}],"circlet_count":0,"master_deck":["AscendersBane","Strike_G","Strike_G","Strike_G","Defend_G","Defend_G","Defend_G","Defend_G","Defend_G","Survivor","Neutralize","Underhanded Strike","Caltrops","Sucker Punch","PiercingWail","Venomology"],"relics":["Ring of the Snake","NeowsBlessing","hubris:Potato","Molten Egg 2"],"acts_visited":["Exordium"],"potions_floor_usage":[6,10],"damage_taken":[{"damage":0,"enemies":"Cultist","floor":1,"turns":1},{"damage":0,"enemies":"Small Slimes","floor":2,"turns":1},{"damage":0,"enemies":"Jaw Worm","floor":4,"turns":1},{"damage":42,"enemies":"Gremlin Nob","floor":6,"turns":6},{"damage":12,"enemies":"Red Slaver","floor":7,"turns":8},{"damage":7,"enemies":"3 Sentries","floor":10,"turns":4}],"seed_played":"-6801095307086688915","potions_obtained":[{"floor":1,"key":"BlessingOfTheForge"}],"is_trial":false,"path_per_floor":["M","M","?","M","?","E","M","R","T","E"],"character_chosen":"THE_SILENT","items_purchased":[],"campfire_rested":1,"item_purchase_floors":[],"current_hp_per_floor":[63,63,56,56,56,14,2,23,23,16,16],"gold":185,"neow_bonus":"THREE_ENEMY_KILL","is_daily":false,"chose_seed":false,"campfire_upgraded":0,"win_rate":0.0,"timestamp":1610310157,"path_taken":["M","?","?","M","?","E","?","R","T","E"],"items_purchased_type":[],"build_version":"2020-12-22","purchased_purges":0,"victory":false,"max_hp_per_floor":[70,70,70,70,70,70,70,70,70,70,70],"card_choices":[{"not_picked":["Concentrate","Outmaneuver"],"picked":"Underhanded Strike","floor":1},{"not_picked":["Deflect","Deadly Poison"],"picked":"Caltrops","floor":2},{"not_picked":["Deadly Poison","Acrobatics"],"picked":"Sucker Punch","floor":4},{"not_picked":["All Out Attack","Tactician"],"picked":"PiercingWail","floor":6},{"not_picked":["Deflect","Quick Slash"],"picked":"Venomology","floor":7}],"player_experience":298468,"relics_obtained":[{"floor":6,"key":"hubris:Potato"},{"floor":9,"key":"Molten Egg 2"}],"event_choices":[{"cards_removed":["Strike_G"],"damage_healed":0,"gold_gain":0,"player_choice":"Card Removal","damage_taken":7,"max_hp_gain":0,"max_hp_loss":0,"event_name":"Golden Wing","floor":3,"gold_loss":0},{"cards_removed":["Strike_G"],"damage_healed":0,"gold_gain":0,"player_choice":"Offered Basic","damage_taken":0,"max_hp_gain":0,"max_hp_loss":0,"event_name":"Bonfire Elementals","floor":5,"gold_loss":0}],"is_beta":false,"boss_relics":[],"items_purged_floors":[],"is_endless":false,"potions_floor_spawned":[1],"killed_by":"3 Sentries","ascension_level":10}}