{"host":"g5fmetnswx4f9rhi","time":1610245535,"event":{"mods":["Act Like it!","BaseMod","Conspire","Downfall","Gensokyo","GifTheSpireLib","Halation","Hallownest","Hubris","Koishi","LagranYue(???·?)","Mari Mod (Legacy)","Mari\u0027s V1 Patch","Marisa????????","Mimic Mod","Minty Spire (QoL Compilation)","Railgun Mod","Remilia??????","Replay The Spire","StSLib","The Administrix","The Alterego","The Animator","The Bladedancer","The Bug Knight","The Cursed","The Jungle","The Senshi","The Servant 0.9.4","TheFirefly"],"gold_per_floor":[113,113,131,30,49,82,98,98,178,178,192,192,208,220,220,322,372,372,372],"floor_reached":18,"playtime":1640,"items_purged":["Defend_S"],"score":164,"play_id":"4abc260b-fd25-4187-a2a5-1cfc2350273c","local_time":"20210109202535","is_ascension_mode":false,"campfire_choices":[{"floor":10,"key":"REST"},{"floor":12,"key":"REST"},{"floor":15,"key":"REST"}],"circlet_count":0,"master_deck":["Strike_S","Strike_S","Strike_S","Strike_S","Defend_S","Defend_S","Defend_S+1","KidneyShot","Exchange","Deny","GearUp","Rewind","Ricochet","Solidify","SurpressingFire","Replace","Snipe","Snipe","Sabotage","Ricochet","Contraction","Luminosity","FlawlessForm","Rewind"],"relics":["Uniform","LagranYue:RandomDrawCardRelic","Replay:Rubber Ducky","Tiny House"],"acts_visited":["Exordium","TheCity"],"potions_floor_usage":[7,13],"damage_taken":[{"damage":3.0,"enemies":"conspire:RoseBush","floor":1.0,"turns":4.0},{"damage":1.0,"enemies":"Jaw Worm","floor":3.0,"turns":6.0},{"damage":0.0,"enemies":"2 Louse","floor":5.0,"turns":2.0},{"damage":38.0,"enemies":"Gremlin Nob","floor":6.0,"turns":6.0},{"damage":21,"enemies":"Large Slime","floor":7,"turns":10},{"damage":12,"enemies":"2 Fungi Beasts","floor":11,"turns":3},{"damage":0,"enemies":"3 Louse","floor":13,"turns":3},{"damage":0,"enemies":"Looter","floor":14,"turns":4},{"damage":40,"enemies":"Hexaghost","floor":16,"turns":18},{"damage":8,"enemies":"3 Byrds","floor":18,"turns":3}],"seed_played":"-7342886496904288667","potions_obtained":[{"floor":1.0,"key":"Reflective Coating"},{"floor":6.0,"key":"Languid Potion"},{"floor":11,"key":"ColorlessPotion"},{"floor":16,"key":"Regen Potion"},{"floor":17,"key":"Strength Potion"}],"is_trial":false,"path_per_floor":["M","?","M","$","M","E","M","?","T","R","M","R","M","M","R","B",null,"M"],"character_chosen":"THE_SERVANT","items_purchased":["Ricochet"],"campfire_rested":3,"item_purchase_floors":[4],"current_hp_per_floor":[62,62,61,61,61,23,2,2,2,21,9,28,28,28,47,7,70,62,62],"gold":372,"neow_bonus":"ONE_RANDOM_RARE_CARD","is_daily":false,"chose_seed":false,"campfire_upgraded":0,"win_rate":0.0,"timestamp":1610245535,"path_taken":["M","?","M","$","M","E","M","?","T","R","?","R","M","M","R","BOSS","M"],"items_purchased_type":["Card"],"build_version":"2020-12-22","purchased_purges":1,"victory":false,"max_hp_per_floor":[65,65,65,65,65,65,65,65,65,65,65,65,65,65,65,65,70,70,70],"card_choices":[{"not_picked":["Spin","Manipulate"],"picked":"GearUp","floor":1.0},{"not_picked":["TimeWarp","Replace"],"picked":"Rewind","floor":3.0},{"not_picked":["Unruled","Spin","TimeWarp"],"picked":"SKIP","floor":5.0},{"not_picked":["ShatteredReality","DualDimension","Gouge"],"picked":"SKIP","floor":6.0},{"not_picked":["Reset","DoubleEdge"],"picked":"Solidify","floor":7},{"not_picked":["Spin","ShiftingGears"],"picked":"Ricochet","floor":11},{"not_picked":["Sunlight","BottledTime"],"picked":"Contraction","floor":13},{"not_picked":["Rearm","Unruled"],"picked":"Luminosity","floor":14},{"not_picked":["Duplication","LightFlow"],"picked":"FlawlessForm","floor":16},{"not_picked":["SpecialFormula","ShiftingGears"],"picked":"Rewind","floor":17}],"player_experience":14659,"relics_obtained":[{"floor":6.0,"key":"Replay:Rubber Ducky"}],"event_choices":[],"is_beta":false,"boss_relics":[{"not_picked":["halation:SmartPhone","hubris:Stopwatch"],"picked":"Tiny House"}],"items_purged_floors":[4],"is_endless":false,"potions_floor_spawned":[1,6,11,16],"killed_by":"3 Byrds","ascension_level":0}}