{"host":"r9v0g0iwbsx9dzwu","time":1610259417,"event":{"mods":["ATMod(阿瑾Mod)","Aspiration","BaseMod","Energized Spire","GifTheSpireLib","Minty Spire (QoL Compilation)","MostiFishMod","Replay The Spire","RumiaBox-露米娅的神秘盒子","StSLib","TestMod","The Jungle","[IsaacMod]以撒尖塔","vexMod","【功能Mod】聪明的最终Boss"],"gold_per_floor":[409,427,427,145,223,250,250,278,278,278,256,46,46,66,66,146,146,165,165,180,180,180],"floor_reached":21,"playtime":676,"items_purged":["Strike_B","Strike_B","Strike_B"],"score":590,"play_id":"d84b7580-1224-4310-ad71-0c8fd4c3fb8d","local_time":"20210110141657","is_ascension_mode":true,"campfire_choices":[{"data":"Coolheaded","floor":7,"key":"SMITH"},{"data":"Seek","floor":10,"key":"SMITH"},{"data":"Defragment","floor":15,"key":"SMITH"}],"circlet_count":0,"master_deck":["Defend_B","Defend_B","Defend_B","Defend_B","Zap","Dualcast","AT_DrawKnifeCut","ReplayTheSpireMod:Calculation Training","Seek+1","Glacier+1","Coolheaded+1","Seek+1","Distribution","Defragment+1"],"relics":["Cracked Core","AT_ATBox","DaveBox","HushsDoor","testmod-TestBox","testmod-ConstraintPeriapt","SteamSale","Old Coin","NeowsBlessing","Baka2","ChiLing","Chi","Ling","PillsDrop","AT_TimeSand","testmod-LifeArmor","HowToJump","testmod-AssaultLearning","Nuclear Battery","GuppysPaw","BelialBook","Succubus"],"acts_visited":["Exordium","Exordium"],"potions_floor_usage":[],"damage_taken":[{"damage":0,"enemies":"Cultist","floor":1,"turns":1},{"damage":0,"enemies":"Jaw Worm","floor":2,"turns":1},{"damage":0,"enemies":"Gremlin Nob","floor":6,"turns":1},{"damage":8,"enemies":"Lagavulin","floor":8,"turns":3},{"damage":1,"enemies":"3 Sentries","floor":11,"turns":2},{"damage":2,"enemies":"Small Slimes","floor":14,"turns":1},{"damage":4,"enemies":"Slime Boss","floor":16,"turns":3},{"damage":2,"enemies":"Shell Parasite","floor":18,"turns":2},{"damage":12,"enemies":"theJungle:MUSHROOMGANG","floor":20,"turns":2},{"damage":1,"enemies":"Hiden Room Battle","floor":21,"turns":1}],"seed_played":"4365930360488904500","potions_obtained":[{"floor":8,"key":"Elixir"},{"floor":11,"key":"AttackPotion"},{"floor":16,"key":"testmod-EscapePotion"},{"floor":18,"key":"Dexterity Potion"}],"is_trial":false,"path_per_floor":["M","M","?","$","?","E","R","E","T","R","E","$","?","M","R","B",null,"M","?","M","?"],"character_chosen":"DEFECT","items_purchased":["ChiLing","PillsDrop","Glacier+1","Distribution","Defragment","testmod-AssaultLearning","GuppysPaw","BelialBook","Succubus"],"campfire_rested":0,"item_purchase_floors":[4,4,4,12,12,12,17,17,17],"current_hp_per_floor":[64,64,64,64,49,52,52,55,55,55,55,55,55,53,53,49,29,27,28,16,0,0],"gold":180,"neow_bonus":"THREE_ENEMY_KILL","is_daily":false,"chose_seed":false,"campfire_upgraded":3,"win_rate":0.0,"timestamp":1610259417,"path_taken":["M","?","?","$","?","E","R","E","T","R","E","$","?","M","R","BOSS","M","?","?","?"],"items_purchased_type":["Relic","Relic","Card","Card","Card","Relic","Relic","Relic","Relic"],"build_version":"2020-12-22","purchased_purges":3,"victory":false,"max_hp_per_floor":[71,71,71,71,71,74,74,74,74,74,69,69,69,69,69,69,29,29,29,29,29,29],"card_choices":[{"not_picked":[],"picked":"ChaosCard","floor":0},{"not_picked":["Conserve Battery","Go for the Eyes"],"picked":"ReplayTheSpireMod:Calculation Training","floor":1},{"not_picked":["AT_EMC2","Turbo"],"picked":"Seek","floor":2},{"not_picked":["BasicCrystalCard","Cold Snap"],"picked":"Coolheaded","floor":6},{"not_picked":["Darkness","AT_HeatAcrobatics","Stack"],"picked":"SKIP","floor":8},{"not_picked":["Seek","Storm","ReplayGash"],"picked":"SKIP","floor":11},{"not_picked":["Seek","Storm","ReplayGash"],"picked":"SKIP","floor":11},{"not_picked":["MostiFishMod:ReprogramOld","BootSequence","Sweeping Beam"],"picked":"SKIP","floor":14},{"not_picked":["BasicCrystalCard+1","Compile Driver","Rebound"],"picked":"SKIP","floor":18},{"not_picked":["Rebound","Streamline","Stack+1"],"picked":"SKIP","floor":20}],"player_experience":14778,"relics_obtained":[{"floor":1,"key":"Baka"},{"floor":2,"key":"Baka2"},{"floor":6,"key":"AT_TimeSand"},{"floor":8,"key":"testmod-LifeArmor"},{"floor":11,"key":"HowToJump"}],"event_choices":[{"cards_removed":["Strike_B"],"damage_healed":0,"gold_gain":0,"player_choice":"Purged","damage_taken":0,"max_hp_gain":0,"max_hp_loss":0,"event_name":"Purifier","floor":3,"gold_loss":0},{"damage_healed":0,"gold_gain":0,"player_choice":"Ignored","damage_taken":0,"max_hp_gain":0,"max_hp_loss":0,"event_name":"Liars Game","floor":13,"gold_loss":0},{"damage_healed":0,"gold_gain":0,"player_choice":"Fight","damage_taken":0,"max_hp_gain":0,"max_hp_loss":0,"event_name":"HidenRoomEvent","floor":21,"gold_loss":0}],"is_beta":false,"boss_relics":[{"not_picked":["vexMod:FluxCapacitor","testmod-IncinerationGenerator"],"picked":"Nuclear Battery"},{"not_picked":[]}],"items_purged_floors":[4,12,17],"is_endless":false,"potions_floor_spawned":[8,11,16,18],"killed_by":"Hiden Room Battle","ascension_level":20}}