{"host":"pgqkv8mh62pnrbci","time":1610292511,"event":{"mods":["2.2 Compatiblity","AchievementEnabler","BaseMod","Custom Start","DeckTracker","Minty Spire (QoL Compilation)","Replay The Spire","StSLib","SuperFastMode","¡¼?Úª?ø«¡½REMEMod"],"gold_per_floor":[13,13,13,30,46,46,46,46,46,61,109,109,133,133,166,185,185,185,185],"floor_reached":18,"playtime":482,"items_purged":[],"score":218,"play_id":"7263fb40-a78d-4ff3-ae1e-ca046d474131","local_time":"20210111002831","is_ascension_mode":true,"campfire_choices":[{"data":"Neutralize","floor":6.0,"key":"SMITH"},{"data":"Noxious Fumes","floor":14.0,"key":"SMITH"},{"floor":17.0,"key":"REST"}],"circlet_count":0,"master_deck":["AscendersBane","Strike_G","Strike_G","Strike_G","Defend_G","Defend_G","Defend_G","Survivor","Neutralize+1","Juggernaut","PiercingWail","Crippling Poison","Infinite Blades","Caltrops","Noxious Fumes+1","Wraith Form v2"],"relics":["Ring of the Snake","REME_ComplimentaryCards","REME_PuzzleBoxRelic","Golden Idol","Anchor"],"acts_visited":["Exordium"],"potions_floor_usage":[18],"damage_taken":[{"damage":12.0,"enemies":"Small Slimes","floor":1.0,"turns":4.0},{"damage":4.0,"enemies":"Jaw Worm","floor":4.0,"turns":4.0},{"damage":3.0,"enemies":"Cultist","floor":5.0,"turns":4.0},{"damage":8.0,"enemies":"Blue Slaver","floor":10.0,"turns":4.0},{"damage":2.0,"enemies":"2 Fungi Beasts","floor":13.0,"turns":3.0},{"damage":24.0,"enemies":"Gremlin Nob","floor":15.0,"turns":4.0},{"damage":0.0,"enemies":"3 Louse","floor":16.0,"turns":3.0},{"damage":46,"enemies":"Slime Boss","floor":18,"turns":8}],"seed_played":"2622086373078411413","potions_obtained":[{"floor":4.0,"key":"Swift Potion"},{"floor":10.0,"key":"Weak Potion"},{"floor":16.0,"key":"FairyPotion"}],"is_trial":false,"path_per_floor":["M","?","?","M","M","R","?","PTL","PTL","M","T","?","M","R","E","M","R","B"],"character_chosen":"THE_SILENT","items_purchased":[],"campfire_rested":1,"item_purchase_floors":[],"current_hp_per_floor":[47,47,66,62,59,59,59,59,59,51,51,28,26,26,2,2,21,0,0],"gold":185,"neow_bonus":"REMOVE_TWO","is_daily":false,"chose_seed":false,"campfire_upgraded":2,"win_rate":0.0,"timestamp":1610292511,"path_taken":["M","?","?","?","M","R","?","PTL","PTL","M","T","?","M","R","E","M","R","BOSS"],"items_purchased_type":[],"build_version":"2020-12-22","purchased_purges":0,"victory":false,"max_hp_per_floor":[66,66,66,66,66,66,66,66,66,66,66,66,66,66,66,66,66,66,66],"card_choices":[{"not_picked":["ReplayTheSpireMod:Shiv Toss","Poisoned Stab"],"picked":"PiercingWail","floor":1.0},{"not_picked":["ReplayTheSpireMod:Tripwire","Poisoned Stab"],"picked":"Infinite Blades","floor":4.0},{"not_picked":["Hidden Blade","Quick Slash"],"picked":"Caltrops","floor":5.0},{"not_picked":["Backflip","Caltrops"],"picked":"Noxious Fumes","floor":10.0},{"not_picked":["Dodge and Roll","Deadly Poison","Hidden Blade"],"picked":"SKIP","floor":13.0},{"not_picked":["Sucker Punch","Bane","Catalyst"],"picked":"SKIP","floor":15.0},{"not_picked":["Poisoned Stab","Bouncing Flask"],"picked":"Wraith Form v2","floor":16.0}],"player_experience":617953,"relics_obtained":[{"floor":11.0,"key":"REME_PuzzleBoxRelic"},{"floor":15.0,"key":"Anchor"}],"event_choices":[{"damage_healed":0.0,"max_hp_gain":0.0,"max_hp_loss":0.0,"gold_gain":0.0,"cards_transformed":["Strike_G"],"event_name":"Living Wall","player_choice":"Change","floor":2.0,"gold_loss":0.0,"damage_taken":0.0,"cards_obtained":["Crippling Poison"]},{"damage_healed":19.0,"max_hp_gain":0.0,"max_hp_loss":0.0,"gold_gain":0.0,"event_name":"Wheel of Change","player_choice":"Full Heal","floor":3.0,"gold_loss":0.0,"damage_taken":0.0},{"damage_healed":0.0,"max_hp_gain":0.0,"max_hp_loss":0.0,"gold_gain":0.0,"event_name":"Golden Idol","player_choice":"Take Damage","floor":12.0,"gold_loss":0.0,"damage_taken":23.0,"relics_obtained":["Golden Idol"]}],"is_beta":false,"boss_relics":[],"items_purged_floors":[],"is_endless":false,"potions_floor_spawned":[4,10,16],"killed_by":"Slime Boss","ascension_level":19}}