{"host":"yvlk1m4foro8gl4v","time":1610282918,"event":{"mods":["AchievementEnabler","Act Like it!","BaseMod","Minty Spire (QoL Compilation)","Relic Stats","StSLib","The Servant 0.9.4","Uncapped"],"gold_per_floor":[114,127,146,321,337,337,367,378,433,433,433,462,462,480,480,578,578,596,596,511,436,453,487,32,32,32,32,42,55,154,166,166,269,269,280,280,21,21,0,0,13,13,13],"floor_reached":42,"playtime":2245,"items_purged":["Doubt","Strike_P"],"score":469,"play_id":"a586fdf0-1358-4a9b-a607-0a142645d9f9","local_time":"20210110124838","is_ascension_mode":true,"campfire_choices":[{"floor":6,"key":"REST"},{"floor":10,"key":"REST"},{"floor":13,"key":"REST"},{"floor":15,"key":"REST"},{"floor":25,"key":"REST"},{"floor":27,"key":"REST"},{"floor":32,"key":"REST"},{"floor":40,"key":"REST"}],"circlet_count":0,"master_deck":["Strike_P","Strike_P","Strike_P","Defend_P","Defend_P","Defend_P","Defend_P","Eruption","Vigilance","PathToVictory+1","ThirdEye","ClearTheMind","SandsOfTime","PathToVictory","EmptyBody","Scrawl","BattleHymn+1","Devotion","PathToVictory+1","Fasting2","Meditate","Madness","Madness"],"relics":["Fusion Hammer","Anchor","Strawberry","Shuriken","Busted Crown","Bronze Scales","Yang","Orrery","Turnip","FossilizedHelix","Black Star","Red Mask"],"acts_visited":["Exordium","TheCity","TheBeyond"],"potions_floor_usage":[5,23,33,33,42],"damage_taken":[{"damage":0,"enemies":"Cultist","floor":1,"turns":3},{"damage":2,"enemies":"2 Louse","floor":2,"turns":3},{"damage":0,"enemies":"Small Slimes","floor":3,"turns":3},{"damage":35,"enemies":"Gremlin Gang","floor":5,"turns":7},{"damage":33,"enemies":"Lagavulin","floor":7,"turns":9},{"damage":0,"enemies":"Blue Slaver","floor":8,"turns":3},{"damage":19,"enemies":"Gremlin Nob","floor":12,"turns":4},{"damage":2,"enemies":"Exordium Wildlife","floor":14,"turns":3},{"damage":34,"enemies":"Hexaghost","floor":16,"turns":9},{"damage":2,"enemies":"3 Byrds","floor":18,"turns":5},{"damage":38,"enemies":"2 Thieves","floor":22,"turns":3},{"damage":38,"enemies":"Slavers","floor":23,"turns":5},{"damage":2,"enemies":"Snake Plant","floor":28,"turns":3},{"damage":0,"enemies":"Centurion and Healer","floor":29,"turns":4},{"damage":8,"enemies":"3 Cultists","floor":31,"turns":5},{"damage":46,"enemies":"Automaton","floor":33,"turns":8},{"damage":25,"enemies":"3 Shapes","floor":35,"turns":5},{"damage":12,"enemies":"3 Darklings","floor":41,"turns":4},{"damage":56,"enemies":"Reptomancer","floor":42,"turns":3}],"seed_played":"-5119711469714629989","potions_obtained":[{"floor":2,"key":"SpeedPotion"},{"floor":3,"key":"BottledMiracle"},{"floor":16,"key":"FearPotion"},{"floor":23,"key":"EssenceOfSteel"},{"floor":29,"key":"BottledMiracle"},{"floor":41,"key":"FearPotion"}],"is_trial":false,"path_per_floor":["M","M","M","?","M","R","E","M","T","R","?","E","R","M","R","B",null,"M","?","?","$","M","E","$","R","T","R","M","M","?","M","R","B",null,"M","?","$","?","?","R","M","E"],"character_chosen":"WATCHER","items_purchased":["Orrery","Turnip","Fasting2","Meditate"],"campfire_rested":8,"item_purchase_floors":[24,24,37,37],"current_hp_per_floor":[72,70,70,70,35,56,23,23,30,53,53,34,57,55,78,44,79,77,77,77,77,39,1,1,24,24,47,45,45,45,37,60,14,79,54,54,54,44,44,67,55,0,0],"gold":13,"neow_bonus":"BOSS_RELIC","is_daily":false,"chose_seed":false,"campfire_upgraded":0,"win_rate":0.0,"timestamp":1610282918,"path_taken":["M","M","?","?","M","R","E","M","T","R","?","E","R","?","R","BOSS","M","?","?","$","M","E","$","R","T","R","M","M","?","M","R","BOSS","M","?","$","?","?","R","M","E"],"items_purchased_type":["Relic","Relic","Card","Card"],"build_version":"2020-12-22","purchased_purges":2,"victory":false,"max_hp_per_floor":[72,72,72,72,72,72,72,72,79,79,79,79,79,79,79,79,79,79,79,79,79,79,79,79,79,79,79,79,79,79,79,79,79,79,79,79,79,79,79,79,79,79,79],"relic_stats":{"Busted Crown":30,"counters":[19,89],"Shuriken":[12],"Bronze Scales":[135],"Yang":[49],"Turnip":[4],"Black Star":0,"obtain_stats":[{"Yang":23,"Anchor":7,"Busted Crown":17,"Shuriken":12,"Strawberry":9,"Bronze Scales":20,"Orrery":24,"Fusion Hammer":0,"Turnip":24,"Black Star":34,"Red Mask":39,"PureWater":0,"FossilizedHelix":26},{"Yang":12,"Anchor":5,"Busted Crown":9,"Shuriken":7,"Strawberry":6,"Bronze Scales":10,"Orrery":12,"Fusion Hammer":0,"Turnip":12,"Black Star":16,"Red Mask":17,"PureWater":0,"FossilizedHelix":12},{"Yang":57,"Anchor":25,"Busted Crown":44,"Shuriken":32,"Strawberry":28,"Bronze Scales":49,"Orrery":57,"Fusion Hammer":0,"Turnip":57,"Black Star":77,"Red Mask":82,"PureWater":0,"FossilizedHelix":57}]},"card_choices":[{"not_picked":["LikeWater","Collect"],"picked":"PathToVictory","floor":1},{"not_picked":["Crescendo","FlurryOfBlows"],"picked":"ThirdEye","floor":2},{"not_picked":["Adaptation","Evaluate"],"picked":"ClearTheMind","floor":3},{"not_picked":["Adaptation","JustLucky"],"picked":"SandsOfTime","floor":5},{"not_picked":["EmptyBody","JustLucky"],"picked":"PathToVictory","floor":7},{"not_picked":["Consecrate","SashWhip"],"picked":"EmptyBody","floor":8},{"not_picked":["Adaptation","Collect","MentalFortress"],"picked":"SKIP","floor":12},{"not_picked":["ClearTheMind","Adaptation","FollowUp"],"picked":"SKIP","floor":14},{"not_picked":["ConjureBlade","Establishment"],"picked":"Scrawl","floor":16},{"not_picked":[],"picked":"BattleHymn+1","floor":18},{"not_picked":["Adaptation"],"picked":"SKIP","floor":22},{"not_picked":[],"picked":"Devotion","floor":23},{"not_picked":[],"picked":"PathToVictory+1","floor":24},{"not_picked":["EmptyBody"],"picked":"SKIP","floor":28},{"not_picked":["JustLucky"],"picked":"SKIP","floor":29},{"not_picked":["Prostrate+1"],"picked":"SKIP","floor":31},{"not_picked":["Study"],"picked":"SKIP","floor":35},{"not_picked":["Halt+1"],"picked":"SKIP","floor":41}],"player_experience":733758,"relics_obtained":[{"floor":7,"key":"Anchor"},{"floor":9,"key":"Strawberry"},{"floor":12,"key":"Shuriken"},{"floor":23,"key":"Yang"},{"floor":26,"key":"FossilizedHelix"}],"event_choices":[{"damage_healed":0,"gold_gain":175,"player_choice":"AGREE","damage_taken":0,"max_hp_gain":0,"max_hp_loss":0,"event_name":"Liars Game","floor":4,"gold_loss":0,"cards_obtained":["Doubt"]},{"damage_healed":0,"gold_gain":0,"player_choice":"Forge","damage_taken":0,"max_hp_gain":0,"max_hp_loss":0,"event_name":"Accursed Blacksmith","floor":11,"gold_loss":0,"cards_upgraded":["PathToVictory"]},{"damage_healed":0,"gold_gain":0,"player_choice":"Ignored","damage_taken":0,"max_hp_gain":0,"max_hp_loss":0,"event_name":"Ghosts","floor":19,"gold_loss":0},{"damage_healed":0,"gold_gain":0,"player_choice":"Obtained Relic","damage_taken":0,"relics_obtained":["Bronze Scales"],"max_hp_gain":0,"max_hp_loss":0,"event_name":"Addict","floor":20,"gold_loss":85},{"damage_healed":0,"gold_gain":99,"player_choice":"Stole From Cult","damage_taken":0,"max_hp_gain":0,"max_hp_loss":0,"event_name":"Nest","floor":30,"gold_loss":0},{"damage_healed":0,"gold_gain":0,"player_choice":"Memory 1","damage_taken":0,"max_hp_gain":0,"max_hp_loss":0,"event_name":"SensoryStone","floor":36,"gold_loss":0},{"damage_healed":0,"gold_gain":0,"player_choice":"Embrace Madness","damage_taken":10,"max_hp_gain":0,"max_hp_loss":0,"event_name":"Winding Halls","floor":38,"gold_loss":0,"cards_obtained":["Madness","Madness"]},{"damage_healed":0,"gold_gain":0,"player_choice":"Paid","damage_taken":0,"relics_obtained":["Red Mask"],"max_hp_gain":0,"max_hp_loss":0,"event_name":"Tomb of Lord Red Mask","floor":39,"gold_loss":21}],"is_beta":false,"boss_relics":[{"not_picked":["Runic Dome","Snecko Eye"],"picked":"Busted Crown"},{"not_picked":["Philosopher\u0027s Stone","Velvet Choker"],"picked":"Black Star"}],"items_purged_floors":[21,37],"is_endless":false,"potions_floor_spawned":[2,3,16,23,29,31,41],"killed_by":"Reptomancer","ascension_level":2}}