{"host":"Jedit","time":1610307752,"event":{"mods":["BaseMod","Minty Spire (QoL Compilation)","Relic Stats","StSLib"],"gold_per_floor":[114,125,142,160,160,160,217,250,327,327,347,317,347,359,359,359,359],"floor_reached":16,"playtime":585,"items_purged":[],"score":220,"play_id":"ff5bc0c7-d809-41d7-91db-b983b0e0c8a1","local_time":"20210110194232","is_ascension_mode":true,"campfire_choices":[{"data":"Cleave","floor":6.0,"key":"SMITH"},{"data":"Sword Boomerang","floor":10.0,"key":"SMITH"},{"data":"Bash","floor":15,"key":"SMITH"}],"circlet_count":0,"master_deck":["AscendersBane","Strike_R","Strike_R","Strike_R","Strike_R","Strike_R","Defend_R","Defend_R","Defend_R","Defend_R","Bash+1","Evolve","Sever Soul","Sword Boomerang+1","Cleave+1","Feel No Pain","Shrug It Off+1","Seeing Red+1","Double Tap+1"],"relics":["Burning Blood","Dream Catcher","Ice Cream","Toxic Egg 2","Odd Mushroom","MealTicket"],"acts_visited":["Exordium"],"potions_floor_usage":[16],"damage_taken":[{"damage":9.0,"enemies":"Jaw Worm","floor":1.0,"turns":4.0},{"damage":7.0,"enemies":"Small Slimes","floor":2.0,"turns":5.0},{"damage":12.0,"enemies":"Cultist","floor":3.0,"turns":4.0},{"damage":30.0,"enemies":"Red Slaver","floor":4.0,"turns":5.0},{"damage":15.0,"enemies":"3 Sentries","floor":8.0,"turns":4.0},{"damage":12.0,"enemies":"The Mushroom Lair","floor":11.0,"turns":3.0},{"damage":22.0,"enemies":"Gremlin Nob","floor":13.0,"turns":5.0},{"damage":7,"enemies":"Looter","floor":14,"turns":3},{"damage":85,"enemies":"The Guardian","floor":16,"turns":13}],"seed_played":"-8244721312520901667","potions_obtained":[{"floor":2.0,"key":"Strength Potion"},{"floor":3.0,"key":"DuplicationPotion"},{"floor":11.0,"key":"Block Potion"},{"floor":12.0,"key":"FairyPotion"},{"floor":13.0,"key":"SpeedPotion"}],"is_trial":false,"path_per_floor":["M","M","M","M","?","R","?","E","T","R","?","?","E","M","R","B"],"character_chosen":"IRONCLAD","items_purchased":[],"campfire_rested":0,"item_purchase_floors":[],"current_hp_per_floor":[65,64,58,34,59,59,59,50,50,50,44,44,28,27,27,0,0],"gold":359,"neow_bonus":"RANDOM_COMMON_RELIC","is_daily":false,"chose_seed":false,"campfire_upgraded":3,"win_rate":0.0,"timestamp":1610307752,"path_taken":["M","M","M","M","?","R","?","E","T","R","?","?","E","M","R","BOSS"],"items_purchased_type":[],"build_version":"2020-12-18","purchased_purges":0,"victory":false,"max_hp_per_floor":[75,75,75,75,75,75,75,75,75,75,75,75,75,75,75,75,75],"relic_stats":{"Dream Catcher":0,"counters":[9,46],"MealTicket":0,"obtain_stats":[{"Ice Cream":8,"Dream Catcher":0,"MealTicket":13,"Toxic Egg 2":9,"Odd Mushroom":11,"Burning Blood":0},{"Ice Cream":5,"Dream Catcher":0,"MealTicket":7,"Toxic Egg 2":5,"Odd Mushroom":6,"Burning Blood":0},{"Ice Cream":22,"Dream Catcher":0,"MealTicket":30,"Toxic Egg 2":22,"Odd Mushroom":25,"Burning Blood":0}],"Burning Blood":48},"card_choices":[{"not_picked":["True Grit","Shrug It Off"],"picked":"Evolve","floor":1.0},{"not_picked":["Shrug It Off","Flex"],"picked":"Sever Soul","floor":2.0},{"not_picked":["Second Wind","Rupture"],"picked":"Sword Boomerang","floor":3.0},{"not_picked":["Searing Blow","Body Slam"],"picked":"Cleave","floor":4.0},{"not_picked":["Pommel Strike","Wild Strike"],"picked":"Feel No Pain","floor":8.0},{"not_picked":["Clothesline","Wild Strike"],"picked":"Shrug It Off+1","floor":11.0},{"not_picked":["Reckless Charge","Anger"],"picked":"Seeing Red+1","floor":13.0},{"not_picked":["Shrug It Off+1","Pummel"],"picked":"Double Tap+1","floor":14}],"player_experience":3448883,"relics_obtained":[{"floor":8.0,"key":"Ice Cream"},{"floor":9.0,"key":"Toxic Egg 2"},{"floor":11.0,"key":"Odd Mushroom"},{"floor":13.0,"key":"MealTicket"}],"event_choices":[{"damage_healed":25.0,"max_hp_gain":0.0,"max_hp_loss":0.0,"gold_gain":0.0,"event_name":"Big Fish","player_choice":"Banana","floor":5.0,"gold_loss":0.0,"damage_taken":0.0},{"damage_healed":0.0,"max_hp_gain":0.0,"max_hp_loss":0.0,"gold_gain":57.0,"event_name":"Golden Wing","player_choice":"Gained Gold","floor":7.0,"gold_loss":0.0,"damage_taken":0.0},{"damage_healed":0.0,"max_hp_gain":0.0,"max_hp_loss":0.0,"gold_gain":0.0,"event_name":"Mushrooms","player_choice":"Fought Mushrooms","floor":11.0,"gold_loss":0.0,"damage_taken":0.0},{"damage_healed":0.0,"max_hp_gain":0.0,"max_hp_loss":0.0,"gold_gain":0.0,"event_name":"The Woman in Blue","player_choice":"Bought 2 Potions","floor":12.0,"gold_loss":0.0,"damage_taken":0.0}],"is_beta":true,"boss_relics":[],"items_purged_floors":[],"is_endless":false,"potions_floor_spawned":[2,3,11,13],"killed_by":"The Guardian","ascension_level":20}}