{"host":"jyuuog6ydc2s7nd8","time":1610262611,"event":{"mods":["BaseMod","Better Vampires","Minty Spire (QoL Compilation)","Shop Mod","StSLib","The Hierophant","The Servant 0.9.4","TheBandit","[IsaacMod]ÒÔÈö¼âËþ"],"gold_per_floor":[14,14,14,14,33,33,72,72,96,96,96,21,21,62,62,133,133,149,149,149,74,93,93,112,112,112,125,153,173,173,173],"floor_reached":30,"playtime":687,"items_purged":["Strike_R","Defend_R"],"score":708,"play_id":"92d10576-8ec4-4d2d-b6c8-9a94941937bd","local_time":"20210110151011","is_ascension_mode":true,"campfire_choices":[{"data":"Bash","floor":6.0,"key":"SMITH"},{"data":"Strike_R","floor":8.0,"key":"PURGE"},{"data":"Strike_R","floor":10.0,"key":"PURGE"},{"data":"Body Slam","floor":15.0,"key":"SMITH"},{"data":"Pommel Strike","floor":23.0,"key":"SMITH"},{"data":"True Grit","floor":25.0,"key":"SMITH"}],"circlet_count":0,"master_deck":["AscendersBane","Defend_R+1","Defend_R","Bash+1","Offering","Body Slam+1","Pommel Strike+1","True Grit+1","Second Wind"],"relics":["HushsDoor","D4","Burning Blood","GuppysTail","DeathBook","Shuriken","Red Skull","MegaBlast","Empty Cage","GuppysCollar","Art of War","Red Skull"],"acts_visited":["Exordium","TheCity"],"potions_floor_usage":[30],"damage_taken":[{"damage":7.0,"enemies":"Jaw Worm","floor":1.0,"turns":3.0},{"damage":4.0,"enemies":"2 Louse","floor":5.0,"turns":4.0},{"damage":0.0,"enemies":"Gremlin Nob","floor":7.0,"turns":2.0},{"damage":12.0,"enemies":"Lagavulin","floor":14.0,"turns":3.0},{"damage":6.0,"enemies":"The Guardian","floor":16.0,"turns":2.0},{"damage":0.0,"enemies":"3 Byrds","floor":18.0,"turns":1.0},{"damage":18.0,"enemies":"2 Thieves","floor":22.0,"turns":3.0},{"damage":7.0,"enemies":"Centurion and Healer","floor":24.0,"turns":4.0},{"damage":22.0,"enemies":"Snake Plant","floor":27.0,"turns":3.0},{"damage":15.0,"enemies":"Gremlin Leader","floor":28.0,"turns":3.0},{"damage":19.0,"enemies":"Shelled Parasite and Fungi","floor":29.0,"turns":3.0},{"damage":29,"enemies":"Book of Stabbing","floor":30,"turns":3}],"seed_played":"-8150231548162278774","potions_obtained":[{"floor":1.0,"key":"Explosive Potion"},{"floor":5.0,"key":"Swift Potion"},{"floor":16.0,"key":"LiquidBronze"},{"floor":24.0,"key":"Fruit Juice"},{"floor":28.0,"key":"CultistPotion"}],"is_trial":false,"path_per_floor":["M","?","?","?","M","R","E","R","T","R","?","$","?","E","R","B",null,"M","?","?","?","M","R","M","R","T","M","E","M","E"],"character_chosen":"IRONCLAD","items_purchased":["GuppysCollar"],"campfire_rested":0,"item_purchase_floors":[17],"current_hp_per_floor":[67,41,41,41,43,43,49,49,49,49,49,49,26,20,20,20,48,54,54,54,54,42,42,41,46,46,30,21,8,0,0],"gold":173,"neow_bonus":"ONE_RARE_RELIC","is_daily":false,"chose_seed":false,"campfire_upgraded":4,"win_rate":0.0,"timestamp":1610262611,"path_taken":["M","?","?","?","?","R","E","R","T","R","?","$","?","E","R","BOSS","M","?","?","?","M","R","M","R","T","?","E","M","E"],"items_purchased_type":["Relic"],"build_version":"2020-12-22","purchased_purges":2,"victory":false,"max_hp_per_floor":[75,75,75,75,75,75,75,75,75,75,75,75,75,75,75,75,57,57,57,57,57,57,57,57,62,62,62,62,62,62,62],"card_choices":[{"not_picked":["Spot Weakness","Iron Wave"],"picked":"Bomb","floor":1.0},{"not_picked":["Reckless Charge","Infernal Blade"],"picked":"Bomb","floor":5.0},{"not_picked":["Flex","Thunderclap"],"picked":"Offering","floor":7.0},{"not_picked":["Flex","Sentinel"],"picked":"Body Slam","floor":14.0},{"not_picked":["Metallicize","Havoc"],"picked":"Pommel Strike","floor":18.0},{"not_picked":["Uppercut","Dual Wield","Rupture"],"picked":"SKIP","floor":22.0},{"not_picked":["Rampage","Wild Strike"],"picked":"True Grit","floor":24.0},{"not_picked":["Headbutt","Pommel Strike","Twin Strike"],"picked":"SKIP","floor":27.0},{"not_picked":["Dual Wield","Disarm"],"picked":"Second Wind","floor":28.0},{"not_picked":["Warcry","Pommel Strike","Dark Embrace"],"picked":"SKIP","floor":29.0}],"player_experience":1809120,"relics_obtained":[{"floor":7.0,"key":"HornCleat"},{"floor":9.0,"key":"Akabeko"},{"floor":14.0,"key":"DeadEye"},{"floor":28.0,"key":"Art of War"}],"event_choices":[{"damage_healed":0.0,"max_hp_gain":0.0,"max_hp_loss":0.0,"gold_gain":0.0,"event_name":"Golden Idol","player_choice":"Take Damage","floor":2.0,"gold_loss":0.0,"damage_taken":26.0,"relics_obtained":["Golden Idol"]},{"damage_healed":0.0,"max_hp_gain":0.0,"max_hp_loss":0.0,"gold_gain":0.0,"event_name":"WeMeetAgain","player_choice":"Gave Potion","floor":3.0,"gold_loss":0.0,"damage_taken":0.0,"relics_obtained":["Peace Pipe"]},{"damage_healed":0.0,"max_hp_gain":0.0,"max_hp_loss":0.0,"gold_gain":0.0,"event_name":"Match and Keep!","player_choice":"0 cards matched","floor":4.0,"gold_loss":0.0,"damage_taken":0.0,"cards_obtained":[]},{"damage_healed":0.0,"max_hp_gain":0.0,"max_hp_loss":0.0,"gold_gain":0.0,"event_name":"Liars Game","player_choice":"Ignored","floor":11.0,"gold_loss":0.0,"damage_taken":0.0},{"damage_healed":0.0,"max_hp_gain":0.0,"max_hp_loss":0.0,"gold_gain":0.0,"event_name":"Shining Light","player_choice":"Entered Light","floor":13.0,"gold_loss":0.0,"damage_taken":23.0,"cards_upgraded":["Defend_R","Strike_R"]},{"damage_healed":0.0,"max_hp_gain":0.0,"max_hp_loss":0.0,"gold_gain":0.0,"event_name":"The Mausoleum","player_choice":"Ignored","floor":19.0,"gold_loss":0.0,"damage_taken":0.0},{"damage_healed":0.0,"max_hp_gain":0.0,"max_hp_loss":0.0,"gold_gain":0.0,"event_name":"Vampires","player_choice":"Ignored","floor":20.0,"gold_loss":0.0,"damage_taken":0.0},{"cards_removed":["Strike_R"],"damage_healed":0.0,"max_hp_gain":0.0,"max_hp_loss":0.0,"gold_gain":0.0,"event_name":"Beggar","player_choice":"Gave Gold","floor":21.0,"gold_loss":75.0,"damage_taken":0.0}],"is_beta":false,"boss_relics":[{"not_picked":["Black Star","MagicMushroom"],"picked":"Empty Cage"},{"not_picked":[]}],"items_purged_floors":[12,17],"is_endless":false,"potions_floor_spawned":[1,5,16,24,28],"killed_by":"Book of Stabbing","ascension_level":20}}