{"host":"asr1p6fhnuo0l7xu","time":1610317673,"event":{"mods":["BaseMod","Downfall","Minty Spire (QoL Compilation)","StSLib","The Cursed"],"gold_per_floor":[118,128,11,0,0,34,34,34,34,34,50,64,104,128,128,249,249,273,287,79,103,32,32,56,97,123,123,123],"floor_reached":27,"playtime":2345,"items_purged":["Bash"],"score":318,"play_id":"70ab40cb-70d3-4ba5-a37b-dc8aa77f3f02","local_time":"20210110172753","is_ascension_mode":false,"campfire_choices":[{"data":"Armaments","floor":7,"key":"SMITH"},{"data":"Perfected Strike","floor":10,"key":"SMITH"},{"floor":15,"key":"REST"},{"floor":23,"key":"REST"}],"circlet_count":0,"master_deck":["Strike_R","Strike_R","Strike_R","Strike_R","Strike_R","Defend_R","Defend_R","Defend_R","Defend_R","Twin Strike","Entrench","Armaments+1","Injury","Perfected Strike+1","Bash","Battle Trance","Fire Breathing","Power Through","Iron Wave","Feed","Iron Wave","Pommel Strike+1","Metallicize","Body Slam","Flame Barrier","Reckless Charge","Cleave+1"],"relics":["Burning Blood","NeowsBlessing","Golden Idol","Eternal Feather","Gambling Chip","Bottled Flame","Philosopher\u0027s Stone","Nunchaku","Bag of Preparation"],"acts_visited":["Exordium","TheCity"],"potions_floor_usage":[16,16,18,25,25,27],"damage_taken":[{"damage":0,"enemies":"2 Louse","floor":1,"turns":1},{"damage":0,"enemies":"Cultist","floor":2,"turns":1},{"damage":0,"enemies":"Gremlin Nob","floor":6,"turns":1},{"damage":14,"enemies":"Jaw Worm","floor":11,"turns":4},{"damage":2,"enemies":"2 Fungi Beasts","floor":12,"turns":4},{"damage":23,"enemies":"Lagavulin","floor":13,"turns":5},{"damage":9,"enemies":"Exordium Thugs","floor":14,"turns":5},{"damage":0,"enemies":"Slime Boss","floor":16,"turns":7},{"damage":30,"enemies":"2 Thieves","floor":18,"turns":5},{"damage":39,"enemies":"3 Byrds","floor":19,"turns":7},{"damage":8,"enemies":"3 Cultists","floor":21,"turns":6},{"damage":19,"enemies":"Snake Plant","floor":24,"turns":4},{"damage":54,"enemies":"Gremlin Leader","floor":25,"turns":6},{"damage":11,"enemies":"Centurion and Healer","floor":27,"turns":2}],"seed_played":"-5739203235199439763","potions_obtained":[{"floor":2,"key":"PowerPotion"},{"floor":6,"key":"FearPotion"},{"floor":11,"key":"Strength Potion"},{"floor":24,"key":"PowerPotion"},{"floor":25,"key":"FearPotion"}],"is_trial":false,"path_per_floor":["M","M","$","?","?","E","R","?","T","R","M","M","E","M","R","B",null,"M","M","$","M","$","R","M","E","T","M"],"character_chosen":"IRONCLAD","items_purchased":["Armaments","DistilledChaos","Metallicize","Block Potion","Flame Barrier"],"campfire_rested":2,"item_purchase_floors":[3,3,20,20,22],"current_hp_per_floor":[80,80,80,80,80,80,80,80,80,80,72,76,59,56,80,80,80,59,29,29,27,27,67,57,9,9,0,0],"gold":123,"neow_bonus":"THREE_ENEMY_KILL","is_daily":false,"chose_seed":false,"campfire_upgraded":2,"win_rate":0.0,"timestamp":1610317673,"path_taken":["M","M","$","?","?","E","R","?","T","R","M","M","E","M","R","BOSS","M","M","$","M","$","R","?","E","T","M"],"items_purchased_type":["Card","Potion","Card","Potion","Card"],"build_version":"2020-12-22","purchased_purges":1,"victory":false,"max_hp_per_floor":[80,80,80,80,80,80,80,80,80,80,80,80,80,80,80,80,80,83,86,86,86,86,86,89,89,89,89,89],"card_choices":[{"not_picked":["Whirlwind","Shrug It Off"],"picked":"Twin Strike","floor":1},{"not_picked":["Cleave","Dark Embrace"],"picked":"Entrench","floor":2},{"not_picked":["Thunderclap","Hemokinesis"],"picked":"Perfected Strike","floor":6},{"not_picked":["True Grit","Thunderclap"],"picked":"Fire Breathing","floor":11},{"not_picked":["Rupture","Sever Soul","Heavy Blade"],"picked":"SKIP","floor":12},{"not_picked":["Rupture","Flex"],"picked":"Power Through","floor":13},{"not_picked":["Second Wind","Flex"],"picked":"Iron Wave","floor":14},{"not_picked":["Impervious","Barricade"],"picked":"Feed","floor":16},{"not_picked":["True Grit","Disarm"],"picked":"Iron Wave","floor":18},{"not_picked":["Clash","Anger"],"picked":"Pommel Strike+1","floor":19},{"not_picked":["Cleave","Shrug It Off"],"picked":"Body Slam","floor":21},{"not_picked":["Flex","Sword Boomerang"],"picked":"Reckless Charge","floor":24},{"not_picked":["Infernal Blade","Combust"],"picked":"Cleave+1","floor":25}],"player_experience":36957,"relics_obtained":[{"floor":6,"key":"Eternal Feather"},{"floor":9,"key":"Gambling Chip"},{"floor":13,"key":"Bottled Flame"},{"floor":25,"key":"Nunchaku"},{"floor":26,"key":"Bag of Preparation"}],"event_choices":[{"damage_healed":0,"gold_gain":0,"player_choice":"Left Gold","damage_taken":0,"max_hp_gain":0,"max_hp_loss":0,"event_name":"World of Goop","floor":4,"gold_loss":11},{"damage_healed":0,"gold_gain":0,"player_choice":"Take Wound","damage_taken":0,"relics_obtained":["Golden Idol"],"max_hp_gain":0,"max_hp_loss":0,"event_name":"Golden Idol","floor":5,"gold_loss":0,"cards_obtained":["Injury"]},{"damage_healed":0,"gold_gain":0,"player_choice":"2 cards matched","damage_taken":0,"max_hp_gain":0,"max_hp_loss":0,"event_name":"Match and Keep!","floor":8,"gold_loss":0,"cards_obtained":["Bash","Battle Trance"]}],"is_beta":false,"boss_relics":[{"not_picked":["Astrolabe","Fusion Hammer"],"picked":"Philosopher\u0027s Stone"}],"items_purged_floors":[20],"is_endless":false,"potions_floor_spawned":[2,6,11,12,14,24,25],"killed_by":"Centurion and Healer","ascension_level":0}}