{"host":"sx74perrby2168l1","time":1610281305,"event":{"mods":["AchievementEnabler","Act Like it!","BaseMod","Better Third Choice","BetterRewards","Card Forge","Colored Powertips","Conspire","Energized Spire","Friendly Minions","Highlight Path","Hubris","Infinite Spire","Minty Spire (QoL Compilation)","Quick Restart","Replay The Spire","SIMod","Shop Mod","Spicy Shops","StSLib","SuperFastMode"],"gold_per_floor":[109,133,83,83,96,96,96,131,131,151,32,77,176,194,194,317,317,317,317],"floor_reached":18,"playtime":1350,"items_purged":[],"score":183,"play_id":"4e3f7c5f-2a1c-4b27-9d03-1e200e8571ad","local_time":"20210110122145","is_ascension_mode":false,"campfire_choices":[{"data":"ThunderCloud","floor":6,"key":"SMITH"},{"floor":15,"key":"REST"}],"circlet_count":0,"master_deck":["Strike_AJ","Strike_TS","Strike_RR","Strike_RD","Defend_TS","Defend_PP","Defend_FS","ConcertedEfforts","HarmonyShield","AllByMyself","ThunderCloud+1","Anxiousness","AppleFeast","Smile","HarmonyForm","LadiesDemeanor"],"relics":["The_element_of_harmony","Hammer of Thor","Seething Fire","Anvil of the Gods","Membership Card","infinitespire:Golems Mask","Mango","hubris:FunFungus","MerchantsRug","Vajra","Lee\u0027s Waffle","infinitespire:Midas Blood","hubris:CrystalStatue","Blue Doll","ReplayTheSpireMod:Shallot","conspire:BottledYoYo","Blood Vial","Replay:Grab Bag","energizedSpire:MagnifyingGlass","ReplayTheSpireMod:Onyx Gauntlets","Black Star"],"acts_visited":["Exordium","TheCity"],"potions_floor_usage":[16],"damage_taken":[{"damage":4,"enemies":"Cultist","floor":1,"turns":5},{"damage":6,"enemies":"Jaw Worm","floor":5,"turns":3},{"damage":8,"enemies":"3 Sentries","floor":8,"turns":6},{"damage":3,"enemies":"infinitespire:Voidling","floor":10,"turns":3},{"damage":17,"enemies":"conspire:MimicChest","floor":12,"turns":7},{"damage":15,"enemies":"Exordium Thugs","floor":14,"turns":4},{"damage":51,"enemies":"Hexaghost","floor":16,"turns":13},{"damage":0,"enemies":"Chosen","floor":18,"turns":3}],"seed_played":"8278547582395757515","potions_obtained":[{"floor":1,"key":"LifebloodPotion"},{"floor":8,"key":"Adrenaline Potion"}],"is_trial":false,"path_per_floor":["M","T","$","?","M","R","T","E","T","M","$","?","?","M","R","B",null,"M"],"character_chosen":"TWI_CLASS","items_purchased":["Membership Card","infinitespire:Golems Mask","AllByMyself","MerchantsRug","Lee\u0027s Waffle","ReplayTheSpireMod:Shallot"],"campfire_rested":1,"item_purchase_floors":[0,0,0,0,3,11],"current_hp_per_floor":[57,57,103,103,99,99,99,92,92,91,91,76,35,23,53,6,103,103,103],"gold":317,"neow_bonus":"","is_daily":false,"chose_seed":false,"campfire_upgraded":1,"win_rate":0.0,"timestamp":1610281305,"path_taken":["M","?","$","?","?","R","?","E","T","?","?","?","?","M","R","BOSS","M"],"items_purchased_type":["Relic","Relic","Card","Relic","Relic","Relic"],"build_version":"2020-12-22","purchased_purges":0,"victory":false,"max_hp_per_floor":[96,96,103,103,103,103,103,103,103,103,103,103,103,103,103,103,103,103,103],"card_choices":[{"not_picked":["DynamicVision"],"picked":"ThunderCloud","floor":1},{"not_picked":["Magic"],"picked":"Anxiousness","floor":1},{"not_picked":["Smile","Lasso"],"picked":"SKIP","floor":5},{"not_picked":["RashStunts","Louder"],"picked":"SKIP","floor":5},{"not_picked":["HideCarefully","AppleFever"],"picked":"SKIP","floor":8},{"not_picked":["CleanLibrary","Magic"],"picked":"SKIP","floor":8},{"not_picked":["Whining"],"picked":"AppleFeast","floor":10},{"not_picked":["HideCarefully","SwiftKick"],"picked":"SKIP","floor":10},{"not_picked":["Charge"],"picked":"Smile","floor":13},{"not_picked":["HideCarefully","GemstoneDetection"],"picked":"SKIP","floor":14},{"not_picked":["Perfectionism","Honesty"],"picked":"SKIP","floor":14},{"not_picked":["MessyAndOrderly"],"picked":"HarmonyForm","floor":16},{"not_picked":["InspirationRecovery"],"picked":"LadiesDemeanor","floor":16}],"player_experience":48947,"relics_obtained":[{"floor":2,"key":"Vajra"},{"floor":7,"key":"infinitespire:Midas Blood"},{"floor":8,"key":"hubris:CrystalStatue"},{"floor":9,"key":"Blue Doll"},{"floor":12,"key":"conspire:BottledYoYo"},{"floor":13,"key":"Blood Vial"}],"event_choices":[{"cards_removed":["Defend_AJ"],"damage_healed":0,"gold_gain":0,"player_choice":"Purged","damage_taken":0,"max_hp_gain":0,"max_hp_loss":0,"event_name":"Purifier","floor":4,"gold_loss":0}],"is_beta":false,"boss_relics":[{"not_picked":["hubris:Backtick","energizedSpire:SpiderWeb"],"picked":"Replay:Grab Bag"},{"not_picked":["hubris:RunicObelisk","energizedSpire:StickyHand"],"picked":"energizedSpire:MagnifyingGlass"},{"not_picked":["Velvet Choker","Painkiller Herb"],"picked":"ReplayTheSpireMod:Onyx Gauntlets"},{"not_picked":["Empty Cage","Astrolabe"],"picked":"Black Star"}],"items_purged_floors":[],"is_endless":false,"potions_floor_spawned":[1,8],"killed_by":"Chosen","ascension_level":0}}