{"host":"v4pe0ixo3k7iwzp0","time":1610272917,"event":{"mods":["Ascension Reborn","BaseMod","Bestiary","Highlight Path","Minty Spire (QoL Compilation)","StSLib","The Marked"],"gold_per_floor":[214,224,244,6,22,49,61,75,99,12,23,23,23,36,36,140,140,156,175,100,111,111,0,0,20,20,20,43,43,43,53,53,156,156,171,17,34,49,49,75,86,86,86,105,105,125,125,139,139,139],"floor_reached":51,"playtime":4524,"items_purged":["Strike_P"],"score":589,"play_id":"b20da842-cd5a-4b41-b540-fc7a64a8a7d3","local_time":"20210110020157","is_ascension_mode":true,"campfire_choices":[{"floor":13.0,"key":"REST"},{"floor":15.0,"key":"REST"},{"floor":24.0,"key":"REST"},{"floor":29.0,"key":"REST"},{"floor":32.0,"key":"REST"},{"data":"Eruption","floor":42.0,"key":"SMITH"},{"data":"Fasting2","floor":47.0,"key":"SMITH"},{"data":"ThirdEye","floor":49,"key":"SMITH"}],"circlet_count":0,"master_deck":["Strike_P","Strike_P","Strike_P","Defend_P","Defend_P","Defend_P","Defend_P","Eruption+1","Vigilance","BowlingBash","FlurryOfBlows","Fasting2+1","FlurryOfBlows","Sanctity","TalkToTheHand","TalkToTheHand","Halt","InnerPeace","CutThroughFate","ThirdEye+1","Tantrum","JustLucky","FearNoEvil","Halt","Protect","ClearTheMind+1","Bandage Up","Adaptation+1","LikeWater+1","Vengeance+1"],"relics":["PureWater","Lantern","Tiny Chest","Dream Catcher","Sozu","Frozen Egg 2","Mummified Hand","Nunchaku","Runic Pyramid","Bag of Marbles","PreservedInsect","Toy Ornithopter"],"acts_visited":["Exordium","TheCity","TheBeyond"],"potions_floor_usage":[],"damage_taken":[{"damage":0.0,"enemies":"2 Louse","floor":1.0,"turns":4.0},{"damage":1.0,"enemies":"Jaw Worm","floor":2.0,"turns":2.0},{"damage":0.0,"enemies":"Small Slimes","floor":3.0,"turns":2.0},{"damage":3.0,"enemies":"3 Louse","floor":5.0,"turns":4.0},{"damage":0.0,"enemies":"3 Sentries","floor":6.0,"turns":6.0},{"damage":16.0,"enemies":"Looter","floor":7.0,"turns":2.0},{"damage":5.0,"enemies":"Gremlin Gang","floor":8.0,"turns":5.0},{"damage":0.0,"enemies":"3 Louse","floor":11.0,"turns":2.0},{"damage":0.0,"enemies":"Large Slime","floor":14.0,"turns":5.0},{"damage":49.0,"enemies":"Hexaghost","floor":16.0,"turns":15.0},{"damage":11.0,"enemies":"2 Thieves","floor":18.0,"turns":4.0},{"damage":0.0,"enemies":"Spheric Guardian","floor":19.0,"turns":3.0},{"damage":36.0,"enemies":"Snake Plant","floor":21.0,"turns":4.0},{"damage":0.0,"enemies":"Centurion and Healer","floor":25.0,"turns":4.0},{"damage":0.0,"enemies":"3 Cultists","floor":31.0,"turns":4.0},{"damage":65.0,"enemies":"Automaton","floor":33.0,"turns":12.0},{"damage":1.0,"enemies":"3 Darklings","floor":35.0,"turns":4.0},{"damage":0.0,"enemies":"Orb Walker","floor":37.0,"turns":2.0},{"damage":7.0,"enemies":"Writhing Mass","floor":38.0,"turns":6.0},{"damage":0.0,"enemies":"Giant Head","floor":40.0,"turns":8.0},{"damage":0.0,"enemies":"Spire Growth","floor":41.0,"turns":4.0},{"damage":20.0,"enemies":"3 Darklings","floor":44.0,"turns":7.0},{"damage":1.0,"enemies":"Transient","floor":46.0,"turns":5.0},{"damage":2,"enemies":"Spire Growth","floor":48,"turns":5},{"damage":12,"enemies":"Awakened One","floor":50,"turns":13}],"seed_played":"8117316081531026632","potions_obtained":[{"floor":2.0,"key":"DuplicationPotion"},{"floor":3.0,"key":"Dexterity Potion"},{"floor":6.0,"key":"Swift Potion"},{"floor":14.0,"key":"DuplicationPotion"},{"floor":16.0,"key":"StancePotion"}],"is_trial":false,"path_per_floor":["M","M","M","$","M","E","M","M","T","$","M","$","R","M","R","B",null,"M","M","$","M","?","?","R","M","T","T","T","R","$","M","R","B",null,"M","$","M","M","?","E","M","R","T","M","?","M","R","M","R","B",null],"character_chosen":"WATCHER","items_purchased":["Fasting2","Lantern","Block Potion","TalkToTheHand","Halt","Bag of Marbles"],"campfire_rested":5,"item_purchase_floors":[4,4,4,10,10,36],"current_hp_per_floor":[72,71,71,71,68,68,52,47,47,47,47,47,68,68,72,23,72,61,61,61,25,12,12,35,35,35,35,35,58,58,58,77,12,77,76,76,76,69,69,73,77,77,77,61,87,87,87,87,87,79],"gold":139,"neow_bonus":"HUNDRED_GOLD","is_daily":false,"chose_seed":false,"campfire_upgraded":3,"win_rate":0.0,"timestamp":1610272917,"path_taken":["M","M","M","$","M","E","M","M","T","$","M","$","R","M","R","BOSS","M","M","$","M","?","?","R","M","T","?","?","R","$","M","R","BOSS","M","$","M","M","?","E","M","R","T","M","?","?","R","M","R","BOSS"],"items_purchased_type":["Card","Relic","Potion","Card","Card","Relic"],"build_version":"2020-12-22","purchased_purges":1,"victory":true,"max_hp_per_floor":[72,72,72,72,72,72,72,72,72,72,72,72,72,72,72,72,72,72,72,72,72,77,77,77,77,77,77,77,77,77,77,77,77,77,77,77,77,77,77,77,77,77,77,77,87,87,87,87,87,87],"card_choices":[{"not_picked":["EmptyFist","Evaluate"],"picked":"BowlingBash","floor":1.0},{"not_picked":["Perseverance","BowlingBash"],"picked":"FlurryOfBlows","floor":2.0},{"not_picked":["SashWhip","Worship","Study"],"picked":"SKIP","floor":3.0},{"not_picked":["Adaptation","Crescendo"],"picked":"FlurryOfBlows","floor":5.0},{"not_picked":["EmptyBody","Fasting2"],"picked":"Sanctity","floor":6.0},{"not_picked":["Protect","FollowUp","WaveOfTheHand"],"picked":"SKIP","floor":7.0},{"not_picked":["PathToVictory","Conclude"],"picked":"TalkToTheHand","floor":8.0},{"not_picked":["Prostrate","MasterReality","WindmillStrike"],"picked":"SKIP","floor":11.0},{"not_picked":["FollowUp","WaveOfTheHand"],"picked":"InnerPeace","floor":13.0},{"not_picked":["WreathOfFlame","TalkToTheHand"],"picked":"CutThroughFate","floor":14.0},{"not_picked":["PathToVictory","Weave"],"picked":"ThirdEye","floor":15.0},{"not_picked":["EmptyFist","Sanctity+1"],"picked":"Tantrum","floor":18.0},{"not_picked":["WreathOfFlame","Consecrate"],"picked":"JustLucky","floor":19.0},{"not_picked":["ThirdEye","Conclude"],"picked":"FearNoEvil","floor":21.0},{"not_picked":["CarveReality","PathToVictory"],"picked":"Halt","floor":24.0},{"not_picked":["InnerPeace","Crescendo+1","Swivel"],"picked":"SKIP","floor":25.0},{"not_picked":["BattleHymn+1","CrushJoints+1"],"picked":"Protect","floor":29.0},{"not_picked":["BowlingBash","CutThroughFate","Prostrate"],"picked":"SKIP","floor":31.0},{"not_picked":["Wish","SpiritShield"],"picked":"MasterReality+1","floor":33.0},{"not_picked":["JustLucky","TalkToTheHand"],"picked":"ClearTheMind+1","floor":35.0},{"not_picked":["ThirdEye","TalkToTheHand","SashWhip+1"],"picked":"SKIP","floor":37.0},{"not_picked":["ThirdEye+1","Conclude+1","SignatureMove+1"],"picked":"SKIP","floor":38.0},{"not_picked":["Mind Blast","Apotheosis"],"picked":"Bandage Up","floor":39.0},{"not_picked":["DeceiveReality+1","Sanctity+1","EmptyBody+1"],"picked":"SKIP","floor":40.0},{"not_picked":["EmptyFist","Evaluate"],"picked":"Adaptation+1","floor":41.0},{"not_picked":["FollowUp","FlyingSleeves","Swivel"],"picked":"SKIP","floor":44.0},{"not_picked":["Halt","FollowUp"],"picked":"LikeWater+1","floor":46.0},{"not_picked":["Weave+1","BowlingBash+1"],"picked":"Vengeance+1","floor":48}],"player_experience":111922,"relics_obtained":[{"floor":6.0,"key":"Tiny Chest"},{"floor":9.0,"key":"Dream Catcher"},{"floor":26.0,"key":"Frozen Egg 2"},{"floor":27.0,"key":"Mummified Hand"},{"floor":28.0,"key":"Nunchaku"},{"floor":40.0,"key":"PreservedInsect"},{"floor":43.0,"key":"Toy Ornithopter"}],"event_choices":[{"damage_healed":0.0,"max_hp_gain":5.0,"max_hp_loss":0.0,"gold_gain":0.0,"event_name":"Forgotten Altar","player_choice":"Shed Blood","floor":22.0,"gold_loss":0.0,"damage_taken":18.0},{"damage_healed":0.0,"max_hp_gain":0.0,"max_hp_loss":0.0,"gold_gain":0.0,"event_name":"Masked Bandits","player_choice":"Paid Fearfully","floor":23.0,"gold_loss":111.0,"damage_taken":0.0},{"damage_healed":0.0,"max_hp_gain":0.0,"max_hp_loss":0.0,"gold_gain":0.0,"event_name":"SensoryStone","player_choice":"Memory 1","floor":39.0,"gold_loss":0.0,"damage_taken":0.0},{"cards_removed":["MasterReality"],"damage_healed":16.0,"max_hp_gain":10.0,"max_hp_loss":0.0,"gold_gain":0.0,"event_name":"Bonfire Elementals","player_choice":"Offered Rare","floor":45.0,"gold_loss":0.0,"damage_taken":0.0}],"is_beta":false,"boss_relics":[{"not_picked":["Fusion Hammer","Coffee Dripper"],"picked":"Sozu"},{"not_picked":["Runic Dome","Velvet Choker"],"picked":"Runic Pyramid"}],"items_purged_floors":[20],"is_endless":false,"potions_floor_spawned":[2,3,6,14,16,21,25,31,33,37,41,48],"ascension_level":-5}}