{"host":"5x08nt64u3vxxcfi","time":1610268145,"event":{"mods":["BaseMod","Minty Spire (QoL Compilation)","StSLib","SuperFastMode"],"gold_per_floor":[211,211,211,61,61,81,81,112,112,112,37,57,87,97,97,195,195,212,212,64,64,38,38,63,89,89,114,146,161,161,196,196,291,291,310,310,326,372,78,78,78,300,300,312,325,21,35,47,47,47],"floor_reached":51,"playtime":1570,"items_purged":["Strike_G"],"score":1151,"play_id":"e02b7557-24d1-4437-a587-2261fa0a0660","local_time":"20210110174225","is_ascension_mode":true,"campfire_choices":[{"data":"Footwork","floor":7.0,"key":"SMITH"},{"data":"Bouncing Flask","floor":10.0,"key":"SMITH"},{"data":"Catalyst","floor":15.0,"key":"SMITH"},{"data":"Burst","floor":23.0,"key":"SMITH"},{"floor":32.0,"key":"REST"},{"floor":40.0,"key":"REST"},{"floor":49.0,"key":"REST"}],"circlet_count":0,"master_deck":["AscendersBane","Strike_G+1","Strike_G+1","Strike_G+1","Defend_G+1","Defend_G+1","Defend_G+1","Defend_G+1","Defend_G+1","Survivor","Neutralize+1","Dodge and Roll","Footwork+1","Cloak And Dagger","Quick Slash","Bouncing Flask+1","Bouncing Flask","Catalyst+1","Crippling Poison","Distraction","Burst+1","Tactician+1","Ghostly","Ghostly","Ghostly","Ghostly","Ghostly","Catalyst+1","Acrobatics","Deadly Poison+1","Prepared+1","Noxious Fumes","Night Terror","Heel Hook","Burst","PiercingWail+1","Dagger Throw+1","Outmaneuver+1","Adrenaline","Prepared+1"],"relics":["Ring of the Snake","Lizard Tail","Boot","Omamori","Art of War","Cursed Key","DollysMirror","Girya","Smiling Mask","Red Mask","Sundial","Bag of Preparation","Bag of Marbles","FossilizedHelix","Snecko Eye","Tough Bandages","Incense Burner","TungstenRod"],"acts_visited":["Exordium","TheCity","TheBeyond"],"potions_floor_usage":[50,50,50],"damage_taken":[{"damage":3.0,"enemies":"Jaw Worm","floor":1.0,"turns":7.0},{"damage":1.0,"enemies":"Small Slimes","floor":6.0,"turns":4.0},{"damage":23.0,"enemies":"3 Sentries","floor":8.0,"turns":8.0},{"damage":0.0,"enemies":"2 Louse","floor":12.0,"turns":2.0},{"damage":9.0,"enemies":"Lagavulin","floor":13.0,"turns":5.0},{"damage":1.0,"enemies":"Gremlin Gang","floor":14.0,"turns":6.0},{"damage":19.0,"enemies":"The Guardian","floor":16.0,"turns":6.0},{"damage":2.0,"enemies":"Chosen","floor":18.0,"turns":4.0},{"damage":1.0,"enemies":"Book of Stabbing","floor":24.0,"turns":5.0},{"damage":3.0,"enemies":"Masked Bandits","floor":25.0,"turns":5.0},{"damage":15.0,"enemies":"Slavers","floor":28.0,"turns":5.0},{"damage":7.0,"enemies":"3 Byrds","floor":29.0,"turns":5.0},{"damage":4.0,"enemies":"Gremlin Leader","floor":31.0,"turns":5.0},{"damage":3.0,"enemies":"Automaton","floor":33.0,"turns":5.0},{"damage":0.0,"enemies":"Orb Walker","floor":35.0,"turns":3.0},{"damage":0.0,"enemies":"3 Shapes","floor":37.0,"turns":4.0},{"damage":20.0,"enemies":"2 Orb Walkers","floor":38.0,"turns":4.0},{"damage":0.0,"enemies":"Maw","floor":44.0,"turns":3.0},{"damage":0.0,"enemies":"4 Shapes","floor":45.0,"turns":5.0},{"damage":0.0,"enemies":"3 Darklings","floor":47.0,"turns":6.0},{"damage":0.0,"enemies":"Sphere and 2 Shapes","floor":48.0,"turns":4.0},{"damage":52,"enemies":"Awakened One","floor":50,"turns":15}],"seed_played":"-6693396981931985502","potions_obtained":[{"floor":1.0,"key":"Explosive Potion"},{"floor":12.0,"key":"SneckoOil"},{"floor":28.0,"key":"Energy Potion"},{"floor":29.0,"key":"Ancient Potion"},{"floor":31.0,"key":"BlessingOfTheForge"},{"floor":35.0,"key":"GamblersBrew"},{"floor":37.0,"key":"DistilledChaos"},{"floor":47.0,"key":"Energy Potion"}],"is_trial":false,"path_per_floor":["M","?","?","$","?","M","R","E","T","R","$","M","E","M","R","B",null,"M","?","$","?","$","R","E","?","T","T","E","M","?","E","R","B",null,"M","?","M","?","$","R","?","?","T","M","M","$","M","M","R","B",null],"character_chosen":"THE_SILENT","items_purchased":["Footwork","Cloak And Dagger","Quick Slash","DollysMirror","Acrobatics","Incense Burner","TungstenRod"],"campfire_rested":3,"item_purchase_floors":[4,4,4,20,22,39,46],"current_hp_per_floor":[60,65,65,65,58,57,57,34,34,34,34,34,25,24,24,5,58,56,37,37,37,37,37,36,33,33,33,18,11,11,7,18,15,32,32,32,32,12,12,23,23,23,23,23,23,23,23,23,33,4],"gold":47,"neow_bonus":"HUNDRED_GOLD","is_daily":false,"chose_seed":false,"campfire_upgraded":4,"win_rate":0.0,"timestamp":1610268145,"path_taken":["M","?","?","?","?","M","R","E","T","R","?","?","E","M","R","BOSS","M","?","$","?","$","R","E","?","T","?","E","M","?","E","R","BOSS","M","?","M","?","?","R","?","?","T","M","?","$","M","M","R","BOSS"],"items_purchased_type":["Card","Card","Card","Relic","Card","Relic","Relic"],"build_version":"2020-12-22","purchased_purges":1,"victory":true,"max_hp_per_floor":[70,75,75,75,75,75,75,75,75,75,75,75,75,75,75,75,75,75,37,37,37,37,37,37,37,37,37,37,37,37,37,37,37,37,37,37,37,37,37,37,35,35,35,35,35,35,35,35,35,35],"card_choices":[{"not_picked":["Riddle With Holes","All Out Attack"],"picked":"Dodge and Roll","floor":1.0},{"not_picked":["Expertise","Cloak And Dagger"],"picked":"Bouncing Flask","floor":6.0},{"not_picked":["PiercingWail","Dagger Throw"],"picked":"Bouncing Flask","floor":8.0},{"not_picked":["Backflip","Deadly Poison"],"picked":"Catalyst","floor":12.0},{"not_picked":["Outmaneuver","Heel Hook"],"picked":"Crippling Poison","floor":13.0},{"not_picked":["Outmaneuver","Slice"],"picked":"Distraction","floor":14.0},{"not_picked":["Unload","Doppelganger"],"picked":"Burst","floor":16.0},{"not_picked":["Deflect","Flying Knee"],"picked":"Tactician+1","floor":18.0},{"not_picked":["Predator","Acrobatics"],"picked":"Deadly Poison+1","floor":24.0},{"not_picked":["Leg Sweep","Blade Dance"],"picked":"Prepared+1","floor":25.0},{"not_picked":["Prepared+1","Eviscerate"],"picked":"Noxious Fumes","floor":28.0},{"not_picked":["Deadly Poison+1","Dagger Throw"],"picked":"Night Terror","floor":29.0},{"not_picked":["Sucker Punch","All Out Attack"],"picked":"Heel Hook","floor":31.0},{"not_picked":["Corpse Explosion","Die Die Die"],"picked":"Burst","floor":33.0},{"not_picked":["Infinite Blades+1","Endless Agony+1"],"picked":"PiercingWail+1","floor":35.0},{"not_picked":["Masterful Stab","Underhanded Strike","Cloak And Dagger+1"],"picked":"SKIP","floor":37.0},{"not_picked":["Poisoned Stab","Underhanded Strike+1"],"picked":"Dagger Throw+1","floor":38.0},{"not_picked":["Noxious Fumes","Infinite Blades+1"],"picked":"Outmaneuver+1","floor":44.0},{"not_picked":["Skewer+1","Noxious Fumes","Deadly Poison"],"picked":"SKIP","floor":45.0},{"not_picked":["Sucker Punch+1","Bane"],"picked":"Adrenaline","floor":47.0},{"not_picked":["Slice","Deadly Poison"],"picked":"Prepared+1","floor":48.0}],"player_experience":83968,"relics_obtained":[{"floor":8.0,"key":"Boot"},{"floor":9.0,"key":"Omamori"},{"floor":13.0,"key":"Art of War"},{"floor":24.0,"key":"Smiling Mask"},{"floor":25.0,"key":"Red Mask"},{"floor":26.0,"key":"Sundial"},{"floor":27.0,"key":"Bag of Preparation"},{"floor":28.0,"key":"Bag of Marbles"},{"floor":31.0,"key":"FossilizedHelix"},{"floor":38.0,"key":"Tough Bandages"}],"event_choices":[{"damage_healed":0.0,"max_hp_gain":5.0,"max_hp_loss":0.0,"gold_gain":0.0,"event_name":"Big Fish","player_choice":"Donut","floor":2.0,"gold_loss":0.0,"damage_taken":0.0},{"damage_healed":0.0,"max_hp_gain":0.0,"max_hp_loss":0.0,"gold_gain":0.0,"event_name":"Living Wall","player_choice":"Grow","floor":3.0,"gold_loss":0.0,"damage_taken":0.0,"cards_upgraded":["Neutralize"]},{"damage_healed":0.0,"max_hp_gain":0.0,"max_hp_loss":0.0,"gold_gain":0.0,"event_name":"Scrap Ooze","player_choice":"Success","floor":5.0,"gold_loss":0.0,"damage_taken":7.0,"relics_obtained":["Lizard Tail"]},{"damage_healed":0.0,"max_hp_gain":0.0,"max_hp_loss":38.0,"gold_gain":0.0,"event_name":"Ghosts","player_choice":"Became a Ghost","floor":19.0,"gold_loss":0.0,"damage_taken":0.0,"cards_obtained":["Ghostly","Ghostly","Ghostly","Ghostly","Ghostly"]},{"damage_healed":0.0,"max_hp_gain":0.0,"max_hp_loss":0.0,"gold_gain":0.0,"event_name":"The Mausoleum","player_choice":"Opened","floor":21.0,"gold_loss":0.0,"damage_taken":0.0,"relics_obtained":["Girya"]},{"damage_healed":0.0,"max_hp_gain":0.0,"max_hp_loss":0.0,"gold_gain":0.0,"event_name":"Masked Bandits","player_choice":"Fought Bandits","floor":25.0,"gold_loss":0.0,"damage_taken":0.0},{"damage_healed":0.0,"max_hp_gain":0.0,"max_hp_loss":0.0,"gold_gain":0.0,"event_name":"Back to Basics","player_choice":"Simplicity","floor":30.0,"gold_loss":0.0,"damage_taken":0.0,"cards_upgraded":["Strike_G","Strike_G","Strike_G","Strike_G","Defend_G","Defend_G","Defend_G","Defend_G","Defend_G"]},{"cards_removed":["Strike_G"],"damage_healed":0.0,"max_hp_gain":0.0,"max_hp_loss":0.0,"gold_gain":0.0,"event_name":"Falling","player_choice":"Removed Attack","floor":36.0,"gold_loss":0.0,"damage_taken":0.0},{"damage_healed":0.0,"max_hp_gain":0.0,"max_hp_loss":0.0,"gold_gain":0.0,"event_name":"Mysterious Sphere","player_choice":"Fight","floor":38.0,"gold_loss":0.0,"damage_taken":0.0},{"damage_healed":0.0,"max_hp_gain":0.0,"max_hp_loss":2.0,"gold_gain":0.0,"event_name":"Winding Halls","player_choice":"Max HP","floor":41.0,"gold_loss":0.0,"damage_taken":0.0},{"damage_healed":0.0,"max_hp_gain":0.0,"max_hp_loss":0.0,"gold_gain":222.0,"event_name":"Tomb of Lord Red Mask","player_choice":"Wore Mask","floor":42.0,"gold_loss":0.0,"damage_taken":0.0}],"is_beta":false,"boss_relics":[{"not_picked":["Velvet Choker","Pandora\u0027s Box"],"picked":"Cursed Key"},{"not_picked":["Busted Crown","WristBlade"],"picked":"Snecko Eye"}],"items_purged_floors":[11],"is_endless":false,"potions_floor_spawned":[1,12,28,29,31,35,37,47,48],"ascension_level":10}}