{"host":"t5h83eruwt5lxl3o","time":1610251492,"event":{"mods":["AchievementEnabler","Act Like it!","BaseMod","CapriCore","Colored Map","DeckTracker","Hermit","Highlight Path","Koishi","Marisa£¨Ùöéë¡¡Øª×âÞÞ£©","Minty Spire (QoL Compilation)","Permanent Neow","Quick Restart","StSLib","SuperFastMode","The Cursed","The Immortal","everything is the same but u backflip on backflip"],"gold_per_floor":[118,118,130,140,65,65,92,165,165,183,209,219,219,233,233,333,333,353,219,237,237,256,256,283,283,283,316,339,339,339,355,355,456,456,469,469,87,107,122,122,122,133,133,133,147,147,176,194,194,194],"floor_reached":51,"playtime":2057,"items_purged":["Strike_P","Defend_P","Strike_P"],"score":1254,"play_id":"a131c4d5-c8fd-4156-85ff-caeb14f5ab1e","local_time":"20210110130452","is_ascension_mode":true,"campfire_choices":[{"data":"Eruption","floor":6.0,"key":"SMITH"},{"data":"ClearTheMind","floor":13.0,"key":"SMITH"},{"data":"Crescendo","floor":15.0,"key":"SMITH"},{"data":"Tantrum","floor":23.0,"key":"SMITH"},{"data":"MentalFortress","floor":25.0,"key":"SMITH"},{"data":"FearNoEvil","floor":30.0,"key":"SMITH"},{"data":"Protect","floor":32.0,"key":"SMITH"},{"data":"Consecrate","floor":41,"key":"SMITH"},{"floor":46,"key":"RECALL"},{"data":"BattleHymn","floor":49,"key":"SMITH"}],"circlet_count":0,"master_deck":["AscendersBane","Strike_P","Defend_P","Eruption+1","ClearTheMind+1","Crescendo+1","Tantrum+1","Consecrate+1","Protect+1","FearNoEvil+1","TalkToTheHand+1","ClearTheMind+1","MentalFortress+1","MentalFortress+1","CrushJoints+1","WheelKick+1","FlurryOfBlows+1","Scrawl+1","BattleHymn+1"],"relics":["PureWater","NeowsBlessing","Dream Catcher","Meat on the Bone","Pocketwatch","Tiny Chest","Empty Cage","TeardropLocket","Toxic Egg 2","StoneCalendar","Bronze Scales","Coffee Dripper","Yang","Bottled Tornado"],"acts_visited":["Exordium","TheCity","TheBeyond"],"potions_floor_usage":[38,50,50],"damage_taken":[{"damage":0.0,"enemies":"2 Louse","floor":1.0,"turns":1.0},{"damage":0.0,"enemies":"Cultist","floor":3.0,"turns":1.0},{"damage":0.0,"enemies":"Jaw Worm","floor":4.0,"turns":1.0},{"damage":20.0,"enemies":"Gremlin Nob","floor":7.0,"turns":4.0},{"damage":4.0,"enemies":"Red Slaver","floor":10.0,"turns":2.0},{"damage":0.0,"enemies":"Lagavulin","floor":11.0,"turns":3.0},{"damage":9.0,"enemies":"Blue Slaver","floor":12.0,"turns":4.0},{"damage":0.0,"enemies":"3 Louse","floor":14.0,"turns":1.0},{"damage":0.0,"enemies":"Slime Boss","floor":16.0,"turns":8.0},{"damage":0.0,"enemies":"Spheric Guardian","floor":18.0,"turns":3.0},{"damage":0.0,"enemies":"3 Byrds","floor":20.0,"turns":3.0},{"damage":11.0,"enemies":"Snake Plant","floor":22.0,"turns":4.0},{"damage":46.0,"enemies":"Slavers","floor":24.0,"turns":6.0},{"damage":0.0,"enemies":"Book of Stabbing","floor":27.0,"turns":5.0},{"damage":4.0,"enemies":"Chosen and Byrds","floor":31.0,"turns":4.0},{"damage":33.0,"enemies":"Champ","floor":33.0,"turns":9.0},{"damage":16,"enemies":"3 Darklings","floor":35,"turns":5},{"damage":6,"enemies":"Orb Walker","floor":38,"turns":5},{"damage":21,"enemies":"4 Shapes","floor":39,"turns":7},{"damage":0,"enemies":"Spire Growth","floor":42,"turns":3},{"damage":22,"enemies":"Sphere and 2 Shapes","floor":45,"turns":4},{"damage":6,"enemies":"Reptomancer","floor":47,"turns":4},{"damage":0,"enemies":"3 Darklings","floor":48,"turns":3},{"damage":24,"enemies":"Awakened One","floor":50,"turns":5}],"seed_played":"-1490960578632437242","potions_obtained":[{"floor":3.0,"key":"DuplicationPotion"},{"floor":7.0,"key":"Swift Potion"},{"floor":10.0,"key":"PowerPotion"},{"floor":11.0,"key":"AttackPotion"},{"floor":16.0,"key":"SkillPotion"},{"floor":24.0,"key":"Explosive Potion"},{"floor":27.0,"key":"SteroidPotion"},{"floor":31.0,"key":"BottledMiracle"},{"floor":35,"key":"SpeedPotion"},{"floor":47,"key":"Dexterity Potion"},{"floor":48,"key":"CultistPotion"}],"is_trial":false,"path_per_floor":["M","?","M","M","$","R","E","T","T","M","E","M","R","M","R","B",null,"M","$","M","?","M","R","E","R","T","E","T","?","R","M","R","B",null,"M","?","$","M","M","?","R","M","T","$","M","R","E","M","R","B",null],"character_chosen":"WATCHER","items_purchased":["TalkToTheHand","Yang"],"campfire_rested":0,"item_purchase_floors":[19,37],"current_hp_per_floor":[65,65,65,65,65,65,45,45,45,41,41,44,44,44,44,44,65,65,65,65,65,54,54,20,20,20,32,32,32,32,40,40,19,59,43,43,43,37,28,28,28,40,40,40,30,30,36,36,36,24],"gold":194,"neow_bonus":"THREE_ENEMY_KILL","is_daily":false,"chose_seed":false,"campfire_upgraded":9,"win_rate":0.0,"timestamp":1610251492,"path_taken":["M","?","?","M","$","R","E","?","T","M","E","M","R","?","R","BOSS","M","$","M","?","?","R","E","R","T","E","?","?","R","M","R","BOSS","M","?","$","M","M","?","R","M","T","$","M","R","E","M","R","BOSS"],"items_purchased_type":["Card","Relic"],"build_version":"2020-12-22","purchased_purges":3,"victory":true,"max_hp_per_floor":[72,72,72,72,72,72,72,72,72,72,72,72,72,72,72,72,72,72,72,72,72,72,72,72,72,72,72,72,72,72,72,72,72,72,72,68,68,68,68,68,68,68,68,68,68,68,68,68,68,68],"card_choices":[{"not_picked":["CutThroughFate","Evaluate"],"picked":"ClearTheMind","floor":1.0},{"not_picked":["ThirdEye","Prostrate"],"picked":"Crescendo","floor":3.0},{"not_picked":["WindmillStrike","Swivel"],"picked":"Tantrum","floor":4.0},{"not_picked":["FlurryOfBlows","Establishment"],"picked":"Consecrate","floor":7.0},{"not_picked":["SashWhip","JustLucky","EmptyFist"],"picked":"SKIP","floor":10.0},{"not_picked":["PathToVictory","Weave"],"picked":"Protect","floor":11.0},{"not_picked":["BowlingBash","InnerPeace"],"picked":"FearNoEvil","floor":12.0},{"not_picked":["WindmillStrike","Study","BowlingBash"],"picked":"SKIP","floor":14.0},{"not_picked":["PathToVictory","EmptyMind","ClearTheMind"],"picked":"SKIP","floor":18.0},{"not_picked":["WheelKick","Crescendo","JustLucky"],"picked":"SKIP","floor":20.0},{"not_picked":["FlurryOfBlows","FlyingSleeves+1"],"picked":"MentalFortress","floor":22.0},{"not_picked":["PathToVictory","Alpha","Halt"],"picked":"SKIP","floor":24.0},{"not_picked":["Wireheading","ReachHeaven","Pray+1"],"picked":"SKIP","floor":27.0},{"not_picked":["Vengeance+1","SashWhip","FlyingSleeves+1"],"picked":"SKIP","floor":31.0},{"not_picked":["Crescendo+1","ClearTheMind+1"],"picked":"MentalFortress+1","floor":35},{"not_picked":["Pray+1","FollowUp"],"picked":"CrushJoints+1","floor":38},{"not_picked":["DeceiveReality+1","WindmillStrike"],"picked":"WheelKick+1","floor":39},{"not_picked":["FollowUp","EmptyBody+1","WindmillStrike"],"picked":"SKIP","floor":42},{"not_picked":["Collect+1","Evaluate+1"],"picked":"FlurryOfBlows+1","floor":45},{"not_picked":["ThirdEye+1","WindmillStrike"],"picked":"Scrawl+1","floor":47},{"not_picked":["BowlingBash+1","Protect+1"],"picked":"BattleHymn","floor":48}],"player_experience":652639,"relics_obtained":[{"floor":7.0,"key":"Dream Catcher"},{"floor":8.0,"key":"Meat on the Bone"},{"floor":9.0,"key":"Pocketwatch"},{"floor":11.0,"key":"Tiny Chest"},{"floor":24.0,"key":"TeardropLocket"},{"floor":26.0,"key":"Toxic Egg 2"},{"floor":27.0,"key":"StoneCalendar"},{"floor":28.0,"key":"Bronze Scales"},{"floor":47,"key":"Bottled Tornado"}],"event_choices":[{"cards_removed":["Defend_P"],"damage_healed":0.0,"max_hp_gain":0.0,"max_hp_loss":0.0,"gold_gain":0.0,"event_name":"Purifier","player_choice":"Purged","floor":2.0,"gold_loss":0.0,"damage_taken":0.0},{"damage_healed":0.0,"max_hp_gain":0.0,"max_hp_loss":0.0,"gold_gain":0.0,"event_name":"Duplicator","player_choice":"Copied","floor":21.0,"gold_loss":0.0,"damage_taken":0.0,"cards_obtained":["ClearTheMind"]},{"damage_healed":0.0,"max_hp_gain":0.0,"max_hp_loss":0.0,"gold_gain":0.0,"event_name":"Accursed Blacksmith","player_choice":"Forge","floor":29.0,"gold_loss":0.0,"damage_taken":0.0,"cards_upgraded":["TalkToTheHand"]},{"damage_healed":0,"gold_gain":0,"player_choice":"Max HP","damage_taken":0,"max_hp_gain":0,"max_hp_loss":4,"event_name":"Winding Halls","floor":36,"gold_loss":0},{"cards_removed":["Vigilance"],"damage_healed":0,"gold_gain":0,"player_choice":"Removed Skill","damage_taken":0,"max_hp_gain":0,"max_hp_loss":0,"event_name":"Falling","floor":40,"gold_loss":0}],"is_beta":false,"boss_relics":[{"not_picked":["Fusion Hammer","Runic Pyramid"],"picked":"Empty Cage"},{"not_picked":["Runic Dome","Astrolabe"],"picked":"Coffee Dripper"}],"items_purged_floors":[5,19,37],"is_endless":false,"potions_floor_spawned":[3,7,10,11,16,22,24,27,31,35,47,48],"ascension_level":11}}