{"host":"2zc57igszyqgae0y","time":1610281362,"event":{"mods":["Act Like it!","Aspiration","BaseMod","Chen","Gensokyo","GifTheSpireLib","Marisa£¨ìFÓê¡¡Ä§ÀíÉ³£©","Minty Spire (QoL Compilation)","Reimu£¨²©ÀöÁéÃÎ£©","Remilia£¨ÀÙÃ×ÀòÑÇ£©","Replay The Spire","RumiaBox-Â¶Ã×æ«µÄÉñÃØºÐ×Ó","Shop Mod","StSLib","The Administrix","The Servant 0.9.4","Youmu£¨»êÆÇÑýÃÎ£©","[IsaacMod]ÒÔÈö¼âËþ","[µØ¾«Ê×ÁìÅÀËþ]The Maniac","vexMod"],"gold_per_floor":[118,134,242,261,361,361,389,389,438,438,449,449,469,489,489,489,489],"floor_reached":16,"playtime":724,"items_purged":[],"score":133,"play_id":"f5d800e1-d241-4a60-9531-6b9f49c83ac7","local_time":"20210110202242","is_ascension_mode":true,"campfire_choices":[{"data":"Neutralize","floor":6.0,"key":"SMITH"},{"data":"Distraction","floor":8.0,"key":"SMITH"},{"floor":10.0,"key":"REST"},{"data":"Cloak And Dagger","floor":12,"key":"SMITH"},{"floor":15,"key":"REST"}],"circlet_count":0,"master_deck":["Strike_G","Strike_G","Strike_G","Strike_G","Strike_G","Defend_G","Defend_G","Defend_G","Defend_G","Defend_G","Survivor","Neutralize+1","Prepared","ReplayTheSpireMod:Splinters","Quick Slash","Blade Dance","Cloak And Dagger+1","Distraction+1","Well Laid Plans"],"relics":["HushsDoor","BookofShadows","RedLine:ReiMu","Tiny Chest","MealTicket"],"acts_visited":["Exordium"],"potions_floor_usage":[16,16],"damage_taken":[{"damage":4.0,"enemies":"Cultist","floor":1.0,"turns":5.0},{"damage":0.0,"enemies":"2 Louse","floor":2.0,"turns":1.0},{"damage":0.0,"enemies":"Small Slimes","floor":4.0,"turns":2.0},{"damage":27.0,"enemies":"Lagavulin","floor":7.0,"turns":9.0},{"damage":9,"enemies":"Blue Slaver","floor":11,"turns":4},{"damage":3,"enemies":"2 Fungi Beasts","floor":13,"turns":3},{"damage":0,"enemies":"Lots of Slimes","floor":14,"turns":3},{"damage":57,"enemies":"Hexaghost","floor":16,"turns":15}],"seed_played":"8969946601781416676","potions_obtained":[{"floor":1.0,"key":"Weak Potion"},{"floor":7.0,"key":"Dexterity Potion"},{"floor":14,"key":"Weak Potion"}],"is_trial":false,"path_per_floor":["M","M","?","M","?","R","E","R","T","R","M","R","M","M","R","B"],"character_chosen":"THE_SILENT","items_purchased":[],"campfire_rested":2,"item_purchase_floors":[],"current_hp_per_floor":[59,59,59,59,59,59,32,32,32,53,44,44,41,41,62,5,5],"gold":489,"neow_bonus":"BOSS_RELIC","is_daily":false,"chose_seed":false,"campfire_upgraded":3,"win_rate":0.0,"timestamp":1610281362,"path_taken":["M","?","?","M","?","R","E","R","T","R","M","R","M","M","R","BOSS"],"items_purchased_type":[],"build_version":"2020-12-22","purchased_purges":0,"victory":false,"max_hp_per_floor":[70,70,70,70,70,70,70,70,70,70,70,70,70,70,70,70,70],"card_choices":[{"not_picked":["Bane","Replay:Poison Smokescreen"],"picked":"Bomb","floor":1.0},{"not_picked":["Concentrate","PiercingWail"],"picked":"Prepared","floor":2.0},{"not_picked":["Sucker Punch","ReplayTheSpireMod:Exploit Weakness"],"picked":"Quick Slash","floor":3.0},{"not_picked":["Bullet Time","ReplayTheSpireMod:Exploit Weakness"],"picked":"Blade Dance","floor":3.0},{"not_picked":["Catalyst","Fluid Movement"],"picked":"Cloak And Dagger","floor":4.0},{"not_picked":["Crippling Poison","PiercingWail"],"picked":"Distraction","floor":7.0},{"not_picked":["Deadly Poison","Dodge and Roll","Grand Finale"],"picked":"SKIP","floor":11},{"not_picked":["Dagger Spray","Cloak And Dagger"],"picked":"Well Laid Plans","floor":13},{"not_picked":["Prepared","Predator","Choke"],"picked":"SKIP","floor":14}],"player_experience":356730,"relics_obtained":[{"floor":7.0,"key":"Tiny Chest"},{"floor":9.0,"key":"MealTicket"}],"event_choices":[{"damage_healed":0.0,"max_hp_gain":0.0,"max_hp_loss":0.0,"gold_gain":100.0,"event_name":"Wheel of Change","player_choice":"Gold","floor":5.0,"gold_loss":0.0,"damage_taken":0.0}],"is_beta":false,"boss_relics":[],"items_purged_floors":[],"is_endless":false,"potions_floor_spawned":[1,7,14],"killed_by":"Hexaghost","ascension_level":6}}