{"host":"ig7tc0uedzltt2sr","time":1610260466,"event":{"mods":["BaseMod","Better Twitch Integration","Block Reminder","Colored Map","Colored Powertips","Communication Mod","Current Relic Mod","GifTheSpireLib","HexUI Lib","Minty Spire (QoL Compilation)","Quick Restart","Random Character Button","Rare Cards Sparkle","Relic Sorter","Relic Stats","Slay the Relics Exporter","StSLib","SuperFastMode","Synergy Search","Twitch Decklist","Twitch Utils","everything is the same but u backflip on backflip","slay the spire mod where everything is the same but ironclad has a cowboy hat"],"gold_per_floor":[112,131,150,150,150,150,150],"floor_reached":6,"playtime":38,"items_purged":[],"score":63,"play_id":"c7c2ac82-0c94-4b1a-b070-c5c7267f3ffd","local_time":"20210109223426","is_ascension_mode":false,"campfire_choices":[],"circlet_count":0,"master_deck":["Strike_R","Strike_R","Strike_R","Strike_R","Strike_R","Defend_R","Defend_R","Defend_R","Defend_R","Bash"],"relics":["Burning Blood","Pear"],"acts_visited":["Exordium"],"potions_floor_usage":[],"damage_taken":[{"damage":17,"enemies":"2 Louse","floor":1,"turns":3},{"damage":21,"enemies":"Jaw Worm","floor":2,"turns":5},{"damage":15,"enemies":"Cultist","floor":3,"turns":4},{"damage":0,"enemies":"2 Fungi Beasts","floor":5,"turns":1},{"damage":72,"enemies":"Lagavulin","floor":6,"turns":6}],"seed_played":"7471619885292237558","potions_obtained":[{"floor":1,"key":"SmokeBomb"}],"is_trial":false,"path_per_floor":["M","M","M","?","M","E"],"character_chosen":"IRONCLAD","items_purchased":[],"campfire_rested":0,"item_purchase_floors":[],"current_hp_per_floor":[77,62,53,60,66,0,0],"gold":150,"neow_bonus":"TEN_PERCENT_HP_BONUS","is_daily":false,"chose_seed":false,"campfire_upgraded":0,"win_rate":0.0,"timestamp":1610260466,"path_taken":["M","M","M","?","M","E"],"items_purchased_type":[],"build_version":"2020-12-22","purchased_purges":0,"victory":false,"max_hp_per_floor":[88,88,88,98,98,98,98],"relic_stats":{"counters":[5,19],"obtain_stats":[{"Pear":4,"Burning Blood":0},{"Pear":3,"Burning Blood":0},{"Pear":12,"Burning Blood":0}],"Burning Blood":24},"card_choices":[{"not_picked":["Armaments","Headbutt","Heavy Blade"],"picked":"SKIP","floor":1},{"not_picked":["Infernal Blade","Twin Strike","Searing Blow"],"picked":"SKIP","floor":2},{"not_picked":["Clothesline","Fire Breathing","Carnage"],"picked":"SKIP","floor":3}],"player_experience":1496794,"relics_obtained":[],"event_choices":[{"damage_healed":0,"gold_gain":0,"player_choice":"Success","damage_taken":3,"relics_obtained":["Pear"],"max_hp_gain":0,"max_hp_loss":0,"event_name":"Scrap Ooze","floor":4,"gold_loss":0}],"is_beta":false,"boss_relics":[],"items_purged_floors":[],"is_endless":false,"potions_floor_spawned":[1],"killed_by":"Lagavulin","ascension_level":0}}