{"host":"fmtvje4mks8zli8e","time":1610260998,"event":{"mods":["AchievementEnabler","AlwaysNeverKeys","BaseMod","BetterRewards","Minty Spire (QoL Compilation)","READ ME - Guardian Mod","Remove Card Discount Mod","StSLib","The Cursed","The Druid","The Servant 0.9.4","The Wild Card"],"gold_per_floor":[116,131,147,160,160,189,189,221,221,247,247,287,310,326,326,449,449,468,482,45,65,83,118,139,155,155,199,199,4,44,60,60,180,180,195,253,266,266,279,319,594,630,708,748,748,773,773,39,39,39,39,39,37,73,73],"floor_reached":56,"playtime":3171,"items_purged":["Meteor Strike","Injury","Regret","Writhe","Auto Shields"],"score":1965,"play_id":"d92ec465-b257-497a-98a4-b54126f6bebc","local_time":"20210110004318","is_ascension_mode":true,"campfire_choices":[{"data":"Zap","floor":7.0,"key":"SMITH"},{"data":"Steam","floor":15.0,"key":"SMITH"},{"data":"Fission","floor":28,"key":"SMITH"},{"data":"Fission","floor":32,"key":"SMITH"},{"floor":45,"key":"REST"},{"data":"Chill","floor":49,"key":"SMITH"},{"data":"Dualcast","floor":52,"key":"SMITH"}],"circlet_count":0,"master_deck":["Zap+1","Dualcast+1","Gash","Leap","Ball Lightning+1","Leap","Beam Cell","Barrage+1","Capacitor+1","Steam+1","Fission+1","Rainbow+1","Defragment+1","Genetic Algorithm","Fission+1","Multi-Cast","Streamline+1","Beam Cell+1","Loop+1","Coolheaded","Conserve Battery","Creative AI+1","Chill+1","Redo+1","Conserve Battery+1","Leap+1","Electrodynamics+1","Ball Lightning+1","Beam Cell+1","Consume+1","Recycle+1","Beam Cell+1","Leap+1"],"relics":["FrozenCore","Bronze Scales","Frozen Egg 2","Molten Egg 2","Happy Flower","The Courier","Matryoshka","Golden Idol","Anchor","Pandora\u0027s Box","Membership Card","Calipers","Shuriken","Cables","PreservedInsect","Bag of Marbles","Toxic Egg 2","Regal Pillow","ClockworkSouvenir","Oddly Smooth Stone","Strawberry","Lantern","Unceasing Top","Torii","Question Card","Kunai","Bottled Tornado","Prayer Wheel","Bird Faced Urn","Lee\u0027s Waffle","Ornamental Fan","Vajra","Nunchaku","Orichalcum","Ice Cream","Letter Opener","Toy Ornithopter","Boot"],"acts_visited":["Exordium","TheCity","TheBeyond","TheEnding"],"potions_floor_usage":[16,23,24,42,55,55,55],"damage_taken":[{"damage":0.0,"enemies":"2 Louse","floor":1.0,"turns":3.0},{"damage":0.0,"enemies":"Small Slimes","floor":2.0,"turns":3.0},{"damage":0.0,"enemies":"Cultist","floor":3.0,"turns":2.0},{"damage":0.0,"enemies":"3 Louse","floor":4.0,"turns":3.0},{"damage":0.0,"enemies":"Gremlin Nob","floor":6.0,"turns":3.0},{"damage":15.0,"enemies":"Lagavulin","floor":8.0,"turns":6.0},{"damage":1.0,"enemies":"Gremlin Nob","floor":10.0,"turns":3.0},{"damage":4.0,"enemies":"Lagavulin","floor":12.0,"turns":7.0},{"damage":0.0,"enemies":"Lots of Slimes","floor":13.0,"turns":3.0},{"damage":0.0,"enemies":"Looter","floor":14.0,"turns":3.0},{"damage":17,"enemies":"The Guardian","floor":16,"turns":12},{"damage":0,"enemies":"3 Byrds","floor":18,"turns":2},{"damage":0,"enemies":"Chosen","floor":19,"turns":4},{"damage":7,"enemies":"Shelled Parasite and Fungi","floor":21,"turns":5},{"damage":10,"enemies":"Centurion and Healer","floor":22,"turns":5},{"damage":19,"enemies":"Gremlin Leader","floor":23,"turns":5},{"damage":5,"enemies":"Snecko","floor":24,"turns":5},{"damage":0,"enemies":"Chosen and Byrds","floor":25,"turns":3},{"damage":13,"enemies":"Book of Stabbing","floor":27,"turns":5},{"damage":7,"enemies":"Slavers","floor":30,"turns":3},{"damage":0,"enemies":"Centurion and Healer","floor":31,"turns":5},{"damage":14,"enemies":"Automaton","floor":33,"turns":9},{"damage":6,"enemies":"3 Darklings","floor":35,"turns":4},{"damage":15,"enemies":"2 Orb Walkers","floor":36,"turns":4},{"damage":0,"enemies":"3 Shapes","floor":37,"turns":4},{"damage":0,"enemies":"Transient","floor":39,"turns":5},{"damage":0,"enemies":"Giant Head","floor":40,"turns":6},{"damage":35,"enemies":"Nemesis","floor":42,"turns":5},{"damage":22,"enemies":"Giant Head","floor":44,"turns":7},{"damage":24,"enemies":"Jaw Worm Horde","floor":46,"turns":3},{"damage":1,"enemies":"Time Eater","floor":50,"turns":10},{"damage":40,"enemies":"Shield and Spear","floor":54,"turns":5},{"damage":63,"enemies":"The Heart","floor":55,"turns":8}],"seed_played":"-2245812976963088724","potions_obtained":[{"floor":4.0,"key":"SkillPotion"},{"floor":6.0,"key":"SneckoOil"},{"floor":8.0,"key":"SneckoOil"},{"floor":14.0,"key":"Explosive Potion"},{"floor":16,"key":"SkillPotion"},{"floor":19,"key":"SteroidPotion"},{"floor":27,"key":"SpeedPotion"},{"floor":31,"key":"EssenceOfSteel"},{"floor":33,"key":"Weak Potion"},{"floor":36,"key":"Strength Potion"},{"floor":39,"key":"DistilledChaos"},{"floor":44,"key":"PowerPotion"}],"is_trial":false,"path_per_floor":["M","M","M","M","?","E","R","E","T","E","?","E","M","M","R","B",null,"M","M","$","M","M","E","M","M","T","E","R","$","E","M","R","B",null,"M","?","M","?","M","E","?","E","T","E","R","M","?","$","R","B",null,"R","$","E","B",null],"character_chosen":"DEFECT","items_purchased":["Bronze Scales","Cold Snap","Gash","Leap","Membership Card","Calipers","Shuriken","Cables","ClockworkSouvenir","Oddly Smooth Stone","Strawberry","Conserve Battery+1","Bird Faced Urn","Lee\u0027s Waffle","Ornamental Fan","Vajra","Nunchaku","Orichalcum","Ice Cream","Letter Opener","Toy Ornithopter"],"campfire_rested":1,"item_purchase_floors":[0,0,0,0,20,20,20,20,29,29,29,29,48,48,48,48,48,48,48,48,48],"current_hp_per_floor":[62,62,62,62,47,47,47,32,32,31,31,27,27,27,27,10,75,75,75,75,68,58,39,34,34,34,21,21,28,21,21,21,7,82,76,61,61,61,61,61,61,26,26,4,43,19,40,89,89,89,89,89,89,65,39],"gold":73,"neow_bonus":"","is_daily":false,"chose_seed":false,"campfire_upgraded":6,"win_rate":0.0,"timestamp":1610260998,"path_taken":["M","M","M","M","?","E","R","E","T","E","?","E","M","M","R","BOSS","M","M","$","M","M","E","M","M","T","E","R","$","E","M","R","BOSS","M","?","M","?","?","E","?","E","T","E","R","?","?","?","R","BOSS","R","$","E","BOSS"],"items_purchased_type":["Relic","Card","Card","Card","Relic","Relic","Relic","Relic","Relic","Relic","Relic","Card","Relic","Relic","Relic","Relic","Relic","Relic","Relic","Relic","Relic"],"build_version":"2020-12-22","purchased_purges":5,"victory":true,"max_hp_per_floor":[75,75,75,75,75,75,75,75,75,75,75,75,75,75,75,75,75,75,75,75,75,75,75,75,75,75,75,75,82,82,82,82,82,82,82,82,82,82,82,82,82,82,82,82,82,82,82,89,89,89,89,89,89,89,89],"card_choices":[{"not_picked":["Cold Snap","Gash"],"picked":"Ball Lightning","floor":1.0},{"not_picked":["Turbo","Scrape"],"picked":"Leap","floor":2.0},{"not_picked":["Sweeping Beam","Streamline"],"picked":"Beam Cell","floor":3.0},{"not_picked":["Rebound","Hologram","Undo"],"picked":"SKIP","floor":4.0},{"not_picked":["Chill","Rebound+1"],"picked":"Barrage+1","floor":6.0},{"not_picked":["Compile Driver+1","Sweeping Beam+1"],"picked":"Auto Shields","floor":8.0},{"not_picked":["Blizzard+1","Beam Cell+1"],"picked":"Capacitor+1","floor":10.0},{"not_picked":["Streamline+1","Stack","All For One+1"],"picked":"SKIP","floor":12.0},{"not_picked":["Doom and Gloom+1","Force Field","Streamline+1"],"picked":"SKIP","floor":13.0},{"not_picked":["Rebound+1","Doom and Gloom+1"],"picked":"Steam","floor":14.0},{"not_picked":["Multi-Cast","Seek"],"picked":"Fission","floor":16},{"not_picked":["Steam","Skim"],"picked":"Coolheaded","floor":18},{"not_picked":["Coolheaded","Ball Lightning+1"],"picked":"Conserve Battery","floor":19},{"not_picked":["Tempest","Genetic Algorithm","Beam Cell+1"],"picked":"SKIP","floor":21},{"not_picked":["Genetic Algorithm","Hologram","Auto Shields+1"],"picked":"SKIP","floor":22},{"not_picked":["Rebound+1","Hologram","Force Field+1"],"picked":"SKIP","floor":23},{"not_picked":["Rebound+1","Turbo"],"picked":"Creative AI+1","floor":24},{"not_picked":["Go for the Eyes+1","Blizzard+1"],"picked":"Chill","floor":25},{"not_picked":["Hologram+1","Melter+1"],"picked":"Redo+1","floor":27},{"not_picked":["Rebound+1","Turbo+1"],"picked":"Leap+1","floor":30},{"not_picked":["Scrape+1","Turbo+1","Go for the Eyes+1"],"picked":"SKIP","floor":31},{"not_picked":["Hyperbeam+1","Core Surge+1"],"picked":"Electrodynamics+1","floor":33},{"not_picked":["Redo+1","Cold Snap+1"],"picked":"Ball Lightning+1","floor":35},{"not_picked":["Sweeping Beam+1","Undo+1"],"picked":"Beam Cell+1","floor":36},{"not_picked":["Hologram+1","Steam+1","Auto Shields+1"],"picked":"SKIP","floor":37},{"not_picked":["Gash+1","Blizzard+1"],"picked":"Consume+1","floor":39},{"not_picked":["Undo+1","Steam Power+1","Melter+1"],"picked":"SKIP","floor":40},{"not_picked":["Consume+1","Creative AI+1"],"picked":"Recycle+1","floor":42},{"not_picked":["Steam+1","Go for the Eyes+1","Hello World+1","Turbo+1"],"picked":"SKIP","floor":44},{"not_picked":["Gash+1","Aggregate+1","Coolheaded+1"],"picked":"Beam Cell+1","floor":46},{"not_picked":["Steam Power+1","Go for the Eyes+1","Turbo+1","Compile Driver+1"],"picked":"SKIP","floor":46},{"not_picked":["Go for the Eyes+1","Tempest+1","Hologram+1"],"picked":"Leap+1","floor":54}],"player_experience":3043543,"relics_obtained":[{"floor":6.0,"key":"Molten Egg 2"},{"floor":8.0,"key":"Happy Flower"},{"floor":9.0,"key":"The Courier"},{"floor":10.0,"key":"Matryoshka"},{"floor":12.0,"key":"Anchor"},{"floor":23,"key":"PreservedInsect"},{"floor":26,"key":"Bag of Marbles"},{"floor":26,"key":"Toxic Egg 2"},{"floor":27,"key":"Regal Pillow"},{"floor":30,"key":"Lantern"},{"floor":36,"key":"Unceasing Top"},{"floor":40,"key":"Torii"},{"floor":42,"key":"Question Card"},{"floor":43,"key":"Kunai"},{"floor":43,"key":"Bottled Tornado"},{"floor":44,"key":"Prayer Wheel"},{"floor":54,"key":"Boot"}],"event_choices":[{"damage_healed":0.0,"max_hp_gain":0.0,"max_hp_loss":0.0,"gold_gain":0.0,"event_name":"Shining Light","player_choice":"Entered Light","floor":5.0,"gold_loss":0.0,"damage_taken":15.0,"cards_upgraded":["Ball Lightning","Defend_B"]},{"damage_healed":0.0,"max_hp_gain":0.0,"max_hp_loss":0.0,"gold_gain":0.0,"event_name":"Golden Idol","player_choice":"Take Wound","floor":11.0,"gold_loss":0.0,"damage_taken":0.0,"relics_obtained":["Golden Idol"],"cards_obtained":["Injury"]},{"damage_healed":0,"gold_gain":0,"player_choice":"Fight","damage_taken":0,"max_hp_gain":0,"max_hp_loss":0,"event_name":"Mysterious Sphere","floor":36,"gold_loss":0},{"damage_healed":0,"gold_gain":0,"player_choice":"Upgraded","damage_taken":0,"max_hp_gain":0,"max_hp_loss":0,"event_name":"Upgrade Shrine","floor":38,"gold_loss":0,"cards_upgraded":["Rainbow"]},{"damage_healed":0,"gold_gain":275,"player_choice":"Desecrate","damage_taken":0,"max_hp_gain":0,"max_hp_loss":0,"event_name":"Golden Shrine","floor":41,"gold_loss":0,"cards_obtained":["Regret"]},{"damage_healed":21,"gold_gain":0,"player_choice":"Writhe","damage_taken":0,"max_hp_gain":0,"max_hp_loss":0,"event_name":"Winding Halls","floor":47,"gold_loss":0,"cards_obtained":["Writhe"]}],"is_beta":false,"boss_relics":[{"not_picked":["Runic Dome","Velvet Choker"],"picked":"Pandora\u0027s Box"},{"not_picked":["Snecko Eye","Philosopher\u0027s Stone"],"picked":"FrozenCore"}],"items_purged_floors":[0,20,48,48,53],"is_endless":false,"potions_floor_spawned":[4,6,8,14,16,19,21,27,31,33,35,36,39,44],"ascension_level":4}}