{"host":"v79nb9qnzs8cga96","time":1610299872,"event":{"mods":["2.2 Compatiblity","Aspiration","BaseMod","Better Note","Block Reminder","Dio Mod","Marked Mod","Minty Spire (QoL Compilation)","StSLib","vexMod"],"gold_per_floor":[112,122,137,148,223,223,241,253,280,280,311,322,341,370,370,474,474,489,509,609,307,326,357,367,367,367,386,421,421,421,440,440,440,440],"floor_reached":33,"playtime":2086,"items_purged":[],"score":303,"play_id":"b843fc19-970d-4589-a198-2f9f7c1e3af1","local_time":"20210110193112","is_ascension_mode":false,"campfire_choices":[{"data":"dioMod:Pluck","floor":6.0,"key":"SMITH"},{"floor":15.0,"key":"REST"},{"data":"dioMod:Regeneration","floor":25.0,"key":"SMITH"},{"floor":30.0,"key":"REST"},{"floor":32,"key":"RECALL"}],"circlet_count":0,"master_deck":["dioMod:Strike","dioMod:Strike","dioMod:Strike","dioMod:Strike","Bite","dioMod:Defend+1","dioMod:Defend","dioMod:Defend","dioMod:Defend","dioMod:DaggerToss","dioMod:DoubleTime+1","dioMod:DominatingPresence","dioMod:Pluck+1","dioMod:DisarmingVoice","dioMod:DaggerToss","dioMod:CoffinBath","dioMod:Despair","dioMod:ZaWarudo","dioMod:SadisticLaugh","dioMod:Regeneration+1","dioMod:BloodTransfusion","dioMod:CoffinBath+1","dioMod:SevenPageMuda","dioMod:StreetSign+1","Pain"],"relics":["dioMod:VampireBlood","MealTicket","War Paint","vexMod:HeadHunter","Bottled Lightning","Torii","Regal Pillow","aspiration:Lifesprig","Akabeko","WarpedTongs"],"acts_visited":["Exordium","TheCity"],"potions_floor_usage":[33],"damage_taken":[{"damage":0.0,"enemies":"Small Slimes","floor":1.0,"turns":4.0},{"damage":3.0,"enemies":"Cultist","floor":2.0,"turns":5.0},{"damage":4.0,"enemies":"2 Louse","floor":3.0,"turns":2.0},{"damage":13.0,"enemies":"Red Slaver","floor":4.0,"turns":4.0},{"damage":8.0,"enemies":"Exordium Wildlife","floor":7.0,"turns":5.0},{"damage":0.0,"enemies":"Looter","floor":8.0,"turns":4.0},{"damage":10.0,"enemies":"3 Sentries","floor":11.0,"turns":5.0},{"damage":9.0,"enemies":"3 Louse","floor":12.0,"turns":3.0},{"damage":20.0,"enemies":"Lots of Slimes","floor":13.0,"turns":3.0},{"damage":30.0,"enemies":"Gremlin Nob","floor":14.0,"turns":4.0},{"damage":25.0,"enemies":"Slime Boss","floor":16.0,"turns":6.0},{"damage":5.0,"enemies":"Chosen","floor":18.0,"turns":4.0},{"damage":21.0,"enemies":"2 Thieves","floor":19.0,"turns":5.0},{"damage":5.0,"enemies":"Chosen and Byrds","floor":22.0,"turns":5.0},{"damage":32.0,"enemies":"Slavers","floor":23.0,"turns":4.0},{"damage":32.0,"enemies":"Snecko","floor":24.0,"turns":7.0},{"damage":51.0,"enemies":"Cultist and Chosen","floor":27.0,"turns":10.0},{"damage":45.0,"enemies":"Gremlin Leader","floor":28.0,"turns":10.0},{"damage":12,"enemies":"3 Cultists","floor":31,"turns":5},{"damage":100,"enemies":"StardustCrusaders","floor":33,"turns":12}],"seed_played":"-1833544796050076607","potions_obtained":[{"floor":1.0,"key":"SkillPotion"},{"floor":7.0,"key":"Swift Potion"},{"floor":12.0,"key":"AttackPotion"},{"floor":24.0,"key":"Fire Potion"},{"floor":27.0,"key":"ColorlessPotion"},{"floor":28.0,"key":"SpeedPotion"}],"is_trial":false,"path_per_floor":["M","M","M","M","?","R","M","M","T","?","E","M","M","E","R","B",null,"M","M","?","$","M","E","M","R","T","M","E","?","R","M","R","B"],"character_chosen":"THE_DEFAULT","items_purchased":["Torii"],"campfire_rested":2,"item_purchase_floors":[21],"current_hp_per_floor":[75,75,75,71,60,60,60,65,65,65,66,66,60,35,57,42,75,75,60,60,75,75,54,45,45,45,25,26,26,63,75,75,0,0],"gold":440,"neow_bonus":"RANDOM_COMMON_RELIC","is_daily":false,"chose_seed":false,"campfire_upgraded":2,"win_rate":0.0,"timestamp":1610299872,"path_taken":["M","M","M","M","?","R","M","M","T","?","E","M","?","E","R","BOSS","M","M","?","$","?","E","M","R","T","M","E","?","R","M","R","BOSS"],"items_purchased_type":["Relic"],"build_version":"2020-12-22","purchased_purges":0,"victory":false,"max_hp_per_floor":[75,75,75,75,75,75,75,75,75,75,75,75,75,75,75,75,75,75,75,75,75,75,75,75,75,75,75,75,75,75,75,75,75,75],"card_choices":[{"not_picked":["dioMod:BloodShield","dioMod:HeavyLifting"],"picked":"dioMod:DaggerToss","floor":1.0},{"not_picked":["dioMod:Muda","dioMod:VengefulMuda"],"picked":"dioMod:DoubleTime","floor":2.0},{"not_picked":["dioMod:Hiss","dioMod:ComposedMuda"],"picked":"dioMod:DominatingPresence","floor":3.0},{"not_picked":["dioMod:DaggerToss","dioMod:Roundabout"],"picked":"dioMod:Pluck","floor":4.0},{"not_picked":["dioMod:SecretPlan","dioMod:HeavyLifting","dioMod:DominatingPresence"],"picked":"SKIP","floor":7.0},{"not_picked":["dioMod:DaggerToss","dioMod:VengefulMuda"],"picked":"dioMod:DisarmingVoice","floor":8.0},{"not_picked":["dioMod:SecretPlan","dioMod:BloodShield"],"picked":"dioMod:CoffinBath","floor":11.0},{"not_picked":["dioMod:BloodSplash","dioMod:TripleThreat","dioMod:WRYYY"],"picked":"SKIP","floor":12.0},{"not_picked":["dioMod:SecretPlan","dioMod:ComposedMuda","dioMod:DarkRebirth"],"picked":"SKIP","floor":13.0},{"not_picked":["dioMod:ZaWarudo","dioMod:PathToHeaven"],"picked":"dioMod:Despair","floor":14.0},{"not_picked":["dioMod:HeavyLifting","dioMod:CutDeep","dioMod:SecretPlan"],"picked":"SKIP","floor":14.0},{"not_picked":["dioMod:GoldVial","dioMod:Refresh"],"picked":"dioMod:ZaWarudo","floor":16.0},{"not_picked":["dioMod:Roundabout","dioMod:Diversion","dioMod:DominatingPresence"],"picked":"SKIP","floor":18.0},{"not_picked":["dioMod:ComposedMuda","dioMod:DoubleTime"],"picked":"dioMod:SadisticLaugh","floor":19.0},{"not_picked":["dioMod:HeavyLifting","dioMod:WRYYY","dioMod:BlendIn"],"picked":"SKIP","floor":22.0},{"not_picked":["dioMod:UltimateSacrifice","dioMod:PhantomBlood"],"picked":"dioMod:Regeneration","floor":23.0},{"not_picked":["dioMod:DaggerToss","dioMod:SecretPlan"],"picked":"dioMod:BloodTransfusion","floor":23.0},{"not_picked":["dioMod:CautiousMuda+1","dioMod:DaggerToss"],"picked":"dioMod:CoffinBath+1","floor":24.0},{"not_picked":["dioMod:TripleThreat","dioMod:FlyAway","dioMod:BlendIn"],"picked":"SKIP","floor":27.0},{"not_picked":["dioMod:UltimateSacrifice","dioMod:ZaWarudo"],"picked":"dioMod:SevenPageMuda","floor":28.0},{"not_picked":["dioMod:FlyAway+1","dioMod:ComposedMuda+1"],"picked":"dioMod:StreetSign+1","floor":28.0},{"not_picked":["dioMod:Diversion","dioMod:DisarmingVoice+1","dioMod:ComboFever"],"picked":"SKIP","floor":31}],"player_experience":376333,"relics_obtained":[{"floor":9.0,"key":"War Paint"},{"floor":11.0,"key":"vexMod:HeadHunter"},{"floor":14.0,"key":"Bottled Lightning"},{"floor":23.0,"key":"Regal Pillow"},{"floor":26.0,"key":"aspiration:Lifesprig"},{"floor":28.0,"key":"Akabeko"}],"event_choices":[{"damage_healed":0.0,"max_hp_gain":0.0,"max_hp_loss":0.0,"gold_gain":75.0,"event_name":"World of Goop","player_choice":"Gather Gold","floor":5.0,"gold_loss":0.0,"damage_taken":11.0},{"damage_healed":0.0,"max_hp_gain":0.0,"max_hp_loss":0.0,"gold_gain":0.0,"event_name":"Match and Keep!","player_choice":"1 cards matched","floor":10.0,"gold_loss":0.0,"damage_taken":0.0,"cards_obtained":["dioMod:DaggerToss"]},{"damage_healed":0.0,"max_hp_gain":0.0,"max_hp_loss":0.0,"gold_gain":100.0,"event_name":"Golden Shrine","player_choice":"Pray","floor":20.0,"gold_loss":0.0,"damage_taken":0.0},{"damage_healed":0.0,"max_hp_gain":0.0,"max_hp_loss":0.0,"gold_gain":0.0,"event_name":"Accursed Blacksmith","player_choice":"Rummage","floor":29.0,"gold_loss":0.0,"damage_taken":0.0,"relics_obtained":["WarpedTongs"],"cards_obtained":["Pain"]}],"is_beta":false,"boss_relics":[{"not_picked":["Runic Pyramid","aspiration:SecretTechniqueScroll","Velvet Choker"]}],"items_purged_floors":[],"is_endless":false,"potions_floor_spawned":[1,7,12,14,16,18,24,27,28],"killed_by":"StardustCrusaders","ascension_level":0}}