{"host":"1yib4t3blvbtzkw7","time":1610293144,"event":{"mods":["2.2 Compatiblity","AchievementEnabler","BaseMod","Colored Map","DeckTracker","Highlight Path","Minty Spire (QoL Compilation)","Random Character Button","Rare Cards Sparkle"],"gold_per_floor":[115,290,304,379,379,379,379,410,410,428,428,454,409,429,429,429,429],"floor_reached":16,"playtime":537,"items_purged":[],"score":108,"play_id":"d9b07194-61f5-4113-a2f4-e99c6665795b","local_time":"20210110163904","is_ascension_mode":false,"campfire_choices":[{"data":"Poisoned Stab","floor":7.0,"key":"SMITH"},{"floor":11.0,"key":"REST"},{"floor":15.0,"key":"REST"}],"circlet_count":0,"master_deck":["Strike_G","Strike_G","Strike_G","Strike_G","Strike_G","Defend_G","Defend_G","Defend_G","Defend_G","Defend_G","Survivor","Neutralize+1","Cloak And Dagger","Doubt","Poisoned Stab+1","Regret","Catalyst","Deflect","Deflect","Deadly Poison","Blade Dance"],"relics":["Ring of the Snake","Calipers","Mango","Shuriken","Sundial","Centennial Puzzle"],"acts_visited":["Exordium"],"potions_floor_usage":[16],"damage_taken":[{"damage":1.0,"enemies":"Jaw Worm","floor":1.0,"turns":4.0},{"damage":0.0,"enemies":"Small Slimes","floor":3.0,"turns":3.0},{"damage":52.0,"enemies":"Gremlin Nob","floor":8.0,"turns":6.0},{"damage":0.0,"enemies":"2 Louse","floor":10.0,"turns":3.0},{"damage":32.0,"enemies":"Lagavulin","floor":12.0,"turns":8.0},{"damage":3.0,"enemies":"Looter","floor":13.0,"turns":5.0},{"damage":7.0,"enemies":"Gremlin Gang","floor":14.0,"turns":6.0},{"damage":41,"enemies":"Slime Boss","floor":16,"turns":7}],"seed_played":"-8827621446574086593","potions_obtained":[{"floor":3.0,"key":"LiquidBronze"},{"floor":14.0,"key":"SkillPotion"}],"is_trial":false,"path_per_floor":["M","?","M","?","T","?","R","E","T","M","R","E","M","M","R","B"],"character_chosen":"THE_SILENT","items_purchased":[],"campfire_rested":2,"item_purchase_floors":[],"current_hp_per_floor":[69,69,69,58,58,72,72,20,20,20,45,13,10,3,28,0,0],"gold":429,"neow_bonus":"UPGRADE_CARD","is_daily":false,"chose_seed":false,"campfire_upgraded":1,"win_rate":0.0,"timestamp":1610293144,"path_taken":["M","?","M","?","?","?","R","E","T","M","R","E","M","M","R","BOSS"],"items_purchased_type":[],"build_version":"2020-12-22","purchased_purges":0,"victory":false,"max_hp_per_floor":[70,70,70,70,70,84,84,84,84,84,84,84,84,84,84,84,84],"card_choices":[{"not_picked":["Slice","Outmaneuver"],"picked":"Cloak And Dagger","floor":1.0},{"not_picked":["Catalyst","Flying Knee"],"picked":"Poisoned Stab","floor":3.0},{"not_picked":["Distraction","Acrobatics"],"picked":"Catalyst","floor":8.0},{"not_picked":["Leg Sweep","Expertise"],"picked":"Deflect","floor":10.0},{"not_picked":["Sucker Punch","A Thousand Cuts"],"picked":"Deflect","floor":12.0},{"not_picked":["Blur","Flying Knee"],"picked":"Deadly Poison","floor":13.0},{"not_picked":["Flying Knee","Escape Plan"],"picked":"Blade Dance","floor":14.0}],"player_experience":760970,"relics_obtained":[{"floor":5.0,"key":"Calipers"},{"floor":8.0,"key":"Shuriken"},{"floor":9.0,"key":"Sundial"},{"floor":12.0,"key":"Centennial Puzzle"}],"event_choices":[{"damage_healed":0.0,"max_hp_gain":0.0,"max_hp_loss":0.0,"gold_gain":175.0,"event_name":"Liars Game","player_choice":"AGREE","floor":2.0,"gold_loss":0.0,"damage_taken":0.0,"cards_obtained":["Doubt"]},{"damage_healed":0.0,"max_hp_gain":0.0,"max_hp_loss":0.0,"gold_gain":75.0,"event_name":"World of Goop","player_choice":"Gather Gold","floor":4.0,"gold_loss":0.0,"damage_taken":11.0},{"damage_healed":0.0,"max_hp_gain":0.0,"max_hp_loss":0.0,"gold_gain":0.0,"event_name":"Big Fish","player_choice":"Box","floor":6.0,"gold_loss":0.0,"damage_taken":0.0,"relics_obtained":["Mango"],"cards_obtained":["Regret"]}],"is_beta":false,"boss_relics":[],"items_purged_floors":[],"is_endless":false,"potions_floor_spawned":[3,14],"killed_by":"Slime Boss","ascension_level":0}}