{"host":"343qqg62n5k3n5g2","time":1610288715,"event":{"mods":["ATMod(°¢èªMod)","Ascension Reborn","Aspiration","BaseMod","Challenge The Spire","Colored Powertips","Conspire","Jedi Mod","KomeijiMod","Minty Spire (QoL Compilation)","Quick Restart","Replay The Spire","SIMod","Spicy Shops","StSLib","TestMod","UnlockEverythingMod","vexMod","¡¾ÒÅÎï¿¨ÅÆ¡¿REMEMod","óô»ðÖ¸ÄÏ"],"gold_per_floor":[22,22,135,253,366,366,366,23,143,258,373,473,473,473,583,709,841,970],"floor_reached":19,"playtime":2263,"items_purged":[],"score":3115,"play_id":"5b990589-37f3-4848-853b-c3643a4caf94","local_time":"20210110222515","daily_mods":["challengethespire:Platinum Difficulty","challengethespire:Modded Boss Rush","Uncertain Future"],"is_ascension_mode":true,"campfire_choices":[{"data":"Absorbed","floor":2,"key":"SMITH"},{"data":"Scratch","floor":7,"key":"SMITH"},{"data":"Strike_Remiria","floor":13,"key":"SMITH"},{"floor":14,"key":"REST"}],"circlet_count":0,"master_deck":["Strike_Remiria","Strike_Remiria","Strike_Remiria+1","Strike_Remiria","Defend_Remirira","Defend_Remirira","Defend_Remirira","Defend_Remirira","Absorbed+1","Scratch+1","AT_FamilyPortrait+1","YoungDemonLord+1","Strike_Remiria+1","Tearing+1","VampireClaw+1","CurseofVladTepes+1","RocketKickup+1","CombatMeter+1","CurseofVladTepes+1","Feint+1","CurseofVladTepes+1","VampireKiss_Remiria+1","DamonLordCradle_Remiria+1","Culling+1","BodyStrengthen+1","BloodCleaner+1"],"relics":["ThirstyCrossSpe","The Courier","Molten Egg 2","Toxic Egg 2","Frozen Egg 2","AT_ATBox","testmod-TestBox","REME_ComplimentaryCards","testmod-Nyarlathotep","AT_SeraphEmbrace","Snack Pack","AT_Kusabimaru","AT_RabadonDeathcap","Prayer Wheel","Blood Vial","Anchor","testmod-BatchProcessingSystem","TheAbacus","testmod-ArcanaOfDestiny","AT_BellDemon","Regal Pillow","Replay:Wanted Poster","MawBank","Divine Protection","conspire:Dentures","testmod-Acrobat"],"acts_visited":["Exordium"],"potions_floor_usage":[16,18,18,18],"damage_taken":[{"damage":62,"enemies":"The Guardian","floor":3,"turns":10},{"damage":46,"enemies":"Fading Forest","floor":4,"turns":11},{"damage":0,"enemies":"Hexaghost","floor":5,"turns":4},{"damage":16,"enemies":"Pondfish","floor":9,"turns":9},{"damage":0,"enemies":"conspire:MysteriousRune","floor":10,"turns":8},{"damage":9,"enemies":"Champ","floor":11,"turns":6},{"damage":12,"enemies":"Replay:Hell Engine","floor":15,"turns":7},{"damage":47,"enemies":"conspire:OrnateMirror","floor":16,"turns":4},{"damage":32,"enemies":"Awakened One","floor":17,"turns":7},{"damage":8,"enemies":"The Heart","floor":18,"turns":6}],"seed_played":"-3589515823817790525","potions_obtained":[{"floor":3,"key":"Elixir"},{"floor":10,"key":"Flashbang"},{"floor":15,"key":"SneckoOil"},{"floor":16,"key":"Adrenaline Potion"}],"is_trial":true,"path_per_floor":["$","R","M","M","M","T","R","$","M","M","M","T","R","R","M","M","M","M",null],"character_chosen":"RemiriaScarlet","items_purchased":["YoungDemonLord+1","AT_ArchangelStaff","Snack Pack","AT_Kusabimaru","TheAbacus","RocketKickup+1","CombatMeter+1","CurseofVladTepes+1"],"campfire_rested":1,"item_purchase_floors":[1,1,1,1,8,8,8,8],"current_hp_per_floor":[100,100,51,23,27,27,27,27,25,37,36,36,36,81,87,53,41,47],"gold":982,"neow_bonus":"","is_daily":false,"chose_seed":false,"campfire_upgraded":3,"win_rate":0.0,"timestamp":1610288715,"path_taken":["$","R","M","M","M","T","R","$","M","M","M","T","R","R","M","M","M","M"],"items_purchased_type":["Card","Relic","Relic","Relic","Relic","Card","Card","Card"],"build_version":"2020-12-22","purchased_purges":0,"victory":true,"max_hp_per_floor":[100,100,100,100,100,100,100,100,100,100,100,100,100,100,100,100,100,100],"card_choices":[],"player_experience":13257,"relics_obtained":[{"floor":3,"key":"AT_RabadonDeathcap"},{"floor":4,"key":"Blood Vial"},{"floor":5,"key":"Anchor"},{"floor":9,"key":"testmod-ArcanaOfDestiny"},{"floor":10,"key":"AT_BellDemon"},{"floor":11,"key":"Regal Pillow"},{"floor":15,"key":"MawBank"},{"floor":16,"key":"Divine Protection"},{"floor":17,"key":"conspire:Dentures"},{"floor":18,"key":"testmod-Acrobat"}],"event_choices":[],"is_beta":false,"boss_relics":[{"not_picked":["vexMod:DeviousBotling","REME_ChargedStone"],"picked":"testmod-BatchProcessingSystem"},{"not_picked":["Abe\u0027s Treasure","vexMod:FluxCapacitor"],"picked":"Replay:Wanted Poster"}],"items_purged_floors":[],"is_endless":false,"potions_floor_spawned":[3,10,15,16],"ascension_level":0}}