{"host":"z9mq1tf06lkrncmk","time":1610237637,"event":{"mods":["Aspiration","BaseMod","Conspire","GifTheSpireLib","Hermit","Hubris","Minty Spire (QoL Compilation)","RatMod","Remilia??????","Replay The Spire","Robot Space Explorer","Shade Mod","StSLib","Td1madao Mod","The Cursed","The Disciple","The Dragon Tamer","The Hierophant","The Jungle","The Marked","The Necromancer","The Senshi","The Servant 0.9.4"],"gold_per_floor":[119,135,135,135,153,153,153,166,166,166,179,179,179,179,179,310,373,391,464,464,202,243,243,258,283,283,283,324,342,342,342,342],"floor_reached":30,"playtime":1327,"items_purged":[],"score":238,"play_id":"722429e8-c067-43cd-926d-51b5ffd909a3","local_time":"20210109191357","is_ascension_mode":false,"metric_token":1491,"campfire_choices":[{"data":"DTMod:InvisibleFlame","floor":6.0,"key":"SMITH"},{"data":"DTMod:ComboAttack","floor":10.0,"key":"SMITH"},{"data":"DTMod:Training","floor":12.0,"key":"SMITH"},{"data":"DTMod:Hide","floor":15.0,"key":"SMITH"},{"floor":23.0,"key":"REST"},{"floor":27.0,"key":"REST"}],"dtmod_dragon_data":[0,50,3,-1,2,0],"circlet_count":1,"master_deck":["DTMod:Strike","DTMod:Strike","DTMod:Strike+1","DTMod:DoubleHit","DTMod:TargetDefense","DTMod:TargetDefense","DTMod:TargetDefense","DTMod:TargetDefense","DTMod:SwitchingTactic","DTMod:InvisibleFlame+1","DTMod:Hide+1","DTMod:DragonDance","DTMod:ComboAttack+1","DTMod:Training+1","DTMod:Harmonize","DTMod:CleansingStrike","DTMod:BreakAttack","DTMod:InvisibleFlame","DTMod:TauntingStrike","DTMod:Threaten","DTMod:WarmUp+1","DTMod:TriAttack","DTMod:TagTeam"],"relics":["DTMod:PactStone","NeowsBlessing","Onion Ring","Golden Idol","Tiny House","aspiration:SeaSaltIceCream","Circlet","Medical Kit","Question Card","The Courier","Replay:PocketPolymizer"],"acts_visited":["Exordium","TheCity"],"potions_floor_usage":[],"damage_taken":[{"damage":0.0,"enemies":"Small Slimes","floor":1.0,"turns":1.0},{"damage":0.0,"enemies":"Cultist","floor":2.0,"turns":1.0},{"damage":0.0,"enemies":"2 Louse","floor":5.0,"turns":2.0},{"damage":2.0,"enemies":"Large Slime","floor":8.0,"turns":7.0},{"damage":0.0,"enemies":"2 Fungi Beasts","floor":11.0,"turns":2.0},{"damage":12.0,"enemies":"Fading Forest","floor":16.0,"turns":11.0},{"damage":0.0,"enemies":"Chosen","floor":18.0,"turns":4.0},{"damage":15.0,"enemies":"conspire:MimicChest","floor":22.0,"turns":8.0},{"damage":33.0,"enemies":"Shell Parasite","floor":24.0,"turns":6.0},{"damage":0.0,"enemies":"Snake Plant","floor":25.0,"turns":6.0},{"damage":21.0,"enemies":"Gremlin Leader","floor":28.0,"turns":5.0},{"damage":0,"enemies":"Snecko","floor":29,"turns":5},{"damage":30,"enemies":"3 Cultists","floor":30,"turns":4}],"seed_played":"-5406536012491931417","potions_obtained":[{"floor":2.0,"key":"Weak Potion"},{"floor":17.0,"key":"Fruit Juice"},{"floor":18.0,"key":"Adrenaline Potion"},{"floor":24.0,"key":"Regen Potion"}],"is_trial":false,"path_per_floor":["M","M","$","?","M","R","?","M","T","R","M","R","?","?","R","B",null,"M","T","?","$","?","R","M","M","T","R","E","M","M"],"character_chosen":"THE_DT","items_purchased":["Medical Kit","DTMod:InvisibleFlame","DTMod:TauntingStrike"],"campfire_rested":2,"item_purchase_floors":[21,21,21],"current_hp_per_floor":[45,45,45,45,45,45,45,43,43,43,43,43,42,42,42,30,47,47,47,47,52,37,52,19,19,19,34,25,25,0,0,0],"gold":342,"neow_bonus":"THREE_ENEMY_KILL","is_daily":false,"chose_seed":false,"campfire_upgraded":4,"win_rate":0.0,"timestamp":1610237637,"path_taken":["M","M","$","?","?","R","?","M","T","R","M","R","?","?","R","BOSS","M","?","?","$","?","R","M","M","T","R","E","?","M"],"items_purchased_type":["Relic","Card","Card"],"build_version":"2020-12-22","purchased_purges":0,"victory":false,"max_hp_per_floor":[45,45,45,45,45,45,45,45,45,45,45,45,42,42,42,42,47,47,47,47,52,52,52,52,52,52,52,52,52,52,52,52],"card_choices":[{"not_picked":["DTMod:BizarreTactic","DTMod:MasterPlan"],"picked":"DTMod:InvisibleFlame","floor":1.0},{"not_picked":["DTMod:Weaken","DTMod:BreakAttack"],"picked":"DTMod:Hide","floor":2.0},{"not_picked":["DTMod:Punisher","DTMod:CleansingStrike"],"picked":"DTMod:DragonDance","floor":5.0},{"not_picked":["DTMod:BuildUp","DTMod:Punisher"],"picked":"DTMod:ComboAttack","floor":8.0},{"not_picked":["DTMod:BurningEnergy","DTMod:MasterPlan"],"picked":"DTMod:Training","floor":11.0},{"not_picked":["DTMod:HeadStart","DTMod:StunTrap"],"picked":"DTMod:Harmonize","floor":16.0},{"not_picked":["DTMod:Threaten","DTMod:BurningEnergy"],"picked":"DTMod:CleansingStrike","floor":17.0},{"not_picked":["DTMod:Punisher","DTMod:BlazingStrike"],"picked":"DTMod:BreakAttack","floor":18.0},{"not_picked":["DTMod:Weaken+1","DTMod:Dissolve"],"picked":"DTMod:Threaten","floor":22.0},{"not_picked":["DTMod:LastStand+1","DTMod:MasterPlan","DTMod:Punisher"],"picked":"DTMod:WarmUp+1","floor":24.0},{"not_picked":["DTMod:Threaten","DTMod:DragonDance","DTMod:WarmUp","DTMod:CleansingStrike"],"picked":"SKIP","floor":25.0},{"not_picked":["DTMod:TagTeam","DTMod:WarmUp+1","DTMod:MagicField+1"],"picked":"DTMod:TriAttack","floor":28},{"not_picked":["DTMod:Training","DTMod:Punisher","DTMod:BreakAttack"],"picked":"DTMod:TagTeam","floor":29}],"player_experience":400358,"relics_obtained":[{"floor":9.0,"key":"Onion Ring"},{"floor":19.0,"key":"aspiration:SeaSaltIceCream"},{"floor":22.0,"key":"Question Card"},{"floor":26.0,"key":"The Courier"},{"floor":28,"key":"Replay:PocketPolymizer"}],"event_choices":[{"damage_healed":0.0,"max_hp_gain":0.0,"max_hp_loss":0.0,"gold_gain":0.0,"event_name":"Transmorgrifier","player_choice":"Ignored","floor":4.0,"gold_loss":0.0,"damage_taken":0.0},{"damage_healed":0.0,"max_hp_gain":0.0,"max_hp_loss":0.0,"gold_gain":0.0,"event_name":"Golden Wing","player_choice":"Ignored","floor":7.0,"gold_loss":0.0,"damage_taken":0.0},{"damage_healed":0.0,"max_hp_gain":0.0,"max_hp_loss":3.0,"gold_gain":0.0,"event_name":"Golden Idol","player_choice":"Lose Max HP","floor":13.0,"gold_loss":0.0,"damage_taken":0.0,"relics_obtained":["Golden Idol"]},{"cards_removed":["DTMod:Strike"],"damage_healed":0.0,"max_hp_gain":0.0,"max_hp_loss":0.0,"gold_gain":0.0,"event_name":"Purifier","player_choice":"Purged","floor":14.0,"gold_loss":0.0,"damage_taken":0.0}],"is_beta":false,"boss_relics":[{"not_picked":["Runic Pyramid","Kintsugi"],"picked":"Tiny House"}],"items_purged_floors":[],"is_endless":false,"potions_floor_spawned":[2,18,24],"killed_by":"3 Cultists","ascension_level":0}}