{"host":"mcdusr64esz012l0","time":1610295123,"event":{"mods":["BaseMod","Minty Spire (QoL Compilation)","Relic Stats"],"gold_per_floor":[111,128,144,156,175,175,205,205,229,239,239,266,283,318,318,391,391,407,407,253,265,284,284,284,284],"floor_reached":24,"playtime":1045,"items_purged":["Strike_G"],"score":490,"play_id":"76340315-6296-4301-9646-2e3212555ffd","local_time":"20210110111203","is_ascension_mode":true,"campfire_choices":[{"data":"Dagger Spray","floor":6,"key":"SMITH"},{"floor":8,"key":"REST"},{"data":"Predator","floor":11,"key":"SMITH"},{"floor":15,"key":"REST"},{"floor":23,"key":"REST"}],"circlet_count":0,"master_deck":["AscendersBane","Strike_G","Strike_G","Strike_G","Strike_G","Defend_G","Defend_G","Defend_G","Defend_G","Defend_G","Survivor","Neutralize","Terror","Cloak And Dagger","Masterful Stab","Dagger Spray+1","Dodge and Roll","Predator+1","Die Die Die","Deflect","Die Die Die","Acrobatics","Dash","Deflect"],"relics":["Philosopher\u0027s Stone","Regal Pillow","Strawberry","Juzu Bracelet","Centennial Puzzle","Black Star"],"acts_visited":["Exordium","TheCity"],"potions_floor_usage":[7,14,24],"damage_taken":[{"damage":0,"enemies":"2 Louse","floor":1,"turns":4},{"damage":3,"enemies":"Jaw Worm","floor":2,"turns":6},{"damage":0,"enemies":"Cultist","floor":3,"turns":3},{"damage":6,"enemies":"Blue Slaver","floor":4,"turns":4},{"damage":7,"enemies":"Exordium Wildlife","floor":5,"turns":6},{"damage":22,"enemies":"Lagavulin","floor":7,"turns":6},{"damage":3,"enemies":"Looter","floor":10,"turns":3},{"damage":0,"enemies":"Gremlin Nob","floor":12,"turns":3},{"damage":0,"enemies":"Exordium Thugs","floor":13,"turns":2},{"damage":16,"enemies":"Lagavulin","floor":14,"turns":6},{"damage":23,"enemies":"The Guardian","floor":16,"turns":11},{"damage":16,"enemies":"2 Thieves","floor":18,"turns":3},{"damage":15,"enemies":"Shell Parasite","floor":21,"turns":3},{"damage":35,"enemies":"Snake Plant","floor":22,"turns":5},{"damage":51,"enemies":"Gremlin Leader","floor":24,"turns":4}],"seed_played":"6671652113984871432","potions_obtained":[{"floor":1,"key":"Ancient Potion"},{"floor":2,"key":"BlessingOfTheForge"},{"floor":7,"key":"Strength Potion"},{"floor":21,"key":"DuplicationPotion"}],"is_trial":false,"path_per_floor":["M","M","M","M","M","R","E","R","T","M","R","E","M","E","R","B",null,"M","?","$","M","M","R","E"],"character_chosen":"THE_SILENT","items_purchased":["Dash"],"campfire_rested":3,"item_purchase_floors":[20],"current_hp_per_floor":[59,56,56,50,43,43,21,55,62,59,59,59,59,43,73,50,67,51,51,51,36,1,37,0,0],"gold":284,"neow_bonus":"BOSS_RELIC","is_daily":false,"chose_seed":false,"campfire_upgraded":2,"win_rate":0.0,"timestamp":1610295123,"path_taken":["M","M","M","M","M","R","E","R","T","M","R","E","M","E","R","BOSS","M","?","$","M","M","R","E"],"items_purchased_type":["Card"],"build_version":"2020-12-22","purchased_purges":1,"victory":false,"max_hp_per_floor":[66,66,66,66,66,66,66,66,73,73,73,73,73,73,73,73,73,73,73,73,73,73,73,73,73],"relic_stats":{"Regal Pillow":39,"Centennial Puzzle":[15],"counters":[15,69],"Juzu Bracelet":0,"Black Star":0,"obtain_stats":[{"Regal Pillow":7,"Centennial Puzzle":14,"Strawberry":9,"Philosopher\u0027s Stone":0,"Juzu Bracelet":12,"Black Star":17,"Ring of the Snake":0},{"Regal Pillow":6,"Centennial Puzzle":10,"Strawberry":6,"Philosopher\u0027s Stone":0,"Juzu Bracelet":8,"Black Star":11,"Ring of the Snake":0},{"Regal Pillow":29,"Centennial Puzzle":43,"Strawberry":29,"Philosopher\u0027s Stone":0,"Juzu Bracelet":35,"Black Star":54,"Ring of the Snake":0}]},"card_choices":[{"not_picked":["Slice","Catalyst"],"picked":"Terror","floor":1},{"not_picked":["Catalyst","Cloak And Dagger","Escape Plan"],"picked":"SKIP","floor":2},{"not_picked":["Setup","Prepared"],"picked":"Cloak And Dagger","floor":3},{"not_picked":["Reflex","Accuracy"],"picked":"Masterful Stab","floor":4},{"not_picked":["Choke","Deadly Poison"],"picked":"Dagger Spray","floor":5},{"not_picked":["Endless Agony","Prepared"],"picked":"Dodge and Roll","floor":7},{"not_picked":["Expertise","Escape Plan"],"picked":"Predator","floor":10},{"not_picked":["Poisoned Stab","Flechettes"],"picked":"Die Die Die","floor":12},{"not_picked":["Heel Hook","Sucker Punch","Outmaneuver"],"picked":"SKIP","floor":13},{"not_picked":["Dagger Throw","Catalyst"],"picked":"Deflect","floor":14},{"not_picked":["Grand Finale","Doppelganger"],"picked":"Die Die Die","floor":16},{"not_picked":["Endless Agony","Bane"],"picked":"Acrobatics","floor":18},{"not_picked":["Dodge and Roll","Finisher"],"picked":"Deflect","floor":21},{"not_picked":["Backstab+1","Heel Hook","Predator+1"],"picked":"SKIP","floor":22}],"player_experience":1041208,"relics_obtained":[{"floor":7,"key":"Regal Pillow"},{"floor":9,"key":"Strawberry"},{"floor":12,"key":"Juzu Bracelet"},{"floor":14,"key":"Centennial Puzzle"}],"event_choices":[{"damage_healed":0,"gold_gain":0,"player_choice":"Ignored","damage_taken":0,"max_hp_gain":0,"max_hp_loss":0,"event_name":"The Mausoleum","floor":19,"gold_loss":0}],"is_beta":false,"boss_relics":[{"not_picked":["Busted Crown","Empty Cage"],"picked":"Black Star"}],"items_purged_floors":[20],"is_endless":false,"potions_floor_spawned":[1,2,4,7,21],"killed_by":"Gremlin Leader","ascension_level":20}}