{"host":"p7j7o00jacnw7qzt","time":1610248597,"event":{"mods":["BaseMod","Colored Map","Colored Powertips","DeckTracker","Highlight Path","Minty Spire (QoL Compilation)","Relic Stats"],"gold_per_floor":[110,110,9,9,28,57,57,92,92,92,105,105,140,40,40,112,112,122,122,136,151,151,180,180,212,212,212,212],"floor_reached":27,"playtime":1095,"items_purged":["Strike_R","Strike_R"],"score":634,"play_id":"c8b7cdf3-0b18-425a-af42-94f08f7c9b24","local_time":"20210109221637","is_ascension_mode":true,"campfire_choices":[{"data":"Body Slam","floor":10.0,"key":"SMITH"},{"floor":12.0,"key":"RECALL"},{"data":"True Grit","floor":15.0,"key":"SMITH"},{"data":"Second Wind","floor":24.0,"key":"SMITH"}],"circlet_count":0,"master_deck":["AscendersBane","Strike_R","Strike_R","Strike_R","Defend_R","Defend_R","Defend_R","Defend_R","Bash","Armaments+1","True Grit+1","Second Wind","Body Slam+1","Whirlwind+1","Berserk+1","Battle Trance","Power Through","Second Wind+1","Barricade+1"],"relics":["Burning Blood","NeowsBlessing","Kunai","Centennial Puzzle","PreservedInsect","Molten Egg 2","Frozen Egg 2","Coffee Dripper","Letter Opener","Tiny Chest"],"acts_visited":["Exordium","TheCity"],"potions_floor_usage":[],"damage_taken":[{"damage":0.0,"enemies":"Small Slimes","floor":1.0,"turns":1.0},{"damage":0.0,"enemies":"Cultist","floor":5.0,"turns":1.0},{"damage":0.0,"enemies":"Lagavulin","floor":6.0,"turns":1.0},{"damage":43.0,"enemies":"3 Sentries","floor":8.0,"turns":27.0},{"damage":0.0,"enemies":"Jaw Worm","floor":11.0,"turns":3.0},{"damage":0.0,"enemies":"Gremlin Nob","floor":13.0,"turns":3.0},{"damage":16.0,"enemies":"The Guardian","floor":16.0,"turns":13.0},{"damage":21.0,"enemies":"Spheric Guardian","floor":18.0,"turns":6.0},{"damage":10.0,"enemies":"Shell Parasite","floor":20.0,"turns":3.0},{"damage":8.0,"enemies":"3 Cultists","floor":21.0,"turns":4.0},{"damage":33.0,"enemies":"Gremlin Leader","floor":23.0,"turns":5.0},{"damage":10,"enemies":"Book of Stabbing","floor":25,"turns":5},{"damage":16,"enemies":"Sentry and Sphere","floor":27,"turns":2}],"seed_played":"5470094345565673010","potions_obtained":[{"floor":5.0,"key":"Dexterity Potion"},{"floor":6.0,"key":"DuplicationPotion"},{"floor":16.0,"key":"SneckoOil"},{"floor":19.0,"key":"Ancient Potion"},{"floor":21.0,"key":"BlessingOfTheForge"}],"is_trial":false,"path_per_floor":["M","?","$","?","M","E","?","E","T","R","M","R","E","$","R","B",null,"M","?","M","M","?","E","R","E","T","M"],"character_chosen":"IRONCLAD","items_purchased":["Shrug It Off"],"campfire_rested":0,"item_purchase_floors":[3],"current_hp_per_floor":[74,74,74,74,75,75,75,38,38,38,44,44,50,50,50,40,66,51,51,47,45,45,18,18,14,14,0,0],"gold":212,"neow_bonus":"THREE_ENEMY_KILL","is_daily":false,"chose_seed":false,"campfire_upgraded":3,"win_rate":0.0,"timestamp":1610248597,"path_taken":["M","?","$","?","?","E","?","E","T","R","M","R","E","?","R","BOSS","M","?","?","?","?","E","R","E","T","M"],"items_purchased_type":["Card"],"build_version":"2020-12-22","purchased_purges":2,"victory":false,"max_hp_per_floor":[75,75,75,75,75,75,75,75,75,75,75,75,75,75,75,75,75,75,75,75,75,75,75,75,75,75,75,75],"relic_stats":{"Centennial Puzzle":[24],"counters":[13,74],"Tiny Chest":0,"PreservedInsect":116,"Kunai":[12],"Letter Opener":[5],"obtain_stats":[{"Centennial Puzzle":6,"NeowsBlessing":0,"Molten Egg 2":9,"Tiny Chest":25,"PreservedInsect":8,"Coffee Dripper":17,"Kunai":4,"Letter Opener":23,"Frozen Egg 2":13,"Burning Blood":0},{"Centennial Puzzle":3,"NeowsBlessing":0,"Molten Egg 2":4,"Tiny Chest":12,"PreservedInsect":4,"Coffee Dripper":7,"Kunai":1,"Letter Opener":11,"Frozen Egg 2":6,"Burning Blood":0},{"Centennial Puzzle":3,"NeowsBlessing":0,"Molten Egg 2":30,"Tiny Chest":72,"PreservedInsect":30,"Coffee Dripper":49,"Kunai":1,"Letter Opener":67,"Frozen Egg 2":36,"Burning Blood":0}],"Burning Blood":61},"card_choices":[{"not_picked":["Pommel Strike","Havoc"],"picked":"Armaments","floor":1.0},{"not_picked":["Heavy Blade","Clothesline"],"picked":"True Grit","floor":5.0},{"not_picked":["Flex","Spot Weakness"],"picked":"Second Wind","floor":6.0},{"not_picked":["Flex","Havoc"],"picked":"Body Slam","floor":8.0},{"not_picked":["Havoc","Carnage+1","Infernal Blade"],"picked":"SKIP","floor":11.0},{"not_picked":["Thunderclap+1","True Grit"],"picked":"Whirlwind+1","floor":13.0},{"not_picked":["Feed+1","Fiend Fire+1"],"picked":"Berserk+1","floor":16.0},{"not_picked":["Ghostly Armor+1","Cleave+1"],"picked":"Battle Trance","floor":18.0},{"not_picked":["Perfected Strike+1","Armaments+1","Battle Trance"],"picked":"SKIP","floor":20.0},{"not_picked":["Sword Boomerang+1","Bloodletting"],"picked":"Power Through","floor":21.0},{"not_picked":["Feel No Pain+1","Dropkick+1"],"picked":"Barricade+1","floor":23.0},{"not_picked":["Body Slam+1","Thunderclap+1","Intimidate"],"picked":"SKIP","floor":25}],"player_experience":1026613,"relics_obtained":[{"floor":6.0,"key":"Centennial Puzzle"},{"floor":8.0,"key":"PreservedInsect"},{"floor":9.0,"key":"Molten Egg 2"},{"floor":13.0,"key":"Frozen Egg 2"},{"floor":23.0,"key":"Letter Opener"},{"floor":25,"key":"Tiny Chest"}],"event_choices":[{"damage_healed":0.0,"max_hp_gain":0.0,"max_hp_loss":0.0,"gold_gain":0.0,"event_name":"Shining Light","player_choice":"Ignored","floor":2.0,"gold_loss":0.0,"damage_taken":0.0},{"cards_removed":["Shrug It Off"],"damage_healed":0.0,"max_hp_gain":0.0,"max_hp_loss":0.0,"gold_gain":0.0,"event_name":"WeMeetAgain","player_choice":"Gave Card","floor":4.0,"gold_loss":0.0,"damage_taken":0.0,"relics_obtained":["Kunai"]},{"damage_healed":0.0,"max_hp_gain":0.0,"max_hp_loss":0.0,"gold_gain":0.0,"event_name":"Upgrade Shrine","player_choice":"Upgraded","floor":7.0,"gold_loss":0.0,"damage_taken":0.0,"cards_upgraded":["Armaments"]},{"damage_healed":0.0,"max_hp_gain":0.0,"max_hp_loss":0.0,"gold_gain":0.0,"event_name":"Lab","player_choice":"Got Potions","floor":19.0,"gold_loss":0.0,"damage_taken":0.0},{"damage_healed":0.0,"max_hp_gain":0.0,"max_hp_loss":0.0,"gold_gain":0.0,"event_name":"Duplicator","player_choice":"Copied","floor":22.0,"gold_loss":0.0,"damage_taken":0.0,"cards_obtained":["Second Wind"]}],"is_beta":false,"boss_relics":[{"not_picked":["Sozu","SlaversCollar"],"picked":"Coffee Dripper"}],"items_purged_floors":[3,14],"is_endless":false,"potions_floor_spawned":[5,6,16,21],"killed_by":"Sentry and Sphere","ascension_level":20}}