{"host":"mydft8i2zzydgggw","time":1610294147,"event":{"mods":["AchievementEnabler","BaseMod","BetterRewards","Colored Map","Colored Powertips","DeckTracker","Keyboard Shortcuts","Minty Spire (QoL Compilation)","Quick Restart","Rare Cards Sparkle","StSLib","SuperFastMode","The Poker Player","everything is the same but u backflip on backflip"],"gold_per_floor":[113,63,63,78,3,3,29,39,39,56,56,75,100,115,115,216,216,235,250,262,262,262,262,275,275,302,302,105,105,105,121,121,121,121],"floor_reached":33,"playtime":672,"items_purged":["Defend_P","Strike_P"],"score":326,"play_id":"f5e78a99-937d-45c2-b470-f0bcab6d7121","local_time":"20210111005547","is_ascension_mode":true,"campfire_choices":[{"data":"Eruption","floor":6,"key":"SMITH"},{"data":"FearNoEvil","floor":11,"key":"SMITH"},{"data":"MentalFortress","floor":15,"key":"SMITH"},{"floor":23,"key":"REST"},{"floor":27,"key":"REST"},{"floor":29,"key":"REST"},{"floor":32,"key":"REST"}],"circlet_count":0,"master_deck":["Strike_P+1","Strike_P+1","Defend_P","Defend_P","Eruption+1","Vigilance+1","FearNoEvil+1","MentalFortress+1","LessonLearned","CurseOfTheBell","FlurryOfBlows","Writhe"],"relics":["PureWater","NeowsBlessing","Dead Branch","Letter Opener","Orichalcum","Calling Bell","Dream Catcher","HornCleat","Shovel","Mummified Hand","Smiling Mask","Medical Kit","StoneCalendar"],"acts_visited":["Exordium","TheCity"],"potions_floor_usage":[16,16,16,16,16,20,33],"damage_taken":[{"damage":0,"enemies":"2 Louse","floor":1,"turns":1},{"damage":0,"enemies":"Jaw Worm","floor":4,"turns":1},{"damage":0,"enemies":"Lagavulin","floor":7,"turns":1},{"damage":0,"enemies":"Cultist","floor":8,"turns":2},{"damage":10,"enemies":"Lots of Slimes","floor":10,"turns":4},{"damage":11,"enemies":"Exordium Thugs","floor":12,"turns":3},{"damage":0,"enemies":"Large Slime","floor":14,"turns":2},{"damage":14,"enemies":"The Guardian","floor":16,"turns":6},{"damage":0,"enemies":"Spheric Guardian","floor":18,"turns":3},{"damage":18,"enemies":"3 Byrds","floor":19,"turns":7},{"damage":20,"enemies":"Snake Plant","floor":20,"turns":4},{"damage":28,"enemies":"Sentry and Sphere","floor":24,"turns":6},{"damage":26,"enemies":"Snecko","floor":31,"turns":6},{"damage":83,"enemies":"Champ","floor":33,"turns":10}],"seed_played":"4490135884610704328","potions_obtained":[{"floor":4,"key":"Block Potion"},{"floor":12,"key":"ColorlessPotion"},{"floor":14,"key":"EntropicBrew"},{"floor":19,"key":"BlessingOfTheForge"},{"floor":31,"key":"Fruit Juice"}],"is_trial":false,"path_per_floor":["M","?","?","M","$","R","E","M","T","M","R","M","T","M","R","B",null,"M","M","M","?","?","R","M","?","T","R","$","R","T","M","R","B"],"character_chosen":"WATCHER","items_purchased":["Medical Kit"],"campfire_rested":4,"item_purchase_floors":[28],"current_hp_per_floor":[72,72,72,72,72,72,72,72,72,62,62,51,51,51,51,37,72,72,54,34,34,34,55,27,27,27,48,48,69,69,43,64,0,0],"gold":121,"neow_bonus":"THREE_ENEMY_KILL","is_daily":false,"chose_seed":false,"campfire_upgraded":3,"win_rate":0.0,"timestamp":1610294147,"path_taken":["M","?","?","?","$","R","E","M","T","?","R","M","?","?","R","BOSS","M","M","M","?","?","R","M","?","T","R","?","R","?","?","R","BOSS"],"items_purchased_type":["Relic"],"build_version":"2020-12-22","purchased_purges":2,"victory":false,"max_hp_per_floor":[72,72,72,72,72,72,72,72,72,72,72,72,72,72,72,72,72,72,72,72,72,72,72,72,72,72,72,72,72,72,72,72,77,77],"card_choices":[{"not_picked":["ThirdEye","CutThroughFate","Swivel"],"picked":"SKIP","floor":1},{"not_picked":["WaveOfTheHand","CarveReality"],"picked":"FearNoEvil","floor":4},{"not_picked":["Pray","FollowUp","MasterReality"],"picked":"SKIP","floor":7},{"not_picked":["Fasting2","FollowUp","BowlingBash"],"picked":"SKIP","floor":8},{"not_picked":["SashWhip","DeceiveReality","ThirdEye"],"picked":"SKIP","floor":10},{"not_picked":["Wireheading","ClearTheMind"],"picked":"MentalFortress","floor":12},{"not_picked":["BowlingBash","FearNoEvil","EmptyFist"],"picked":"SKIP","floor":14},{"not_picked":["DevaForm","Ragnarok"],"picked":"LessonLearned","floor":16},{"not_picked":["Weave","EmptyFist","SashWhip"],"picked":"SKIP","floor":18},{"not_picked":["Halt","MentalFortress","Swivel"],"picked":"SKIP","floor":19},{"not_picked":["CrushJoints","BowlingBash+1","Nirvana"],"picked":"SKIP","floor":20},{"not_picked":["CrushJoints+1","EmptyFist","Wireheading"],"picked":"SKIP","floor":24},{"not_picked":["CrushJoints+1","EmptyFist","Wireheading"],"picked":"SKIP","floor":24},{"not_picked":["ThirdEye","Consecrate","Ragnarok"],"picked":"SKIP","floor":31}],"player_experience":167803,"relics_obtained":[{"floor":7,"key":"Dead Branch"},{"floor":9,"key":"Letter Opener"},{"floor":13,"key":"Orichalcum"},{"floor":17,"key":"Dream Catcher"},{"floor":17,"key":"HornCleat"},{"floor":17,"key":"Shovel"},{"floor":26,"key":"Smiling Mask"},{"floor":30,"key":"StoneCalendar"}],"event_choices":[{"cards_removed":["Strike_P"],"damage_healed":0,"gold_gain":0,"player_choice":"Card Removal","damage_taken":0,"max_hp_gain":0,"max_hp_loss":0,"event_name":"The Cleric","floor":2,"gold_loss":50},{"cards_removed":["Defend_P"],"damage_healed":0,"gold_gain":0,"player_choice":"Offered Basic","damage_taken":0,"max_hp_gain":0,"max_hp_loss":0,"event_name":"Bonfire Elementals","floor":3,"gold_loss":0},{"damage_healed":0,"gold_gain":0,"player_choice":"Read","damage_taken":0,"max_hp_gain":0,"max_hp_loss":0,"event_name":"The Library","floor":21,"gold_loss":0,"cards_obtained":["FlurryOfBlows"]},{"damage_healed":0,"gold_gain":0,"player_choice":"Ignored","damage_taken":0,"max_hp_gain":0,"max_hp_loss":0,"event_name":"Ghosts","floor":22,"gold_loss":0},{"damage_healed":0,"gold_gain":0,"player_choice":"Opened","damage_taken":0,"relics_obtained":["Mummified Hand"],"max_hp_gain":0,"max_hp_loss":0,"event_name":"The Mausoleum","floor":25,"gold_loss":0,"cards_obtained":["Writhe"]}],"is_beta":false,"boss_relics":[{"not_picked":["Fusion Hammer","Astrolabe"],"picked":"Calling Bell"}],"items_purged_floors":[5,28],"is_endless":false,"potions_floor_spawned":[4,12,14,19,31],"killed_by":"Champ","ascension_level":4}}