{"host":"95i1gxnztdrdyvhi","time":1610302283,"event":{"mods":["AchievementEnabler","Act Like it!","BaseMod","Downfall","Minty Spire (QoL Compilation)","Quick Restart","StSLib"],"gold_per_floor":[99,119,29,129,145,145,223,148,183,194,213,232,292,292,302,302,302,302],"floor_reached":16,"playtime":6113,"items_purged":["champ:Defend"],"score":127,"play_id":"b8658a68-3467-4cc3-98c8-113d82b80008","local_time":"20210110181123","is_ascension_mode":false,"campfire_choices":[{"data":"champ:Taunt","floor":1,"key":"SMITH"},{"floor":8,"key":"RECALL"}],"circlet_count":0,"master_deck":["champ:Strike","champ:Strike","champ:Strike","champ:Strike","champ:Defend","champ:Defend","champ:Defend","champ:Execute","champ:Taunt+1","champ:AdrenalArmor","champ:GutPunch","champ:CheapShot","champ:Encircle","champ:AdrenalArmor"],"relics":["champ:ChampionCrown","WristBlade","HornCleat","downfall:HeartBlessingBlue","Smiling Mask","Mummified Hand"],"acts_visited":["Exordium"],"potions_floor_usage":[5,13],"damage_taken":[{"damage":9,"enemies":"2 Louse","floor":2,"turns":3},{"damage":13,"enemies":"downfall:FleeingMerchant","floor":3,"turns":4},{"damage":62,"enemies":"downfall:FleeingMerchant","floor":4,"turns":8},{"damage":7,"enemies":"Jaw Worm","floor":5,"turns":3},{"damage":73,"enemies":"Lagavulin","floor":9,"turns":13},{"damage":9,"enemies":"Cultist","floor":10,"turns":3},{"damage":10,"enemies":"Blue Slaver","floor":11,"turns":4},{"damage":9,"enemies":"3 Louse","floor":12,"turns":3},{"damage":21,"enemies":"Lagavulin Event","floor":13,"turns":5},{"damage":20,"enemies":"Large Slime","floor":15,"turns":4},{"damage":38,"enemies":"downfall:Ironclad","floor":16,"turns":5}],"seed_played":"5378447981117906654","potions_obtained":[{"floor":2,"key":"champ:CounterPotion"},{"floor":5,"key":"Fruit Juice"},{"floor":11,"key":"DistilledChaos"},{"floor":12,"key":"Regen Potion"},{"floor":15,"key":"Explosive Potion"}],"is_trial":false,"path_per_floor":["R","M","$","?","M","T","T","R","E","M","M","M","?","?","M","B"],"character_chosen":"THE_CHAMP","items_purchased":[],"campfire_rested":0,"item_purchase_floors":[],"current_hp_per_floor":[90,90,90,50,52,52,52,62,29,29,29,29,24,24,24,3,3,3],"gold":302,"neow_bonus":"THREE_CARDS","is_daily":false,"chose_seed":false,"campfire_upgraded":1,"win_rate":0.0,"timestamp":1610302283,"path_taken":["R","M","$","?","M","?","T","R","E","?","M","M","?","?","M","BOSS"],"items_purchased_type":[],"build_version":"2020-12-22","purchased_purges":1,"victory":false,"max_hp_per_floor":[90,90,90,90,95,95,95,105,105,105,105,105,105,105,105,105,105,105],"card_choices":[{"not_picked":["champ:BladeFlurry","champ:Lariat"],"picked":"champ:AdrenalArmor","floor":0},{"not_picked":["champ:ArenaPreparation","champ:GladiatorsShout","champ:Riposte"],"picked":"SKIP","floor":2},{"not_picked":["champ:StanceDance","champ:FlashCut"],"picked":"champ:GutPunch","floor":3},{"not_picked":["champ:Haymaker","champ:FocusedGladiator"],"picked":"champ:CheapShot","floor":5},{"not_picked":["champ:FlashCut","champ:ViciousMockery","champ:FanOfKnives"],"picked":"SKIP","floor":9},{"not_picked":["champ:FanOfKnives","champ:RapidStrikes","champ:FocusedDefense"],"picked":"SKIP","floor":10},{"not_picked":["champ:PerfectedStrike","champ:BladeFlurry","champ:RisingSlash"],"picked":"SKIP","floor":11},{"not_picked":["champ:RisingSlash","champ:BladeFlurry"],"picked":"champ:Encircle","floor":12},{"not_picked":["champ:Riposte","champ:Control"],"picked":"champ:AdrenalArmor","floor":15}],"player_experience":820188,"relics_obtained":[{"floor":4,"key":"WristBlade"},{"floor":7,"key":"HornCleat"},{"floor":9,"key":"Smiling Mask"},{"floor":13,"key":"Mummified Hand"}],"event_choices":[],"is_beta":false,"boss_relics":[],"items_purged_floors":[3],"is_endless":false,"potions_floor_spawned":[2,5,11,12,15],"killed_by":"downfall:Ironclad","ascension_level":0}}