{"host":"l0ccjemsrct3bo1s","time":1610286439,"event":{"mods":["Act Like it!","BaseMod","Gensokyo","Koishi","Lobotomy","LobotomyExtend","Marisa£®ÏF”Í°°ƒß¿Ì…≥£©","Minty Spire (QoL Compilation)","Reimu£®≤©¿ˆ¡È√Œ£©","Remilia£®¿Ÿ√◊¿Ú—«£©","RumiaBox-¬∂√◊Ê´µƒ…Ò√ÿ∫–◊”","StSLib","The Administrix","The Cursed","The Servant 0.9.4","Yakumo Yukari mod","Youmu£®ªÍ∆«—˝√Œ£©","Yuyuko"],"gold_per_floor":[275,293,273,283,299,299,324,338,365,394,414,427,427,427,427,526,526,546,556,567,767,787,787,798,798,821,435,448,128,128,140,140,240,240,250,261,261,311,327,327,327,187,211,311,52,52,62,62,62,62],"floor_reached":51,"playtime":1701,"items_purged":["Strike_YM","Strike_YM","CherryBlossomSword+1","HeavenGodSword"],"score":769,"play_id":"599fd372-0bec-4617-ab71-4c68b6dd04a7","local_time":"20210110214719","is_ascension_mode":true,"campfire_choices":[{"data":"PhosphoricSlash","floor":6,"key":"SMITH"},{"data":"PhosphoricSlash","floor":13,"key":"SMITH"},{"data":"SlashOfPresentWorld","floor":15,"key":"SMITH"},{"data":"TwoHundredYojanaInOneSlash","floor":25,"key":"SMITH"},{"data":"TwoHundredYojanaInOneSlash","floor":30,"key":"SMITH"},{"floor":32,"key":"REST"},{"floor":40,"key":"REST"},{"data":"1","floor":49,"key":"LIFT"}],"circlet_count":0,"master_deck":["Defend_YM+1","Defend_YM","Defend_YM+1","SlashOfPresentWorld+1","WheelOfPainOfLivingAndDead","HumanKnowledgeSword","TwoHundredYojanaInOneSlash+1","TwoHundredYojanaInOneSlash+1","PhosphoricSlash+1","PhosphoricSlash+1","MatsuyoiReflectingSatelliteSlash","SlashOfSaigyouSpringWind+1","SlashOfTheEternalFuture","Writhe"],"relics":["MiniYoumu","LetterFromLob","Nunchaku","Strawberry","Happy Flower","Toy Ornithopter","Membership Card","Pen Nib","AntiCross","War Paint","GodSword3","Sling","Astrolabe","Girya","RuthlessExorcism:ReiMu","Juzu Bracelet","Blood Vial","TentaclePot:ReiMu"],"acts_visited":["Exordium","TheCity","TheBeyond"],"potions_floor_usage":[4,4,36,50,50,50],"damage_taken":[{"damage":0,"enemies":"Small Slimes","floor":1,"turns":4},{"damage":1,"enemies":"Cultist","floor":2,"turns":3},{"damage":11,"enemies":"Jaw Worm","floor":4,"turns":2},{"damage":11,"enemies":"Gremlin Gang","floor":5,"turns":4},{"damage":20,"enemies":"3 Sentries","floor":7,"turns":7},{"damage":0,"enemies":"Blue Slaver","floor":8,"turns":2},{"damage":6,"enemies":"Gremlin Nob","floor":10,"turns":3},{"damage":5,"enemies":"Lots of Slimes","floor":11,"turns":3},{"damage":0,"enemies":"Gremlin Gang","floor":12,"turns":2},{"damage":23,"enemies":"Slime Boss","floor":16,"turns":8},{"damage":12,"enemies":"3 Byrds","floor":18,"turns":4},{"damage":9,"enemies":"2 Thieves","floor":19,"turns":3},{"damage":4,"enemies":"Cultist and Chosen","floor":20,"turns":4},{"damage":19,"enemies":"Centurion and Healer","floor":22,"turns":4},{"damage":4,"enemies":"Shelled Parasite and Fungi","floor":24,"turns":4},{"damage":0,"enemies":"Snake Plant","floor":28,"turns":2},{"damage":0,"enemies":"Sentry and Sphere","floor":31,"turns":2},{"damage":10,"enemies":"Automaton","floor":33,"turns":6},{"damage":21,"enemies":"3 Darklings","floor":35,"turns":4},{"damage":27,"enemies":"3 Shapes","floor":36,"turns":2},{"damage":19,"enemies":"Mind Bloom Boss Battle","floor":38,"turns":4},{"damage":0,"enemies":"Spire Growth","floor":39,"turns":3},{"damage":0,"enemies":"3 Darklings","floor":47,"turns":2},{"damage":2,"enemies":"Awakened One","floor":50,"turns":5}],"seed_played":"-420020993821410564","potions_obtained":[{"floor":2,"key":"GrandPatriotsElixir:ReiMu"},{"floor":3,"key":"EntropicBrew"},{"floor":7,"key":"Dexterity Potion"},{"floor":11,"key":"ZuzhouPotion:ReiMu"},{"floor":22,"key":"Explosive Potion"},{"floor":28,"key":"GrandPatriotsElixir:ReiMu"},{"floor":31,"key":"Energy Potion"},{"floor":38,"key":"Strength Potion"},{"floor":39,"key":"Energy Potion"}],"is_trial":false,"path_per_floor":["M","M","?","M","M","R","E","M","T","E","M","M","R","?","R","B",null,"M","M","M","?","M","E","M","R","T","$","M","$","R","M","R","B",null,"M","M","?","?","M","R","?","$","T","?","$","?","M","?","R","B",null],"character_chosen":"YOUMU","items_purchased":["Membership Card","Pen Nib","AntiCross","War Paint","GodSword3","Sling","RuthlessExorcism:ReiMu","Blood Vial","TentaclePot:ReiMu","SlashOfTheEternalFuture"],"campfire_rested":2,"item_purchase_floors":[27,27,27,29,29,29,42,45,45,45],"current_hp_per_floor":[75,74,74,63,52,52,32,32,39,33,28,28,28,82,82,59,82,70,61,57,57,38,38,34,34,34,34,34,34,34,34,58,48,82,61,39,39,20,20,44,44,44,44,44,44,65,67,82,82,80],"gold":62,"neow_bonus":"","is_daily":false,"chose_seed":false,"campfire_upgraded":5,"win_rate":0.0,"timestamp":1610286439,"path_taken":["M","M","?","M","?","R","E","M","T","E","M","M","R","?","R","BOSS","M","M","?","?","?","E","M","R","T","$","?","$","R","M","R","BOSS","M","M","?","?","M","R","?","$","T","?","?","?","M","?","R","BOSS"],"items_purchased_type":["Relic","Relic","Relic","Relic","Relic","Relic","Relic","Relic","Relic","Card"],"build_version":"2020-12-22","purchased_purges":4,"victory":true,"max_hp_per_floor":[75,75,75,75,75,75,75,75,82,82,82,82,82,82,82,82,82,82,82,82,82,82,82,82,82,82,82,82,82,82,82,82,82,82,82,82,82,82,82,82,82,82,82,82,82,82,82,82,82,82],"card_choices":[{"not_picked":["SanzenSekai","FlashingScatteredFlowers"],"picked":"CrescentMoonSlash","floor":1},{"not_picked":["SpiritCuttingSword","SwordOfBindingDesires"],"picked":"HumanKnowledgeSword","floor":2},{"not_picked":["FlashingScatteredFlowers","ThreeKonsSevenHakus"],"picked":"PhosphoricSlash","floor":4},{"not_picked":["SlashOfDelusionalInnerEye","CrescentMoonSlash","ObsessionWithThePresentWorld"],"picked":"SKIP","floor":5},{"not_picked":["RapidSlash","VoidnessSword"],"picked":"TwoHundredYojanaInOneSlash","floor":7},{"not_picked":["HiganSword","KarmicPunishmentOfTheIdleAndUnfocused","ConstancyOfTheConventionalTruth"],"picked":"SKIP","floor":8},{"not_picked":["LifeCuttingSword","ConstancyOfTheConventionalTruth","ThoughtCuttingSword"],"picked":"SKIP","floor":10},{"not_picked":["SanzenSekai","LifeCuttingSword"],"picked":"TwoHundredYojanaInOneSlash","floor":11},{"not_picked":["HiganSword","ConstancyOfTheConventionalTruth"],"picked":"PhosphoricSlash","floor":12},{"not_picked":["ReincarnationSword","AsuraSword"],"picked":"HeavenGodSword","floor":16},{"not_picked":["CherryBlossomFlashing","SwordOfBindingDesires","ConstancyOfTheConventionalTruth+1"],"picked":"SKIP","floor":18},{"not_picked":["FantasyOfEnteringEnlightenment","SpiritCuttingSword+1"],"picked":"PhosphoricSlash+1","floor":19},{"not_picked":["SpiderLilyBurial+1","LifeCuttingSword+1","HumanRealmSword"],"picked":"SKIP","floor":20},{"not_picked":["KarmicPunishmentOfTheIdleAndUnfocused+1","SpiritCuttingSword","ThreeKonsSevenHakus"],"picked":"SKIP","floor":22},{"not_picked":["LifeCuttingSword+1","TwoHundredYojanaInOneSlash","BloodOfAsura"],"picked":"SKIP","floor":24},{"not_picked":["TransmigrationSlash","GreatEnlightenmentAppearingAndDisappearing","HellGodSword+1"],"picked":"SKIP","floor":28},{"not_picked":["LowerRealmReflectionSlash","BizarrenessOfSixRealms","ConstancyOfTheConventionalTruth"],"picked":"SKIP","floor":31},{"not_picked":["WickedSoul","ReincarnationSword"],"picked":"MatsuyoiReflectingSatelliteSlash","floor":33},{"not_picked":["LifeCuttingSword+1","SwordOfBindingDesires","FlashingScatteredFlowers"],"picked":"SKIP","floor":35},{"not_picked":["CherryBlossomFlashing+1","SanzenSekai+1","FantasyOfEnteringEnlightenment"],"picked":"SKIP","floor":36},{"not_picked":["DoubleWheelOfPain+1","LifeCuttingSword","HumanKnowledgeSword+1"],"picked":"SKIP","floor":39},{"not_picked":["ConstancyOfTheConventionalTruth+1","GreatEnlightenmentAppearingAndDisappearing","FlashingScatteredFlowers+1"],"picked":"SKIP","floor":47}],"player_experience":375297,"relics_obtained":[{"floor":1,"key":"LetterFromLob"},{"floor":7,"key":"Nunchaku"},{"floor":9,"key":"Strawberry"},{"floor":10,"key":"Happy Flower"},{"floor":26,"key":"Toy Ornithopter"},{"floor":38,"key":"Girya"},{"floor":43,"key":"Juzu Bracelet"}],"event_choices":[{"damage_healed":0,"gold_gain":0,"player_choice":"Bought 1 Potion","damage_taken":0,"max_hp_gain":0,"max_hp_loss":0,"event_name":"The Woman in Blue","floor":3,"gold_loss":0},{"damage_healed":54,"gold_gain":0,"player_choice":"Full Heal","damage_taken":0,"max_hp_gain":0,"max_hp_loss":0,"event_name":"Wheel of Change","floor":14,"gold_loss":0},{"damage_healed":0,"gold_gain":200,"player_choice":"Gold","damage_taken":0,"max_hp_gain":0,"max_hp_loss":0,"event_name":"Wheel of Change","floor":21,"gold_loss":0},{"damage_healed":0,"gold_gain":0,"player_choice":"Memory 1","damage_taken":0,"max_hp_gain":0,"max_hp_loss":0,"event_name":"SensoryStone","floor":37,"gold_loss":0},{"damage_healed":0,"gold_gain":0,"player_choice":"Fight","damage_taken":0,"max_hp_gain":0,"max_hp_loss":0,"event_name":"MindBloom","floor":38,"gold_loss":0},{"damage_healed":0,"gold_gain":0,"player_choice":"Ignored","damage_taken":0,"max_hp_gain":0,"max_hp_loss":0,"event_name":"NoteForYourself","floor":41,"gold_loss":0},{"damage_healed":0,"gold_gain":100,"player_choice":"Pray","damage_taken":0,"max_hp_gain":0,"max_hp_loss":0,"event_name":"Golden Shrine","floor":44,"gold_loss":0},{"damage_healed":21,"gold_gain":0,"player_choice":"Writhe","damage_taken":0,"max_hp_gain":0,"max_hp_loss":0,"event_name":"Winding Halls","floor":46,"gold_loss":0,"cards_obtained":["Writhe"]}],"is_beta":false,"boss_relics":[{"not_picked":["SlaversCollar","Black Star"],"picked":"MiniYoumu"},{"not_picked":["Cursed Key","Velvet Choker"],"picked":"Astrolabe"}],"items_purged_floors":[27,29,42,45],"is_endless":false,"potions_floor_spawned":[2,7,11,22,24,28,31,33,38,39],"ascension_level":1}}