{"host":"52m1o8iwwagurbjs","time":1610246569,"event":{"mods":["AchievementEnabler","BaseMod","Bestiary","Colored Powertips","GifTheSpireLib","Minty Spire (QoL Compilation)","Quick Restart","RNG Fix","Relic Stats","StSLib"],"gold_per_floor":[113,113,132,142,159,159,193,193,218,238,265,265,297,313,313,313,313],"floor_reached":16,"playtime":761,"items_purged":[],"score":244,"play_id":"3417728e-8b40-49d2-abb8-e6fb1965aac9","local_time":"20210109214249","is_ascension_mode":true,"campfire_choices":[{"data":"Crippling Poison","floor":6.0,"key":"SMITH"},{"floor":15.0,"key":"REST"}],"circlet_count":0,"master_deck":["AscendersBane","Strike_G","Strike_G","Strike_G","Strike_G","Defend_G","Defend_G","Defend_G","Defend_G","Defend_G","Survivor","Neutralize","Blade Dance","Glass Knife","Backstab","Eviscerate","Predator","Crippling Poison+1","Dodge and Roll","Leg Sweep","Malaise"],"relics":["Snecko Eye","Strawberry","Centennial Puzzle","Tiny Chest","MealTicket","Juzu Bracelet"],"acts_visited":["Exordium"],"potions_floor_usage":[],"damage_taken":[{"damage":3.0,"enemies":"Cultist","floor":1.0,"turns":5.0},{"damage":0.0,"enemies":"2 Louse","floor":3.0,"turns":2.0},{"damage":0.0,"enemies":"Small Slimes","floor":4.0,"turns":1.0},{"damage":0.0,"enemies":"3 Louse","floor":5.0,"turns":3.0},{"damage":12.0,"enemies":"3 Sentries","floor":7.0,"turns":6.0},{"damage":0.0,"enemies":"Large Slime","floor":10.0,"turns":3.0},{"damage":22.0,"enemies":"Gremlin Nob","floor":11.0,"turns":4.0},{"damage":6.0,"enemies":"Lagavulin","floor":13.0,"turns":4.0},{"damage":2.0,"enemies":"Exordium Thugs","floor":14.0,"turns":3.0},{"damage":37,"enemies":"Hexaghost","floor":16,"turns":8}],"seed_played":"-841559921095808694","potions_obtained":[{"floor":1.0,"key":"Energy Potion"},{"floor":3.0,"key":"Dexterity Potion"},{"floor":5.0,"key":"EssenceOfSteel"}],"is_trial":false,"path_per_floor":["M","?","M","M","M","R","E","?","T","M","E","?","E","M","R","B"],"character_chosen":"THE_SILENT","items_purchased":[],"campfire_rested":1,"item_purchase_floors":[],"current_hp_per_floor":[56,56,56,56,56,56,51,51,51,51,29,24,18,16,37,0,0],"gold":313,"neow_bonus":"BOSS_RELIC","is_daily":false,"chose_seed":false,"campfire_upgraded":1,"win_rate":0.0,"timestamp":1610246569,"path_taken":["M","?","M","M","M","R","E","?","T","M","E","?","E","M","R","BOSS"],"items_purchased_type":[],"build_version":"2020-12-22","purchased_purges":0,"victory":false,"max_hp_per_floor":[66,66,66,66,66,66,73,73,73,73,73,73,73,73,73,73,73],"relic_stats":{"Centennial Puzzle":[12],"counters":[10,39],"Snecko Eye":[74,66,74,57],"Tiny Chest":0,"MealTicket":0,"Juzu Bracelet":0,"obtain_stats":[{"Centennial Puzzle":9,"Strawberry":7,"Snecko Eye":0,"Tiny Chest":11,"MealTicket":12,"Juzu Bracelet":13,"Ring of the Snake":0},{"Centennial Puzzle":5,"Strawberry":5,"Snecko Eye":0,"Tiny Chest":7,"MealTicket":7,"Juzu Bracelet":8,"Ring of the Snake":0},{"Centennial Puzzle":17,"Strawberry":17,"Snecko Eye":0,"Tiny Chest":24,"MealTicket":24,"Juzu Bracelet":28,"Ring of the Snake":0}]},"card_choices":[{"not_picked":["Dodge and Roll","Backflip"],"picked":"Blade Dance","floor":1.0},{"not_picked":["Escape Plan","Dodge and Roll"],"picked":"Eviscerate","floor":3.0},{"not_picked":["Cloak And Dagger","Backflip"],"picked":"Predator","floor":4.0},{"not_picked":["Skewer","Cloak And Dagger"],"picked":"Crippling Poison","floor":5.0},{"not_picked":["Underhanded Strike","Blur","Eviscerate"],"picked":"SKIP","floor":7.0},{"not_picked":["Endless Agony","Bane"],"picked":"Dodge and Roll","floor":10.0},{"not_picked":["Underhanded Strike","Infinite Blades"],"picked":"Leg Sweep","floor":11.0},{"not_picked":["Bane","Acrobatics"],"picked":"Malaise","floor":13.0},{"not_picked":["Flechettes","Dodge and Roll","Quick Slash"],"picked":"SKIP","floor":14.0}],"player_experience":1107189,"relics_obtained":[{"floor":7.0,"key":"Strawberry"},{"floor":9.0,"key":"Centennial Puzzle"},{"floor":11.0,"key":"Tiny Chest"},{"floor":13.0,"key":"Juzu Bracelet"}],"event_choices":[{"damage_healed":0.0,"max_hp_gain":0.0,"max_hp_loss":0.0,"gold_gain":0.0,"event_name":"Match and Keep!","player_choice":"2 cards matched","floor":2.0,"gold_loss":0.0,"damage_taken":0.0,"cards_obtained":["Glass Knife","Backstab"]},{"cards_removed":["Strike_G"],"damage_healed":0.0,"max_hp_gain":0.0,"max_hp_loss":0.0,"gold_gain":0.0,"event_name":"Bonfire Elementals","player_choice":"Offered Basic","floor":8.0,"gold_loss":0.0,"damage_taken":0.0},{"damage_healed":0.0,"max_hp_gain":0.0,"max_hp_loss":0.0,"gold_gain":0.0,"event_name":"Scrap Ooze","player_choice":"Success","floor":12.0,"gold_loss":0.0,"damage_taken":5.0,"relics_obtained":["MealTicket"]}],"is_beta":false,"boss_relics":[],"items_purged_floors":[],"is_endless":false,"potions_floor_spawned":[1,3,4,5],"killed_by":"Hexaghost","ascension_level":20}}