{"host":"r9v0g0iwbsx9dzwu","time":1610260112,"event":{"mods":["ATMod(阿瑾Mod)","Aspiration","BaseMod","Energized Spire","GifTheSpireLib","Minty Spire (QoL Compilation)","MostiFishMod","Replay The Spire","RumiaBox-露米娅的神秘盒子","StSLib","TestMod","The Jungle","[IsaacMod]以撒尖塔","vexMod","【功能Mod】聪明的最终Boss"],"gold_per_floor":[121,121,133,151,1150,1150,329,329,329,348,138,154,154,192,192,271,271,294,294,328,355,355,355],"floor_reached":22,"playtime":633,"items_purged":["Strike_B","Strike_B","Strike_B"],"score":497,"play_id":"4cb5a092-4904-4ef7-9015-71627808dd60","local_time":"20210110142832","is_ascension_mode":true,"campfire_choices":[{"data":"Turbo","floor":6.0,"key":"SMITH"},{"data":"Defragment","floor":8.0,"key":"SMITH"},{"data":"Coolheaded","floor":13.0,"key":"SMITH"},{"data":"ReplayTheSpireMod:Fabricate Wheel","floor":15,"key":"SMITH"}],"circlet_count":0,"master_deck":["AscendersBane","Strike_B","Defend_B","Defend_B","Defend_B","Defend_B","Zap","Dualcast","SuicideKing","Ball Lightning","Turbo+1","Coolheaded+1","Defragment+1","MostiFishMod:InterfaceCompatibility","Electrodynamics","MostiFishMod:IntelligentEquipment","Recycle","Coolheaded"],"relics":["Cracked Core","AT_ATBox","HushsDoor","testmod-TestBox","GuppysHead","SentryEyes","testmod-TheFather","Baka","Damocles","Ornamental Fan","Pantograph","vexMod:HeadHunter","aspiration:FaultyCoupler","The Courier","testmod-ConstraintPeriapt","BelialBook","AT_BellDemon","Symbiotic Virus","vexMod:MemoryStick","LastBattle","Prayer Wheel","energizedSpire:RedRose","GuppysPaw","DeathBook","AT_BellowingDragoncrestRing","Singing Bowl","YumHeart","Geode"],"acts_visited":["Exordium","Exordium"],"potions_floor_usage":[],"damage_taken":[{"damage":0.0,"enemies":"Jaw Worm","floor":1.0,"turns":1.0},{"damage":0.0,"enemies":"2 Louse","floor":3.0,"turns":1.0},{"damage":0.0,"enemies":"Cultist","floor":4.0,"turns":1.0},{"damage":0.0,"enemies":"2 Fungi Beasts","floor":10.0,"turns":1.0},{"damage":0.0,"enemies":"3 Louse","floor":12.0,"turns":1.0},{"damage":0,"enemies":"Lagavulin","floor":14,"turns":2},{"damage":2,"enemies":"The Guardian","floor":16,"turns":4},{"damage":2,"enemies":"theJungle:MUSHROOMGANG","floor":18,"turns":1},{"damage":1,"enemies":"theJungle:5_Spyders","floor":20,"turns":3},{"damage":7,"enemies":"theJungle:JungleHuntersEncounter","floor":21,"turns":3},{"damage":6,"enemies":"theJungle:2_Snecko_Cultists","floor":22,"turns":1}],"seed_played":"-4402712833496307321","potions_obtained":[{"floor":3.0,"key":"SteroidPotion"},{"floor":12.0,"key":"FearPotion"}],"is_trial":false,"path_per_floor":["M","?","M","M","?","R","$","R","T","M","$","M","R","E","R","B",null,"M","?","M","M","M"],"character_chosen":"DEFECT","items_purchased":["vexMod:HeadHunter","aspiration:FaultyCoupler","Coolheaded","Defragment","BelialBook","GuppysPaw","DeathBook"],"campfire_rested":0,"item_purchase_floors":[7,7,7,7,11,17,17],"current_hp_per_floor":[64,64,64,64,64,64,64,64,64,64,64,64,64,65,65,91,76,74,74,78,79,0,0],"gold":355,"neow_bonus":"ONE_RARE_RELIC","is_daily":false,"chose_seed":false,"campfire_upgraded":4,"win_rate":0.0,"timestamp":1610260112,"path_taken":["M","?","M","?","?","R","$","R","T","M","$","M","R","E","R","BOSS","M","?","?","M","M"],"items_purchased_type":["Relic","Relic","Card","Card","Relic","Relic","Relic"],"build_version":"2020-12-22","purchased_purges":3,"victory":false,"max_hp_per_floor":[71,71,101,101,101,101,101,101,101,101,101,101,101,101,101,101,76,76,76,80,84,84,84],"card_choices":[{"not_picked":[],"picked":"SuicideKing","floor":0.0},{"not_picked":["Rebound","Stack"],"picked":"Ball Lightning","floor":1.0},{"not_picked":["Redo","BootSequence"],"picked":"White Noise","floor":3.0},{"not_picked":["Stack","Beam Cell"],"picked":"Turbo","floor":4.0},{"not_picked":["Turbo","Hello World","Doom and Gloom"],"picked":"SKIP","floor":10.0},{"not_picked":["Genetic Algorithm","MostiFishMod:PushDownKick","Consume"],"picked":"SKIP","floor":12.0},{"not_picked":["MostiFishMod:Nova","Mirror Shield"],"picked":"MostiFishMod:InterfaceCompatibility","floor":14},{"not_picked":["Beam Cell","Compile Driver"],"picked":"ReplayTheSpireMod:Fabricate Wheel","floor":14},{"not_picked":["MostiFishMod:IceShield","ReplayTheSpireMod:Omega Cannon"],"picked":"MostiFishMod:IntelligentEquipment","floor":16},{"not_picked":["Ball Lightning","White Noise"],"picked":"Recycle","floor":18},{"not_picked":["Barrage","Gash"],"picked":"Coolheaded","floor":18},{"not_picked":["Turbo","Conserve Battery+1","Cancel"],"picked":"Singing Bowl","floor":20},{"not_picked":["Turbo","Conserve Battery","FIFO Queue+1"],"picked":"Singing Bowl","floor":20},{"not_picked":["Loop","ReplaySolidLightProjector","Reinforced Body"],"picked":"Singing Bowl","floor":21},{"not_picked":["Compile Driver","Machine Learning","Fan"],"picked":"Singing Bowl","floor":21}],"player_experience":15454,"relics_obtained":[{"floor":1.0,"key":"Baka"},{"floor":3.0,"key":"Ornamental Fan"},{"floor":4.0,"key":"Pantograph"},{"floor":9.0,"key":"The Courier"},{"floor":10.0,"key":"testmod-ConstraintPeriapt"},{"floor":12.0,"key":"AT_BellDemon"},{"floor":14,"key":"Symbiotic Virus"},{"floor":14,"key":"vexMod:MemoryStick"},{"floor":14,"key":"LastBattle"},{"floor":18,"key":"AT_BellowingDragoncrestRing"},{"floor":20,"key":"Singing Bowl"},{"floor":21,"key":"YumHeart"},{"floor":21,"key":"Geode"}],"event_choices":[{"damage_healed":0.0,"max_hp_gain":0.0,"max_hp_loss":0.0,"gold_gain":0.0,"event_name":"给自己的盒子","player_choice":"Swap Relic","floor":2.0,"relics_lost":["DaveBox"],"gold_loss":0.0,"damage_taken":0.0,"relics_obtained":["Damocles"]},{"damage_healed":0.0,"max_hp_gain":0.0,"max_hp_loss":0.0,"gold_gain":999.0,"event_name":"恩洛斯的盘子","player_choice":"Sell","floor":5.0,"relics_lost":["testmod-DreamHouse"],"gold_loss":0.0,"damage_taken":0.0}],"is_beta":false,"boss_relics":[{"not_picked":["testmod-BatchProcessingSystem","RhineFirstAidKit"],"picked":"energizedSpire:RedRose"},{"not_picked":[]}],"items_purged_floors":[7,11,17],"is_endless":false,"potions_floor_spawned":[3,12],"killed_by":"theJungle:2_Snecko_Cultists","ascension_level":20}}