{"host":"y3h3n3f7seyagppx","time":1610245231,"event":{"mods":["AlwaysNeverKeys","BaseMod","Better Vampires","Colored Powertips","DeckTracker","Emptier Cage","Minty Spire (QoL Compilation)","Permanent Neow","Quick Restart","Rare Cards Sparkle","Relic Sorter","Relic Stats","StSLib","Transform Curses"],"gold_per_floor":[209,209,209,219,9,9,9],"floor_reached":6,"playtime":443,"items_purged":[],"score":68,"play_id":"53932ecf-cad1-4543-823d-2ef3927edef0","local_time":"20210109212031","is_ascension_mode":true,"campfire_choices":[],"circlet_count":0,"master_deck":["AscendersBane","Strike_R","Strike_R","Strike_R","Strike_R","Strike_R","Defend_R","Defend_R","Defend_R","Defend_R","Bash","Immolate"],"relics":["Burning Blood","Potion Belt","Boot","Akabeko"],"acts_visited":["Exordium"],"potions_floor_usage":[],"damage_taken":[{"damage":10,"enemies":"Small Slimes","floor":1,"turns":4},{"damage":5,"enemies":"2 Louse","floor":4,"turns":4},{"damage":47,"enemies":"Lagavulin","floor":6,"turns":7}],"seed_played":"-6085566759232235617","potions_obtained":[],"is_trial":false,"path_per_floor":["M","?","?","M","$","E"],"character_chosen":"IRONCLAD","items_purchased":["Akabeko","SteroidPotion"],"campfire_rested":0,"item_purchase_floors":[5,5],"current_hp_per_floor":[64,29,29,30,30,0,0],"gold":9,"neow_bonus":"HUNDRED_GOLD","is_daily":false,"chose_seed":false,"campfire_upgraded":0,"win_rate":0.0,"timestamp":1610245231,"path_taken":["M","?","?","M","$","E"],"items_purchased_type":["Relic","Potion"],"build_version":"2020-12-22","purchased_purges":0,"victory":false,"max_hp_per_floor":[75,75,75,75,75,75,75],"relic_stats":{"counters":[3,15],"Boot":[0],"obtain_stats":[{"Potion Belt":2,"Boot":3,"Burning Blood":0,"Akabeko":5},{"Potion Belt":1,"Boot":1,"Burning Blood":0,"Akabeko":2},{"Potion Belt":4,"Boot":4,"Burning Blood":0,"Akabeko":8}],"Burning Blood":12},"card_choices":[{"not_picked":["Havoc","Warcry"],"picked":"Perfected Strike","floor":1},{"not_picked":["Heavy Blade","Sword Boomerang"],"picked":"Immolate","floor":4}],"player_experience":20591188,"relics_obtained":[],"event_choices":[{"damage_healed":0,"gold_gain":0,"player_choice":"Success","damage_taken":35,"relics_obtained":["Potion Belt"],"max_hp_gain":0,"max_hp_loss":0,"event_name":"Scrap Ooze","floor":2,"gold_loss":0},{"cards_removed":["Perfected Strike"],"damage_healed":0,"gold_gain":0,"player_choice":"Gave Card","damage_taken":0,"relics_obtained":["Boot"],"max_hp_gain":0,"max_hp_loss":0,"event_name":"WeMeetAgain","floor":3,"gold_loss":0}],"is_beta":false,"boss_relics":[],"items_purged_floors":[],"is_endless":false,"potions_floor_spawned":[],"killed_by":"Lagavulin","ascension_level":20}}