{"host":"skzt5oiq3jmvln28","time":1610269673,"event":{"mods":["AchievementEnabler","Act Like it!","BaseMod","Gensokyo","GifTheSpireLib","Marisa????????","Minty Spire (QoL Compilation)","StSLib"],"gold_per_floor":[118,68,68,68,85,115,130,145,168,168,63,83,83,117,117,117,117],"floor_reached":16,"playtime":1191,"items_purged":[],"score":135,"play_id":"4775252a-8106-4c8f-86c3-96f5295dba12","local_time":"20210110010753","is_ascension_mode":false,"campfire_choices":[{"data":"LuminesStrike","floor":10,"key":"SMITH"},{"data":"AsteroidBelt","floor":13,"key":"SMITH"},{"data":"MasterSpark","floor":15,"key":"SMITH"}],"circlet_count":0,"master_deck":["Strike_MRS","Strike_MRS+1","Strike_MRS","Strike_MRS","Defend_MRS","Defend_MRS","Defend_MRS","Defend_MRS","MasterSpark+1","UpSweep+1","GrandCross","Clumsy","LuminesStrike+1","GravityBeat","NonDirectionalLaser","DarkMatter","AsteroidBelt+1","OortCloud"],"relics":["MiniHakkero","NeowsBlessing","Gensokyo:NagashiBinaDoll","Gensokyo:Justice","Whetstone","Toy Ornithopter","Ancient Tea Set"],"acts_visited":["Gensokyo:Gensokyo"],"potions_floor_usage":[],"damage_taken":[{"damage":0,"enemies":"Gensokyo:Gryphon","floor":1,"turns":1},{"damage":0,"enemies":"Gensokyo:2_Kodama","floor":5,"turns":1},{"damage":0,"enemies":"Gensokyo:Cirno","floor":6,"turns":2},{"damage":0,"enemies":"Gensokyo:Python","floor":7,"turns":2},{"damage":1,"enemies":"Gensokyo:Kitsune","floor":8,"turns":2},{"damage":0,"enemies":"Gensokyo:5_Fairies","floor":12,"turns":3},{"damage":3,"enemies":"Gensokyo:Aya","floor":14,"turns":4},{"damage":71,"enemies":"Gensokyo:Kokoro","floor":16,"turns":14}],"seed_played":"2119410065462773074","potions_obtained":[{"floor":7,"key":"Weak Potion"},{"floor":8,"key":"AttackPotion"}],"is_trial":false,"path_per_floor":["M","?","?","?","M","E","M","M","T","R","$","M","R","E","R","B"],"character_chosen":"MARISA","items_purchased":["DarkMatter","AsteroidBelt"],"campfire_rested":0,"item_purchase_floors":[11,11],"current_hp_per_floor":[75,75,75,75,75,75,75,74,74,74,74,74,74,71,71,0,0],"gold":117,"neow_bonus":"THREE_ENEMY_KILL","is_daily":false,"chose_seed":false,"campfire_upgraded":3,"win_rate":0.0,"timestamp":1610269673,"path_taken":["M","?","?","?","?","E","M","M","T","R","?","M","R","E","R","BOSS"],"items_purchased_type":["Card","Card"],"build_version":"2020-12-22","purchased_purges":0,"victory":false,"max_hp_per_floor":[75,75,75,75,75,75,75,75,75,75,75,75,75,75,75,75,75],"card_choices":[{"not_picked":["6A","DragonMeteor"],"picked":"GrandCross","floor":1},{"not_picked":["UnstableBomb","MagicAbsorber"],"picked":"LuminesStrike","floor":5},{"not_picked":["AsteroidBelt","IllusionStar","LuminesStrike"],"picked":"SKIP","floor":6},{"not_picked":["6A","EarthLightRay"],"picked":"GravityBeat","floor":7},{"not_picked":["DoubleSpark","LuminesStrike"],"picked":"NonDirectionalLaser","floor":8},{"not_picked":["EnergyFlow","GalacticHalo"],"picked":"OortCloud","floor":12},{"not_picked":["SuperNova","GrandCross","NonDirectionalLaser"],"picked":"SKIP","floor":14}],"player_experience":19902,"relics_obtained":[{"floor":6,"key":"Whetstone"},{"floor":9,"key":"Toy Ornithopter"},{"floor":14,"key":"Ancient Tea Set"}],"event_choices":[],"is_beta":false,"boss_relics":[],"items_purged_floors":[],"is_endless":false,"potions_floor_spawned":[7,8],"killed_by":"Gensokyo:Kokoro","ascension_level":0}}