{"host":"uv231blk40vjdojr","time":1610308152,"event":{"mods":["AchievementEnabler","BaseMod","Bestiary","Minty Spire (QoL Compilation)","Relic Stats"],"gold_per_floor":[16,34,34,50,65,65,65,76,76,102,132,132,152,152,152,257,257,269,289,58,58,58,58,58,72,72,72,103,28,28,43,43,43,43],"floor_reached":33,"playtime":1082,"items_purged":["Regret"],"score":265,"play_id":"1bc7181e-c36f-436e-a2be-621545c51b31","local_time":"20210110204912","is_ascension_mode":false,"campfire_choices":[{"data":"Disarm","floor":6,"key":"SMITH"},{"data":"Bludgeon","floor":12,"key":"SMITH"},{"data":"Bash","floor":15,"key":"SMITH"},{"data":"True Grit","floor":23,"key":"SMITH"},{"data":"Juggernaut","floor":27,"key":"SMITH"},{"data":"Whirlwind","floor":32,"key":"SMITH"}],"circlet_count":0,"master_deck":["Strike_R","Strike_R","Strike_R","Strike_R","Defend_R","Defend_R","Defend_R","Defend_R","Bash+1","Bludgeon+1","Whirlwind+1","Pommel Strike","Disarm+1","Dropkick","Barricade","Juggernaut+1","Fire Breathing+1","Shrug It Off+1","True Grit+1","Flame Barrier"],"relics":["Burning Blood","Shuriken","Odd Mushroom","Happy Flower","Bird Faced Urn","Snecko Eye","OrangePellets","Kunai","Smiling Mask"],"acts_visited":["Exordium","TheCity"],"potions_floor_usage":[33,33],"damage_taken":[{"damage":0,"enemies":"Small Slimes","floor":1,"turns":2},{"damage":3,"enemies":"Jaw Worm","floor":2,"turns":4},{"damage":4,"enemies":"2 Louse","floor":4,"turns":2},{"damage":12,"enemies":"Exordium Wildlife","floor":5,"turns":6},{"damage":18,"enemies":"Gremlin Gang","floor":8,"turns":4},{"damage":25,"enemies":"The Mushroom Lair","floor":10,"turns":4},{"damage":18,"enemies":"Gremlin Nob","floor":11,"turns":4},{"damage":4,"enemies":"Blue Slaver","floor":13,"turns":3},{"damage":34,"enemies":"Hexaghost","floor":16,"turns":11},{"damage":2,"enemies":"Chosen","floor":18,"turns":2},{"damage":8,"enemies":"Spheric Guardian","floor":19,"turns":3},{"damage":13,"enemies":"Chosen and Byrds","floor":25,"turns":4},{"damage":18,"enemies":"Gremlin Leader","floor":28,"turns":9},{"damage":19,"enemies":"Centurion and Healer","floor":31,"turns":4},{"damage":86,"enemies":"Automaton","floor":33,"turns":10}],"seed_played":"-1202801967258364716","potions_obtained":[{"floor":2,"key":"AttackPotion"},{"floor":4,"key":"BlessingOfTheForge"},{"floor":10,"key":"SteroidPotion"},{"floor":13,"key":"Dexterity Potion"},{"floor":25,"key":"Energy Potion"},{"floor":31,"key":"Regen Potion"}],"is_trial":false,"path_per_floor":["M","M","$","M","M","R","?","M","T","?","E","R","M","?","R","B",null,"M","M","$","?","?","R","$","M","T","R","E","?","?","M","R","B"],"character_chosen":"IRONCLAD","items_purchased":["OrangePellets"],"campfire_rested":0,"item_purchase_floors":[20],"current_hp_per_floor":[80,80,80,80,74,74,74,62,62,43,31,31,33,33,33,7,80,80,80,80,80,80,80,80,77,77,77,68,68,68,59,59,0,0],"gold":43,"neow_bonus":"THREE_RARE_CARDS","is_daily":false,"chose_seed":false,"campfire_upgraded":6,"win_rate":0.0,"timestamp":1610308152,"path_taken":["M","M","$","M","M","R","?","M","T","?","E","R","M","?","R","BOSS","M","M","$","?","?","R","?","?","T","R","E","?","?","M","R","BOSS"],"items_purchased_type":["Relic"],"build_version":"2020-12-22","purchased_purges":1,"victory":false,"max_hp_per_floor":[80,80,80,80,80,80,80,80,80,80,80,80,80,80,80,80,80,80,80,80,80,80,80,80,80,80,80,80,80,80,80,80,80,80],"relic_stats":{"OrangePellets":[5],"Happy Flower":[15],"counters":[15,72],"Shuriken":[7],"Bird Faced Urn":[21],"Snecko Eye":[17,20,20,21],"Kunai":[2],"Smiling Mask":0,"obtain_stats":[{"OrangePellets":20,"Happy Flower":11,"Shuriken":9,"Bird Faced Urn":14,"Snecko Eye":17,"Kunai":26,"Odd Mushroom":10,"Smiling Mask":28,"Burning Blood":0},{"OrangePellets":11,"Happy Flower":7,"Shuriken":5,"Bird Faced Urn":8,"Snecko Eye":9,"Kunai":12,"Odd Mushroom":6,"Smiling Mask":13,"Burning Blood":0},{"OrangePellets":45,"Happy Flower":26,"Shuriken":18,"Bird Faced Urn":29,"Snecko Eye":40,"Kunai":49,"Odd Mushroom":22,"Smiling Mask":58,"Burning Blood":0}],"Burning Blood":69},"card_choices":[{"not_picked":["Brutality","Double Tap"],"picked":"Bludgeon","floor":0},{"not_picked":["Anger","Feel No Pain"],"picked":"Whirlwind","floor":1},{"not_picked":["Intimidate","Armaments"],"picked":"Pommel Strike","floor":2},{"not_picked":["Blood for Blood","Rupture","Anger"],"picked":"SKIP","floor":4},{"not_picked":["Flex","Battle Trance"],"picked":"Disarm","floor":5},{"not_picked":["Wild Strike","Twin Strike","Carnage"],"picked":"SKIP","floor":8},{"not_picked":["Reckless Charge","Ghostly Armor"],"picked":"Dropkick","floor":10},{"not_picked":["Warcry","Sword Boomerang"],"picked":"Barricade","floor":11},{"not_picked":["Rage","Warcry","Flex"],"picked":"SKIP","floor":13},{"not_picked":["Exhume","Double Tap"],"picked":"Juggernaut","floor":16},{"not_picked":["Uppercut","Pommel Strike"],"picked":"Fire Breathing+1","floor":18},{"not_picked":["Wild Strike","Combust"],"picked":"Shrug It Off+1","floor":19},{"not_picked":["Flex","Carnage","Clothesline+1"],"picked":"SKIP","floor":25},{"not_picked":["Iron Wave","True Grit+1"],"picked":"Flame Barrier","floor":28},{"not_picked":["Iron Wave","Shrug It Off","Spot Weakness"],"picked":"SKIP","floor":31}],"player_experience":650696,"relics_obtained":[{"floor":9,"key":"Shuriken"},{"floor":10,"key":"Odd Mushroom"},{"floor":11,"key":"Happy Flower"},{"floor":26,"key":"Kunai"},{"floor":28,"key":"Smiling Mask"}],"event_choices":[{"damage_healed":0,"gold_gain":0,"player_choice":"Ignored","damage_taken":0,"max_hp_gain":0,"max_hp_loss":0,"event_name":"Liars Game","floor":7,"gold_loss":0},{"damage_healed":0,"gold_gain":0,"player_choice":"Fought Mushrooms","damage_taken":0,"max_hp_gain":0,"max_hp_loss":0,"event_name":"Mushrooms","floor":10,"gold_loss":0},{"damage_healed":0,"gold_gain":0,"player_choice":"Box","damage_taken":0,"relics_obtained":["Bird Faced Urn"],"max_hp_gain":0,"max_hp_loss":0,"event_name":"Big Fish","floor":14,"gold_loss":0,"cards_obtained":["Regret"]},{"damage_healed":0,"gold_gain":0,"player_choice":"Ignored","damage_taken":0,"max_hp_gain":0,"max_hp_loss":0,"event_name":"Ghosts","floor":21,"gold_loss":0},{"damage_healed":0,"gold_gain":0,"player_choice":"Read","damage_taken":0,"max_hp_gain":0,"max_hp_loss":0,"event_name":"The Library","floor":22,"gold_loss":0,"cards_obtained":["True Grit"]},{"cards_removed":["Strike_R"],"damage_healed":0,"gold_gain":0,"player_choice":"Gave Gold","damage_taken":0,"max_hp_gain":0,"max_hp_loss":0,"event_name":"Beggar","floor":29,"gold_loss":75},{"damage_healed":0,"gold_gain":0,"player_choice":"Ignored","damage_taken":0,"max_hp_gain":0,"max_hp_loss":0,"event_name":"Vampires","floor":30,"gold_loss":0}],"is_beta":false,"boss_relics":[{"not_picked":["Astrolabe","SlaversCollar"],"picked":"Snecko Eye"}],"items_purged_floors":[20],"is_endless":false,"potions_floor_spawned":[2,4,10,13,18,25,31],"killed_by":"Automaton","ascension_level":0}}