{"host":"j4g6ia6asvpyu2b0","time":1610239322,"event":{"mods":["BaseMod","Colored Map","Minty Spire (QoL Compilation)","Permanent Neow","Quick Restart","Relic Stats","StSLib","Unceasing Turn Reminder"],"gold_per_floor":[359,374,389,35,48,48,78,78,78,96,171,188,219,248,248,349,349,360,410,427,197,216,216,235,268,268,300,318,352,452,452,452,452,452],"floor_reached":33,"playtime":1011,"items_purged":["Clumsy"],"score":588,"play_id":"c3b23bd8-2c80-4996-ac26-fc5c0670f154","local_time":"20210109174202","is_ascension_mode":true,"campfire_choices":[{"data":"Apotheosis","floor":6.0,"key":"SMITH"},{"floor":8.0,"key":"REST"},{"floor":15.0,"key":"RECALL"},{"data":"Offering","floor":23.0,"key":"SMITH"},{"floor":32,"key":"REST"}],"circlet_count":0,"master_deck":["AscendersBane","Strike_R","Strike_R","Strike_R","Strike_R","Strike_R","Defend_R","Defend_R","Defend_R","Defend_R","Bash","Rage","Anger","Cleave","Apotheosis+1","Feed","Headbutt","Pommel Strike","Shrug It Off","Offering+1","Metallicize","Double Tap","Twin Strike","Thunderclap","Flame Barrier","Offering","True Grit","Flame Barrier+1","Metallicize+1","Immolate"],"relics":["Burning Blood","MealTicket","Mummified Hand","Odd Mushroom","Philosopher\u0027s Stone","Happy Flower","Pocketwatch","Gremlin Horn","Bottled Flame","Smiling Mask","WingedGreaves","Singing Bowl"],"acts_visited":["Exordium","TheCity"],"potions_floor_usage":[29,30,33],"damage_taken":[{"damage":14.0,"enemies":"Jaw Worm","floor":1.0,"turns":6.0},{"damage":0.0,"enemies":"Small Slimes","floor":2.0,"turns":4.0},{"damage":3.0,"enemies":"2 Louse","floor":3.0,"turns":3.0},{"damage":17.0,"enemies":"Gremlin Gang","floor":5.0,"turns":8.0},{"damage":35.0,"enemies":"3 Sentries","floor":7.0,"turns":6.0},{"damage":5.0,"enemies":"Blue Slaver","floor":10.0,"turns":4.0},{"damage":4.0,"enemies":"Large Slime","floor":12.0,"turns":5.0},{"damage":16.0,"enemies":"Gremlin Nob","floor":13.0,"turns":3.0},{"damage":6.0,"enemies":"The Mushroom Lair","floor":14.0,"turns":2.0},{"damage":44.0,"enemies":"Slime Boss","floor":16.0,"turns":8.0},{"damage":6.0,"enemies":"Spheric Guardian","floor":18.0,"turns":3.0},{"damage":12.0,"enemies":"2 Thieves","floor":20.0,"turns":4.0},{"damage":6.0,"enemies":"3 Cultists","floor":22.0,"turns":3.0},{"damage":14.0,"enemies":"Snake Plant","floor":24.0,"turns":4.0},{"damage":35.0,"enemies":"Book of Stabbing","floor":25.0,"turns":4.0},{"damage":12.0,"enemies":"Slavers","floor":27.0,"turns":4.0},{"damage":6,"enemies":"Cultist and Chosen","floor":28,"turns":3},{"damage":25,"enemies":"Book of Stabbing","floor":29,"turns":5},{"damage":23,"enemies":"Colosseum Slavers","floor":30,"turns":3},{"damage":12,"enemies":"Colosseum Nobs","floor":30,"turns":3},{"damage":0,"enemies":"Automaton","floor":33,"turns":2}],"seed_played":"1428134465851551277","potions_obtained":[{"floor":3.0,"key":"SteroidPotion"},{"floor":5.0,"key":"FairyPotion"},{"floor":12.0,"key":"SkillPotion"},{"floor":13.0,"key":"Explosive Potion"},{"floor":14.0,"key":"Energy Potion"},{"floor":22.0,"key":"Block Potion"},{"floor":24.0,"key":"SpeedPotion"},{"floor":27,"key":"ColorlessPotion"},{"floor":29,"key":"Weak Potion"},{"floor":30,"key":"Block Potion"}],"is_trial":false,"path_per_floor":["M","M","M","$","M","R","E","R","T","M","?","M","E","?","R","B",null,"M","?","M","$","M","R","M","E","T","E","M","E","?","?","R","B"],"character_chosen":"IRONCLAD","items_purchased":["Apotheosis","Feed","Happy Flower"],"campfire_rested":2,"item_purchase_floors":[4,4,21],"current_hp_per_floor":[64,70,73,73,66,66,41,67,67,72,61,63,57,61,61,27,85,85,85,82,97,97,97,93,68,68,62,66,47,26,1,38,38,38],"gold":452,"neow_bonus":"TWO_FIFTY_GOLD","is_daily":false,"chose_seed":false,"campfire_upgraded":2,"win_rate":0.0,"timestamp":1610239322,"path_taken":["M","M","M","$","M","R","E","R","T","M","?","M","E","?","R","BOSS","M","?","?","$","M","R","M","E","T","E","M","E","?","?","R","BOSS"],"items_purchased_type":["Card","Card","Relic"],"build_version":"2020-12-22","purchased_purges":1,"victory":false,"max_hp_per_floor":[80,80,80,80,84,84,88,88,88,92,92,92,96,100,100,104,104,104,104,107,107,107,107,111,115,115,115,119,119,121,126,126,126,126],"relic_stats":{"Happy Flower":[10],"Gremlin Horn":[5,5],"Singing Bowl":2,"counters":[21,87],"Mummified Hand":[15],"MealTicket":15,"Smiling Mask":0,"obtain_stats":[{"Bottled Flame":27,"Happy Flower":21,"Gremlin Horn":26,"Singing Bowl":30,"Mummified Hand":13,"MealTicket":7,"Philosopher\u0027s Stone":17,"WingedGreaves":30,"Odd Mushroom":14,"Smiling Mask":29,"Burning Blood":0,"Pocketwatch":25},{"Bottled Flame":16,"Happy Flower":12,"Gremlin Horn":15,"Singing Bowl":20,"Mummified Hand":8,"MealTicket":5,"Philosopher\u0027s Stone":10,"WingedGreaves":20,"Odd Mushroom":9,"Smiling Mask":18,"Burning Blood":0,"Pocketwatch":15},{"Bottled Flame":71,"Happy Flower":56,"Gremlin Horn":67,"Singing Bowl":85,"Mummified Hand":39,"MealTicket":27,"Philosopher\u0027s Stone":49,"WingedGreaves":85,"Odd Mushroom":41,"Smiling Mask":79,"Burning Blood":0,"Pocketwatch":67}],"Burning Blood":120,"Pocketwatch":[6]},"card_choices":[{"not_picked":["True Grit","Reckless Charge"],"picked":"Rage","floor":1.0},{"not_picked":["Twin Strike","Carnage"],"picked":"Anger","floor":2.0},{"not_picked":["Armaments","Searing Blow"],"picked":"Cleave","floor":3.0},{"not_picked":["Cleave","Havoc"],"picked":"Headbutt","floor":5.0},{"not_picked":["Perfected Strike","Anger"],"picked":"Pommel Strike","floor":7.0},{"not_picked":["Flame Barrier","Twin Strike"],"picked":"Shrug It Off","floor":10.0},{"not_picked":["Intimidate","Clash","Entrench"],"picked":"SKIP","floor":12.0},{"not_picked":["Havoc","Pommel Strike"],"picked":"Offering","floor":13.0},{"not_picked":["Warcry","Evolve"],"picked":"Metallicize","floor":14.0},{"not_picked":["Reaper","Bludgeon"],"picked":"Double Tap","floor":16.0},{"not_picked":["Carnage","Sword Boomerang"],"picked":"Twin Strike","floor":18.0},{"not_picked":["Havoc+1","Clash+1"],"picked":"Thunderclap","floor":20.0},{"not_picked":["Clash","Iron Wave"],"picked":"Flame Barrier","floor":22.0},{"not_picked":["Power Through","Havoc+1"],"picked":"Offering","floor":24.0},{"not_picked":["Wild Strike","Sword Boomerang"],"picked":"True Grit","floor":25.0},{"not_picked":["Flex","Sever Soul"],"picked":"Flame Barrier+1","floor":27},{"not_picked":["Sword Boomerang","Clash"],"picked":"Metallicize+1","floor":28},{"not_picked":["Flame Barrier","Headbutt"],"picked":"Immolate","floor":29},{"not_picked":["Sentinel+1","Armaments","Hemokinesis+1"],"picked":"Singing Bowl","floor":30}],"player_experience":781993,"relics_obtained":[{"floor":7.0,"key":"MealTicket"},{"floor":13.0,"key":"Mummified Hand"},{"floor":14.0,"key":"Odd Mushroom"},{"floor":25.0,"key":"Pocketwatch"},{"floor":26.0,"key":"Gremlin Horn"},{"floor":27,"key":"Bottled Flame"},{"floor":29,"key":"Smiling Mask"},{"floor":30,"key":"WingedGreaves"},{"floor":30,"key":"Singing Bowl"}],"event_choices":[{"damage_healed":0.0,"max_hp_gain":0.0,"max_hp_loss":0.0,"gold_gain":75.0,"event_name":"World of Goop","player_choice":"Gather Gold","floor":11.0,"gold_loss":0.0,"damage_taken":11.0},{"damage_healed":0.0,"max_hp_gain":0.0,"max_hp_loss":0.0,"gold_gain":0.0,"event_name":"Mushrooms","player_choice":"Fought Mushrooms","floor":14.0,"gold_loss":0.0,"damage_taken":0.0},{"damage_healed":0.0,"max_hp_gain":0.0,"max_hp_loss":0.0,"gold_gain":100.0,"event_name":"The Joust","player_choice":"Bet on Murderer","floor":19.0,"gold_loss":50.0,"damage_taken":0.0},{"damage_healed":0,"gold_gain":0,"player_choice":"Fight","damage_taken":0,"max_hp_gain":0,"max_hp_loss":0,"event_name":"Colosseum","floor":30,"gold_loss":0},{"damage_healed":0,"gold_gain":0,"player_choice":"Fought Nobs","damage_taken":0,"max_hp_gain":0,"max_hp_loss":0,"event_name":"Colosseum","floor":30,"gold_loss":0},{"damage_healed":0,"gold_gain":0,"player_choice":"Shed Blood","damage_taken":30,"max_hp_gain":5,"max_hp_loss":0,"event_name":"Forgotten Altar","floor":31,"gold_loss":0}],"is_beta":false,"boss_relics":[{"not_picked":["Runic Pyramid","SlaversCollar"],"picked":"Philosopher\u0027s Stone"}],"items_purged_floors":[21],"is_endless":false,"potions_floor_spawned":[3,5,12,13,14,16,22,24,27,29,30,30],"killed_by":"Automaton","ascension_level":10}}