{"host":"eqvoimh73njwfgdh","time":1610313874,"event":{"mods":["AchievementEnabler","BaseMod","Better Altar","Better Match","Better Note","Better Sensory Stone","Better Skull","Better Third Choice","BetterRewards","Colored Powertips","Conspire","Downfall","Energized Spire","Halation","Hubris","Infinite Spire","Minty Spire (QoL Compilation)","Permanent Neow","Rare Cards Sparkle","Relic Stats","Replay The Spire","Spicy Shops","StSLib","The Animator","The Blue Laboratory","vexMod"],"gold_per_floor":[114,114,67,78,78,78,92,92,163,193,70,70,100,51,51,156,181,213,238,213,238,21,86,111,111,111,111,183,291,291,310,310,427,452,469,494,519,534,428,480,530,530,555,555,610,610,674,674,674],"floor_reached":48,"playtime":3240,"items_purged":[],"score":659,"play_id":"73c39674-6655-4189-8ff3-5339f30c1b41","local_time":"20210110222434","is_ascension_mode":true,"campfire_choices":[{"floor":6,"key":"RECALL"},{"floor":8,"key":"REST"},{"floor":12,"key":"REST"},{"floor":15,"key":"REST"},{"floor":25,"key":"REST"},{"floor":30,"key":"REST"},{"floor":32,"key":"REST"},{"floor":42,"key":"REST"},{"floor":44,"key":"REST"}],"circlet_count":0,"master_deck":["animator:Strike_NoGameNoLife+1","animator:Defend_NoGameNoLife","animator:Strike","animator:Strike","animator:Strike","animator:Defend","animator:Defend","animator:DolaSchwi+1","animator:DolaCouronne","animator:MetalKnight+1","animator:Aisha","animator:Viivi","animator:TakanashiRikka","animator:MisaKurobane","animator:MisaKurobane","animator:Tatsumaki","animator:Gillette","animator:Gilgamesh+12","animator:Mikaela","animator:GazelDwargon","animator:IzunaHatsuse","animator:Shuna","animator:ElricAlphonse","animator:Yoichi","animator:Ainz","animator:Darkness+1","animator:Saber","Pot Of Greed","Pot Of Greed","Pot Of Greed","animator:Gillette+1","hubris:Rewind","animator:Layla","animator:Arpeggio+1"],"relics":["animator:LivingPicture","animator:TheMissingPiece","animator:PurgingStone","hubris:Towel","betterThird:SlimedRelic","hubris:MysteriousPyramids","Replay:Wax Seal","Replay:Rubber Ducky","conspire:RoyalGoblet","halation:PinkSoulGem","Enchiridion","halation:Thesaurus","vexMod:PaidLearning","Mirror","hubris:MobiusCoin","Anchor","halation:Yufonium","halation:PapillonHeart","conspire:BottledYoYo","Grinning Jar","Bottled Flame","Cauldron","infinitespire:CheckeredPen","PreservedInsect"],"acts_visited":["Exordium","TheCity","TheBeyond"],"potions_floor_usage":[23,40,40,45,48,48],"damage_taken":[{"damage":0,"enemies":"Cultist","floor":1,"turns":5},{"damage":1,"enemies":"Small Slimes","floor":4,"turns":5},{"damage":1,"enemies":"2 Louse","floor":7,"turns":3},{"damage":27,"enemies":"Gremlin Nob","floor":10,"turns":6},{"damage":16,"enemies":"Lagavulin","floor":13,"turns":5},{"damage":35,"enemies":"Fading Forest","floor":16,"turns":11},{"damage":7,"enemies":"Spheric Guardian","floor":18,"turns":3},{"damage":8,"enemies":"animator:HornedBat","floor":23,"turns":7},{"damage":0,"enemies":"3 Byrds","floor":28,"turns":3},{"damage":32,"enemies":"Nightmare","floor":29,"turns":8},{"damage":6,"enemies":"Snake Plant","floor":31,"turns":4},{"damage":14,"enemies":"Automaton","floor":33,"turns":9},{"damage":0,"enemies":"Orb Walker","floor":35,"turns":3},{"damage":10,"enemies":"3 Shapes","floor":38,"turns":8},{"damage":23,"enemies":"Nemesis","floor":40,"turns":9},{"damage":18,"enemies":"R_Hoarder","floor":45,"turns":9},{"damage":16,"enemies":"Spire Growth","floor":47,"turns":5},{"damage":28,"enemies":"infinitespire:Three Voidlings","floor":48,"turns":4},{"damage":24,"enemies":"Nightmare_Alpha","floor":48,"turns":7}],"seed_played":"804909095725065979","potions_obtained":[{"floor":13,"key":"GamblersBrew"},{"floor":16,"key":"BlessingOfTheForge"},{"floor":18,"key":"blueLaboratory:AbyssPotion"},{"floor":23,"key":"blueLaboratory:SavagePotion"},{"floor":38,"key":"hexamod:EctoCoolerPotion"},{"floor":41,"key":"Regen Potion"},{"floor":41,"key":"blueLaboratory:SavagePotion"},{"floor":41,"key":"blueLaboratory:ArtificerPotion"},{"floor":45,"key":"blueLaboratory:NullPotion"}],"is_trial":false,"path_per_floor":["M","?","?","M","?","R","M","R","T","E","$","R","E","$","R","B",null,"M","?","?","?","$","E","AVR","R","T","?","M","NM","R","M","R","B",null,"M","?","T","M","$","E","AVR","R","T","R","E","?","M","?"],"character_chosen":"THE_ANIMATOR","items_purchased":["ReplayTheSpireMod:ShopPack","animator:Gillette","animator:GazelDwargon","halation:Thesaurus","Grinning Jar"],"campfire_rested":8,"item_purchase_floors":[11,14,22,22,39],"current_hp_per_floor":[72,72,61,60,60,60,59,72,72,45,45,66,50,50,71,44,72,65,65,65,49,49,41,41,62,62,62,62,30,51,46,67,53,73,73,69,69,59,59,36,36,56,56,69,51,51,35,0,0],"gold":674,"neow_bonus":"TEN_PERCENT_HP_BONUS","is_daily":false,"chose_seed":false,"campfire_upgraded":0,"win_rate":0.0,"timestamp":1610313874,"path_taken":["M","?","?","M","?","R","M","R","T","E","?","R","E","$","R","BOSS","M","?","?","?","$","E","AVR","R","T","?","?","NM","R","M","R","BOSS","M","?","?","M","$","E","AVR","R","T","R","E","?","?","?"],"items_purchased_type":["Relic","Card","Card","Relic","Relic"],"build_version":"2020-12-22","purchased_purges":0,"victory":false,"max_hp_per_floor":[72,72,72,72,72,72,72,72,72,72,72,72,72,72,72,72,72,72,72,72,72,72,72,72,72,72,72,72,72,72,73,73,73,73,73,69,69,69,69,69,69,69,69,69,69,69,69,69,69],"relic_stats":{"counters":[19,114],"PreservedInsect":125,"obtain_stats":[{"halation:PapillonHeart":36,"conspire:RoyalGoblet":17,"animator:TheMissingPiece":0,"Enchiridion":21,"hubris:MysteriousPyramids":9,"Replay:Rubber Ducky":13,"animator:PurgingStone":0,"Replay:Wax Seal":10,"hubris:MobiusCoin":24,"halation:Yufonium":34,"PreservedInsect":45,"vexMod:PaidLearning":22,"halation:Thesaurus":22,"infinitespire:CheckeredPen":43,"hubris:Towel":2,"Cauldron":41,"Anchor":29,"Bottled Flame":40,"betterThird:SlimedRelic":3,"animator:LivingPicture":0,"conspire:BottledYoYo":37,"Grinning Jar":39,"halation:PinkSoulGem":19,"Mirror":23,"ReplayTheSpireMod:ShopPack":11},{"halation:PapillonHeart":13,"conspire:RoyalGoblet":6,"animator:TheMissingPiece":0,"Enchiridion":7,"hubris:MysteriousPyramids":3,"Replay:Rubber Ducky":5,"animator:PurgingStone":0,"Replay:Wax Seal":4,"hubris:MobiusCoin":8,"halation:Yufonium":12,"PreservedInsect":16,"vexMod:PaidLearning":7,"halation:Thesaurus":7,"infinitespire:CheckeredPen":15,"hubris:Towel":1,"Cauldron":15,"Anchor":10,"Bottled Flame":15,"betterThird:SlimedRelic":1,"animator:LivingPicture":0,"conspire:BottledYoYo":13,"Grinning Jar":14,"halation:PinkSoulGem":7,"Mirror":8,"ReplayTheSpireMod:ShopPack":4},{"halation:PapillonHeart":72,"conspire:RoyalGoblet":35,"animator:TheMissingPiece":0,"Enchiridion":38,"hubris:MysteriousPyramids":13,"Replay:Rubber Ducky":24,"animator:PurgingStone":0,"Replay:Wax Seal":19,"hubris:MobiusCoin":45,"halation:Yufonium":69,"PreservedInsect":98,"vexMod:PaidLearning":38,"halation:Thesaurus":38,"infinitespire:CheckeredPen":89,"hubris:Towel":5,"Cauldron":89,"Anchor":56,"Bottled Flame":89,"betterThird:SlimedRelic":5,"animator:LivingPicture":0,"conspire:BottledYoYo":72,"Grinning Jar":80,"halation:PinkSoulGem":38,"Mirror":45,"ReplayTheSpireMod:ShopPack":19}]},"card_choices":[{"not_picked":["animator:EmiyaShirou","animator:YaoHaDucy"],"picked":"animator:MetalKnight","floor":1},{"not_picked":["animator:DolaCouronne","animator:Ciel"],"picked":"animator:Aisha","floor":4},{"not_picked":["animator:Megumin","animator:Scar","animator:Spearman"],"picked":"SKIP","floor":7},{"not_picked":["animator:Sloth","animator:Bozes"],"picked":"animator:Viivi","floor":10},{"not_picked":["animator:HarukoHaruhara","animator:Kira"],"picked":"animator:TakanashiRikka","floor":11},{"not_picked":["animator:QuestionMark","animator:MamizouFutatsuiwa"],"picked":"animator:MisaKurobane","floor":11},{"not_picked":["animator:HououinKyouma","animator:Urushihara"],"picked":"animator:MisaKurobane","floor":11},{"not_picked":["animator:DolaCouronne","animator:Benimaru"],"picked":"animator:Tatsumaki","floor":13},{"not_picked":["animator:SwordMaiden","animator:Wiz"],"picked":"animator:Gilgamesh","floor":16},{"not_picked":["animator:Kaijin","animator:Yoichi"],"picked":"animator:Mikaela","floor":18},{"not_picked":["animator:Layla+1","animator:Shuna"],"picked":"animator:IzunaHatsuse","floor":23},{"not_picked":["animator:Konayuki","animator:IzunaHatsuse+1"],"picked":"animator:Shuna","floor":28},{"not_picked":["animator:AcuraTooru","animator:Fredrika"],"picked":"animator:ElricAlphonse","floor":29},{"not_picked":["animator:Viivi","animator:HighElfArcher"],"picked":"animator:Yoichi","floor":31},{"not_picked":["animator:Saber","animator:Eve"],"picked":"animator:Ainz","floor":33},{"not_picked":["animator:RinTohsaka","animator:Shuna"],"picked":"animator:Darkness+1","floor":35},{"not_picked":["animator:Fredrika","animator:HiiragiShinya+1"],"picked":"animator:Saber","floor":38},{"not_picked":["animator:Shigure","animator:Shuna"],"picked":"animator:Gillette+1","floor":40},{"not_picked":["animator:Witch+1","animator:Konayuki"],"picked":"animator:Layla","floor":45},{"not_picked":["animator:Shigure+1","animator:Caster"],"picked":"animator:Arpeggio+1","floor":47}],"player_experience":131959,"relics_obtained":[{"floor":9,"key":"hubris:MysteriousPyramids"},{"floor":10,"key":"Replay:Wax Seal"},{"floor":13,"key":"Replay:Rubber Ducky"},{"floor":21,"key":"Enchiridion"},{"floor":23,"key":"Mirror"},{"floor":29,"key":"Anchor"},{"floor":37,"key":"conspire:BottledYoYo"},{"floor":40,"key":"Bottled Flame"},{"floor":43,"key":"infinitespire:CheckeredPen"},{"floor":45,"key":"PreservedInsect"}],"event_choices":[{"damage_healed":0,"gold_gain":0,"player_choice":"Slimed","damage_taken":11,"max_hp_gain":0,"max_hp_loss":0,"event_name":"betterThird:BetterGoop","floor":3,"gold_loss":47},{"damage_healed":0,"gold_gain":0,"player_choice":"Obtained Book","damage_taken":16,"max_hp_gain":0,"max_hp_loss":0,"event_name":"Cursed Tome","floor":21,"gold_loss":0},{"cards_removed":["animator:Defend"],"damage_healed":0,"gold_gain":0,"player_choice":"Card Removal","damage_taken":0,"max_hp_gain":0,"max_hp_loss":0,"event_name":"Wheel of Change","floor":27,"gold_loss":0}],"is_beta":false,"boss_relics":[{"not_picked":["halation:Risk","energizedSpire:CursedPentagram"],"picked":"conspire:RoyalGoblet"},{"not_picked":["SacredBark","halation:SmartPhone"],"picked":"halation:Yufonium"}],"items_purged_floors":[],"is_endless":true,"potions_floor_spawned":[13,16,18,23,38,45,48],"killed_by":"Nightmare_Alpha","ascension_level":4}}