{"host":"vwj4ugm4vbv87wd6","time":1610260312,"event":{"mods":["AchievementEnabler","BaseMod","Bestiary","Minty Spire (QoL Compilation)","Permanent Neow","StSLib"],"gold_per_floor":[110,110,129,141,66,66,98,120,155,194,206,246,273,304,316,328,328],"floor_reached":16,"playtime":723,"items_purged":["Strike_R"],"score":214,"play_id":"1dfb0e44-a31f-4fd5-9bef-f3844489345c","local_time":"20210110193152","is_ascension_mode":true,"campfire_choices":[{"data":"Armaments","floor":6,"key":"SMITH"},{"data":"Limit Break","floor":15,"key":"SMITH"}],"circlet_count":0,"master_deck":["AscendersBane","Strike_R","Strike_R","Strike_R","Strike_R","Defend_R","Defend_R","Defend_R","Defend_R","Bash","Evolve","Inflame","Armaments+1","Heavy Blade","True Grit","Uppercut","Limit Break+1","Infernal Blade","Shockwave","Flex","Whirlwind"],"relics":["Runic Dome","MawBank","Blood Vial","Mummified Hand"],"acts_visited":["Exordium"],"potions_floor_usage":[10,10,16],"damage_taken":[{"damage":3,"enemies":"2 Louse","floor":1,"turns":3},{"damage":1,"enemies":"Cultist","floor":3,"turns":3},{"damage":7,"enemies":"Jaw Worm","floor":4,"turns":3},{"damage":12,"enemies":"Lagavulin","floor":7,"turns":9},{"damage":6,"enemies":"Looter","floor":8,"turns":3},{"damage":8,"enemies":"Gremlin Nob","floor":10,"turns":3},{"damage":11,"enemies":"Lagavulin","floor":12,"turns":7},{"damage":0,"enemies":"2 Fungi Beasts","floor":13,"turns":2},{"damage":16,"enemies":"Lots of Slimes","floor":14,"turns":4},{"damage":16,"enemies":"Hexaghost","floor":16,"turns":9}],"seed_played":"-6461804563961119447","potions_obtained":[{"floor":2,"key":"SmokeBomb"},{"floor":2,"key":"DuplicationPotion"},{"floor":4,"key":"Swift Potion"},{"floor":10,"key":"FearPotion"},{"floor":12,"key":"SpeedPotion"},{"floor":14,"key":"PowerPotion"}],"is_trial":false,"path_per_floor":["M","?","M","M","$","R","E","M","T","E","?","E","M","M","R","B"],"character_chosen":"IRONCLAD","items_purchased":[],"campfire_rested":0,"item_purchase_floors":[],"current_hp_per_floor":[65,65,64,57,57,57,45,39,39,31,31,22,24,10,10,0,0],"gold":328,"neow_bonus":"BOSS_RELIC","is_daily":false,"chose_seed":false,"campfire_upgraded":2,"win_rate":0.0,"timestamp":1610260312,"path_taken":["M","?","?","M","$","R","E","M","T","E","?","E","?","M","R","BOSS"],"items_purchased_type":[],"build_version":"2020-12-22","purchased_purges":1,"victory":false,"max_hp_per_floor":[75,75,75,75,75,75,75,75,75,75,75,75,75,75,75,75,75],"card_choices":[{"not_picked":["Sword Boomerang","Clash"],"picked":"Evolve","floor":1},{"not_picked":["Havoc","Ghostly Armor"],"picked":"Inflame","floor":3},{"not_picked":["True Grit","Reckless Charge"],"picked":"Armaments","floor":4},{"not_picked":["Body Slam","Rupture"],"picked":"Heavy Blade","floor":7},{"not_picked":["Heavy Blade","Dropkick"],"picked":"True Grit","floor":8},{"not_picked":["Shockwave","Second Wind"],"picked":"Uppercut","floor":10},{"not_picked":["Rupture","Wild Strike"],"picked":"Shockwave","floor":12},{"not_picked":["Fire Breathing","Reckless Charge"],"picked":"Flex","floor":13},{"not_picked":["Flame Barrier","Searing Blow"],"picked":"Whirlwind","floor":14}],"player_experience":1120500,"relics_obtained":[{"floor":7,"key":"MawBank"},{"floor":10,"key":"Blood Vial"},{"floor":12,"key":"Mummified Hand"}],"event_choices":[{"damage_healed":0,"gold_gain":0,"player_choice":"Got Potions","damage_taken":0,"max_hp_gain":0,"max_hp_loss":0,"event_name":"Lab","floor":2,"gold_loss":0},{"damage_healed":0,"gold_gain":0,"player_choice":"2 cards matched","damage_taken":0,"max_hp_gain":0,"max_hp_loss":0,"event_name":"Match and Keep!","floor":11,"gold_loss":0,"cards_obtained":["Limit Break","Infernal Blade"]}],"is_beta":false,"boss_relics":[],"items_purged_floors":[5],"is_endless":false,"potions_floor_spawned":[4,8,10,12,14],"killed_by":"Hexaghost","ascension_level":15}}