{"host":"rcus31dlwi4i4y2l","time":1610279556,"event":{"mods":["BaseMod","Googly Eyes","Hermit","Minty Spire (QoL Compilation)","StSLib","The Cursed"],"gold_per_floor":[110,128,141,141,141,141,141,166,166,166,13,13,31,46,46,141,141,159,0,20,20,20,52,52,52],"floor_reached":24,"playtime":1963,"items_purged":["Strike_B"],"score":225,"play_id":"5cd317eb-2a46-4615-9703-52f77c382b7d","local_time":"20210110055236","is_ascension_mode":true,"campfire_choices":[{"data":"Lockon","floor":6,"key":"SMITH"},{"data":"Capacitor","floor":10,"key":"SMITH"},{"data":"Zap","floor":12,"key":"SMITH"},{"floor":15,"key":"REST"}],"circlet_count":0,"master_deck":["Strike_B","Strike_B","Strike_B+1","Defend_B","Defend_B","Defend_B","Defend_B","Zap+1","Dualcast","Lockon+1","Ball Lightning","Turbo+1","Capacitor+1","Glacier","Glacier","Chaos","Rainbow","Capacitor","Lockon","Blizzard"],"relics":["Cracked Core","NeowsBlessing","Gremlin Horn","Girya","Gambling Chip","Ice Cream","Fusion Hammer","Ornamental Fan"],"acts_visited":["Exordium","TheCity"],"potions_floor_usage":[8,16,18],"damage_taken":[{"damage":0,"enemies":"Cultist","floor":1,"turns":1},{"damage":0,"enemies":"2 Louse","floor":2,"turns":1},{"damage":0,"enemies":"Small Slimes","floor":3,"turns":1},{"damage":10,"enemies":"Gremlin Nob","floor":8,"turns":4},{"damage":9,"enemies":"Blue Slaver","floor":13,"turns":3},{"damage":0,"enemies":"3 Louse","floor":14,"turns":3},{"damage":1,"enemies":"Hexaghost","floor":16,"turns":6},{"damage":17,"enemies":"2 Thieves","floor":18,"turns":3},{"damage":0,"enemies":"3 Byrds","floor":20,"turns":4},{"damage":46,"enemies":"Slavers","floor":23,"turns":8},{"damage":12,"enemies":"Snake Plant","floor":24,"turns":3}],"seed_played":"-8346307420029013344","potions_obtained":[{"floor":1,"key":"Block Potion"},{"floor":13,"key":"EssenceOfDarkness"},{"floor":14,"key":"Explosive Potion"},{"floor":20,"key":"Ancient Potion"}],"is_trial":false,"path_per_floor":["M","M","M","T","?","R","?","E","T","R","$","R","M","M","R","B",null,"M","?","M","?","?","E","M"],"character_chosen":"DEFECT","items_purchased":["Glacier"],"campfire_rested":1,"item_purchase_floors":[11],"current_hp_per_floor":[75,75,75,75,60,60,27,17,17,17,17,17,8,8,30,29,75,58,58,58,58,58,12,0,0],"gold":52,"neow_bonus":"THREE_ENEMY_KILL","is_daily":false,"chose_seed":false,"campfire_upgraded":3,"win_rate":0.0,"timestamp":1610279556,"path_taken":["M","M","?","?","?","R","?","E","T","R","?","R","M","M","R","BOSS","M","?","M","?","?","E","M"],"items_purchased_type":["Card"],"build_version":"2020-12-22","purchased_purges":1,"victory":false,"max_hp_per_floor":[75,75,75,75,75,75,75,75,75,75,75,75,75,75,75,75,75,75,75,75,75,75,75,75,75],"card_choices":[{"not_picked":["Compile Driver","Steam"],"picked":"Lockon","floor":1},{"not_picked":["Leap","Conserve Battery"],"picked":"Ball Lightning","floor":2},{"not_picked":["Aggregate","Beam Cell"],"picked":"Turbo","floor":3},{"not_picked":["Biased Cognition","Gash"],"picked":"Capacitor","floor":8},{"not_picked":["Turbo","Go for the Eyes"],"picked":"Glacier","floor":13},{"not_picked":["Sunder","Auto Shields"],"picked":"Chaos","floor":14},{"not_picked":["Seek","Fission"],"picked":"Rainbow","floor":16},{"not_picked":["Go for the Eyes+1","Gash","Rebound"],"picked":"SKIP","floor":18},{"not_picked":["Leap+1","Darkness+1"],"picked":"Capacitor","floor":20},{"not_picked":["Rebound","Hologram"],"picked":"Blizzard","floor":23}],"player_experience":96629,"relics_obtained":[{"floor":4,"key":"Gremlin Horn"},{"floor":8,"key":"Gambling Chip"},{"floor":9,"key":"Ice Cream"},{"floor":23,"key":"Ornamental Fan"}],"event_choices":[{"damage_healed":0,"gold_gain":0,"player_choice":"Entered Light","damage_taken":15,"max_hp_gain":0,"max_hp_loss":0,"event_name":"Shining Light","floor":5,"gold_loss":0,"cards_upgraded":["Turbo","Strike_B"]},{"damage_healed":0,"gold_gain":0,"player_choice":"Success","damage_taken":33,"relics_obtained":["Girya"],"max_hp_gain":0,"max_hp_loss":0,"event_name":"Scrap Ooze","floor":7,"gold_loss":0},{"damage_healed":0,"gold_gain":0,"player_choice":"Paid Fearfully","damage_taken":0,"max_hp_gain":0,"max_hp_loss":0,"event_name":"Masked Bandits","floor":19,"gold_loss":159},{"damage_healed":0,"gold_gain":0,"player_choice":"Read","damage_taken":0,"max_hp_gain":0,"max_hp_loss":0,"event_name":"The Library","floor":21,"gold_loss":0,"cards_obtained":["Lockon"]},{"damage_healed":0,"gold_gain":0,"player_choice":"Ignored","damage_taken":0,"max_hp_gain":0,"max_hp_loss":0,"event_name":"Vampires","floor":22,"gold_loss":0}],"is_beta":false,"boss_relics":[{"not_picked":["Nuclear Battery","SacredBark"],"picked":"Fusion Hammer"}],"items_purged_floors":[11],"is_endless":false,"potions_floor_spawned":[1,13,14,20],"killed_by":"Snake Plant","ascension_level":1}}