{"host":"a6pjfiz7lhls3cu7","time":1610257936,"event":{"mods":["AchievementEnabler","BaseMod","Colored Map","Colored Powertips","Highlight Path","Minty Spire (QoL Compilation)","Random Character Button","Relic Stats"],"gold_per_floor":[119,129,129,142,160,186,186,218,245,210,228,45,45,59,59,162,162,182,193,210,210,210,210,210],"floor_reached":23,"playtime":641,"items_purged":[],"score":244,"play_id":"131a4198-7aee-4e3a-a29c-9f398e2d8ed8","local_time":"20210109225216","is_ascension_mode":true,"campfire_choices":[{"floor":7.0,"key":"RECALL"},{"floor":15.0,"key":"REST"}],"circlet_count":0,"master_deck":["Strike_R","Strike_R","Strike_R","Strike_R","Strike_R","Defend_R","Defend_R","Defend_R","Defend_R","Bash","Flex","Clash","Cleave","Heavy Blade","Clash","Heavy Blade","Spot Weakness","Bludgeon","Wild Strike+1","Iron Wave+1","Carnage"],"relics":["Black Blood","NeowsBlessing","Nunchaku","Omamori","Tiny Chest","Lantern"],"acts_visited":["Exordium","TheCity"],"potions_floor_usage":[],"damage_taken":[{"damage":0.0,"enemies":"Cultist","floor":1.0,"turns":1.0},{"damage":0.0,"enemies":"Jaw Worm","floor":2.0,"turns":1.0},{"damage":0.0,"enemies":"2 Louse","floor":4.0,"turns":1.0},{"damage":0.0,"enemies":"Large Slime","floor":5.0,"turns":5.0},{"damage":34.0,"enemies":"Gremlin Nob","floor":6.0,"turns":4.0},{"damage":45.0,"enemies":"3 Sentries","floor":8.0,"turns":7.0},{"damage":0.0,"enemies":"3 Louse","floor":11.0,"turns":2.0},{"damage":6.0,"enemies":"Looter","floor":14.0,"turns":2.0},{"damage":29.0,"enemies":"Hexaghost","floor":16.0,"turns":7.0},{"damage":6,"enemies":"Spheric Guardian","floor":18,"turns":3},{"damage":26,"enemies":"Shell Parasite","floor":19,"turns":4},{"damage":57,"enemies":"3 Cultists","floor":20,"turns":6},{"damage":56,"enemies":"Book of Stabbing","floor":23,"turns":4}],"seed_played":"-8004539709841135690","potions_obtained":[{"floor":2.0,"key":"Strength Potion"},{"floor":4.0,"key":"Fire Potion"},{"floor":5.0,"key":"ElixirPotion"},{"floor":6.0,"key":"Energy Potion"},{"floor":14.0,"key":"Block Potion"},{"floor":20,"key":"Strength Potion"}],"is_trial":false,"path_per_floor":["M","M","$","M","M","E","R","E","T","?","M","$","?","M","R","B",null,"M","M","M","?","?","E"],"character_chosen":"IRONCLAD","items_purchased":["Spot Weakness","Fruit Juice"],"campfire_rested":1,"item_purchase_floors":[12,12],"current_hp_per_floor":[80,80,80,80,80,52,52,13,13,33,39,39,27,32,57,34,85,85,71,26,54,54,0,0],"gold":210,"neow_bonus":"THREE_ENEMY_KILL","is_daily":false,"chose_seed":false,"campfire_upgraded":0,"win_rate":0.0,"timestamp":1610257936,"path_taken":["M","M","$","?","?","E","R","E","T","?","M","?","?","M","R","BOSS","M","M","M","?","?","E"],"items_purchased_type":["Card","Potion"],"build_version":"2020-12-22","purchased_purges":0,"victory":false,"max_hp_per_floor":[80,80,80,80,80,80,80,80,80,80,80,80,80,85,85,85,85,85,85,85,85,85,85,85],"relic_stats":{"Nunchaku":[6],"counters":[13,47],"Black Blood":60,"Tiny Chest":0,"obtain_stats":[{"Nunchaku":6,"Lantern":22,"NeowsBlessing":0,"Black Blood":17,"Tiny Chest":13,"Omamori":8,"Burning Blood":0},{"Nunchaku":5,"Lantern":12,"NeowsBlessing":0,"Black Blood":9,"Tiny Chest":7,"Omamori":6,"Burning Blood":0},{"Nunchaku":12,"Lantern":43,"NeowsBlessing":0,"Black Blood":30,"Tiny Chest":21,"Omamori":19,"Burning Blood":0}]},"card_choices":[{"not_picked":["Disarm","Warcry"],"picked":"Flex","floor":1.0},{"not_picked":["Heavy Blade","Body Slam"],"picked":"Clash","floor":2.0},{"not_picked":["Perfected Strike","Twin Strike"],"picked":"Cleave","floor":4.0},{"not_picked":["Flame Barrier","Body Slam"],"picked":"Heavy Blade","floor":5.0},{"not_picked":["Inflame","Limit Break"],"picked":"Clash","floor":6.0},{"not_picked":["Armaments","Fire Breathing","Sword Boomerang"],"picked":"SKIP","floor":8.0},{"not_picked":["True Grit","Dark Embrace"],"picked":"Heavy Blade","floor":11.0},{"not_picked":["Shockwave","Headbutt","Clothesline"],"picked":"SKIP","floor":14.0},{"not_picked":["Berserk","Immolate"],"picked":"Bludgeon","floor":16.0},{"not_picked":["Sever Soul","Hemokinesis+1"],"picked":"Wild Strike+1","floor":18},{"not_picked":["Sword Boomerang+1","Havoc"],"picked":"Iron Wave+1","floor":19},{"not_picked":["Iron Wave","Perfected Strike"],"picked":"Carnage","floor":20}],"player_experience":294384,"relics_obtained":[{"floor":6.0,"key":"Nunchaku"},{"floor":8.0,"key":"Omamori"}],"event_choices":[{"damage_healed":20.0,"max_hp_gain":0.0,"max_hp_loss":0.0,"gold_gain":0.0,"event_name":"The Cleric","player_choice":"Healed","floor":10.0,"gold_loss":35.0,"damage_taken":0.0},{"damage_healed":0.0,"max_hp_gain":0.0,"max_hp_loss":0.0,"gold_gain":0.0,"event_name":"Scrap Ooze","player_choice":"Success","floor":13.0,"gold_loss":0.0,"damage_taken":12.0,"relics_obtained":["Tiny Chest"]},{"damage_healed":28,"gold_gain":0,"player_choice":"Heal","damage_taken":0,"max_hp_gain":0,"max_hp_loss":0,"event_name":"The Library","floor":21,"gold_loss":0},{"damage_healed":0,"gold_gain":0,"player_choice":"Opened","damage_taken":0,"relics_obtained":["Lantern"],"max_hp_gain":0,"max_hp_loss":0,"event_name":"The Mausoleum","floor":22,"gold_loss":0,"cards_obtained":["Writhe"]}],"is_beta":false,"boss_relics":[{"not_picked":["Astrolabe","Runic Cube"],"picked":"Black Blood"}],"items_purged_floors":[],"is_endless":false,"potions_floor_spawned":[2,4,5,6,14,20],"killed_by":"Book of Stabbing","ascension_level":4}}