{"host":"ek3xvuouaw6vk9if","time":1610308945,"event":{"mods":["BaseMod","BetterRewards","Minty Spire (QoL Compilation)","Permanent Neow","Quick Restart","Relic Stats","Replay The Spire","StSLib"],"gold_per_floor":[111,124,143,157,175,175,201,201,228,240,240,88,88,88,88,161,161,172,249,286,305,40,74,74,74,74,100,43,59,59,75,75,153,153,164,179,179,179,179,179,179],"floor_reached":40,"playtime":5642,"items_purged":["Strike_G","Strike_G"],"score":1151,"play_id":"74e1e82e-c903-48e5-8bd0-1135bf8005af","local_time":"20210110150225","is_ascension_mode":true,"campfire_choices":[{"data":"ReplayTheSpireMod:Brewmster","floor":6,"key":"SMITH"},{"floor":8,"key":"REST"},{"data":"Accuracy","floor":11,"key":"SMITH"},{"data":"Skewer","floor":15,"key":"SMITH"},{"floor":24,"key":"REST"},{"data":"Tools of the Trade","floor":30,"key":"SMITH"},{"data":"Cloak And Dagger","floor":32,"key":"SMITH"}],"circlet_count":0,"master_deck":["AscendersBane","Strike_G","Strike_G","Defend_G","Defend_G","Defend_G","Defend_G","Defend_G","Survivor","Neutralize","Concentrate+1","ReplayTheSpireMod:Brewmster+1","Skewer","Blur","Cloak And Dagger+1","Accuracy+1","Glass Knife","ReplayTheSpireMod:Speed Training","Blade Dance","ReplayTheSpireMod:Speed Training","Sucker Punch+1","Tools of the Trade+1","Acrobatics","Tactician","Blade Dance","Leg Sweep","Adrenaline","Blade Dance","ReplayTheSpireMod:Shiv Toss","Replay:Bag of Tricks","AbeCurse","Predator+1"],"relics":["Ring of the Snake","ClockworkSouvenir","Art of War","Tiny Chest","Painkiller Herb","Toy Ornithopter","Lantern","Gremlin Food","Juzu Bracelet","Akabeko","Abe\u0027s Treasure"],"acts_visited":["Exordium","TheCity","TheBeyond"],"potions_floor_usage":[1,2,3,4,7,7,7,7,7,10,10,16,16,16,16,18,20,20,21,21,23,23,29,31,33,33,33,33,33,33,35,36,36,36,40,40,40],"damage_taken":[{"damage":1,"enemies":"Cultist","floor":1,"turns":4},{"damage":0,"enemies":"Jaw Worm","floor":2,"turns":3},{"damage":3,"enemies":"Small Slimes","floor":3,"turns":3},{"damage":0,"enemies":"2 Fungi Beasts","floor":4,"turns":5},{"damage":10,"enemies":"3 Louse","floor":5,"turns":4},{"damage":44,"enemies":"3 Sentries","floor":7,"turns":11},{"damage":11,"enemies":"Large Slime","floor":10,"turns":3},{"damage":0,"enemies":"Slime Boss","floor":16,"turns":7},{"damage":9,"enemies":"3 Byrds","floor":18,"turns":7},{"damage":3,"enemies":"2 Thieves","floor":20,"turns":4},{"damage":23,"enemies":"Shelled Parasite and Fungi","floor":21,"turns":6},{"damage":14,"enemies":"Slavers","floor":23,"turns":8},{"damage":0,"enemies":"Snecko","floor":29,"turns":2},{"damage":3,"enemies":"Snake Plant","floor":31,"turns":4},{"damage":53,"enemies":"Collector","floor":33,"turns":11},{"damage":0,"enemies":"3 Shapes","floor":35,"turns":4},{"damage":48,"enemies":"3 Darklings","floor":36,"turns":8},{"damage":40,"enemies":"Giant Head","floor":40,"turns":6}],"seed_played":"847779786258727784","potions_obtained":[{"floor":1,"key":"Adrenaline Potion"},{"floor":4,"key":"Regen Potion"},{"floor":10,"key":"Adrenaline Potion"},{"floor":20,"key":"Flashbang"},{"floor":23,"key":"Adrenaline Potion"},{"floor":31,"key":"SpeedPotion"},{"floor":33,"key":"Strength Potion"}],"is_trial":false,"path_per_floor":["M","M","M","M","M","R","E","R","T","M","R","$","?","$","R","B",null,"?","?","?","?","T","E","T","?","T","T","T","?","T","?","T","B",null,"?","?","?","?","?","E"],"character_chosen":"THE_SILENT","items_purchased":["ClockworkSouvenir","Concentrate+1","ReplayTheSpireMod:Brewmster","Skewer","ReplayTheSpireMod:Speed Training","Lantern","Blade Dance"],"campfire_rested":2,"item_purchase_floors":[0,0,0,0,12,22,28],"current_hp_per_floor":[58,58,55,55,45,45,16,35,35,24,24,24,24,24,24,24,56,47,21,28,15,15,11,30,30,30,30,30,35,35,37,37,14,53,58,25,25,25,25,0,0],"gold":179,"neow_bonus":"","is_daily":false,"chose_seed":false,"campfire_upgraded":5,"win_rate":0.0,"timestamp":1610308945,"path_taken":["M","M","M","M","?","R","E","R","T","M","R","$","?","$","R","BOSS","?","?","?","?","T","E","T","?","T","?","T","?","T","?","T","BOSS","?","?","?","?","?","E"],"items_purchased_type":["Relic","Card","Card","Card","Card","Relic","Card"],"build_version":"2020-12-22","purchased_purges":2,"victory":false,"max_hp_per_floor":[66,66,66,66,66,66,66,66,66,66,66,66,66,66,66,66,66,66,66,66,66,66,66,66,66,66,66,66,66,66,66,66,66,66,66,66,66,66,63,63,63],"relic_stats":{"counters":[43,175],"Tiny Chest":1,"Art of War":[5],"Juzu Bracelet":0,"obtain_stats":[{"Lantern":22,"Painkiller Herb":17,"Juzu Bracelet":26,"Bottled Tornado":43,"Smiling Mask":12,"Cursed Key":17,"ClockworkSouvenir":0,"WristBlade":17,"Tiny Chest":9,"Replay:Drink Me":34,"Ring of the Snake":0,"Gremlin Food":23,"Replay:Grab Bag":17,"Omamori":9,"Orichalcum":6,"Akabeko":27,"Snecko Scales":0,"MutagenicStrength":20,"Simple Rune":25,"Art of War":14,"Coffee Dripper":17,"Bag of Marbles":38,"Durian":42,"TungstenRod":44,"Toy Ornithopter":19,"Abe\u0027s Treasure":34},{"Lantern":36,"Painkiller Herb":33,"Juzu Bracelet":37,"Bottled Tornado":20,"Smiling Mask":7,"Cursed Key":9,"ClockworkSouvenir":25,"WristBlade":9,"Tiny Chest":31,"Replay:Drink Me":17,"Ring of the Snake":0,"Gremlin Food":37,"Replay:Grab Bag":9,"Omamori":5,"Orichalcum":5,"Akabeko":37,"Snecko Scales":0,"MutagenicStrength":10,"Simple Rune":13,"Art of War":8,"Coffee Dripper":9,"Bag of Marbles":19,"Durian":20,"TungstenRod":21,"Toy Ornithopter":34,"Abe\u0027s Treasure":40},{"Lantern":132,"Painkiller Herb":115,"Juzu Bracelet":140,"Bottled Tornado":67,"Smiling Mask":28,"Cursed Key":43,"ClockworkSouvenir":75,"WristBlade":43,"Tiny Chest":105,"Replay:Drink Me":61,"Ring of the Snake":0,"Gremlin Food":140,"Replay:Grab Bag":43,"Omamori":20,"Orichalcum":20,"Akabeko":140,"Snecko Scales":0,"MutagenicStrength":47,"Simple Rune":53,"Art of War":35,"Coffee Dripper":43,"Bag of Marbles":65,"Durian":67,"TungstenRod":68,"Toy Ornithopter":122,"Abe\u0027s Treasure":157}],"Toy Ornithopter":105,"Ring of the Snake":[36]},"card_choices":[{"not_picked":["Sucker Punch","Dodge and Roll"],"picked":"Blur","floor":1},{"not_picked":["Setup","Replay:Poison Smokescreen"],"picked":"Skewer","floor":2},{"not_picked":["Toxin Wave","Sucker Punch"],"picked":"Cloak And Dagger","floor":3},{"not_picked":["Caltrops","Deflect"],"picked":"Accuracy","floor":4},{"not_picked":["Deflect","Outmaneuver"],"picked":"Glass Knife","floor":5},{"not_picked":["Underhanded Strike","Bane"],"picked":"ReplayTheSpireMod:Speed Training","floor":7},{"not_picked":["Slice","Quick Slash"],"picked":"Blade Dance","floor":10},{"not_picked":["Poison Darts","Unload"],"picked":"Tools of the Trade","floor":16},{"not_picked":["Flechettes","Choke"],"picked":"Acrobatics","floor":18},{"not_picked":["Dodge and Roll","Riddle With Holes"],"picked":"Tactician","floor":19},{"not_picked":["Finisher","Leg Sweep"],"picked":"Blade Dance","floor":19},{"not_picked":["Dash","Underhanded Strike","Draining Mist"],"picked":"SKIP","floor":20},{"not_picked":["Sneak Up","Slice"],"picked":"Leg Sweep","floor":21},{"not_picked":["Expertise","Prepared"],"picked":"Adrenaline","floor":23},{"not_picked":["Outmaneuver","ReplayTheSpireMod:Exploit Weakness+1","Concentrate"],"picked":"SKIP","floor":29},{"not_picked":["Dagger Spray","Toxin Wave"],"picked":"ReplayTheSpireMod:Shiv Toss","floor":31},{"not_picked":["Die Die Die","Bullet Time"],"picked":"Replay:Bag of Tricks","floor":33},{"not_picked":["ReplayTheSpireMod:The Works","Quick Slash","Outmaneuver"],"picked":"SKIP","floor":35},{"not_picked":["Dagger Throw","Quick Slash"],"picked":"Predator+1","floor":36}],"player_experience":507166,"relics_obtained":[{"floor":7,"key":"Art of War"},{"floor":9,"key":"Tiny Chest"},{"floor":19,"key":"Toy Ornithopter"},{"floor":23,"key":"Gremlin Food"},{"floor":26,"key":"Juzu Bracelet"},{"floor":27,"key":"Akabeko"}],"event_choices":[{"damage_healed":0,"gold_gain":0,"cards_transformed":["Strike_G"],"player_choice":"Transformed","damage_taken":0,"max_hp_gain":0,"max_hp_loss":0,"event_name":"Transmorgrifier","floor":13,"gold_loss":0,"cards_obtained":["Sucker Punch"]},{"damage_healed":0,"gold_gain":0,"player_choice":"Ignored","damage_taken":0,"max_hp_gain":0,"max_hp_loss":0,"event_name":"Tomb of Lord Red Mask","floor":37,"gold_loss":0},{"cards_removed":["Skewer"],"damage_healed":0,"gold_gain":0,"player_choice":"Removed Attack","damage_taken":0,"max_hp_gain":0,"max_hp_loss":0,"event_name":"Falling","floor":38,"gold_loss":0},{"damage_healed":0,"gold_gain":0,"player_choice":"Max HP","damage_taken":0,"max_hp_gain":0,"max_hp_loss":3,"event_name":"Winding Halls","floor":39,"gold_loss":0}],"is_beta":false,"boss_relics":[{"not_picked":["Sozu","Pandora\u0027s Box"],"picked":"Painkiller Herb"},{"not_picked":["Velvet Choker","Ring of the Serpent"],"picked":"Abe\u0027s Treasure"}],"items_purged_floors":[12,22],"is_endless":false,"potions_floor_spawned":[1,3,4,10,20,21,23,31,33],"killed_by":"Giant Head","ascension_level":18}}