{"host":"pgqkv8mh62pnrbci","time":1610247220,"event":{"mods":["2.2 Compatiblity","AchievementEnabler","BaseMod","Custom Start","DeckTracker","Minty Spire (QoL Compilation)","StSLib","SuperFastMode"],"gold_per_floor":[117,128,139,139,159,159,84,104,179,209,209,235,264,277,277,349,349,368,378,91,91,91,91,104,129,129,1,26,26,26,36,36,110,110,128,128,147,172,72,72,106,106,133,145,171,188,219,232,232,232,232],"floor_reached":52,"playtime":3308,"items_purged":["Defend_P","Blasphemy"],"score":2195,"play_id":"91498b6f-b033-4d54-b059-7d03d4cafd48","local_time":"20210110115340","is_ascension_mode":true,"campfire_choices":[{"data":"Eruption","floor":6.0,"key":"SMITH"},{"floor":11.0,"key":"REST"},{"data":"Establishment","floor":15.0,"key":"SMITH"},{"data":"MasterReality","floor":23.0,"key":"SMITH"},{"data":"Ghostly","floor":32.0,"key":"SMITH"},{"data":"Vault","floor":40.0,"key":"SMITH"},{"data":"Ghostly","floor":42.0,"key":"SMITH"},{"data":"Omniscience","floor":49.0,"key":"SMITH"}],"circlet_count":0,"master_deck":["AscendersBane","Eruption+1","Vigilance","Master of Strategy","InnerPeace","DeceiveReality","Establishment+1","MasterReality+1","MentalFortress","Brilliance","Scrawl","DeusExMachina","BattleHymn","WheelKick","TalkToTheHand","FearNoEvil","Meditate","Tantrum","DeusExMachina","Ghostly","Ghostly+1","Ghostly+1","Vault+1","Deep Breath","Panacea","Jack Of All Trades","ClearTheMind","Omniscience+1"],"relics":["PureWater","Kunai","Peace Pipe","Art of War","Oddly Smooth Stone","Pandora\u0027s Box","Eternal Feather","MutagenicStrength","Shuriken","GoldenEye","Red Mask","Sozu","Gambling Chip","Potion Belt","MealTicket","Centennial Puzzle"],"acts_visited":["Exordium","TheCity","TheBeyond"],"potions_floor_usage":[],"damage_taken":[{"damage":4.0,"enemies":"Jaw Worm","floor":1.0,"turns":4.0},{"damage":0.0,"enemies":"Cultist","floor":2.0,"turns":2.0},{"damage":7.0,"enemies":"2 Louse","floor":3.0,"turns":3.0},{"damage":1.0,"enemies":"Blue Slaver","floor":5.0,"turns":6.0},{"damage":9.0,"enemies":"Gremlin Gang","floor":8.0,"turns":7.0},{"damage":16.0,"enemies":"Gremlin Nob","floor":10.0,"turns":3.0},{"damage":23.0,"enemies":"3 Sentries","floor":13.0,"turns":14.0},{"damage":0.0,"enemies":"Large Slime","floor":14.0,"turns":4.0},{"damage":10.0,"enemies":"The Guardian","floor":16.0,"turns":18.0},{"damage":22.0,"enemies":"2 Thieves","floor":18.0,"turns":4.0},{"damage":1.0,"enemies":"3 Byrds","floor":19.0,"turns":4.0},{"damage":0.0,"enemies":"Snecko","floor":24.0,"turns":5.0},{"damage":8.0,"enemies":"Book of Stabbing","floor":25.0,"turns":4.0},{"damage":17.0,"enemies":"Masked Bandits","floor":28.0,"turns":4.0},{"damage":0.0,"enemies":"Slavers","floor":29.0,"turns":1.0},{"damage":3.0,"enemies":"Snake Plant","floor":31.0,"turns":3.0},{"damage":0.0,"enemies":"Collector","floor":33.0,"turns":6.0},{"damage":5.0,"enemies":"Orb Walker","floor":35.0,"turns":4.0},{"damage":0.0,"enemies":"3 Darklings","floor":37.0,"turns":6.0},{"damage":0.0,"enemies":"Mind Bloom Boss Battle","floor":38.0,"turns":5.0},{"damage":0.0,"enemies":"Giant Head","floor":41.0,"turns":4.0},{"damage":12.0,"enemies":"Writhing Mass","floor":44.0,"turns":6.0},{"damage":9.0,"enemies":"Sphere and 2 Shapes","floor":46.0,"turns":5.0},{"damage":0.0,"enemies":"Nemesis","floor":47.0,"turns":4.0},{"damage":0.0,"enemies":"Jaw Worm Horde","floor":48.0,"turns":5.0},{"damage":12.0,"enemies":"Donu and Deca","floor":50.0,"turns":7.0},{"damage":0,"enemies":"Awakened One","floor":51,"turns":9}],"seed_played":"555494229997977518","potions_obtained":[{"floor":5.0,"key":"FearPotion"},{"floor":8.0,"key":"PowerPotion"},{"floor":10.0,"key":"SmokeBomb"},{"floor":14.0,"key":"SpeedPotion"},{"floor":19.0,"key":"BlessingOfTheForge"},{"floor":31.0,"key":"SkillPotion"}],"is_trial":false,"path_per_floor":["M","M","M","?","M","R","$","M","T","E","R","T","E","M","R","B",null,"M","M","$","?","?","R","M","E","T","$","?","E","?","M","R","B",null,"M","?","M","?","$","R","E","R","T","M","T","M","E","M","R","B","B",null],"character_chosen":"WATCHER","items_purchased":["Eternal Feather","Meditate","Tantrum"],"campfire_rested":1,"item_purchase_floors":[20,27,27],"current_hp_per_floor":[57,57,50,50,49,49,49,40,40,24,42,42,19,19,19,9,49,27,26,26,26,26,35,35,27,27,27,10,10,10,7,19,19,28,23,13,13,13,13,28,28,31,31,19,19,10,10,10,25,13,13],"gold":232,"neow_bonus":"RANDOM_COLORLESS_2","is_daily":false,"chose_seed":false,"campfire_upgraded":7,"win_rate":0.0,"timestamp":1610247220,"path_taken":["M","M","M","?","M","R","?","M","T","E","R","?","E","M","R","BOSS","M","M","$","?","?","R","M","E","T","$","?","E","?","M","R","BOSS","M","?","M","?","$","R","E","R","T","M","?","?","E","M","R","BOSS","BOSS"],"items_purchased_type":["Relic","Card","Card"],"build_version":"2020-12-22","purchased_purges":2,"victory":true,"max_hp_per_floor":[62,62,62,62,62,62,62,62,62,62,62,62,62,62,62,62,62,62,62,62,62,62,62,62,62,62,62,62,62,31,31,31,31,31,31,31,31,31,31,31,31,31,31,31,31,31,31,31,31,31,31],"card_choices":[{"not_picked":["Magnetism","Sadistic Nature"],"picked":"Master of Strategy","floor":0.0},{"not_picked":["CutThroughFate","Evaluate"],"picked":"InnerPeace","floor":1.0},{"not_picked":["EmptyBody","FollowUp","BattleHymn"],"picked":"SKIP","floor":2.0},{"not_picked":["BowlingBash","DeceiveReality","JustLucky"],"picked":"SKIP","floor":3.0},{"not_picked":["BowlingBash","JustLucky"],"picked":"DeceiveReality","floor":3.0},{"not_picked":["Fasting2","ClearTheMind","LikeWater"],"picked":"SKIP","floor":5.0},{"not_picked":["CarveReality","Protect","ReachHeaven"],"picked":"SKIP","floor":8.0},{"not_picked":["CarveReality","Protect","ReachHeaven"],"picked":"SKIP","floor":8.0},{"not_picked":["Protect","CrushJoints","Ragnarok"],"picked":"SKIP","floor":10.0},{"not_picked":["Protect","CrushJoints","Ragnarok"],"picked":"SKIP","floor":10.0},{"not_picked":["BowlingBash","Nirvana"],"picked":"Establishment","floor":13.0},{"not_picked":["Evaluate","BowlingBash","Crescendo"],"picked":"SKIP","floor":14.0},{"not_picked":["Establishment","Brilliance"],"picked":"MasterReality","floor":16.0},{"not_picked":["EmptyBody","ClearTheMind"],"picked":"TalkToTheHand","floor":18.0},{"not_picked":["ReachHeaven","MentalFortress"],"picked":"FearNoEvil","floor":19.0},{"not_picked":["EmptyBody","FlyingSleeves","Vengeance"],"picked":"SKIP","floor":24.0},{"not_picked":["FearNoEvil","FlyingSleeves","WheelKick"],"picked":"SKIP","floor":25.0},{"not_picked":["ClearTheMind","CrushJoints"],"picked":"DeusExMachina","floor":28.0},{"not_picked":["FlyingSleeves","JustLucky+1","FlurryOfBlows"],"picked":"SKIP","floor":31.0},{"not_picked":["Establishment","Wish"],"picked":"Vault","floor":33.0},{"not_picked":["Halt","EmptyBody+1","WaveOfTheHand+1"],"picked":"SKIP","floor":35.0},{"not_picked":["HandOfGreed","The Bomb"],"picked":"Deep Breath","floor":36.0},{"not_picked":["Metamorphosis","Mind Blast"],"picked":"Panacea","floor":36.0},{"not_picked":["Swift Strike","Blind"],"picked":"Jack Of All Trades","floor":36.0},{"not_picked":["SashWhip","Protect+1","ClearTheMind"],"picked":"SKIP","floor":37.0},{"not_picked":["SashWhip","Protect+1"],"picked":"ClearTheMind","floor":37.0},{"not_picked":["Meditate","Protect+1","ClearTheMind"],"picked":"SKIP","floor":41.0},{"not_picked":["Crescendo+1","CutThroughFate+1","EmptyFist"],"picked":"SKIP","floor":44.0},{"not_picked":["Weave","Collect","Wallop"],"picked":"SKIP","floor":46.0},{"not_picked":["EmptyBody+1","DeceiveReality"],"picked":"Omniscience","floor":47.0},{"not_picked":["Crescendo","Consecrate+1","FlurryOfBlows"],"picked":"SKIP","floor":48.0}],"player_experience":609689,"relics_obtained":[{"floor":9.0,"key":"Kunai"},{"floor":10.0,"key":"Peace Pipe"},{"floor":12.0,"key":"Art of War"},{"floor":13.0,"key":"Oddly Smooth Stone"},{"floor":25.0,"key":"Shuriken"},{"floor":26.0,"key":"GoldenEye"},{"floor":28.0,"key":"Red Mask"},{"floor":38.0,"key":"Gambling Chip"},{"floor":41.0,"key":"Potion Belt"},{"floor":45.0,"key":"MealTicket"},{"floor":47.0,"key":"Centennial Puzzle"}],"event_choices":[{"damage_healed":0.0,"max_hp_gain":0.0,"max_hp_loss":0.0,"gold_gain":0.0,"event_name":"Liars Game","player_choice":"Ignored","floor":4.0,"gold_loss":0.0,"damage_taken":0.0},{"damage_healed":0.0,"max_hp_gain":0.0,"max_hp_loss":0.0,"gold_gain":0.0,"event_name":"Drug Dealer","player_choice":"Inject Mutagens","floor":21.0,"gold_loss":0.0,"damage_taken":0.0,"relics_obtained":["MutagenicStrength"]},{"damage_healed":0.0,"max_hp_gain":0.0,"max_hp_loss":0.0,"gold_gain":0.0,"event_name":"Vampires","player_choice":"Ignored","floor":22.0,"gold_loss":0.0,"damage_taken":0.0},{"damage_healed":0.0,"max_hp_gain":0.0,"max_hp_loss":0.0,"gold_gain":0.0,"event_name":"Masked Bandits","player_choice":"Fought Bandits","floor":28.0,"gold_loss":0.0,"damage_taken":0.0},{"damage_healed":0.0,"max_hp_gain":0.0,"max_hp_loss":31.0,"gold_gain":0.0,"event_name":"Ghosts","player_choice":"Became a Ghost","floor":30.0,"gold_loss":0.0,"damage_taken":0.0,"cards_obtained":["Ghostly","Ghostly","Ghostly"]},{"damage_healed":0.0,"max_hp_gain":0.0,"max_hp_loss":0.0,"gold_gain":0.0,"event_name":"SensoryStone","player_choice":"Memory 3","floor":36.0,"gold_loss":0.0,"damage_taken":10.0},{"damage_healed":0.0,"max_hp_gain":0.0,"max_hp_loss":0.0,"gold_gain":0.0,"event_name":"MindBloom","player_choice":"Fight","floor":38.0,"gold_loss":0.0,"damage_taken":0.0}],"is_beta":false,"boss_relics":[{"not_picked":["Fusion Hammer","Cursed Key"],"picked":"Pandora\u0027s Box"},{"not_picked":["SacredBark","Calling Bell"],"picked":"Sozu"}],"items_purged_floors":[7,39],"is_endless":false,"potions_floor_spawned":[5,8,10,14,19,29,31,35,44],"ascension_level":20}}