{"host":"4rvakrj1idbgia3f","time":1610264368,"event":{"mods":["BaseMod","Colored Map","Colored Powertips","DeckTracker","Highlight Path","Minty Spire (QoL Compilation)","Random Character Button","StSLib"],"gold_per_floor":[109,34,50,50,74,74,115,128,128,128,153,169,204,227,227,320,320,304,304,317,69,84,84,5,5,28,28,28,28,28,28],"floor_reached":30,"playtime":1186,"items_purged":["Strike_G"],"score":530,"play_id":"f1855a1e-4da6-4844-ad20-045a220dc042","local_time":"20210110163928","is_ascension_mode":true,"campfire_choices":[{"data":"Quick Slash","floor":6.0,"key":"SMITH"},{"data":"After Image","floor":10.0,"key":"SMITH"},{"data":"Blade Dance","floor":15.0,"key":"SMITH"},{"data":"A Thousand Cuts","floor":23.0,"key":"SMITH"},{"data":"Accuracy","floor":25.0,"key":"SMITH"},{"data":"Dagger Spray","floor":27.0,"key":"SMITH"},{"data":"Neutralize","floor":29,"key":"SMITH"}],"circlet_count":0,"master_deck":["AscendersBane","Strike_G","Strike_G","Strike_G","Strike_G","Defend_G","Defend_G","Defend_G","Defend_G","Survivor","Neutralize+1","Blade Dance+1","Slice","Quick Slash+1","Cloak And Dagger","After Image+1","Acrobatics","Escape Plan","A Thousand Cuts+1","Blur","After Image+1","PiercingWail+1","Dagger Spray+1","Accuracy+1"],"relics":["Ring of the Snake","NeowsBlessing","Golden Idol","HornCleat","Ninja Scroll","Bottled Lightning","SacredBark","PreservedInsect","Pen Nib"],"acts_visited":["Exordium","TheCity"],"potions_floor_usage":[],"damage_taken":[{"damage":0.0,"enemies":"Cultist","floor":1.0,"turns":1.0},{"damage":0.0,"enemies":"2 Louse","floor":3.0,"turns":1.0},{"damage":0.0,"enemies":"Small Slimes","floor":5.0,"turns":1.0},{"damage":25.0,"enemies":"Lagavulin","floor":7.0,"turns":7.0},{"damage":1.0,"enemies":"Red Slaver","floor":8.0,"turns":3.0},{"damage":0.0,"enemies":"3 Louse","floor":11.0,"turns":3.0},{"damage":0.0,"enemies":"Large Slime","floor":12.0,"turns":5.0},{"damage":0.0,"enemies":"Gremlin Nob","floor":13.0,"turns":3.0},{"damage":0.0,"enemies":"2 Fungi Beasts","floor":14.0,"turns":3.0},{"damage":26.0,"enemies":"Slime Boss","floor":16.0,"turns":17.0},{"damage":5.0,"enemies":"2 Thieves","floor":18.0,"turns":4.0},{"damage":0.0,"enemies":"Shell Parasite","floor":20.0,"turns":7.0},{"damage":11.0,"enemies":"Sentry and Sphere","floor":22.0,"turns":10.0},{"damage":35,"enemies":"Snecko","floor":30,"turns":8}],"seed_played":"8590008754061033853","potions_obtained":[{"floor":1.0,"key":"DuplicationPotion"},{"floor":3.0,"key":"PowerPotion"},{"floor":11.0,"key":"SkillPotion"},{"floor":18.0,"key":"GhostInAJar"},{"floor":20.0,"key":"Weak Potion"}],"is_trial":false,"path_per_floor":["M","?","M","?","M","R","E","M","T","R","M","M","E","M","R","B",null,"M","?","M","$","M","R","$","R","T","R","?","R","M"],"character_chosen":"THE_SILENT","items_purchased":["PreservedInsect","Accuracy"],"campfire_rested":0,"item_purchase_floors":[21,24],"current_hp_per_floor":[59,59,59,59,59,59,34,33,33,33,33,33,33,33,33,7,47,42,42,42,42,31,31,31,31,31,31,31,31,0,0],"gold":28,"neow_bonus":"THREE_ENEMY_KILL","is_daily":false,"chose_seed":false,"campfire_upgraded":7,"win_rate":0.0,"timestamp":1610264368,"path_taken":["M","?","M","?","M","R","E","M","T","R","M","M","E","M","R","BOSS","M","?","M","$","?","R","?","R","T","R","?","R","M"],"items_purchased_type":["Relic","Card"],"build_version":"2020-12-22","purchased_purges":1,"victory":false,"max_hp_per_floor":[66,66,66,60,60,60,60,60,60,60,60,60,60,60,60,60,60,60,60,60,60,60,60,60,60,60,60,60,60,60,60],"card_choices":[{"not_picked":["Deadly Poison","Quick Slash"],"picked":"Blade Dance","floor":1.0},{"not_picked":["Prepared","Concentrate"],"picked":"Slice","floor":3.0},{"not_picked":["Setup","Bane"],"picked":"Quick Slash","floor":5.0},{"not_picked":["Predator","Quick Slash"],"picked":"Cloak And Dagger","floor":7.0},{"not_picked":["Underhanded Strike","Catalyst"],"picked":"After Image","floor":8.0},{"not_picked":["Eviscerate","Acrobatics","Dagger Throw"],"picked":"SKIP","floor":11.0},{"not_picked":["Flying Knee","Outmaneuver","Predator"],"picked":"SKIP","floor":12.0},{"not_picked":["Dash","Leg Sweep"],"picked":"Acrobatics","floor":13.0},{"not_picked":["Distraction","Acrobatics"],"picked":"Escape Plan","floor":14.0},{"not_picked":["Corpse Explosion","Unload"],"picked":"A Thousand Cuts","floor":16.0},{"not_picked":["Quick Slash","Masterful Stab+1"],"picked":"Blur","floor":18.0},{"not_picked":["Flying Knee","Deflect"],"picked":"PiercingWail+1","floor":20.0},{"not_picked":["Caltrops","Deadly Poison"],"picked":"Dagger Spray","floor":22.0}],"player_experience":1990500,"relics_obtained":[{"floor":7.0,"key":"HornCleat"},{"floor":9.0,"key":"Ninja Scroll"},{"floor":13.0,"key":"Bottled Lightning"},{"floor":26.0,"key":"Pen Nib"}],"event_choices":[{"cards_removed":["Defend_G"],"damage_healed":0.0,"max_hp_gain":0.0,"max_hp_loss":0.0,"gold_gain":0.0,"event_name":"The Cleric","player_choice":"Card Removal","floor":2.0,"gold_loss":75.0,"damage_taken":0.0},{"damage_healed":0.0,"max_hp_gain":0.0,"max_hp_loss":6.0,"gold_gain":0.0,"event_name":"Golden Idol","player_choice":"Lose Max HP","floor":4.0,"gold_loss":0.0,"damage_taken":0.0,"relics_obtained":["Golden Idol"]},{"damage_healed":0.0,"max_hp_gain":0.0,"max_hp_loss":0.0,"gold_gain":0.0,"event_name":"Duplicator","player_choice":"Copied","floor":19.0,"gold_loss":0.0,"damage_taken":0.0,"cards_obtained":["After Image"]}],"is_beta":false,"boss_relics":[{"not_picked":["Pandora\u0027s Box","Tiny House"],"picked":"SacredBark"}],"items_purged_floors":[21],"is_endless":false,"potions_floor_spawned":[1,3,5,11,12,18,20],"killed_by":"Snecko","ascension_level":20}}