{"host":"brd61wijv1cf72gn","time":1610283887,"event":{"mods":["Act Like it!","BaseMod","Conspire","Downfall","Gensokyo","Marisa£®ÏF”Í°°ƒß¿Ì…≥£©","Minty Spire (QoL Compilation)","Replay The Spire","StSLib","The Administrix","The Bug Knight","The Cursed","The Runesmith","The Servant 0.9.4"],"gold_per_floor":[111,129,143,154,166,194,194,227,254,254,254,254,268,268,293,293,293,416,416,434,447,38,38,58,101,101,144,144,159,9,25,25,56,56,186,186,200,269,309,367,392,97,97,97,97,97,58,98,123,150,150,150],"floor_reached":53,"playtime":3026,"items_purged":["Injury","Strike_G"],"score":834,"play_id":"601932ed-c72a-452f-81e3-920ac96fdec6","local_time":"20210110210447","is_ascension_mode":true,"campfire_choices":[{"floor":7.0,"key":"REST"},{"floor":17.0,"key":"REST"},{"data":"Replay:Bag of Tricks","floor":26.0,"key":"SMITH"},{"floor":34.0,"key":"REST"},{"data":"Defend_G","floor":43,"key":"PURGE"},{"data":"Strike_G+1","floor":46,"key":"PURGE"},{"floor":51,"key":"REST"}],"circlet_count":0,"master_deck":["Strike_G+1","Strike_G","Defend_G","Defend_G","Defend_G","Defend_G","Survivor+1","Neutralize","Quick Slash","PiercingWail","Backflip","PiercingWail","Replay:Bag of Tricks+1","Accuracy","Replay:Bag of Tricks","Escape Plan+1","ReplayTheSpireMod:Scrap Shanks","Replay:Bag of Tricks+1","Phantasmal Killer","After Image","Expertise+1","Dagger Spray+1","Backstab+1","Infinite Blades+1","Cloak And Dagger","Blade Dance","Infinite Blades","Blade Dance+1"],"relics":["Ring of the Snake","Pear","Lantern","Bag of Marbles","Replay:Baseball","Golden Idol","WristBlade","ReplayTheSpireMod:Ninjato","Nloth\u0027s Gift","Anchor","Durian","Replay:Bottled Flurry","DollysMirror","Kunai","Astrolabe","Peace Pipe","ReplayFunnel","Question Card","Nunchaku","Simple Rune","conspire:BottledYoYo","Gremlin Food"],"acts_visited":["Exordium","TheCity","TheBeyond"],"potions_floor_usage":[39,52],"damage_taken":[{"damage":0.0,"enemies":"Jaw Worm","floor":1.0,"turns":1.0},{"damage":0.0,"enemies":"Small Slimes","floor":2.0,"turns":1.0},{"damage":0.0,"enemies":"Cultist","floor":3.0,"turns":1.0},{"damage":4.0,"enemies":"Red Slaver","floor":4.0,"turns":4.0},{"damage":5.0,"enemies":"2 Fungi Beasts","floor":5.0,"turns":4.0},{"damage":23.0,"enemies":"Lagavulin","floor":6.0,"turns":9.0},{"damage":19.0,"enemies":"Gremlin Nob","floor":8.0,"turns":5.0},{"damage":0.0,"enemies":"3 Louse","floor":13.0,"turns":2.0},{"damage":16.0,"enemies":"3 Sentries","floor":15.0,"turns":8.0},{"damage":42.0,"enemies":"Fading Forest","floor":18.0,"turns":11.0},{"damage":13.0,"enemies":"Spheric Guardian","floor":20.0,"turns":5.0},{"damage":2.0,"enemies":"Shell Parasite","floor":21.0,"turns":4.0},{"damage":0.0,"enemies":"Cultist and Chosen","floor":24.0,"turns":6.0},{"damage":23.0,"enemies":"HollowMod:Nosk","floor":25.0,"turns":4.0},{"damage":5.0,"enemies":"Book of Stabbing","floor":27.0,"turns":4.0},{"damage":0.0,"enemies":"Snecko","floor":29.0,"turns":3.0},{"damage":14.0,"enemies":"Snake Plant","floor":31.0,"turns":3.0},{"damage":5.0,"enemies":"Slavers","floor":33.0,"turns":5.0},{"damage":36.0,"enemies":"Collector","floor":35.0,"turns":7.0},{"damage":0.0,"enemies":"Orb Walker","floor":37.0,"turns":2.0},{"damage":6.0,"enemies":"2 Orb Walkers","floor":38.0,"turns":3.0},{"damage":11,"enemies":"conspire:MimicChest","floor":39,"turns":5},{"damage":1,"enemies":"3 Shapes","floor":41,"turns":2},{"damage":15,"enemies":"Reptomancer","floor":48,"turns":6},{"damage":14,"enemies":"Writhing Mass","floor":49,"turns":4},{"damage":13,"enemies":"Donu and Deca","floor":52,"turns":5}],"seed_played":"-8732749452420166595","potions_obtained":[{"floor":2.0,"key":"Block Potion"},{"floor":3.0,"key":"Guardian:BlockOnCardUsePotion"},{"floor":6.0,"key":"LifebloodPotion"},{"floor":15.0,"key":"Strength Potion"},{"floor":24.0,"key":"CunningPotion"},{"floor":25.0,"key":"Guardian:BlockOnCardUsePotion"},{"floor":31.0,"key":"Swift Potion"},{"floor":38.0,"key":"AttackPotion"},{"floor":40,"key":"Poison Potion"},{"floor":49,"key":"SkillPotion"}],"is_trial":false,"path_per_floor":["M","M","M","M","M","E","R","E","T","PTL","PTL","?","M","$","E","?","R","B",null,"M","M","$","?","M","E","R","E","T","M","$","M","?","E","R","B",null,"M","?","?","?","M","$","R","?","T","R","$","E","M","T","R","B",null],"character_chosen":"THE_SILENT","items_purchased":["Accuracy","ReplayTheSpireMod:Ninjato","DollysMirror","Nunchaku","Blade Dance","Infinite Blades"],"campfire_rested":4,"item_purchase_floors":[22,22,30,42,42,47],"current_hp_per_floor":[70,70,70,66,61,48,72,53,53,53,53,53,53,53,37,37,61,19,80,67,65,65,65,65,42,42,42,42,42,42,28,28,23,48,12,85,85,79,68,68,67,67,67,67,67,67,67,52,38,38,63,50],"gold":150,"neow_bonus":"THREE_ENEMY_KILL","is_daily":false,"chose_seed":false,"campfire_upgraded":1,"win_rate":0.0,"timestamp":1610283887,"path_taken":["M","M","M","M","M","E","R","E","T","PTL","PTL","?","M","$","E","?","R","BOSS","M","M","$","?","?","E","R","E","T","M","?","M","?","E","R","BOSS","M","?","?","?","M","$","R","?","T","R","?","E","?","?","R","BOSS"],"items_purchased_type":["Card","Relic","Relic","Relic","Card","Card"],"build_version":"2020-12-22","purchased_purges":2,"victory":true,"max_hp_per_floor":[70,70,70,70,70,80,80,80,80,80,80,80,80,80,80,80,80,80,80,80,80,80,80,80,80,80,85,85,85,85,85,85,85,85,85,85,85,85,85,85,85,85,85,85,85,85,85,85,85,85,85,85],"card_choices":[{"not_picked":["Acrobatics","Expertise"],"picked":"Quick Slash","floor":1.0},{"not_picked":["Heel Hook","Reflex"],"picked":"PiercingWail","floor":2.0},{"not_picked":["Sucker Punch","Sneak Up","Deadly Poison"],"picked":"SKIP","floor":3.0},{"not_picked":["Prepared","Draining Mist"],"picked":"Backflip","floor":4.0},{"not_picked":["Finisher","Malaise"],"picked":"Poisoned Stab","floor":5.0},{"not_picked":["Hidden Blade","Sneak Up"],"picked":"PiercingWail","floor":6.0},{"not_picked":["Sucker Punch","Acrobatics","Deflect"],"picked":"SKIP","floor":8.0},{"not_picked":["Reflex","conspire:DoublingDagger"],"picked":"Dagger Spray","floor":13.0},{"not_picked":["Noxious Fumes","Leg Sweep","Masterful Stab"],"picked":"SKIP","floor":15.0},{"not_picked":["Doppelganger","Die Die Die"],"picked":"Replay:Bag of Tricks","floor":18.0},{"not_picked":["Poisoned Stab","Deadly Poison","Crippling Poison"],"picked":"SKIP","floor":20.0},{"not_picked":["ReplayTheSpireMod:Tripwire","Underhanded Strike","Poisoned Stab"],"picked":"SKIP","floor":21.0},{"not_picked":["Leg Sweep+1","Skewer","Poisoned Stab"],"picked":"SKIP","floor":24.0},{"not_picked":["Footwork","ReplayTheSpireMod:Exploit Weakness"],"picked":"Replay:Bag of Tricks","floor":25.0},{"not_picked":["Riddle With Holes+1","Flying Knee"],"picked":"Escape Plan","floor":27.0},{"not_picked":["conspire:PoisonWeapons+1","Choke"],"picked":"ReplayTheSpireMod:Scrap Shanks","floor":29.0},{"not_picked":["Bane+1","Draining Mist","Deadly Poison"],"picked":"SKIP","floor":31.0},{"not_picked":["Terror","Crippling Poison"],"picked":"Phantasmal Killer","floor":33.0},{"not_picked":["Envenom","Night Terror"],"picked":"After Image","floor":35.0},{"not_picked":["Venomology","Underhanded Strike"],"picked":"Infinite Blades+1","floor":37.0},{"not_picked":["PiercingWail+1","Prepared"],"picked":"Cloak And Dagger","floor":40},{"not_picked":["Bane+1","Venomology","Slice","All Out Attack"],"picked":"SKIP","floor":41},{"not_picked":["ReplayTheSpireMod:Exploit Weakness+1","Prepared+1","Replay:Poison Smokescreen","Backflip+1"],"picked":"SKIP","floor":48},{"not_picked":["Leg Sweep+1","Dagger Throw+1","Prepared+1"],"picked":"Blade Dance+1","floor":49}],"player_experience":30102,"relics_obtained":[{"floor":6.0,"key":"Pear"},{"floor":8.0,"key":"Lantern"},{"floor":9.0,"key":"Bag of Marbles"},{"floor":15.0,"key":"Replay:Baseball"},{"floor":25.0,"key":"Anchor"},{"floor":27.0,"key":"Durian"},{"floor":28.0,"key":"Replay:Bottled Flurry"},{"floor":33.0,"key":"Kunai"},{"floor":38.0,"key":"Peace Pipe"},{"floor":39,"key":"ReplayFunnel"},{"floor":40,"key":"Question Card"},{"floor":45,"key":"Simple Rune"},{"floor":48,"key":"conspire:BottledYoYo"},{"floor":50,"key":"Gremlin Food"}],"event_choices":[{"damage_healed":0.0,"max_hp_gain":0.0,"max_hp_loss":0.0,"gold_gain":0.0,"event_name":"Golden Idol","player_choice":"Take Wound","floor":16.0,"gold_loss":0.0,"damage_taken":0.0,"relics_obtained":["Golden Idol"],"cards_obtained":["Injury"]},{"damage_healed":0.0,"max_hp_gain":0.0,"max_hp_loss":0.0,"gold_gain":0.0,"event_name":"N\u0027loth","player_choice":"Traded Relic","floor":23.0,"relics_lost":["NeowsBlessing"],"gold_loss":0.0,"damage_taken":0.0,"relics_obtained":["Nloth\u0027s Gift"]},{"damage_healed":0.0,"max_hp_gain":0.0,"max_hp_loss":0.0,"gold_gain":0.0,"event_name":"Vampires","player_choice":"Ignored","floor":32.0,"gold_loss":0.0,"damage_taken":0.0},{"damage_healed":0.0,"max_hp_gain":0.0,"max_hp_loss":0.0,"gold_gain":0.0,"event_name":"Mysterious Sphere","player_choice":"Fight","floor":38.0,"gold_loss":0.0,"damage_taken":0.0},{"damage_healed":0,"gold_gain":0,"player_choice":"Leave","damage_taken":0,"max_hp_gain":0,"max_hp_loss":0,"event_name":"conspire:Investor","floor":44,"gold_loss":0}],"is_beta":false,"boss_relics":[{"not_picked":["conspire:RunicOctahedron","Fusion Hammer"],"picked":"WristBlade"},{"not_picked":["Sozu","Snecko Eye"],"picked":"Astrolabe"}],"items_purged_floors":[22,42],"is_endless":false,"potions_floor_spawned":[2,3,6,15,24,25,31,38,49],"ascension_level":2}}