{"host":"rolltorest","time":1610249954,"event":{"mods":["BaseMod","Minty Spire (QoL Compilation)","Relic Stats","Robot Space Explorer","Slay the Relics Exporter","StSLib"],"gold_per_floor":[114,62,79,229,229,229,256,256,281,292,317,32,49,75,75,148,148,148,148,148,128,128,128,128,128],"floor_reached":24,"playtime":711,"items_purged":[],"score":478,"play_id":"16496b6e-e8ed-4c38-9af4-80570b5383cc","local_time":"20210109193914","is_ascension_mode":true,"campfire_choices":[{"data":"RobotSpaceExplorer:MiniDrones","floor":6,"key":"SMITH"},{"data":"RobotSpaceExplorer:Arsenal","floor":8,"key":"SMITH"},{"floor":15,"key":"REST"},{"floor":23,"key":"REST"}],"circlet_count":0,"master_deck":["AscendersBane","RobotSpaceExplorer:Strike","RobotSpaceExplorer:Strike","RobotSpaceExplorer:Strike","RobotSpaceExplorer:Strike","RobotSpaceExplorer:Defend","RobotSpaceExplorer:Defend","RobotSpaceExplorer:Defend","RobotSpaceExplorer:Defend","RobotSpaceExplorer:Scan","RobotSpaceExplorer:MiniLasers","RobotSpaceExplorer:SelfCleaning","RobotSpaceExplorer:FrostMissile","RobotSpaceExplorer:MiniDrones+1","Doubt","RobotSpaceExplorer:Arsenal+1","RobotSpaceExplorer:TurboDodge","RobotSpaceExplorer:SelfCleaning","RobotSpaceExplorer:Blitz","RobotSpaceExplorer:ExhaustFan","RobotSpaceExplorer:Explosion","RobotSpaceExplorer:GearShield","RobotSpaceExplorer:Explosion","RobotSpaceExplorer:FrostMissile+1","RobotSpaceExplorer:GearShield"],"relics":["RobotSpaceExplorer:RoboCore","NeowsBlessing","RobotSpaceExplorer:ClockworkSextant","Juzu Bracelet","Oddly Smooth Stone","Blood Vial","ClockworkSouvenir","RobotSpaceExplorer:ToughPlating","Ectoplasm"],"acts_visited":["Exordium","TheCity"],"potions_floor_usage":[11,14],"damage_taken":[{"damage":0,"enemies":"Small Slimes","floor":1,"turns":1},{"damage":0,"enemies":"Jaw Worm","floor":3,"turns":1},{"damage":0,"enemies":"Gremlin Nob","floor":7,"turns":1},{"damage":0,"enemies":"Cultist","floor":10,"turns":2},{"damage":31,"enemies":"3 Sentries","floor":11,"turns":7},{"damage":4,"enemies":"Red Slaver","floor":13,"turns":3},{"damage":19,"enemies":"Gremlin Nob","floor":14,"turns":5},{"damage":31,"enemies":"The Guardian","floor":16,"turns":16},{"damage":5,"enemies":"Chosen","floor":18,"turns":5},{"damage":7,"enemies":"Spheric Guardian","floor":19,"turns":4},{"damage":34,"enemies":"Centurion and Healer","floor":22,"turns":13},{"damage":1,"enemies":"Gremlin Leader","floor":24,"turns":2}],"seed_played":"2715124552575668731","potions_obtained":[{"floor":1,"key":"Fire Potion"},{"floor":10,"key":"DuplicationPotion"},{"floor":16,"key":"RobotSpaceExplorer:RecyclePotion"},{"floor":18,"key":"LiquidBronze"}],"is_trial":false,"path_per_floor":["M","$","M","?","T","R","E","R","T","M","E","$","M","E","R","B",null,"M","M","?","?","M","R","E"],"character_chosen":"RobotSpaceExplorer","items_purchased":["RobotSpaceExplorer:FrostMissile","RobotSpaceExplorer:Blitz","RobotSpaceExplorer:ExhaustFan","ClockworkSouvenir"],"campfire_rested":2,"item_purchase_floors":[2,12,12,12],"current_hp_per_floor":[64,64,64,64,64,64,64,64,64,64,33,33,31,14,35,6,55,52,47,41,41,9,30,31,31],"gold":128,"neow_bonus":"THREE_ENEMY_KILL","is_daily":false,"chose_seed":false,"campfire_upgraded":2,"win_rate":0.0,"timestamp":1610249954,"path_taken":["M","$","M","?","?","R","E","R","T","M","E","$","M","E","R","BOSS","M","M","?","?","M","R","E"],"items_purchased_type":["Card","Card","Card","Relic"],"build_version":"2020-12-18","purchased_purges":0,"victory":false,"max_hp_per_floor":[71,71,71,71,71,71,71,71,71,71,71,71,71,71,71,71,71,71,71,71,71,71,71,71,71],"relic_stats":{"Blood Vial":14,"counters":[12,60],"Ectoplasm":46,"Juzu Bracelet":1,"obtain_stats":[{"RobotSpaceExplorer:ClockworkSextant":5,"Blood Vial":11,"NeowsBlessing":0,"RobotSpaceExplorer:ToughPlating":14,"Oddly Smooth Stone":9,"RobotSpaceExplorer:RoboCore":0,"Ectoplasm":17,"Juzu Bracelet":7,"ClockworkSouvenir":12},{"RobotSpaceExplorer:ClockworkSextant":2,"Blood Vial":5,"NeowsBlessing":0,"RobotSpaceExplorer:ToughPlating":7,"Oddly Smooth Stone":3,"RobotSpaceExplorer:RoboCore":0,"Ectoplasm":8,"Juzu Bracelet":3,"ClockworkSouvenir":5},{"RobotSpaceExplorer:ClockworkSextant":2,"Blood Vial":12,"NeowsBlessing":0,"RobotSpaceExplorer:ToughPlating":20,"Oddly Smooth Stone":3,"RobotSpaceExplorer:RoboCore":0,"Ectoplasm":36,"Juzu Bracelet":3,"ClockworkSouvenir":12}]},"card_choices":[{"not_picked":["RobotSpaceExplorer:GlueShot","RobotSpaceExplorer:Ammunition"],"picked":"RobotSpaceExplorer:SelfCleaning","floor":1},{"not_picked":["RobotSpaceExplorer:ShockKick","RobotSpaceExplorer:ScrapMissile"],"picked":"RobotSpaceExplorer:MiniDrones","floor":3},{"not_picked":["RobotSpaceExplorer:DoubleBlock","RobotSpaceExplorer:SurgingStrike"],"picked":"RobotSpaceExplorer:Arsenal","floor":7},{"not_picked":["RobotSpaceExplorer:ExhaustFan","RobotSpaceExplorer:SurgingShield"],"picked":"RobotSpaceExplorer:TurboDodge","floor":10},{"not_picked":["RobotSpaceExplorer:FranticSearch","RobotSpaceExplorer:Counterblock"],"picked":"RobotSpaceExplorer:SelfCleaning","floor":11},{"not_picked":["RobotSpaceExplorer:StunGrenade","RobotSpaceExplorer:Calculate"],"picked":"RobotSpaceExplorer:Explosion","floor":13},{"not_picked":["RobotSpaceExplorer:Probe","RobotSpaceExplorer:MiniBoosters"],"picked":"RobotSpaceExplorer:GearShield","floor":14},{"not_picked":["RobotSpaceExplorer:Comet","RobotSpaceExplorer:Accelerator"],"picked":"RobotSpaceExplorer:Explosion","floor":16},{"not_picked":["RobotSpaceExplorer:ScrapToss","RobotSpaceExplorer:Calculate"],"picked":"RobotSpaceExplorer:FrostMissile+1","floor":18},{"not_picked":["RobotSpaceExplorer:Counterblock","RobotSpaceExplorer:PowerGlove"],"picked":"RobotSpaceExplorer:GearShield","floor":19},{"not_picked":["RobotSpaceExplorer:FrostMissile","RobotSpaceExplorer:PlasmaMissile","RobotSpaceExplorer:SwiftStep"],"picked":"SKIP","floor":22}],"player_experience":1825343,"relics_obtained":[{"floor":5,"key":"RobotSpaceExplorer:ClockworkSextant"},{"floor":7,"key":"Juzu Bracelet"},{"floor":9,"key":"Oddly Smooth Stone"},{"floor":11,"key":"Blood Vial"},{"floor":14,"key":"RobotSpaceExplorer:ToughPlating"}],"event_choices":[{"damage_healed":0,"gold_gain":150,"player_choice":"AGREE","damage_taken":0,"max_hp_gain":0,"max_hp_loss":0,"event_name":"Liars Game","floor":4,"gold_loss":0,"cards_obtained":["Doubt"]},{"damage_healed":0,"gold_gain":0,"player_choice":"","damage_taken":6,"max_hp_gain":0,"max_hp_loss":0,"event_name":"Knowing Skull","floor":20,"potions_obtained":[],"gold_loss":0,"cards_obtained":[]},{"damage_healed":0,"gold_gain":0,"player_choice":"Bought 1 Potion","damage_taken":0,"max_hp_gain":0,"max_hp_loss":0,"event_name":"The Woman in Blue","floor":21,"gold_loss":0}],"is_beta":true,"boss_relics":[{"not_picked":["Sozu","Pandora\u0027s Box"],"picked":"Ectoplasm"}],"items_purged_floors":[],"is_endless":false,"potions_floor_spawned":[1,10,16,18],"killed_by":"Gremlin Leader","ascension_level":20}}