{"host":"z9811rt50ti81n54","time":1610289498,"event":{"mods":["BaseMod","Better Match","Better Sensory Stone","Better Skull","Better Third Choice","Minty Spire (QoL Compilation)","Permanent Neow","StSLib","SuperFastMode"],"gold_per_floor":[112,112,112,128,4,4,4,21,44,17,28,28,41,60,60,161,161,177,190,190,209,37,37,53,64,64,64,64,82,10,10,10,112,112,130,30,30,48,98,98,110,110,110,110,122,133,133,133,133,133],"floor_reached":51,"playtime":1497,"items_purged":["Strike_G","Strike_G"],"score":664,"play_id":"29d1c892-dd04-4578-9440-56b61e37f793","local_time":"20210110233818","is_ascension_mode":false,"campfire_choices":[{"data":"Terror","floor":6,"key":"SMITH"},{"data":"Bouncing Flask","floor":12,"key":"SMITH"},{"data":"Caltrops","floor":15,"key":"SMITH"},{"data":"Footwork","floor":23,"key":"SMITH"},{"data":"Malaise","floor":27,"key":"SMITH"},{"floor":32,"key":"REST"},{"floor":40,"key":"REST"},{"data":"Neutralize","floor":44,"key":"SMITH"},{"floor":49,"key":"REST"}],"circlet_count":0,"master_deck":["Defend_G","Defend_G+1","Defend_G","Defend_G","Survivor+1","Neutralize+1","Terror+1","Sucker Punch","Bouncing Flask+1","Dagger Spray","Dagger Spray","Blur","PiercingWail","Caltrops+1","Malaise+1","Deadly Poison+1","Footwork+1","Dodge and Roll","Adrenaline","Expertise+1","Acrobatics+1","Reflex+1"],"relics":["Empty Cage","Vajra","Velvet Choker","Ice Cream","Bag of Preparation","Philosopher\u0027s Stone","Ginger","Mummified Hand"],"acts_visited":["Exordium","TheCity","TheBeyond"],"potions_floor_usage":[33,33,33,50,50,50],"damage_taken":[{"damage":2,"enemies":"2 Louse","floor":1,"turns":3},{"damage":0,"enemies":"Jaw Worm","floor":4,"turns":4},{"damage":0,"enemies":"Cultist","floor":8,"turns":3},{"damage":0,"enemies":"Looter","floor":11,"turns":2},{"damage":13,"enemies":"Exordium Wildlife","floor":13,"turns":3},{"damage":0,"enemies":"Lots of Slimes","floor":14,"turns":1},{"damage":15,"enemies":"The Guardian","floor":16,"turns":8},{"damage":0,"enemies":"3 Byrds","floor":18,"turns":4},{"damage":0,"enemies":"Spheric Guardian","floor":19,"turns":3},{"damage":5,"enemies":"Snecko","floor":21,"turns":6},{"damage":0,"enemies":"Centurion and Healer","floor":24,"turns":7},{"damage":15,"enemies":"Snake Plant","floor":25,"turns":4},{"damage":22,"enemies":"Shelled Parasite and Fungi","floor":29,"turns":4},{"damage":21,"enemies":"Automaton","floor":33,"turns":13},{"damage":8,"enemies":"Orb Walker","floor":35,"turns":4},{"damage":19,"enemies":"3 Shapes","floor":38,"turns":5},{"damage":0,"enemies":"Mind Bloom Boss Battle","floor":39,"turns":8},{"damage":1,"enemies":"Maw","floor":41,"turns":6},{"damage":6,"enemies":"Sphere and 2 Shapes","floor":45,"turns":5},{"damage":13,"enemies":"3 Darklings","floor":46,"turns":4},{"damage":14,"enemies":"Time Eater","floor":50,"turns":15}],"seed_played":"-1088106099691452520","potions_obtained":[{"floor":4,"key":"SteroidPotion"},{"floor":16,"key":"PowerPotion"},{"floor":18,"key":"Swift Potion"},{"floor":21,"key":"DuplicationPotion"},{"floor":24,"key":"DistilledChaos"},{"floor":28,"key":"Regen Potion"},{"floor":33,"key":"PowerPotion"},{"floor":35,"key":"ColorlessPotion"},{"floor":41,"key":"Energy Potion"}],"is_trial":false,"path_per_floor":["M","?","?","M","$","R","?","M","T","$","M","R","M","M","R","B",null,"M","M","?","M","$","R","M","M","T","R","?","M","?","$","R","B",null,"M","$","$","M","?","R","M","?","T","R","M","M","?","?","R","B",null],"character_chosen":"THE_SILENT","items_purchased":["Dagger Spray","Bouncing Flask","Dagger Spray","Footwork","Dodge and Roll"],"campfire_rested":3,"item_purchase_floors":[5,5,10,22,22],"current_hp_per_floor":[68,73,73,73,73,73,58,58,58,58,58,58,45,45,45,30,75,75,75,75,70,70,70,70,55,55,55,55,33,33,33,55,49,75,67,67,67,48,48,70,69,69,69,69,63,50,50,50,71,57],"gold":133,"neow_bonus":"BOSS_RELIC","is_daily":false,"chose_seed":false,"campfire_upgraded":6,"win_rate":0.0,"timestamp":1610289498,"path_taken":["M","?","?","?","$","R","?","M","T","?","M","R","M","M","R","BOSS","M","?","?","M","$","R","M","M","T","R","?","?","?","$","R","BOSS","M","?","$","?","?","R","M","?","T","R","M","M","?","?","R","BOSS"],"items_purchased_type":["Card","Card","Card","Card","Card"],"build_version":"2020-12-22","purchased_purges":2,"victory":true,"max_hp_per_floor":[70,75,75,75,75,75,75,75,75,75,75,75,75,75,75,75,75,75,75,75,75,75,75,75,75,75,75,75,75,75,75,75,75,75,75,75,75,75,75,75,75,75,75,75,75,75,75,71,71,71],"card_choices":[{"not_picked":["Quick Slash","Infinite Blades"],"picked":"Terror","floor":1},{"not_picked":["Tactician","Bane"],"picked":"Sucker Punch","floor":4},{"not_picked":["Bane","Concentrate"],"picked":"Dagger Spray","floor":8},{"not_picked":["Distraction","Infinite Blades"],"picked":"Blur","floor":11},{"not_picked":["Backflip","Outmaneuver"],"picked":"PiercingWail","floor":13},{"not_picked":["Infinite Blades","Skewer"],"picked":"Caltrops","floor":14},{"not_picked":["Tools of the Trade","After Image"],"picked":"Malaise","floor":16},{"not_picked":["Deflect","Backstab","Blade Dance"],"picked":"SKIP","floor":18},{"not_picked":["Sucker Punch","Expertise"],"picked":"Deadly Poison+1","floor":19},{"not_picked":["Slice","Backstab","Dodge and Roll"],"picked":"SKIP","floor":21},{"not_picked":["Dagger Throw+1","Underhanded Strike","Quick Slash"],"picked":"SKIP","floor":24},{"not_picked":["Bouncing Flask","Skewer","Noxious Fumes"],"picked":"SKIP","floor":25},{"not_picked":["Dagger Throw","Acrobatics","Blade Dance"],"picked":"SKIP","floor":29},{"not_picked":["Phantasmal Killer","Tools of the Trade"],"picked":"Adrenaline","floor":33},{"not_picked":["Escape Plan+1","Flying Knee+1"],"picked":"Expertise+1","floor":35},{"not_picked":["Infinite Blades","Dodge and Roll+1","Choke"],"picked":"SKIP","floor":38},{"not_picked":["Slice+1","Sucker Punch"],"picked":"Acrobatics+1","floor":39},{"not_picked":["Flying Knee+1","PiercingWail"],"picked":"Reflex+1","floor":41},{"not_picked":["Endless Agony+1","Flying Knee+1","Backstab"],"picked":"SKIP","floor":45},{"not_picked":["Heel Hook","Slice","Deflect"],"picked":"SKIP","floor":46}],"player_experience":360201,"relics_obtained":[{"floor":9,"key":"Vajra"},{"floor":26,"key":"Ice Cream"},{"floor":39,"key":"Ginger"},{"floor":43,"key":"Mummified Hand"}],"event_choices":[{"damage_healed":0,"gold_gain":0,"player_choice":"Donut","damage_taken":0,"max_hp_gain":5,"max_hp_loss":0,"event_name":"Big Fish","floor":2,"gold_loss":0},{"cards_removed":["Strike_G"],"damage_healed":0,"gold_gain":0,"player_choice":"Offered Basic","damage_taken":0,"max_hp_gain":0,"max_hp_loss":0,"event_name":"Bonfire Elementals","floor":3,"gold_loss":0},{"damage_healed":0,"gold_gain":0,"player_choice":"Entered Light","damage_taken":15,"max_hp_gain":0,"max_hp_loss":0,"event_name":"Shining Light","floor":7,"gold_loss":0,"cards_upgraded":["Survivor","Defend_G"]},{"cards_removed":["Strike_G"],"damage_healed":0,"gold_gain":0,"player_choice":"Elegance","damage_taken":0,"max_hp_gain":0,"max_hp_loss":0,"event_name":"betterThird:BetterWriting","floor":20,"gold_loss":0},{"damage_healed":0,"gold_gain":0,"player_choice":"Got Potions","damage_taken":0,"max_hp_gain":0,"max_hp_loss":0,"event_name":"Lab","floor":28,"gold_loss":0},{"damage_healed":0,"gold_gain":0,"player_choice":"Paid Gold","damage_taken":0,"relics_obtained":["Bag of Preparation"],"max_hp_gain":0,"max_hp_loss":0,"event_name":"WeMeetAgain","floor":30,"gold_loss":72},{"damage_healed":0,"gold_gain":0,"player_choice":"Fight","damage_taken":0,"max_hp_gain":0,"max_hp_loss":0,"event_name":"MindBloom","floor":39,"gold_loss":0},{"cards_removed":["Dagger Spray"],"damage_healed":0,"gold_gain":0,"player_choice":"Removed Attack","damage_taken":0,"max_hp_gain":0,"max_hp_loss":0,"event_name":"Falling","floor":42,"gold_loss":0},{"damage_healed":0,"gold_gain":0,"player_choice":"Ignored","damage_taken":0,"max_hp_gain":0,"max_hp_loss":0,"event_name":"Mysterious Sphere","floor":47,"gold_loss":0},{"damage_healed":0,"gold_gain":0,"player_choice":"Max HP","damage_taken":0,"max_hp_gain":0,"max_hp_loss":4,"event_name":"Winding Halls","floor":48,"gold_loss":0}],"is_beta":false,"boss_relics":[{"not_picked":["SlaversCollar","Calling Bell"],"picked":"Velvet Choker"},{"not_picked":["Sozu","Snecko Eye"],"picked":"Philosopher\u0027s Stone"}],"items_purged_floors":[22,36],"is_endless":false,"potions_floor_spawned":[4,16,18,21,24,29,33,35,41],"ascension_level":0}}