{"host":"xs2umar4czbsv0xl","time":1610277234,"event":{"mods":["AchievementEnabler","Act Like it!","BaseMod","Gensokyo","Marisa????????","Minty Spire (QoL Compilation)","Reimu??????","Remilia??????","Replay The Spire","StSLib","The Hierophant","The Wild Card"],"gold_per_floor":[110,185,185,201,201,201,241,84,84,105,105,130,130,145,221,346,346,360,360,385,403,403,438,456,456,456,456,243,266,112,112,112,112,112],"floor_reached":33,"playtime":2919,"items_purged":[],"score":265,"play_id":"9802f8a7-c9aa-4af6-8055-44282da58601","local_time":"20210110051354","is_ascension_mode":false,"campfire_choices":[{"floor":6,"key":"RECALL"},{"data":"theWildCard:Polydeuces","floor":11,"key":"SMITH"},{"floor":13,"key":"REST"},{"data":"Eclipse","floor":25,"key":"SMITH"},{"floor":32,"key":"REST"}],"circlet_count":0,"master_deck":["Strike_R+1","Strike_R+1","Strike_R+1","Strike_R+1","Strike_R+1","Defend_R+1","Defend_R+1","Defend_R+1","Defend_R+1","Bash","Defend_Lin:ReiMu+1","Defend_B+1","Body Slam","ReplayTheSpireMod:Muscle Training","theWildCard:Polydeuces+1","Fire Breathing","Spot Weakness","ReplayTheSpireMod:LeadingStrike","Shrug It Off+1","Eclipse+1","Thunderclap+1","Rampage+1","Iron Wave","Cleave","Shrug It Off+1","Armaments","Flex","Twin Strike","Hemogenesis","Heavy Blade","Shockwave","Cleave","Spot Weakness","RitualDagger"],"relics":["Burning Blood","Golden Idol","RuthlessExorcism:ReiMu","Red Skull","Ring of Chaos","Vajra","Toy Ornithopter","Bottled Flame","War Paint","Orrery"],"acts_visited":["Exordium","TheCity"],"potions_floor_usage":[16,16,18,33],"damage_taken":[{"damage":5,"enemies":"Jaw Worm","floor":1,"turns":5},{"damage":5,"enemies":"2 Louse","floor":4,"turns":3},{"damage":73,"enemies":"Gremlin Nob","floor":7,"turns":6},{"damage":0,"enemies":"Small Slimes","floor":10,"turns":2},{"damage":0,"enemies":"3 Louse","floor":12,"turns":2},{"damage":16,"enemies":"Large Slime","floor":14,"turns":5},{"damage":35,"enemies":"Hexaghost","floor":16,"turns":11},{"damage":14,"enemies":"Spheric Guardian","floor":18,"turns":7},{"damage":6,"enemies":"Shell Parasite","floor":20,"turns":2},{"damage":43,"enemies":"Shelled Parasite and Fungi","floor":21,"turns":7},{"damage":32,"enemies":"Book of Stabbing","floor":23,"turns":6},{"damage":0,"enemies":"Chosen and Byrds","floor":24,"turns":3},{"damage":2,"enemies":"Centurion and Healer","floor":29,"turns":4},{"damage":62,"enemies":"Automaton","floor":33,"turns":6}],"seed_played":"5470536869594242226","potions_obtained":[{"floor":4,"key":"Weak Potion"},{"floor":7,"key":"Weak Potion"},{"floor":10,"key":"Fire Potion"},{"floor":14,"key":"Block Potion"},{"floor":18,"key":"Flashbang"},{"floor":29,"key":"Weak Potion"}],"is_trial":false,"path_per_floor":["M","?","?","M","?","R","E","$","T","M","R","M","R","M","R","B",null,"M","?","M","M","?","E","M","R","T","?","$","M","$","?","R","B"],"character_chosen":"IRONCLAD","items_purchased":["Red Skull","War Paint","Armaments","Flex","Orrery"],"campfire_rested":2,"item_purchase_floors":[8,28,28,28,30],"current_hp_per_floor":[96,85,85,86,86,86,19,19,19,25,25,31,57,47,47,18,89,81,81,81,44,44,18,24,24,24,24,24,28,28,22,48,0,0],"gold":112,"neow_bonus":"TWENTY_PERCENT_HP_BONUS","is_daily":false,"chose_seed":false,"campfire_upgraded":2,"win_rate":0.0,"timestamp":1610277234,"path_taken":["M","?","?","M","?","R","E","$","T","M","R","M","R","M","R","BOSS","M","?","M","M","?","E","M","R","T","?","?","?","$","?","R","BOSS"],"items_purchased_type":["Relic","Relic","Card","Card","Relic"],"build_version":"2020-12-22","purchased_purges":0,"victory":false,"max_hp_per_floor":[96,96,89,89,89,89,89,89,89,89,89,89,89,89,89,89,89,89,89,89,89,89,89,89,89,89,89,89,89,89,89,89,89,89],"card_choices":[{"not_picked":["Shrug It Off","Life Link"],"picked":"Body Slam","floor":1},{"not_picked":["Evolve","Pommel Strike"],"picked":"ReplayTheSpireMod:Muscle Training","floor":4},{"not_picked":["Sword Boomerang","Twin Strike"],"picked":"Fire Breathing","floor":7},{"not_picked":["Perfected Strike","Abandon"],"picked":"Spot Weakness","floor":10},{"not_picked":["Sever Soul","Defy Death"],"picked":"ReplayTheSpireMod:LeadingStrike","floor":12},{"not_picked":["True Grit","Clash"],"picked":"Shrug It Off","floor":14},{"not_picked":["Corruption","Berserk"],"picked":"Eclipse","floor":16},{"not_picked":["Body Slam+1","Infernal Blade"],"picked":"Thunderclap+1","floor":18},{"not_picked":["Warcry","Run Through"],"picked":"Rampage+1","floor":20},{"not_picked":["Flex","Perfected Strike+1"],"picked":"Iron Wave","floor":21},{"not_picked":["Headbutt","Offering"],"picked":"Cleave","floor":23},{"not_picked":["Disarm","Hemokinesis+1"],"picked":"Shrug It Off","floor":24},{"not_picked":["Sword Boomerang+1","Iron Wave"],"picked":"Twin Strike","floor":29},{"not_picked":["Offering","Feel No Pain"],"picked":"Hemogenesis","floor":30},{"not_picked":["Perfected Strike+1","Flex"],"picked":"Heavy Blade","floor":30},{"not_picked":["Headbutt","Heavy Blade+1"],"picked":"Shockwave","floor":30},{"not_picked":["Perfected Strike+1","Demonic Infusion"],"picked":"Cleave","floor":30},{"not_picked":["ReplayTheSpireMod:Strike From Hell","Disarm"],"picked":"Spot Weakness","floor":30}],"player_experience":165856,"relics_obtained":[{"floor":7,"key":"RuthlessExorcism:ReiMu"},{"floor":23,"key":"Toy Ornithopter"},{"floor":26,"key":"Bottled Flame"}],"event_choices":[{"damage_healed":0,"gold_gain":75,"player_choice":"Gather Gold","damage_taken":11,"max_hp_gain":0,"max_hp_loss":0,"event_name":"World of Goop","floor":2,"gold_loss":0},{"damage_healed":0,"gold_gain":0,"player_choice":"Lose Max HP","damage_taken":0,"relics_obtained":["Golden Idol"],"max_hp_gain":0,"max_hp_loss":7,"event_name":"Golden Idol","floor":3,"gold_loss":0},{"damage_healed":0,"gold_gain":0,"player_choice":"Simplicity","damage_taken":0,"max_hp_gain":0,"max_hp_loss":0,"event_name":"Back to Basics","floor":22,"gold_loss":0,"cards_upgraded":["Strike_R","Strike_R","Strike_R","Strike_R","Strike_R","Defend_R","Defend_R","Defend_R","Defend_R","Defend_Lin:ReiMu","Defend_B"]},{"damage_healed":0,"gold_gain":0,"player_choice":"Joined the Cult","damage_taken":6,"max_hp_gain":0,"max_hp_loss":0,"event_name":"Nest","floor":31,"gold_loss":0,"cards_obtained":["RitualDagger"]}],"is_beta":false,"boss_relics":[{"not_picked":["Velvet Choker","Cursed Key"],"picked":"Ring of Chaos"}],"items_purged_floors":[],"is_endless":false,"potions_floor_spawned":[4,7,10,14,18,29],"killed_by":"Automaton","ascension_level":0}}