{"host":"1rf9pknejqhzkc4o","time":1610277820,"event":{"mods":["Aspiration","BaseMod","Better Altar","Better Match","Better Note","Better Sensory Stone","Better Skull","Better Third Choice","Colored Map","Colored Powertips","Communication Mod","Conspire","Energized Spire","Hubris","Infinite Spire","Ironclad Rager","Minty Spire (QoL Compilation)","Quick Restart","RNG Fix","Rare Cards Sparkle","Relic Stats","Replay The Spire","Retaliation","Spicy Shops","StSLib","The Blue Laboratory","Trackpad"],"gold_per_floor":[112,112,26,36,48,87,87,101,101,101,133,188,205,219,219,320,320,335,355,355,355,373,373,384,384,408,408,63,78,78,94,94,94,94],"floor_reached":33,"playtime":1429,"items_purged":[],"score":248,"play_id":"0588b22a-725a-49df-8605-d99b958356c8","local_time":"20210110142340","is_ascension_mode":false,"campfire_choices":[{"data":"Sword Boomerang","floor":7.0,"key":"SMITH"},{"data":"Bash","floor":10.0,"key":"SMITH"},{"floor":15.0,"key":"REST"},{"data":"Demonic Infusion","floor":23.0,"key":"SMITH"},{"floor":25.0,"key":"REST"},{"floor":30.0,"key":"REST"},{"data":"Infernal Blade","floor":32.0,"key":"SMITH"}],"circlet_count":0,"master_deck":["Bash+1","ICR:RageStrike","ICR:RageStrike","ICR:RageStrike","ICR:RageStrike","ICR:RageStrike+1","ICR:ShieldBash","ICR:ShieldBash+1","ICR:ShieldBash","Sword Boomerang+1","Heavy Blade+1","Reckless Charge+1","Warcry","Demonic Infusion+1","Armaments","Wild Strike+1","Anger+1","hubris:StunningStrike+1","Thunderclap+1","Heavy Blade+1","Mayhem+1","Searing Blow+1","Flex+1","Infernal Blade+1","DDmod:SpikedSkill+1","Pride","Pride"],"relics":["Burning Blood","Molten Egg 2","Centennial Puzzle","Simple Rune","aspiration:FrozenJewel","ReplayFunnel","Snack Pack","Ring of Chaos","Smiling Mask","Spirit Poop","Chemical X","trackpad:IceCube"],"acts_visited":["Exordium","TheCity"],"potions_floor_usage":[33,33,33],"damage_taken":[{"damage":4.0,"enemies":"Small Slimes","floor":1.0,"turns":3.0},{"damage":3.0,"enemies":"Jaw Worm","floor":4.0,"turns":3.0},{"damage":6.0,"enemies":"2 Louse","floor":5.0,"turns":2.0},{"damage":28.0,"enemies":"conspire:MimicChest","floor":6.0,"turns":5.0},{"damage":18.0,"enemies":"Large Slime","floor":8.0,"turns":4.0},{"damage":26.0,"enemies":"3 Sentries","floor":11.0,"turns":6.0},{"damage":6.0,"enemies":"Gremlin Nob","floor":12.0,"turns":3.0},{"damage":3.0,"enemies":"Lots of Slimes","floor":13.0,"turns":2.0},{"damage":0.0,"enemies":"Blue Slaver","floor":14.0,"turns":2.0},{"damage":45.0,"enemies":"Hexaghost","floor":16.0,"turns":9.0},{"damage":20.0,"enemies":"2 Thieves","floor":18.0,"turns":4.0},{"damage":0.0,"enemies":"Chosen","floor":19.0,"turns":4.0},{"damage":45.0,"enemies":"Shelled Parasite and Fungi","floor":22.0,"turns":7.0},{"damage":18.0,"enemies":"Centurion and Healer","floor":24.0,"turns":5.0},{"damage":20.0,"enemies":"3 Cultists","floor":29.0,"turns":6.0},{"damage":1.0,"enemies":"Snecko","floor":31.0,"turns":5.0},{"damage":106,"enemies":"Champ","floor":33,"turns":10}],"seed_played":"8961867670701362315","potions_obtained":[{"floor":5.0,"key":"blueLaboratory:IronCompound"},{"floor":12.0,"key":"blueLaboratory:BottleOfRum"},{"floor":13.0,"key":"PowerPotion"},{"floor":14.0,"key":"Toxic Potion"},{"floor":22.0,"key":"blueLaboratory:ExaltedPotion"},{"floor":29.0,"key":"GamblersBrew"}],"is_trial":false,"path_per_floor":["M","?","?","M","M","?","R","M","T","R","E","?","M","M","R","B",null,"M","M","?","?","M","R","M","R","T","?","$","M","R","M","R","B"],"character_chosen":"IRONCLAD","items_purchased":["Chemical X","trackpad:IceCube","SteroidPotion"],"campfire_rested":3,"item_purchase_floors":[28,28,28],"current_hp_per_floor":[80,80,80,80,80,58,58,46,46,46,26,26,33,43,67,42,80,70,80,80,80,49,49,41,65,65,65,65,57,80,80,80,0,0],"gold":94,"neow_bonus":"IRONCLAD_RAGER","is_daily":false,"chose_seed":false,"campfire_upgraded":4,"win_rate":0.0,"timestamp":1610277820,"path_taken":["M","?","?","M","?","?","R","M","T","R","E","?","M","M","R","BOSS","M","M","?","?","?","R","M","R","T","?","$","M","R","M","R","BOSS"],"items_purchased_type":["Relic","Relic","Potion"],"build_version":"2020-12-22","purchased_purges":0,"victory":false,"max_hp_per_floor":[80,80,80,80,80,80,80,80,80,80,80,80,80,80,80,80,80,80,80,80,80,80,80,80,80,80,80,80,80,80,80,80,80,80],"relic_stats":{"Centennial Puzzle":[42],"counters":[17,80],"Chemical X":[1],"Smiling Mask":0,"obtain_stats":[{"ReplayFunnel":11,"Centennial Puzzle":3,"trackpad:IceCube":28,"Spirit Poop":27,"Molten Egg 2":2,"Simple Rune":6,"Ring of Chaos":17,"Snack Pack":12,"Chemical X":28,"Smiling Mask":26,"Burning Blood":0,"aspiration:FrozenJewel":9},{"ReplayFunnel":6,"Centennial Puzzle":1,"trackpad:IceCube":14,"Spirit Poop":14,"Molten Egg 2":1,"Simple Rune":4,"Ring of Chaos":10,"Snack Pack":7,"Chemical X":14,"Smiling Mask":14,"Burning Blood":0,"aspiration:FrozenJewel":5},{"ReplayFunnel":23,"Centennial Puzzle":3,"trackpad:IceCube":59,"Spirit Poop":59,"Molten Egg 2":3,"Simple Rune":13,"Ring of Chaos":39,"Snack Pack":26,"Chemical X":59,"Smiling Mask":59,"Burning Blood":0,"aspiration:FrozenJewel":17}],"Burning Blood":85},"card_choices":[{"not_picked":["Defy Death","DDmod:SpikedSkill"],"picked":"Sword Boomerang","floor":1.0},{"not_picked":["DDmod:ScaleUpSkill","Hemokinesis+1"],"picked":"Heavy Blade+1","floor":4.0},{"not_picked":["Armaments","Sword Boomerang+1"],"picked":"Reckless Charge+1","floor":5.0},{"not_picked":["Run Through+1","Heavy Blade+1"],"picked":"Warcry","floor":6.0},{"not_picked":["DDmod:CallousedSkill","Havoc","DDmod:EasePowerCard"],"picked":"SKIP","floor":8.0},{"not_picked":["Rupture","Twin Strike+1"],"picked":"Demonic Infusion","floor":11.0},{"not_picked":["Dual Wield","Twin Strike+1"],"picked":"Armaments","floor":12.0},{"not_picked":["Ghostly Armor","Armaments"],"picked":"Wild Strike+1","floor":13.0},{"not_picked":["DDmod:CallousedSkill","Body Slam+1"],"picked":"Anger+1","floor":14.0},{"not_picked":["conspire:Purge","Impervious"],"picked":"hubris:StunningStrike+1","floor":16.0},{"not_picked":["DDmod:PokeAttack+1","True Grit","ReplayTheSpireMod:Strike From Hell+1"],"picked":"SKIP","floor":18.0},{"not_picked":["Fiend Fire+1","Body Slam+1"],"picked":"Thunderclap+1","floor":19.0},{"not_picked":["Pummel+1","DDmod:EasePowerCard+1"],"picked":"Searing Blow+1","floor":22.0},{"not_picked":["Run Through+1","Iron Wave+1"],"picked":"Flex+1","floor":24.0},{"not_picked":["hubris:ReadiedAction+1","Warcry+1"],"picked":"Infernal Blade","floor":29.0},{"not_picked":["hubris:ReadiedAction+1","ReplayTheSpireMod:Strike From Hell+1"],"picked":"DDmod:SpikedSkill+1","floor":31.0}],"player_experience":172896,"relics_obtained":[{"floor":6.0,"key":"Simple Rune"},{"floor":9.0,"key":"aspiration:FrozenJewel"},{"floor":11.0,"key":"ReplayFunnel"},{"floor":12.0,"key":"Snack Pack"},{"floor":26.0,"key":"Smiling Mask"}],"event_choices":[{"damage_healed":0.0,"max_hp_gain":0.0,"max_hp_loss":0.0,"gold_gain":0.0,"event_name":"WeMeetAgain","player_choice":"Paid Gold","floor":3.0,"gold_loss":86.0,"damage_taken":0.0,"relics_obtained":["Centennial Puzzle"]},{"damage_healed":0.0,"max_hp_gain":0.0,"max_hp_loss":0.0,"gold_gain":30.0,"event_name":"Dead Adventurer","player_choice":"Searched \u00272\u0027 times","floor":12.0,"gold_loss":0.0,"damage_taken":0.0},{"damage_healed":0.0,"max_hp_gain":0.0,"max_hp_loss":0.0,"gold_gain":0.0,"cards_transformed":["ICR:ShieldBash"],"event_name":"Transmorgrifier","player_choice":"Transformed","floor":20.0,"gold_loss":0.0,"damage_taken":0.0,"cards_obtained":["Heavy Blade"]},{"cards_removed":["Mayhem"],"damage_healed":0.0,"max_hp_gain":0.0,"max_hp_loss":0.0,"gold_gain":0.0,"event_name":"betterNote:BetterNote","player_choice":"Take \u0026 Give","floor":21.0,"gold_loss":0.0,"damage_taken":0.0,"cards_obtained":["Mayhem"]},{"cards_removed":["Injury"],"damage_healed":0.0,"max_hp_gain":0.0,"max_hp_loss":0.0,"gold_gain":0.0,"event_name":"Bonfire Elementals","player_choice":"Offered Curse","floor":27.0,"gold_loss":0.0,"damage_taken":0.0,"relics_obtained":["Spirit Poop"]}],"is_beta":false,"boss_relics":[{"not_picked":["hubris:GrandSneckoEye","Electric Blood"],"picked":"Ring of Chaos"}],"items_purged_floors":[],"is_endless":false,"potions_floor_spawned":[5,12,13,14,22,29],"killed_by":"Champ","ascension_level":0}}