{"host":"v9oq5ccz01n9mezq","time":1610237404,"event":{"mods":["BaseMod","Colored Map","Minty Spire (QoL Compilation)"],"gold_per_floor":[117,135,135,149,149,149,180,29,29,44,44,44,65,81,81,81,81],"floor_reached":16,"playtime":799,"items_purged":[],"score":152,"play_id":"4400ff3e-205f-4091-8024-4df36e8d4874","local_time":"20210109191004","is_ascension_mode":false,"campfire_choices":[{"data":"Eruption","floor":6,"key":"SMITH"},{"data":"CarveReality","floor":11,"key":"SMITH"},{"data":"Prostrate","floor":15,"key":"SMITH"}],"circlet_count":0,"master_deck":["Strike_P","Strike_P+1","Strike_P+1","Strike_P","Defend_P","Defend_P","Defend_P","Eruption+1","Vigilance","JustLucky","Prostrate+1","CarveReality+1","LessonLearned+1","FollowUp+1","JustLucky"],"relics":["PureWater","Ornamental Fan","Golden Idol","Regal Pillow","Vajra","Happy Flower"],"acts_visited":["Exordium"],"potions_floor_usage":[13],"damage_taken":[{"damage":5,"enemies":"Small Slimes","floor":1,"turns":4},{"damage":0,"enemies":"2 Louse","floor":2,"turns":3},{"damage":0,"enemies":"Cultist","floor":4,"turns":3},{"damage":12,"enemies":"Lagavulin","floor":7,"turns":6},{"damage":10,"enemies":"3 Louse","floor":10,"turns":3},{"damage":0,"enemies":"Gremlin Gang","floor":13,"turns":7},{"damage":0,"enemies":"2 Fungi Beasts","floor":14,"turns":2}],"seed_played":"-2547881481157325952","potions_obtained":[{"floor":4,"key":"BottledMiracle"},{"floor":10,"key":"Regen Potion"}],"is_trial":false,"path_per_floor":["M","M","?","M","?","R","E","$","T","M","R","?","M","M","R","B"],"character_chosen":"WATCHER","items_purchased":["Vajra"],"campfire_rested":0,"item_purchase_floors":[8],"current_hp_per_floor":[74,74,62,62,62,62,50,50,50,40,40,40,55,55,55,0,0],"gold":81,"neow_bonus":"TEN_PERCENT_HP_BONUS","is_daily":false,"chose_seed":false,"campfire_upgraded":3,"win_rate":0.0,"timestamp":1610237404,"path_taken":["M","M","?","M","?","R","E","$","T","M","R","?","?","M","R","BOSS"],"items_purchased_type":["Relic"],"build_version":"2020-12-22","purchased_purges":0,"victory":false,"max_hp_per_floor":[79,79,79,79,73,73,73,73,73,73,73,73,73,73,73,73,73],"card_choices":[{"not_picked":["Crescendo","EmptyBody"],"picked":"JustLucky","floor":1},{"not_picked":["FlurryOfBlows","Weave"],"picked":"Prostrate","floor":2},{"not_picked":["CutThroughFate","DeceiveReality"],"picked":"CarveReality","floor":4},{"not_picked":["Prostrate","Evaluate"],"picked":"LessonLearned","floor":7},{"not_picked":["JustLucky","ThirdEye"],"picked":"FollowUp","floor":10},{"not_picked":["TalkToTheHand","FlurryOfBlows","BowlingBash"],"picked":"SKIP","floor":13},{"not_picked":["BowlingBash","FearNoEvil","JustLucky"],"picked":"SKIP","floor":14},{"not_picked":["BowlingBash","FearNoEvil"],"picked":"JustLucky","floor":14}],"player_experience":61594,"relics_obtained":[{"floor":7,"key":"Regal Pillow"},{"floor":9,"key":"Happy Flower"}],"event_choices":[{"damage_healed":0,"gold_gain":0,"player_choice":"Success","damage_taken":12,"relics_obtained":["Ornamental Fan"],"max_hp_gain":0,"max_hp_loss":0,"event_name":"Scrap Ooze","floor":3,"gold_loss":0},{"damage_healed":0,"gold_gain":0,"player_choice":"Lose Max HP","damage_taken":0,"relics_obtained":["Golden Idol"],"max_hp_gain":0,"max_hp_loss":6,"event_name":"Golden Idol","floor":5,"gold_loss":0},{"cards_removed":["Defend_P"],"damage_healed":0,"gold_gain":0,"player_choice":"Purged","damage_taken":0,"max_hp_gain":0,"max_hp_loss":0,"event_name":"Purifier","floor":12,"gold_loss":0}],"is_beta":false,"boss_relics":[],"items_purged_floors":[],"is_endless":false,"potions_floor_spawned":[4,10],"killed_by":"The Guardian","ascension_level":0}}