{"host":"pgqkv8mh62pnrbci","time":1610291955,"event":{"mods":["2.2 Compatiblity","AchievementEnabler","BaseMod","Custom Start","DeckTracker","Minty Spire (QoL Compilation)","Replay The Spire","StSLib","SuperFastMode","¡¼?Úª?ø«¡½REMEMod"],"gold_per_floor":[360,71,84,84,84,84,84,84,108,125,125,136,169,187,187,258,258,278,294,294,305,220,220,245,245,245,255,255,266,191,254,254,254,254],"floor_reached":33,"playtime":1393,"items_purged":[],"score":556,"play_id":"2316fb5e-e0b1-4d23-b95a-94145a472b6b","local_time":"20210111001915","is_ascension_mode":true,"campfire_choices":[{"data":"Apotheosis","floor":6.0,"key":"SMITH"},{"data":"Neutralize","floor":11.0,"key":"SMITH"},{"data":"Fire Breathing","floor":15.0,"key":"SMITH"},{"floor":23.0,"key":"REST"},{"floor":28.0,"key":"REST"},{"floor":32.0,"key":"REST"}],"circlet_count":0,"master_deck":["AscendersBane","Strike_G","Strike_G","Strike_G+1","Defend_G","Defend_G","Defend_G+1","Defend_G","Defend_G","Survivor","Neutralize+1","Fire Breathing+1","Defend_G","m_Survivalism","ReplayTheSpireMod:Speed Training","Apotheosis+1","REME_GreenPollution","Hidden Blade","Escape Plan","Phantasmal Killer","Dodge and Roll","REME_ShadowForm","Infinite Blades","Writhe","Setup+1","Cloak And Dagger+1","Reflex","Replay:Bag of Tricks"],"relics":["Ring of the Snake","REME_ComplimentaryCards","Dream Catcher","Regal Pillow","Replay:Bottled Steam","ChewingGum","Pondfish Scales","Blood Vial","Vajra","Tiny Chest","Toy Ornithopter"],"acts_visited":["Exordium","TheCity"],"potions_floor_usage":[33],"damage_taken":[{"damage":8.0,"enemies":"Small Slimes","floor":1.0,"turns":5.0},{"damage":1.0,"enemies":"Jaw Worm","floor":3.0,"turns":5.0},{"damage":0.0,"enemies":"2 Louse","floor":10.0,"turns":5.0},{"damage":0.0,"enemies":"2 Fungi Beasts","floor":12.0,"turns":6.0},{"damage":2.0,"enemies":"3 Sentries","floor":13.0,"turns":4.0},{"damage":0.0,"enemies":"Exordium Wildlife","floor":14.0,"turns":4.0},{"damage":36.0,"enemies":"Slime Boss","floor":16.0,"turns":10.0},{"damage":16.0,"enemies":"3 Byrds","floor":18.0,"turns":5.0},{"damage":0.0,"enemies":"Chosen","floor":19.0,"turns":4.0},{"damage":21.0,"enemies":"Centurion and Healer","floor":21.0,"turns":9.0},{"damage":22.0,"enemies":"REME_1_Revenger","floor":24.0,"turns":7.0},{"damage":26.0,"enemies":"Snake Plant","floor":27.0,"turns":7.0},{"damage":0.0,"enemies":"Snecko","floor":29.0,"turns":6.0},{"damage":37.0,"enemies":"Slavers","floor":31.0,"turns":7.0},{"damage":48,"enemies":"Automaton","floor":33,"turns":10}],"seed_played":"3442849709286194521","potions_obtained":[{"floor":3.0,"key":"Explosive Potion"},{"floor":12.0,"key":"SkillPotion"},{"floor":13.0,"key":"PowerPotion"},{"floor":14.0,"key":"DistilledChaos"},{"floor":27.0,"key":"Adrenaline Potion"},{"floor":29.0,"key":"REME_GoldPotion"},{"floor":31.0,"key":"PowerPotion"}],"is_trial":false,"path_per_floor":["M","$","M","?","?","R","?","?","T","M","R","M","E","M","R","B",null,"M","M","?","M","?","R","E","?","T","M","R","M","?","E","R","B"],"character_chosen":"THE_SILENT","items_purchased":["Apotheosis","REME_GreenPollution"],"campfire_rested":3,"item_purchase_floors":[2,2],"current_hp_per_floor":[51,51,50,30,30,30,19,41,41,41,41,41,39,39,39,3,50,34,34,34,13,13,47,27,27,27,3,37,39,39,4,38,0,0],"gold":254,"neow_bonus":"TWO_FIFTY_GOLD","is_daily":false,"chose_seed":false,"campfire_upgraded":3,"win_rate":0.0,"timestamp":1610291955,"path_taken":["M","$","M","?","?","R","?","?","T","M","R","M","E","?","R","BOSS","M","M","?","?","?","R","E","?","T","M","R","?","?","E","R","BOSS"],"items_purchased_type":["Card","Card"],"build_version":"2020-12-22","purchased_purges":0,"victory":false,"max_hp_per_floor":[66,66,66,66,66,66,66,66,66,66,66,66,66,66,66,66,66,66,66,66,66,66,66,66,66,66,66,66,66,66,66,66,66,66],"card_choices":[{"not_picked":["Dodge and Roll","Dagger Throw"],"picked":"ReplayTheSpireMod:Speed Training","floor":1.0},{"not_picked":["Bane","Dagger Throw"],"picked":"Hidden Blade","floor":3.0},{"not_picked":["Well Laid Plans","Dash"],"picked":"Escape Plan","floor":10.0},{"not_picked":["Heel Hook","Escape Plan","Deadly Poison"],"picked":"SKIP","floor":12.0},{"not_picked":["Setup","Underhanded Strike"],"picked":"Phantasmal Killer","floor":13.0},{"not_picked":["Expertise","Skewer"],"picked":"Dodge and Roll","floor":14.0},{"not_picked":["Envenom","REME_GrazeFinale"],"picked":"REME_ShadowForm","floor":16.0},{"not_picked":["Slice","ReplayTheSpireMod:Shiv Toss","Prepared"],"picked":"SKIP","floor":18.0},{"not_picked":["Crippling Poison","Setup"],"picked":"Infinite Blades","floor":19.0},{"not_picked":["Deadly Poison","Setup","Draining Mist"],"picked":"SKIP","floor":21.0},{"not_picked":["Deadly Poison","Draining Mist"],"picked":"Setup","floor":21.0},{"not_picked":["Eviscerate","Endless Agony","Finisher"],"picked":"SKIP","floor":24.0},{"not_picked":["Acrobatics","Hidden Blade","Deadly Poison"],"picked":"SKIP","floor":27.0},{"not_picked":["Dodge and Roll+1","Hidden Blade"],"picked":"Cloak And Dagger+1","floor":28.0},{"not_picked":["Toxin Wave","Blade Dance"],"picked":"Reflex","floor":29.0},{"not_picked":["Deflect","Leg Sweep","Acrobatics"],"picked":"SKIP","floor":31.0},{"not_picked":["Masterful Stab","Underhanded Strike"],"picked":"Replay:Bag of Tricks","floor":32.0}],"player_experience":616560,"relics_obtained":[{"floor":9.0,"key":"Regal Pillow"},{"floor":13.0,"key":"Replay:Bottled Steam"},{"floor":24.0,"key":"Vajra"},{"floor":26.0,"key":"Tiny Chest"},{"floor":31.0,"key":"Toy Ornithopter"}],"event_choices":[{"damage_healed":0.0,"max_hp_gain":0.0,"max_hp_loss":0.0,"gold_gain":0.0,"event_name":"Shining Light","player_choice":"Entered Light","floor":4.0,"gold_loss":0.0,"damage_taken":20.0,"cards_upgraded":["Strike_G","Defend_G"]},{"damage_healed":0.0,"max_hp_gain":0.0,"max_hp_loss":0.0,"gold_gain":0.0,"event_name":"Scrap Ooze","player_choice":"Success","floor":7.0,"gold_loss":0.0,"damage_taken":11.0,"relics_obtained":["Dream Catcher"]},{"damage_healed":22.0,"max_hp_gain":0.0,"max_hp_loss":0.0,"gold_gain":0.0,"event_name":"Big Fish","player_choice":"Banana","floor":8.0,"gold_loss":0.0,"damage_taken":0.0},{"damage_healed":0.0,"max_hp_gain":0.0,"max_hp_loss":0.0,"gold_gain":0.0,"event_name":"The Mausoleum","player_choice":"Opened","floor":20.0,"gold_loss":0.0,"damage_taken":0.0,"relics_obtained":["Pondfish Scales"],"cards_obtained":["Writhe"]},{"damage_healed":0.0,"max_hp_gain":0.0,"max_hp_loss":0.0,"gold_gain":0.0,"event_name":"Addict","player_choice":"Obtained Relic","floor":22.0,"gold_loss":85.0,"damage_taken":0.0,"relics_obtained":["Blood Vial"]},{"damage_healed":0.0,"max_hp_gain":0.0,"max_hp_loss":0.0,"gold_gain":0.0,"event_name":"Upgrade Shrine","player_choice":"Upgraded","floor":25.0,"gold_loss":0.0,"damage_taken":0.0,"cards_upgraded":["Setup"]},{"cards_removed":["Strike_G"],"damage_healed":0.0,"max_hp_gain":0.0,"max_hp_loss":0.0,"gold_gain":0.0,"event_name":"Beggar","player_choice":"Gave Gold","floor":30.0,"gold_loss":75.0,"damage_taken":0.0}],"is_beta":false,"boss_relics":[{"not_picked":["Ring of Chaos","Honey Jar"],"picked":"ChewingGum"}],"items_purged_floors":[],"is_endless":false,"potions_floor_spawned":[3,12,13,14,27,29,31],"killed_by":"Automaton","ascension_level":19}}