{"host":"whe4vf9w0yuhsr02","time":1610288667,"event":{"mods":["BaseMod","Highlight Path","Hubris","Lobotomy","LobotomyExtend","Minty Spire (QoL Compilation)","Quick Restart","Replay The Spire","StSLib","The Animator","The Factory","The Jungle","vexMod"],"gold_per_floor":[128,128,152,30,45,80,80,95,122,156,156,431,431,455,455,579,579,592,592,241,241,216,250,250,266,266,266,281,299,333,333,333,452,452,471,48,78,116,210,210,256,278,278,35,64,107,140,172,172,184,184],"floor_reached":52,"playtime":3273,"items_purged":["Injury","Normality","Writhe"],"score":912,"play_id":"769c293b-5587-40b3-ad77-834ae60fffc4","local_time":"20210110162427","is_ascension_mode":false,"campfire_choices":[{"data":"animator:Aqua","floor":7,"key":"SMITH"},{"data":"animator:Layla","floor":11,"key":"SMITH"},{"floor":13,"key":"REST"},{"data":"animator:Strike","floor":15,"key":"PURGE"},{"data":"animator:Benimaru","floor":24,"key":"SMITH"},{"floor":40,"key":"REST"},{"floor":49,"key":"REST"}],"circlet_count":0,"master_deck":["animator:Strike_Konosuba","animator:Defend_Konosuba","animator:Strike","animator:Strike","animator:Defend","animator:Defend","animator:Defend","animator:Kazuma","animator:Aqua+1","animator:Benimaru+1","animator:Entoma+2","animator:Verdia","animator:Arpeggio+1","animator:MetalKnight","animator:Layla+1","animator:Rimuru","animator:NarberalGamma+1","animator:Bozes+1","animator:Witch+1","animator:ChaikaTrabant+1","animator:Illya"],"relics":["animator:LivingPicture","animator:TheMissingPiece","animator:PurgingStone","Nunchaku","LetterFromLob","RedMistMask","Golden Idol","Centennial Puzzle","Omamori","vexMod:BarristanHead","Replay:Ancient Bell","Tiny Chest","Golden Egg","Thread and Needle","Art of War","ReplayTheSpireMod:Ring of Exchange","ReplayTheSpireMod:Ring of Collecting","animator:ShionDessert","animator:BattleDrones","Ring of Searing","Turnip","Unceasing Top","theJungle:WildPear","hubris:Towel","vexMod:PaidLearning","vexMod:Spyglass","Replay:Bandana","Vajra","Blood Vial","hubris:PeanutButter","ReplayTheSpireMod:Ring of Addiction","White Beast Statue","SacredBark","vexMod:InvisibilityCloak","Gambling Chip"],"acts_visited":["Exordium","Exordium","theJungle:Jungle"],"potions_floor_usage":[16,18,23,30,30,45,46,47,50,50],"damage_taken":[{"damage":10,"enemies":"Jaw Worm","floor":1,"turns":7},{"damage":3,"enemies":"Small Slimes","floor":3,"turns":3},{"damage":0,"enemies":"Cultist","floor":5,"turns":3},{"damage":13,"enemies":"Lagavulin","floor":6,"turns":5},{"damage":6,"enemies":"Exordium Wildlife","floor":8,"turns":2},{"damage":6,"enemies":"3 Sentries","floor":10,"turns":2},{"damage":0,"enemies":"Large Slime","floor":14,"turns":3},{"damage":22,"enemies":"The Guardian","floor":16,"turns":8},{"damage":8,"enemies":"theJungle:GiantWrat","floor":18,"turns":3},{"damage":2,"enemies":"theJungle:Cassacara","floor":23,"turns":4},{"damage":0,"enemies":"theJungle:MUSHROOMGANG","floor":25,"turns":2},{"damage":10,"enemies":"theJungle:JungleHuntersEncounter","floor":28,"turns":3},{"damage":19,"enemies":"theJungle:2_Flameangoes","floor":29,"turns":3},{"damage":39,"enemies":"theJungle:2_Phrogs","floor":30,"turns":5},{"damage":1,"enemies":"theJungle:FunGuy","floor":33,"turns":7},{"damage":3,"enemies":"theFactory:2_Experiment_Personnel","floor":35,"turns":2},{"damage":10,"enemies":"theFactory:BigBot","floor":37,"turns":3},{"damage":14,"enemies":"theFactory:Sentries_and_Big_Bot","floor":38,"turns":3},{"damage":31,"enemies":"theFactory:Manservantes","floor":41,"turns":7},{"damage":0,"enemies":"theFactory:DefectiveSentry","floor":42,"turns":3},{"damage":2,"enemies":"theFactory:Sentry and Guards","floor":45,"turns":2},{"damage":10,"enemies":"theFactory:SmogElemental","floor":46,"turns":5},{"damage":0,"enemies":"theFactory:Personnel_and_Big_Bot","floor":47,"turns":2},{"damage":3,"enemies":"theFactory:Orbs_and_Orb_Walker","floor":48,"turns":2},{"damage":21,"enemies":"theFactory:Experiment01","floor":50,"turns":7}],"seed_played":"-6791994072951641741","potions_obtained":[{"floor":8,"key":"animator:GrowthPotion"},{"floor":10,"key":"Explosive Potion"},{"floor":16,"key":"SkillPotion"},{"floor":28,"key":"Ancient Potion"},{"floor":29,"key":"AttackPotion"},{"floor":35,"key":"Weak Potion"},{"floor":39,"key":"Ancient Potion"},{"floor":41,"key":"SkillPotion"},{"floor":43,"key":"EssenceOfSteel"},{"floor":45,"key":"FearPotion"},{"floor":46,"key":"Adrenaline Potion"},{"floor":47,"key":"SpeedPotion"},{"floor":48,"key":"Explosive Potion"}],"is_trial":false,"path_per_floor":["M","?","M","$","M","E","R","M","T","E","R","?","R","M","R","B",null,"M","?","$","?","?","E","R","M","T","T","M","M","E","?","R","B",null,"M","$","M","M","?","R","E","M","T","$","M","E","M","M","R","B",null,null],"character_chosen":"THE_ANIMATOR","items_purchased":["animator:Verdia","animator:NarberalGamma","animator:Bozes","Art of War","vexMod:Spyglass","Replay:Bandana","vexMod:InvisibilityCloak"],"campfire_rested":3,"item_purchase_floors":[4,20,20,20,36,36,44],"current_hp_per_floor":[57,57,54,54,56,45,45,39,39,36,36,36,55,58,58,40,67,59,67,67,67,67,65,65,65,65,65,55,39,3,13,13,15,77,74,74,67,53,23,46,18,20,20,20,20,15,23,22,45,32,32],"gold":184,"neow_bonus":"RANDOM_COMMON_RELIC","is_daily":false,"chose_seed":false,"campfire_upgraded":3,"win_rate":0.0,"timestamp":1610288667,"path_taken":["M","?","M","$","M","E","R","M","T","E","R","?","R","?","R","BOSS","M","?","$","?","?","E","R","M","T","?","M","M","E","?","R","BOSS","M","$","M","M","?","R","E","M","T","$","?","E","?","M","R","BOSS"],"items_purchased_type":["Card","Card","Card","Relic","Relic","Relic","Relic"],"build_version":"2020-12-22","purchased_purges":3,"victory":true,"max_hp_per_floor":[66,66,66,66,66,66,66,66,66,66,66,66,66,66,66,67,67,67,67,67,67,67,67,67,67,67,67,67,67,67,77,77,77,77,77,77,77,77,77,77,77,77,77,77,77,77,77,77,77,77,77],"card_choices":[{"not_picked":["animator:Genos","animator:Fredrika"],"picked":"animator:Benimaru","floor":1},{"not_picked":["animator:RoyMustang","animator:TukaLunaMarceau"],"picked":"animator:Entoma","floor":3},{"not_picked":["animator:Shion","animator:Rider"],"picked":"animator:Arpeggio","floor":5},{"not_picked":["animator:Melzalgald","animator:Genos"],"picked":"animator:MetalKnight","floor":6},{"not_picked":["animator:Yoichi","animator:Shuna"],"picked":"animator:Layla","floor":8},{"not_picked":["animator:ChlammyZell","animator:ChaikaBohdan","animator:MamiTomoe"],"picked":"SKIP","floor":10},{"not_picked":["animator:Bozes","animator:Melzalgald","animator:Jibril"],"picked":"SKIP","floor":14},{"not_picked":["animator:MadokaKaname","animator:HomuraAkemi"],"picked":"animator:Rimuru","floor":16},{"not_picked":["ReplayTheSpireMod:Splinters","ReplayTheSpireMod:IOU"],"picked":"Injury","floor":17},{"not_picked":["Looming Evil","ReplayTheSpireMod:Faulty Equipment"],"picked":"Normality","floor":17},{"not_picked":["hubris:Envy","hubris:Despair"],"picked":"Writhe","floor":17},{"not_picked":["animator:Arpeggio","animator:DolaRiku","animator:ZankiKiguchi"],"picked":"SKIP","floor":23},{"not_picked":["animator:Rider","animator:Tatsumaki","animator:CowGirl"],"picked":"SKIP","floor":25},{"not_picked":["animator:MetalKnight","animator:Arpeggio","animator:SakuraMatou"],"picked":"SKIP","floor":28},{"not_picked":["animator:ZankiKiguchi","animator:WinryRockbell"],"picked":"animator:Witch","floor":30},{"not_picked":["animator:MadokaKaname","animator:ItamiYouji"],"picked":"animator:ChaikaTrabant","floor":33},{"not_picked":["animator:Tatsumaki","animator:Kaijin","animator:Laby+1"],"picked":"SKIP","floor":35},{"not_picked":["animator:Yuuichirou","animator:Jibril+1","animator:LizardPriest+1"],"picked":"SKIP","floor":37},{"not_picked":["animator:KrulTepes","animator:Illya","animator:Azekura+1"],"picked":"SKIP","floor":38},{"not_picked":["animator:Mikaela+1","animator:KrulTepes"],"picked":"animator:Entoma+1","floor":41},{"not_picked":["animator:YaoHaDucy","animator:Yoichi","animator:Sonic"],"picked":"SKIP","floor":42},{"not_picked":["animator:Raven","animator:KrulTepes","animator:TukaLunaMarceau"],"picked":"SKIP","floor":45},{"not_picked":["animator:Demiurge+1","animator:Shigure"],"picked":"animator:Illya","floor":46},{"not_picked":["animator:HighElfArcher","animator:Arpeggio","animator:Evileye"],"picked":"SKIP","floor":47},{"not_picked":["animator:Tatsumaki","animator:Priestess","animator:TukaLunaMarceau+1"],"picked":"SKIP","floor":48}],"player_experience":456111,"relics_obtained":[{"floor":1,"key":"LetterFromLob"},{"floor":1,"key":"RedMistMask"},{"floor":6,"key":"Centennial Puzzle"},{"floor":9,"key":"Omamori"},{"floor":10,"key":"vexMod:BarristanHead"},{"floor":21,"key":"ReplayTheSpireMod:Ring of Exchange"},{"floor":21,"key":"ReplayTheSpireMod:Ring of Collecting"},{"floor":23,"key":"animator:ShionDessert"},{"floor":26,"key":"animator:BattleDrones"},{"floor":27,"key":"Ring of Searing"},{"floor":27,"key":"Turnip"},{"floor":30,"key":"Unceasing Top"},{"floor":39,"key":"Vajra"},{"floor":41,"key":"Blood Vial"},{"floor":43,"key":"hubris:PeanutButter"},{"floor":43,"key":"ReplayTheSpireMod:Ring of Addiction"},{"floor":43,"key":"White Beast Statue"},{"floor":43,"key":"SacredBark"},{"floor":46,"key":"Gambling Chip"}],"event_choices":[{"damage_healed":0,"gold_gain":0,"player_choice":"Take Wound","damage_taken":0,"relics_obtained":["Golden Idol"],"max_hp_gain":0,"max_hp_loss":0,"event_name":"Golden Idol","floor":2,"gold_loss":0,"cards_obtained":["Injury"]},{"damage_healed":0,"gold_gain":275,"player_choice":"Desecrate","damage_taken":0,"max_hp_gain":0,"max_hp_loss":0,"event_name":"Golden Shrine","floor":12,"gold_loss":0,"cards_obtained":["Regret"]}],"is_beta":false,"boss_relics":[{"not_picked":["vexMod:MysteryBossChallenge","Replay:Wanted Poster"],"picked":"Replay:Ancient Bell"},{"not_picked":["Oddly Smooth Stone","Potion Belt"],"picked":"Tiny Chest"},{"not_picked":["Pear","hubris:TinFlute"],"picked":"Golden Egg"},{"not_picked":["Peace Pipe","WingedGreaves"],"picked":"Thread and Needle"},{"not_picked":["vexMod:EndlessSickness","Frozen Eye"],"picked":"vexMod:PaidLearning"}],"items_purged_floors":[4,20,36],"is_endless":false,"potions_floor_spawned":[8,10,16,28,29,35,41,45,46,47,48,50],"ascension_level":0}}