{"host":"54vghy6hfkyy1r39","time":1610277383,"event":{"mods":["AchievementEnabler","BaseMod","Minty Spire (QoL Compilation)","StSLib","SuperFastMode","everything is the same but u backflip on backflip"],"gold_per_floor":[139,190,190,249,249,249,249,174,201,250,349,387,387,457,457,605,605,645,645,645,83,83,83,155,155,182,182,272,272,272,315,315,444,444,468,114,184,208,277,277,316,316,392,436,445,460,460,793,793,818],"floor_reached":51,"playtime":1851,"items_purged":["Strike_R","Strike_R","Strike_R"],"score":768,"play_id":"9ec03004-53d7-43f1-aeb9-27054b39e619","local_time":"20210110201623","is_ascension_mode":false,"campfire_choices":[{"data":"HandOfGreed","floor":6.0,"key":"SMITH"},{"data":"Armaments","floor":13.0,"key":"SMITH"},{"floor":15.0,"key":"REST"},{"data":"Strike_R","floor":23.0,"key":"PURGE"},{"data":"Strike_R","floor":25.0,"key":"PURGE"},{"floor":27.0,"key":"RECALL"},{"floor":29.0,"key":"REST"},{"floor":32.0,"key":"REST"},{"floor":40,"key":"REST"},{"floor":42,"key":"REST"},{"floor":47,"key":"REST"},{"floor":49,"key":"REST"}],"circlet_count":0,"master_deck":["Defend_R+1","Defend_R","Defend_R","Bash","HandOfGreed+1","Fire Breathing","Hemokinesis","Armaments+1","Shrug It Off+1","Metallicize","Evolve","Reaper","Evolve","Wild Strike","Barricade","CurseOfTheBell","Shockwave+1","Limit Break","Dual Wield+1","Panacea"],"relics":["Burning Blood","Vajra","War Paint","Mark of Pain","Champion Belt","HandDrill","Peace Pipe","Eternal Feather","Boot","Smiling Mask","Calling Bell","CeramicFish","Ornamental Fan","WingedGreaves","Lee\u0027s Waffle","HornCleat","Dream Catcher"],"acts_visited":["Exordium","TheCity","TheBeyond"],"potions_floor_usage":[33,50,50,50],"damage_taken":[{"damage":8.0,"enemies":"Jaw Worm","floor":1.0,"turns":4.0},{"damage":2.0,"enemies":"2 Louse","floor":2.0,"turns":7.0},{"damage":7.0,"enemies":"Small Slimes","floor":4.0,"turns":4.0},{"damage":5.0,"enemies":"Red Slaver","floor":10.0,"turns":2.0},{"damage":7.0,"enemies":"3 Louse","floor":11.0,"turns":8.0},{"damage":2.0,"enemies":"Gremlin Nob","floor":12.0,"turns":1.0},{"damage":5.0,"enemies":"2 Fungi Beasts","floor":14.0,"turns":5.0},{"damage":43.0,"enemies":"The Guardian","floor":16.0,"turns":22.0},{"damage":16.0,"enemies":"3 Byrds","floor":18.0,"turns":5.0},{"damage":71.0,"enemies":"Slavers","floor":28.0,"turns":6.0},{"damage":15.0,"enemies":"2 Thieves","floor":31.0,"turns":3.0},{"damage":44,"enemies":"Collector","floor":33,"turns":10},{"damage":14,"enemies":"Orb Walker","floor":35,"turns":4},{"damage":7,"enemies":"3 Shapes","floor":37,"turns":4},{"damage":49,"enemies":"Jaw Worm Horde","floor":38,"turns":8},{"damage":40,"enemies":"4 Shapes","floor":39,"turns":6},{"damage":25,"enemies":"Sphere and 2 Shapes","floor":41,"turns":9},{"damage":83,"enemies":"Nemesis","floor":44,"turns":9},{"damage":8,"enemies":"Spire Growth","floor":46,"turns":7},{"damage":47,"enemies":"Time Eater","floor":50,"turns":13}],"seed_played":"-5851513339971518615","potions_obtained":[{"floor":2.0,"key":"DistilledChaos"},{"floor":4.0,"key":"FearPotion"},{"floor":14.0,"key":"BlessingOfTheForge"},{"floor":28.0,"key":"PowerPotion"},{"floor":39,"key":"SteroidPotion"},{"floor":44,"key":"Strength Potion"},{"floor":46,"key":"Swift Potion"}],"is_trial":false,"path_per_floor":["M","M","?","M","?","R","?","$","T","M","M","E","R","M","R","B",null,"M","T","?","$","?","R","T","R","T","R","E","R","?","M","R","B",null,"M","$","M","M","M","R","M","R","T","E","?","M","R","?","R","B",null],"character_chosen":"IRONCLAD","items_purchased":["HandDrill","Peace Pipe","Limit Break","Lee\u0027s Waffle"],"campfire_rested":7,"item_purchase_floors":[21,21,36,36],"current_hp_per_floor":[78,80,73,72,52,52,52,52,52,53,52,56,56,57,80,43,80,70,70,70,70,70,70,70,79,79,80,25,58,58,58,80,42,80,72,87,86,44,30,65,52,87,87,19,19,22,60,60,87,82],"gold":818,"neow_bonus":"RANDOM_COLORLESS_2","is_daily":false,"chose_seed":false,"campfire_upgraded":2,"win_rate":0.0,"timestamp":1610277383,"path_taken":["M","M","?","M","?","R","?","$","T","M","M","E","R","M","R","BOSS","M","?","?","$","?","R","?","R","T","R","E","R","?","M","R","BOSS","M","$","?","M","M","R","M","R","T","E","?","M","R","?","R","BOSS"],"items_purchased_type":["Relic","Relic","Card","Relic"],"build_version":"2020-12-22","purchased_purges":3,"victory":true,"max_hp_per_floor":[80,80,80,80,80,80,80,80,80,80,80,80,80,80,80,80,80,80,80,80,80,80,80,80,80,80,80,80,80,80,80,80,80,80,80,87,87,87,87,87,87,87,87,87,87,87,87,87,87,87],"card_choices":[{"not_picked":["Metamorphosis","Magnetism"],"picked":"HandOfGreed","floor":0.0},{"not_picked":["Warcry","Heavy Blade"],"picked":"Fire Breathing","floor":1.0},{"not_picked":["Wild Strike","Clash"],"picked":"Hemokinesis","floor":2.0},{"not_picked":["Wild Strike","Clash"],"picked":"Armaments","floor":4.0},{"not_picked":["Sword Boomerang","Searing Blow"],"picked":"Shrug It Off","floor":10.0},{"not_picked":["Carnage","Armaments"],"picked":"Metallicize","floor":11.0},{"not_picked":["Bludgeon","Sword Boomerang"],"picked":"Evolve","floor":12.0},{"not_picked":["Cleave","Headbutt","Body Slam"],"picked":"SKIP","floor":14.0},{"not_picked":["Brutality","Berserk"],"picked":"Reaper","floor":16.0},{"not_picked":["Hemokinesis+1","Sentinel","Anger"],"picked":"SKIP","floor":18.0},{"not_picked":["Dark Embrace","Flex"],"picked":"Wild Strike","floor":28.0},{"not_picked":["Warcry","Iron Wave","Wild Strike"],"picked":"SKIP","floor":31.0},{"not_picked":["Juggernaut","Impervious"],"picked":"Barricade","floor":33},{"not_picked":["Anger+1","Thunderclap+1"],"picked":"Shockwave+1","floor":35},{"not_picked":["Battle Trance+1","Thunderclap","Whirlwind+1"],"picked":"SKIP","floor":37},{"not_picked":["Fire Breathing+1","Pummel+1"],"picked":"Dual Wield+1","floor":38},{"not_picked":["Carnage+1","Havoc","Juggernaut"],"picked":"SKIP","floor":39},{"not_picked":["Body Slam","Twin Strike+1","Warcry+1"],"picked":"SKIP","floor":41},{"not_picked":["Blood for Blood+1","Dual Wield","Anger+1"],"picked":"SKIP","floor":44},{"not_picked":["Apotheosis","Forethought"],"picked":"Panacea","floor":45},{"not_picked":["Perfected Strike","Anger+1","Sentinel+1"],"picked":"SKIP","floor":46}],"player_experience":198726,"relics_obtained":[{"floor":9.0,"key":"Vajra"},{"floor":12.0,"key":"War Paint"},{"floor":19.0,"key":"Champion Belt"},{"floor":24.0,"key":"Eternal Feather"},{"floor":26.0,"key":"Boot"},{"floor":28.0,"key":"Smiling Mask"},{"floor":34,"key":"CeramicFish"},{"floor":34,"key":"Ornamental Fan"},{"floor":34,"key":"WingedGreaves"},{"floor":43,"key":"HornCleat"},{"floor":44,"key":"Dream Catcher"}],"event_choices":[{"cards_removed":["Writhe"],"damage_healed":0.0,"max_hp_gain":0.0,"max_hp_loss":0.0,"gold_gain":0.0,"event_name":"Golden Wing","player_choice":"Card Removal","floor":3.0,"gold_loss":0.0,"damage_taken":7.0},{"damage_healed":0.0,"max_hp_gain":0.0,"max_hp_loss":0.0,"gold_gain":0.0,"event_name":"Golden Idol","player_choice":"Take Damage","floor":5.0,"gold_loss":0.0,"damage_taken":20.0,"relics_obtained":["Golden Idol"]},{"damage_healed":0.0,"max_hp_gain":0.0,"max_hp_loss":0.0,"gold_gain":0.0,"event_name":"Match and Keep!","player_choice":"0 cards matched","floor":7.0,"gold_loss":0.0,"damage_taken":0.0,"cards_obtained":[]},{"damage_healed":0.0,"max_hp_gain":0.0,"max_hp_loss":0.0,"gold_gain":0.0,"event_name":"Vampires","player_choice":"Ignored","floor":20.0,"gold_loss":0.0,"damage_taken":0.0},{"damage_healed":0.0,"max_hp_gain":0.0,"max_hp_loss":0.0,"gold_gain":0.0,"event_name":"The Library","player_choice":"Read","floor":22.0,"gold_loss":0.0,"damage_taken":0.0,"cards_obtained":["Evolve"]},{"cards_removed":["Defend_R"],"damage_healed":0.0,"max_hp_gain":0.0,"max_hp_loss":0.0,"gold_gain":0.0,"event_name":"Bonfire Elementals","player_choice":"Offered Basic","floor":30.0,"gold_loss":0.0,"damage_taken":0.0},{"damage_healed":0,"gold_gain":0,"player_choice":"Memory 1","damage_taken":0,"max_hp_gain":0,"max_hp_loss":0,"event_name":"SensoryStone","floor":45,"gold_loss":0},{"damage_healed":0,"gold_gain":333,"player_choice":"Gave Idol","damage_taken":0,"max_hp_gain":0,"max_hp_loss":0,"event_name":"The Moai Head","floor":48,"relics_lost":["Golden Idol"],"gold_loss":0}],"is_beta":false,"boss_relics":[{"not_picked":["SacredBark","Runic Cube"],"picked":"Mark of Pain"},{"not_picked":["Busted Crown","SlaversCollar"],"picked":"Calling Bell"}],"items_purged_floors":[8,21,36],"is_endless":false,"potions_floor_spawned":[2,4,14,28,39,44,46],"ascension_level":0}}