{"host":"5wznv0010959mrmz","time":1610289037,"event":{"mods":["BaseMod","Highlight Path","Minty Spire (QoL Compilation)","Relic Stats"],"gold_per_floor":[113,113,124,139,159,159,189,264,313,313,26,42,42,77,77,154,154,168,182,194,194,119,150,150,124,124,49,81,100,114,129,129,129,129],"floor_reached":33,"playtime":1486,"items_purged":["Strike_G"],"score":644,"play_id":"74220275-195f-4fe4-b914-aef76c723beb","local_time":"20210110083037","is_ascension_mode":true,"campfire_choices":[{"data":"Bouncing Flask","floor":6,"key":"SMITH"},{"floor":10,"key":"REST"},{"data":"Leg Sweep","floor":13,"key":"SMITH"},{"data":"Catalyst","floor":15,"key":"SMITH"},{"floor":24,"key":"REST"},{"floor":32,"key":"REST"}],"circlet_count":0,"master_deck":["AscendersBane","Strike_G","Strike_G","Strike_G","Strike_G","Defend_G","Defend_G","Defend_G","Defend_G","Defend_G","Survivor","Neutralize","Eviscerate","Bouncing Flask+1","Masterful Stab","Reflex","Leg Sweep+1","Catalyst+1","Footwork","Acrobatics","Deadly Poison","Burst","Acrobatics+1","Accuracy","Blur","Malaise","Cloak And Dagger","Blur"],"relics":["Ring of the Snake","NeowsBlessing","Ninja Scroll","Oddly Smooth Stone","Bag of Marbles","Vajra","WristBlade","Bottled Flame","Incense Burner","Bronze Scales"],"acts_visited":["Exordium","TheCity"],"potions_floor_usage":[5,14,19,23,31],"damage_taken":[{"damage":0,"enemies":"Small Slimes","floor":1,"turns":1},{"damage":0,"enemies":"Cultist","floor":3,"turns":1},{"damage":0,"enemies":"2 Louse","floor":4,"turns":2},{"damage":8,"enemies":"Exordium Wildlife","floor":5,"turns":4},{"damage":18,"enemies":"Lagavulin","floor":7,"turns":7},{"damage":0,"enemies":"Large Slime","floor":12,"turns":4},{"damage":4,"enemies":"3 Sentries","floor":14,"turns":4},{"damage":10,"enemies":"Hexaghost","floor":16,"turns":9},{"damage":0,"enemies":"2 Thieves","floor":18,"turns":1},{"damage":12,"enemies":"3 Byrds","floor":19,"turns":4},{"damage":0,"enemies":"Snecko","floor":20,"turns":3},{"damage":29,"enemies":"Slavers","floor":23,"turns":6},{"damage":0,"enemies":"Gremlin Leader","floor":28,"turns":3},{"damage":0,"enemies":"Chosen and Byrds","floor":29,"turns":3},{"damage":3,"enemies":"Centurion and Healer","floor":30,"turns":4},{"damage":0,"enemies":"3 Cultists","floor":31,"turns":3},{"damage":79,"enemies":"Automaton","floor":33,"turns":6}],"seed_played":"937118108640271536","potions_obtained":[{"floor":3,"key":"SteroidPotion"},{"floor":5,"key":"Explosive Potion"},{"floor":12,"key":"Ancient Potion"},{"floor":18,"key":"Weak Potion"},{"floor":20,"key":"CunningPotion"},{"floor":29,"key":"DistilledChaos"}],"is_trial":false,"path_per_floor":["M","?","M","M","M","R","E","?","T","R","$","M","R","E","R","B",null,"M","M","M","?","?","E","R","$","T","$","E","M","M","M","R","B"],"character_chosen":"THE_SILENT","items_purchased":["Bag of Marbles","Catalyst","Footwork","Cloak And Dagger"],"campfire_rested":3,"item_purchase_floors":[11,11,11,25],"current_hp_per_floor":[59,50,50,50,42,42,24,13,13,32,32,32,32,28,28,18,54,54,42,42,42,42,13,32,32,32,32,32,32,29,29,48,0,0],"gold":129,"neow_bonus":"THREE_ENEMY_KILL","is_daily":false,"chose_seed":false,"campfire_upgraded":3,"win_rate":0.0,"timestamp":1610289037,"path_taken":["M","?","M","?","M","R","E","?","T","R","$","M","R","E","R","BOSS","M","M","M","?","?","E","R","?","T","?","E","M","M","M","R","BOSS"],"items_purchased_type":["Relic","Card","Card","Card"],"build_version":"2020-12-22","purchased_purges":1,"victory":false,"max_hp_per_floor":[66,66,66,66,66,66,66,66,66,66,66,66,66,66,66,66,66,66,66,66,66,66,66,66,66,66,66,66,66,66,66,66,66,66],"relic_stats":{"counters":[17,65],"Bronze Scales":[62],"obtain_stats":[{"Bottled Flame":23,"NeowsBlessing":0,"WristBlade":17,"Ninja Scroll":7,"Bronze Scales":28,"Oddly Smooth Stone":9,"Vajra":14,"Bag of Marbles":11,"Incense Burner":26,"Ring of the Snake":0},{"Bottled Flame":12,"NeowsBlessing":0,"WristBlade":8,"Ninja Scroll":5,"Bronze Scales":13,"Oddly Smooth Stone":5,"Vajra":7,"Bag of Marbles":5,"Incense Burner":12,"Ring of the Snake":0},{"Bottled Flame":46,"NeowsBlessing":0,"WristBlade":32,"Ninja Scroll":15,"Bronze Scales":49,"Oddly Smooth Stone":15,"Vajra":23,"Bag of Marbles":15,"Incense Burner":46,"Ring of the Snake":0}],"Ring of the Snake":[34]},"card_choices":[{"not_picked":["Backflip","Dagger Spray"],"picked":"Eviscerate","floor":1},{"not_picked":["Sucker Punch","PiercingWail"],"picked":"Bouncing Flask","floor":3},{"not_picked":["Cloak And Dagger","Poisoned Stab"],"picked":"Masterful Stab","floor":4},{"not_picked":["Quick Slash","Dodge and Roll"],"picked":"Reflex","floor":5},{"not_picked":["Quick Slash","Heel Hook"],"picked":"Leg Sweep","floor":7},{"not_picked":["Doppelganger","Flying Knee"],"picked":"Acrobatics","floor":12},{"not_picked":["Bane","Underhanded Strike"],"picked":"Deadly Poison","floor":14},{"not_picked":["Doppelganger","Phantasmal Killer"],"picked":"Burst","floor":16},{"not_picked":["Distraction","Deadly Poison"],"picked":"Acrobatics+1","floor":18},{"not_picked":["Backflip","Deflect"],"picked":"Accuracy","floor":19},{"not_picked":["Cloak And Dagger","Flechettes"],"picked":"Blur","floor":20},{"not_picked":["Slice","Dash"],"picked":"Malaise","floor":23},{"not_picked":["Backflip","Deflect"],"picked":"Blur","floor":28},{"not_picked":["Infinite Blades","Dagger Spray+1","Accuracy"],"picked":"SKIP","floor":29},{"not_picked":["Bouncing Flask","Crippling Poison","Concentrate"],"picked":"SKIP","floor":30},{"not_picked":["Dagger Throw+1","Distraction","Blur"],"picked":"SKIP","floor":31}],"player_experience":437047,"relics_obtained":[{"floor":7,"key":"Ninja Scroll"},{"floor":9,"key":"Oddly Smooth Stone"},{"floor":14,"key":"Vajra"},{"floor":23,"key":"Bottled Flame"},{"floor":26,"key":"Incense Burner"},{"floor":28,"key":"Bronze Scales"}],"event_choices":[{"damage_healed":0,"gold_gain":0,"player_choice":"Damaged","damage_taken":9,"max_hp_gain":0,"max_hp_loss":0,"event_name":"Wheel of Change","floor":2,"gold_loss":0},{"damage_healed":0,"gold_gain":75,"player_choice":"Gather Gold","damage_taken":11,"max_hp_gain":0,"max_hp_loss":0,"event_name":"World of Goop","floor":8,"gold_loss":0},{"damage_healed":0,"gold_gain":0,"player_choice":"Smashed Altar","damage_taken":0,"max_hp_gain":0,"max_hp_loss":0,"event_name":"Forgotten Altar","floor":21,"gold_loss":0,"cards_obtained":["Decay"]},{"cards_removed":["Decay"],"damage_healed":0,"gold_gain":0,"player_choice":"Gave Gold","damage_taken":0,"max_hp_gain":0,"max_hp_loss":0,"event_name":"Beggar","floor":22,"gold_loss":75}],"is_beta":false,"boss_relics":[{"not_picked":["Tiny House","Runic Dome"],"picked":"WristBlade"}],"items_purged_floors":[27],"is_endless":false,"potions_floor_spawned":[3,5,12,18,20,29],"killed_by":"Automaton","ascension_level":20}}