{"host":"f9ntswufr8mq3t4y","time":1610315013,"event":{"mods":["AchievementEnabler","BaseMod","Best Route Mod","Block Reminder","Colored Map","Colored Powertips","DeckTracker","Highlight Path","Minty Spire (QoL Compilation)","Permanent Neow","Quick Restart"],"gold_per_floor":[109,121,160,85,137,165,198,198,198,198,243,283,336,34,34,156,156,166,166,13,50,50,50,50,50,50],"floor_reached":25,"playtime":1123,"items_purged":["Writhe"],"score":256,"play_id":"294cb547-c945-4063-bf4b-2014a2f18819","local_time":"20210111004333","is_ascension_mode":true,"campfire_choices":[{"data":"HandOfGreed","floor":8,"key":"SMITH"},{"floor":10,"key":"REST"},{"data":"Eruption","floor":15,"key":"SMITH"},{"floor":23,"key":"REST"}],"circlet_count":0,"master_deck":["Strike_P","Strike_P","Strike_P","Defend_P","Defend_P","Defend_P","Eruption+1","Vigilance","HandOfGreed+1","TalkToTheHand","Tantrum","ReachHeaven","Worship","Vengeance","Wireheading","MasterReality","CarveReality+1","Meditate","BowlingBash"],"relics":["PureWater","Dream Catcher","Ornamental Fan","Gremlin Horn","Orichalcum","Strange Spoon","Black Star","Tiny Chest"],"acts_visited":["TheCity"],"potions_floor_usage":[11,18,21],"damage_taken":[{"damage":4.0,"enemies":"Jaw Worm","floor":1.0,"turns":3.0},{"damage":0.0,"enemies":"Cultist","floor":2.0,"turns":3.0},{"damage":0.0,"enemies":"Small Slimes","floor":3.0,"turns":2.0},{"damage":5,"enemies":"3 Louse","floor":5,"turns":5},{"damage":10,"enemies":"Lagavulin","floor":6,"turns":5},{"damage":6,"enemies":"Looter","floor":7,"turns":3},{"damage":18,"enemies":"Exordium Wildlife","floor":11,"turns":5},{"damage":0,"enemies":"Red Slaver","floor":12,"turns":1},{"damage":16,"enemies":"Gremlin Nob","floor":13,"turns":3},{"damage":14,"enemies":"Hexaghost","floor":16,"turns":7},{"damage":27,"enemies":"Shell Parasite","floor":18,"turns":5},{"damage":31,"enemies":"2 Thieves","floor":21,"turns":3},{"damage":36,"enemies":"Slavers","floor":25,"turns":2}],"seed_played":"4629534164266784154","potions_obtained":[{"floor":3.0,"key":"LiquidBronze"},{"floor":6,"key":"Fire Potion"},{"floor":7,"key":"SpeedPotion"},{"floor":12,"key":"DuplicationPotion"}],"is_trial":false,"path_per_floor":["M","M","M","$","M","E","M","R","T","R","M","M","E","$","R","B",null,"M","?","$","M","$","R","?","E"],"character_chosen":"WATCHER","items_purchased":["Orichalcum","Strange Spoon","Tiny Chest"],"campfire_rested":2,"item_purchase_floors":[14,14,20],"current_hp_per_floor":[68,68,68,68,63,53,47,47,47,68,50,50,34,34,34,20,72,45,45,45,14,14,35,35,0,0],"gold":50,"neow_bonus":"RANDOM_COLORLESS_2","is_daily":false,"chose_seed":false,"campfire_upgraded":2,"win_rate":0.0,"timestamp":1610315013,"path_taken":["M","M","M","$","M","E","M","R","T","R","M","M","E","$","R","BOSS","M","?","?","?","$","R","?","E"],"items_purchased_type":["Relic","Relic","Relic"],"build_version":"2020-12-22","purchased_purges":1,"victory":false,"max_hp_per_floor":[72,72,72,72,72,72,72,72,72,72,72,72,72,72,72,72,72,72,72,72,72,72,72,72,72,72],"card_choices":[{"not_picked":["Secret Technique","The Bomb"],"picked":"HandOfGreed","floor":0.0},{"not_picked":["Halt","FlyingSleeves"],"picked":"TalkToTheHand","floor":1.0},{"not_picked":["TalkToTheHand","FlurryOfBlows"],"picked":"Tantrum","floor":2.0},{"not_picked":["Prostrate","MentalFortress"],"picked":"ReachHeaven","floor":3.0},{"not_picked":["BattleHymn","Protect","PathToVictory"],"picked":"SKIP","floor":5},{"not_picked":["FlurryOfBlows","Crescendo"],"picked":"Worship","floor":6},{"not_picked":["ForeignInfluence","Wallop"],"picked":"Vengeance","floor":7},{"not_picked":["PathToVictory","FlurryOfBlows"],"picked":"Wireheading","floor":10},{"not_picked":["Collect","Evaluate","Consecrate"],"picked":"SKIP","floor":11},{"not_picked":["PathToVictory","DevaForm","EmptyFist"],"picked":"SKIP","floor":12},{"not_picked":["SignatureMove","Study","Wallop"],"picked":"SKIP","floor":13},{"not_picked":["ConjureBlade","Omniscience"],"picked":"MasterReality","floor":16},{"not_picked":["EmptyBody","WheelKick","Fasting2"],"picked":"SKIP","floor":18},{"not_picked":["MentalFortress","WheelKick+1","DeceiveReality"],"picked":"SKIP","floor":21},{"not_picked":["Halt","Wireheading"],"picked":"CarveReality+1","floor":23}],"player_experience":338904,"relics_obtained":[{"floor":6,"key":"Dream Catcher"},{"floor":9,"key":"Ornamental Fan"},{"floor":13,"key":"Gremlin Horn"}],"event_choices":[{"damage_healed":0,"gold_gain":0,"player_choice":"Ignored","damage_taken":0,"max_hp_gain":0,"max_hp_loss":0,"event_name":"Beggar","floor":19,"gold_loss":0},{"damage_healed":0,"gold_gain":0,"cards_transformed":["Strike_P","Defend_P"],"player_choice":"Became Test Subject","damage_taken":0,"max_hp_gain":0,"max_hp_loss":0,"event_name":"Drug Dealer","floor":24,"gold_loss":0,"cards_obtained":["Meditate","BowlingBash"]}],"is_beta":false,"boss_relics":[{"not_picked":["Runic Dome","Calling Bell"],"picked":"Black Star"}],"items_purged_floors":[4],"is_endless":false,"potions_floor_spawned":[3,6,7,12,16],"killed_by":"Slavers","ascension_level":4}}