{"host":"9oysz4knkucnjyyz","time":1610284769,"event":{"mods":["100% Spire Juice","2.2 Compatiblity","Act Like it!","BaseMod","Better Altar","Better Match","Better Note","Better Sensory Stone","Better Skull","Better Third Choice","BetterRewards","Displayed Cursed Tome","Downfall","Friendly Minions","Googly Eyes","GungeonMod","Hallownest","Hermit","Lobotomy","LobotomyExtend","Minty Spire (QoL Compilation)","Spicy Shops","Spire Birthday Party","StSLib","The Bug Knight","everything is the same but u backflip on backflip","slay the spire mod where everything is the same but ironclad has a cowboy hat"],"gold_per_floor":[118,135,154,169,179,179,710,710,710,710,743,743,180,194,194,295,345,355,373,373,373,384,416,436,471,471,471,491,501,515,525,538,538,538,640,640,656,673,683,693,743,768,768,800,1100,1100,1100,138,158,186,186,186],"floor_reached":53,"playtime":3325,"items_purged":["Injury"],"score":1077,"play_id":"b9321fd7-fe45-4a96-8eb7-72040609b374","local_time":"20210110081929","is_ascension_mode":true,"campfire_choices":[{"floor":6,"key":"RECALL"},{"data":"Moonworks:IndiscriminateFireSupport","floor":8,"key":"SMITH"},{"data":"Moonworks:UnpaidWork","floor":10,"key":"SMITH"},{"data":"Moonworks:Ambush","floor":12,"key":"SMITH"},{"data":"Moonworks:RedAndBlue","floor":15,"key":"SMITH"},{"data":"Moonworks:Dash","floor":27,"key":"SMITH"},{"data":"Moonworks:UnpaidWork","floor":33,"key":"SMITH"},{"data":"Moonworks:AnotherUltimateWeapon","floor":43,"key":"SMITH"},{"data":"Moonworks:AccelHyper","floor":46,"key":"SMITH"},{"data":"Moonworks:SubspaceTunnel","floor":51,"key":"SMITH"}],"circlet_count":0,"master_deck":["Moonworks:Strike","Moonworks:Strike","Moonworks:Strike+1","Moonworks:Defend","Moonworks:Defend","Moonworks:Defend","Moonworks:Defend","Moonworks:Ambush+1","Moonworks:LongDistanceShot","Moonworks:RedAndBlue+1","Moonworks:IndiscriminateFireSupport+1","Moonworks:UnpaidWork+1","Moonworks:SubspaceTunnel+1","Moonworks:SakisCookie","Moonworks:Dash+1","Moonworks:UnpaidWork+1","Moonworks:LuckyCharm+1","DemoMod:Elimentaler","Moonworks:AnotherUltimateWeapon+1","Moonworks:RedAndBlue+1","Moonworks:AccelHyper+1","Panache"],"relics":["Moonworks:BrokenBomb","Moonworks:Homemark","DemoMod:SerJunkan","DemoMod:Junk","Orichalcum","DemoMod:GoldJunk","Pen Nib","TungstenRod","Tiny House","HonorFeather","LaetitiaHeart","Vajra","DemoMod:MeltedRock","DemoMod:RatBoots","DemoMod:ResourcefulSack","DemoMod:PartiallyEatenCheese","Cursed Key","Runic Dome","DemoMod:NanoMachines","Bag of Preparation","Torii","Old Coin","Chemical X","PreservedInsect","Bottled Tornado","DemoMod:Metronome","InkBottle"],"acts_visited":["Exordium","TheCity","TheCity","TheBeyond"],"potions_floor_usage":[20,20,52,52],"damage_taken":[{"damage":0,"enemies":"Small Slimes","floor":1,"turns":2},{"damage":0,"enemies":"Jaw Worm","floor":2,"turns":2},{"damage":0,"enemies":"2 Louse","floor":3,"turns":2},{"damage":0,"enemies":"Exordium Thugs","floor":4,"turns":2},{"damage":4,"enemies":"Looter","floor":5,"turns":2},{"damage":0,"enemies":"HollowMod:MossKnight","floor":7,"turns":3},{"damage":2,"enemies":"3 Sentries","floor":11,"turns":2},{"damage":0,"enemies":"Blue Slaver","floor":14,"turns":1},{"damage":12,"enemies":"Hexaghost","floor":16,"turns":3},{"damage":1,"enemies":"Shell Parasite","floor":18,"turns":2},{"damage":0,"enemies":"Shelled Parasite and Fungi","floor":19,"turns":1},{"damage":54,"enemies":"Shelled Parasite and Fungi","floor":20,"turns":2},{"damage":0,"enemies":"Shelled Parasite and Fungi","floor":20,"turns":1},{"damage":0,"enemies":"Shelled Parasite and Fungi","floor":20,"turns":1},{"damage":12,"enemies":"Snake Plant","floor":22,"turns":2},{"damage":0,"enemies":"Slavers","floor":23,"turns":1},{"damage":3,"enemies":"Chosen and Byrds","floor":24,"turns":2},{"damage":5,"enemies":"Book of Stabbing","floor":25,"turns":3},{"damage":5,"enemies":"DemoMod:Red_and_blue_shotgun_kin","floor":28,"turns":1},{"damage":0,"enemies":"DemoMod:4_Bullet_Kins","floor":29,"turns":1},{"damage":0,"enemies":"DemoMod:2_Mousers","floor":30,"turns":1},{"damage":0,"enemies":"DemoMod:Red_and_blue_shotgun_kin_with_gunsinger","floor":31,"turns":1},{"damage":9,"enemies":"DemoMod:Veteran_shot_gun_kin_and_blue_shotgun_kin","floor":32,"turns":1},{"damage":15,"enemies":"DemoMod:ResourcefulRat","floor":35,"turns":6},{"damage":18,"enemies":"3 Shapes","floor":37,"turns":2},{"damage":0,"enemies":"Orb Walker","floor":38,"turns":1},{"damage":8,"enemies":"Writhing Mass","floor":39,"turns":2},{"damage":16,"enemies":"4 Shapes","floor":40,"turns":1},{"damage":0,"enemies":"Mind Bloom Boss Battle","floor":41,"turns":3},{"damage":0,"enemies":"Giant Head","floor":42,"turns":4},{"damage":0,"enemies":"Reptomancer","floor":44,"turns":2},{"damage":2,"enemies":"Sphere and 2 Shapes","floor":49,"turns":1},{"damage":0,"enemies":"Nemesis","floor":50,"turns":1},{"damage":0,"enemies":"Donu and Deca","floor":52,"turns":4},{"damage":41,"enemies":"Malkuth","floor":53,"turns":4},{"damage":25,"enemies":"Netzach","floor":53,"turns":2}],"seed_played":"-8990599412922927068","potions_obtained":[{"floor":2,"key":"AttackPotion"},{"floor":3,"key":"Ancient Potion"},{"floor":7,"key":"Strength Potion"},{"floor":22,"key":"Explosive Potion"},{"floor":24,"key":"DemoMod:LeadSkinPotion"},{"floor":29,"key":"FearPotion"},{"floor":35,"key":"LiquidMemories"}],"is_trial":false,"path_per_floor":["M","M","M","M","M","R","E","R","T","R","E","R","$","M","R","B",null,"M","M","?","?","M","E","M","E","T","R","M","M","M","M","M","R","B","B",null,"M","M","M","M","?","E","R","E","T","R","?","$","M","E","R","B",null],"character_chosen":"THE_STARBREAKER","items_purchased":["DemoMod:SerJunkan","DemoMod:GnawedKey","Pen Nib","TungstenRod","Chemical X","PreservedInsect","Bottled Tornado","Panache","DemoMod:Metronome"],"campfire_rested":0,"item_purchase_floors":[0,13,13,13,48,48,48,48,48],"current_hp_per_floor":[60,60,60,60,56,56,56,56,56,56,54,54,54,54,54,42,65,64,65,65,65,53,53,54,53,65,65,64,64,64,64,55,65,65,54,65,51,51,43,27,27,31,65,65,65,65,65,65,63,63,65,65],"gold":186,"neow_bonus":"","is_daily":false,"chose_seed":false,"campfire_upgraded":9,"win_rate":0.0,"timestamp":1610284769,"path_taken":["M","M","M","M","M","R","E","R","T","R","E","R","$","M","R","BOSS","M","M","?","?","M","E","M","E","T","R","M","M","M","M","M","R","BOSS","BOSS","M","M","M","M","?","E","R","E","T","R","?","$","?","E","R","BOSS"],"items_purchased_type":["Relic","Relic","Relic","Relic","Relic","Relic","Relic","Card","Relic"],"build_version":"2020-12-22","purchased_purges":1,"victory":true,"max_hp_per_floor":[60,60,60,60,60,60,60,60,60,60,60,60,60,60,60,60,65,65,65,65,65,65,65,65,65,65,65,65,65,65,65,65,65,65,65,65,65,65,65,65,65,65,65,65,65,65,65,65,65,65,65,65],"card_choices":[{"not_picked":["Moonworks:EvilSpyWorkPreparation","Moonworks:JonathanRush","Moonworks:BigMagnum"],"picked":"SKIP","floor":1},{"not_picked":["Moonworks:ImOnFire","Moonworks:RagingMadness"],"picked":"Moonworks:RedAndBlue","floor":2},{"not_picked":["Moonworks:BigMagnum","Moonworks:ForcedRevival"],"picked":"Moonworks:IndiscriminateFireSupport","floor":3},{"not_picked":["Moonworks:NicePresent","Moonworks:BigMagnum"],"picked":"Moonworks:UnpaidWork","floor":4},{"not_picked":["Moonworks:LulusLuckyEgg","Moonworks:ExtendedPhotonRifle","Moonworks:EvilSpyWorkPreparation"],"picked":"SKIP","floor":5},{"not_picked":["Moonworks:JonathanRush","Moonworks:EvilMastermind","Moonworks:MixPhenomenon"],"picked":"SKIP","floor":7},{"not_picked":["Moonworks:Assault","Moonworks:ImmovableObject","Moonworks:CastOff"],"picked":"SKIP","floor":11},{"not_picked":["Moonworks:x16BigRocket","Moonworks:BindingChains","Moonworks:BigBangBell"],"picked":"SKIP","floor":14},{"not_picked":["Moonworks:LeapThroughSpace","Moonworks:OutOfAmmo"],"picked":"Moonworks:SubspaceTunnel","floor":16},{"not_picked":["Moonworks:ImOnFire+1","Moonworks:RedAndBlue"],"picked":"Moonworks:SakisCookie","floor":18},{"not_picked":["Moonworks:EvilSpyWorkPreparation","Moonworks:RagingMadness","Moonworks:WindyEnchantment"],"picked":"SKIP","floor":19},{"not_picked":["Moonworks:CloudOfSeagulls","Moonworks:Flamethrower","Moonworks:SinkOrSwim"],"picked":"SKIP","floor":22},{"not_picked":["Moonworks:Dinner","Moonworks:ImOnFire"],"picked":"Moonworks:Dash","floor":23},{"not_picked":["Moonworks:LulusLuckyEgg","Moonworks:WindyEnchantment","Moonworks:DeployBits"],"picked":"SKIP","floor":24},{"not_picked":["Moonworks:BeyondHell","Moonworks:WindyEnchantment","Moonworks:FinalSurgery"],"picked":"SKIP","floor":25},{"not_picked":["Moonworks:DevilHand","Moonworks:BigMagnum+1","Moonworks:NicePresent+1"],"picked":"SKIP","floor":28},{"not_picked":["Moonworks:NicePresent","Moonworks:LulusLuckyEgg+1"],"picked":"Moonworks:UnpaidWork","floor":29},{"not_picked":["Moonworks:BigBangBell","Moonworks:IntelligenceOfficer","Moonworks:BindingChains"],"picked":"SKIP","floor":30},{"not_picked":["Moonworks:CloudOfSeagulls","Moonworks:EvilSpyWorkPreparation+1","Moonworks:AngelHand"],"picked":"SKIP","floor":31},{"not_picked":["Moonworks:BigMagnum+1","Moonworks:StiffCrystal+1"],"picked":"Moonworks:LuckyCharm+1","floor":32},{"not_picked":[],"picked":"DemoMod:Elimentaler","floor":35},{"not_picked":["Moonworks:RocketCannon","Moonworks:StarBlastingFuse"],"picked":"Moonworks:AnotherUltimateWeapon","floor":35},{"not_picked":["Moonworks:SakisCookie+1","Moonworks:WindyEnchantment","Moonworks:LulusLuckyEgg"],"picked":"SKIP","floor":37},{"not_picked":["Moonworks:WindyEnchantment+1","Moonworks:NicePresent","Moonworks:LulusLuckyEgg"],"picked":"SKIP","floor":38},{"not_picked":["Moonworks:SakisCookie","Moonworks:EvilSpyWorkPreparation+1","Moonworks:NicePresent+1"],"picked":"SKIP","floor":39},{"not_picked":["Moonworks:CrystalBarrier","Moonworks:SakisCookie+1"],"picked":"Moonworks:RedAndBlue+1","floor":40},{"not_picked":["Moonworks:DeployBits+1","Moonworks:Assault","Moonworks:SakisCookie+1"],"picked":"SKIP","floor":42},{"not_picked":["Moonworks:CookingTime+1","Moonworks:WindyEnchantment+1"],"picked":"Moonworks:AccelHyper","floor":44},{"not_picked":["Moonworks:BigMagnum+1","Moonworks:CompletionReward","Moonworks:SakisCookie"],"picked":"SKIP","floor":49},{"not_picked":["Moonworks:Assault+1","Moonworks:CloudOfSeagulls+1","Moonworks:BigMagnum+1"],"picked":"SKIP","floor":50}],"player_experience":350242,"relics_obtained":[{"floor":1,"key":"DemoMod:Junk"},{"floor":2,"key":"DemoMod:Junk"},{"floor":3,"key":"DemoMod:Junk"},{"floor":4,"key":"DemoMod:Junk"},{"floor":5,"key":"DemoMod:Junk"},{"floor":7,"key":"Orichalcum"},{"floor":7,"key":"DemoMod:Junk"},{"floor":11,"key":"DemoMod:Junk"},{"floor":11,"key":"DemoMod:Junk"},{"floor":14,"key":"DemoMod:Junk"},{"floor":16,"key":"DemoMod:Junk"},{"floor":18,"key":"DemoMod:Junk"},{"floor":19,"key":"DemoMod:Junk"},{"floor":22,"key":"DemoMod:Junk"},{"floor":23,"key":"Vajra"},{"floor":23,"key":"DemoMod:Junk"},{"floor":24,"key":"DemoMod:Junk"},{"floor":25,"key":"DemoMod:MeltedRock"},{"floor":25,"key":"DemoMod:Junk"},{"floor":28,"key":"DemoMod:Junk"},{"floor":29,"key":"DemoMod:Junk"},{"floor":30,"key":"DemoMod:Junk"},{"floor":31,"key":"DemoMod:Junk"},{"floor":32,"key":"DemoMod:Junk"},{"floor":35,"key":"DemoMod:Junk"},{"floor":36,"key":"DemoMod:RatBoots"},{"floor":36,"key":"DemoMod:ResourcefulSack"},{"floor":36,"key":"DemoMod:PartiallyEatenCheese"},{"floor":36,"key":"Cursed Key"},{"floor":36,"key":"Runic Dome"},{"floor":37,"key":"DemoMod:Junk"},{"floor":38,"key":"DemoMod:Junk"},{"floor":39,"key":"DemoMod:Junk"},{"floor":40,"key":"DemoMod:Junk"},{"floor":41,"key":"DemoMod:NanoMachines"},{"floor":42,"key":"Bag of Preparation"},{"floor":42,"key":"DemoMod:Junk"},{"floor":44,"key":"Torii"},{"floor":44,"key":"DemoMod:Junk"},{"floor":45,"key":"Old Coin"},{"floor":49,"key":"DemoMod:Junk"},{"floor":50,"key":"InkBottle"},{"floor":50,"key":"DemoMod:Junk"}],"event_choices":[{"damage_healed":0,"gold_gain":0,"player_choice":"Fight","damage_taken":0,"max_hp_gain":0,"max_hp_loss":0,"event_name":"MindBloom","floor":41,"gold_loss":0},{"cards_removed":["Moonworks:Strike"],"damage_healed":0,"gold_gain":0,"player_choice":"Removed Attack","damage_taken":0,"max_hp_gain":0,"max_hp_loss":0,"event_name":"Falling","floor":47,"gold_loss":0}],"is_beta":false,"boss_relics":[{"not_picked":["Astrolabe","Snecko Eye"],"picked":"Tiny House"},{"not_picked":[]}],"items_purged_floors":[48],"is_endless":false,"potions_floor_spawned":[2,3,7,14,16,20,22,24,29,35,37,40,42,50],"ascension_level":1}}