{"host":"5wznv0010959mrmz","time":1610293117,"event":{"mods":["BaseMod","Highlight Path","Minty Spire (QoL Compilation)","Relic Stats"],"gold_per_floor":[116,142,162,178,190,219,219,219,219],"floor_reached":8,"playtime":270,"items_purged":[],"score":116,"play_id":"1fda100b-0673-4c9e-9cfd-6cf69dcdf08f","local_time":"20210110093837","is_ascension_mode":true,"campfire_choices":[{"data":"Underhanded Strike","floor":7,"key":"SMITH"}],"circlet_count":0,"master_deck":["AscendersBane","Strike_G","Strike_G","Strike_G","Strike_G","Strike_G","Defend_G","Defend_G","Defend_G","Defend_G","Defend_G","Survivor","Neutralize","Malaise","Calculated Gamble","Dagger Spray","Underhanded Strike+1","Sucker Punch","Acrobatics"],"relics":["Ring of the Snake","Vajra","Bottled Lightning"],"acts_visited":["Exordium"],"potions_floor_usage":[5,6,6,8],"damage_taken":[{"damage":1,"enemies":"Cultist","floor":1,"turns":4},{"damage":0,"enemies":"2 Louse","floor":3,"turns":5},{"damage":9,"enemies":"Jaw Worm","floor":4,"turns":6},{"damage":7,"enemies":"Exordium Thugs","floor":5,"turns":3},{"damage":9,"enemies":"3 Sentries","floor":6,"turns":5},{"damage":34,"enemies":"Gremlin Nob","floor":8,"turns":4}],"seed_played":"2224689001208366838","potions_obtained":[{"floor":1,"key":"Strength Potion"},{"floor":4,"key":"Dexterity Potion"},{"floor":5,"key":"Explosive Potion"},{"floor":6,"key":"Weak Potion"}],"is_trial":false,"path_per_floor":["M","T","M","M","M","E","R","E"],"character_chosen":"THE_SILENT","items_purchased":[],"campfire_rested":0,"item_purchase_floors":[],"current_hp_per_floor":[58,58,58,49,42,33,33,0,0],"gold":219,"neow_bonus":"ONE_RANDOM_RARE_CARD","is_daily":false,"chose_seed":false,"campfire_upgraded":1,"win_rate":0.0,"timestamp":1610293117,"path_taken":["M","?","?","M","M","E","R","E"],"items_purchased_type":[],"build_version":"2020-12-22","purchased_purges":0,"victory":false,"max_hp_per_floor":[66,66,66,66,66,66,66,66,66],"relic_stats":{"counters":[6,27],"obtain_stats":[{"Vajra":2,"Bottled Lightning":6,"Ring of the Snake":0},{"Vajra":1,"Bottled Lightning":5,"Ring of the Snake":0},{"Vajra":4,"Bottled Lightning":23,"Ring of the Snake":0}],"Ring of the Snake":[12]},"card_choices":[{"not_picked":["All Out Attack","Caltrops"],"picked":"Calculated Gamble","floor":1},{"not_picked":["Concentrate","Riddle With Holes"],"picked":"Dagger Spray","floor":3},{"not_picked":["Finisher","PiercingWail"],"picked":"Underhanded Strike","floor":4},{"not_picked":["Predator","Outmaneuver"],"picked":"Sucker Punch","floor":5},{"not_picked":["Bane","Backflip"],"picked":"Acrobatics","floor":6}],"player_experience":438930,"relics_obtained":[{"floor":2,"key":"Vajra"},{"floor":6,"key":"Bottled Lightning"}],"event_choices":[],"is_beta":false,"boss_relics":[],"items_purged_floors":[],"is_endless":false,"potions_floor_spawned":[1,4,5,6],"killed_by":"Gremlin Nob","ascension_level":20}}