{"host":"qdfumeom6htv8yxl","time":1610239414,"event":{"mods":["AchievementEnabler","BaseMod","Bestiary","Block Reminder","Minty Spire (QoL Compilation)","Quick Restart","Relic Stats"],"gold_per_floor":[119,119,37,37,50,76,76,94,94,154,174,224,249,265,265,354,354,374,115,80,220,285,285,285,285],"floor_reached":24,"playtime":752,"items_purged":["Strike_B"],"score":379,"play_id":"6673fc74-b938-4dbd-b70e-7c93dfff45d7","local_time":"20210109184334","is_ascension_mode":true,"campfire_choices":[{"data":"Zap","floor":7,"key":"SMITH"},{"floor":15,"key":"REST"},{"data":"Genetic Algorithm","floor":23,"key":"SMITH"}],"circlet_count":0,"master_deck":["AscendersBane","Strike_B","Strike_B","Strike_B","Defend_B","Defend_B","Defend_B","Defend_B","Zap+1","Dualcast","Coolheaded+1","Capacitor","Rebound","Leap","Genetic Algorithm+1","Electrodynamics","Injury","Glacier","Biased Cognition","Ball Lightning","Darkness","Compile Driver"],"relics":["Cracked Core","NeowsBlessing","SsserpentHead","Dead Branch","Darkstone Periapt","Golden Idol","Cursed Key","Lee\u0027s Waffle","Symbiotic Virus"],"acts_visited":["Exordium","TheCity"],"potions_floor_usage":[10,16],"damage_taken":[{"damage":0,"enemies":"Small Slimes","floor":1,"turns":1},{"damage":0,"enemies":"Jaw Worm","floor":5,"turns":1},{"damage":0,"enemies":"Lagavulin","floor":6,"turns":1},{"damage":3,"enemies":"Cultist","floor":8,"turns":4},{"damage":2,"enemies":"Looter","floor":10,"turns":3},{"damage":7,"enemies":"2 Fungi Beasts","floor":11,"turns":4},{"damage":15,"enemies":"Blue Slaver","floor":13,"turns":3},{"damage":7,"enemies":"Red Slaver","floor":14,"turns":3},{"damage":15,"enemies":"Slime Boss","floor":16,"turns":7},{"damage":21,"enemies":"2 Thieves","floor":18,"turns":3},{"damage":0,"enemies":"Spheric Guardian","floor":22,"turns":2},{"damage":77,"enemies":"Gremlin Leader","floor":24,"turns":8}],"seed_played":"-6248501882280251337","potions_obtained":[{"floor":1,"key":"AttackPotion"},{"floor":8,"key":"FocusPotion"},{"floor":11,"key":"FairyPotion"},{"floor":16,"key":"Dexterity Potion"}],"is_trial":false,"path_per_floor":["M","?","$","?","M","E","R","M","T","M","M","?","M","M","R","B",null,"M","$","?","?","M","R","E"],"character_chosen":"DEFECT","items_purchased":["Capacitor","Lee\u0027s Waffle","Darkness"],"campfire_rested":1,"item_purchase_floors":[3,19,19],"current_hp_per_floor":[64,64,64,64,64,64,64,61,61,59,52,58,43,36,59,44,69,48,84,84,72,72,72,25,25],"gold":285,"neow_bonus":"THREE_ENEMY_KILL","is_daily":false,"chose_seed":false,"campfire_upgraded":2,"win_rate":0.0,"timestamp":1610239414,"path_taken":["M","?","$","?","M","E","R","M","T","?","M","?","M","M","R","BOSS","M","$","?","?","?","R","E"],"items_purchased_type":["Card","Relic","Card"],"build_version":"2020-12-22","purchased_purges":1,"victory":false,"max_hp_per_floor":[71,71,71,71,71,71,71,71,71,71,71,77,77,77,77,77,77,77,84,84,84,84,84,84,84],"relic_stats":{"Darkstone Periapt":6,"SsserpentHead":250,"Lee\u0027s Waffle":36,"counters":[12,40],"Golden Idol":33,"Dead Branch":[18],"Cursed Key":0,"obtain_stats":[{"Darkstone Periapt":9,"SsserpentHead":4,"Lee\u0027s Waffle":19,"NeowsBlessing":0,"Golden Idol":12,"Dead Branch":6,"Cracked Core":0,"Cursed Key":17,"Symbiotic Virus":20},{"Darkstone Periapt":4,"SsserpentHead":1,"Lee\u0027s Waffle":10,"NeowsBlessing":0,"Golden Idol":6,"Dead Branch":3,"Cracked Core":0,"Cursed Key":9,"Symbiotic Virus":10},{"Darkstone Periapt":7,"SsserpentHead":1,"Lee\u0027s Waffle":30,"NeowsBlessing":0,"Golden Idol":14,"Dead Branch":3,"Cracked Core":0,"Cursed Key":27,"Symbiotic Virus":30}]},"card_choices":[{"not_picked":["Sunder","Redo"],"picked":"Coolheaded","floor":1},{"not_picked":["Stack","Barrage"],"picked":"Rebound","floor":5},{"not_picked":["Capacitor","Tempest"],"picked":"Leap","floor":6},{"not_picked":["Rip and Tear","Leap","Aggregate"],"picked":"SKIP","floor":8},{"not_picked":["BootSequence","Sunder"],"picked":"Genetic Algorithm","floor":10},{"not_picked":["Hologram","Reprogram"],"picked":"Electrodynamics","floor":11},{"not_picked":["Compile Driver","Streamline","Turbo"],"picked":"SKIP","floor":13},{"not_picked":["Turbo","Force Field"],"picked":"Glacier","floor":14},{"not_picked":["Fission","Rainbow"],"picked":"Biased Cognition","floor":16},{"not_picked":["Go for the Eyes","Melter"],"picked":"Ball Lightning","floor":18},{"not_picked":["Streamline","Turbo"],"picked":"Compile Driver","floor":22}],"player_experience":1767274,"relics_obtained":[{"floor":6,"key":"Dead Branch"},{"floor":9,"key":"Darkstone Periapt"}],"event_choices":[{"damage_healed":0,"gold_gain":0,"player_choice":"Grow","damage_taken":0,"max_hp_gain":0,"max_hp_loss":0,"event_name":"Living Wall","floor":2,"gold_loss":0,"cards_upgraded":["Coolheaded"]},{"damage_healed":0,"gold_gain":0,"player_choice":"Trade","damage_taken":0,"relics_obtained":["SsserpentHead"],"max_hp_gain":0,"max_hp_loss":0,"event_name":"FaceTrader","floor":4,"gold_loss":0},{"damage_healed":0,"gold_gain":0,"player_choice":"Take Wound","damage_taken":0,"relics_obtained":["Golden Idol"],"max_hp_gain":0,"max_hp_loss":0,"event_name":"Golden Idol","floor":12,"gold_loss":0,"cards_obtained":["Injury"]},{"damage_healed":0,"gold_gain":0,"player_choice":"Obtained Relic","damage_taken":0,"relics_obtained":["Symbiotic Virus"],"max_hp_gain":0,"max_hp_loss":0,"event_name":"Addict","floor":20,"gold_loss":85},{"damage_healed":0,"gold_gain":90,"player_choice":"GOLD ","damage_taken":12,"max_hp_gain":0,"max_hp_loss":0,"event_name":"Knowing Skull","floor":21,"potions_obtained":[],"gold_loss":0,"cards_obtained":[]}],"is_beta":false,"boss_relics":[{"not_picked":["Empty Cage","Runic Pyramid"],"picked":"Cursed Key"}],"items_purged_floors":[19],"is_endless":false,"potions_floor_spawned":[1,8,11,13,14,16,18,22],"killed_by":"Gremlin Leader","ascension_level":14}}