{"host":"vlqejv0notyktumz","time":1610260691,"event":{"mods":["AchievementEnabler","BaseMod","Googly Eyes","Minty Spire (QoL Compilation)"],"gold_per_floor":[117,129,43,218,228,228,257,321,321,338,349,368,380,350,350,350,350],"floor_reached":16,"playtime":505,"items_purged":[],"score":151,"play_id":"812f3c80-5a42-4591-973a-b84bfdc80d50","local_time":"20210110003811","is_ascension_mode":true,"campfire_choices":[{"data":"Noxious Fumes","floor":6,"key":"SMITH"},{"data":"Bane","floor":15,"key":"SMITH"}],"circlet_count":0,"master_deck":["Strike_G","Strike_G","Strike_G","Strike_G","Strike_G","Defend_G","Defend_G","Defend_G","Defend_G","Defend_G","Survivor","Neutralize","Good Instincts","Slice","Leg Sweep","Dagger Spray","Footwork","Doubt","Noxious Fumes+1","Deadly Poison","Prepared","Sucker Punch","Escape Plan","Deflect","Bane+1","Poisoned Stab"],"relics":["Ring of the Snake","Meat on the Bone","Art of War","Ancient Tea Set"],"acts_visited":["Exordium"],"potions_floor_usage":[7,7,7,12],"damage_taken":[{"damage":0,"enemies":"Cultist","floor":1,"turns":6},{"damage":0,"enemies":"Jaw Worm","floor":2,"turns":4},{"damage":0,"enemies":"2 Louse","floor":5,"turns":3},{"damage":35,"enemies":"Gremlin Nob","floor":7,"turns":7},{"damage":13,"enemies":"Lagavulin Event","floor":8,"turns":7},{"damage":1,"enemies":"Blue Slaver","floor":10,"turns":5},{"damage":0,"enemies":"2 Fungi Beasts","floor":11,"turns":3},{"damage":6,"enemies":"Large Slime","floor":12,"turns":7},{"damage":16,"enemies":"Lots of Slimes","floor":13,"turns":3},{"damage":0,"enemies":"Looter","floor":14,"turns":4},{"damage":38,"enemies":"Slime Boss","floor":16,"turns":6}],"seed_played":"-4681326824215497111","potions_obtained":[{"floor":1,"key":"Fire Potion"},{"floor":2,"key":"Explosive Potion"},{"floor":5,"key":"SteroidPotion"},{"floor":10,"key":"Block Potion"}],"is_trial":false,"path_per_floor":["M","M","$","?","M","R","E","?","T","M","M","M","M","M","R","B"],"character_chosen":"THE_SILENT","items_purchased":["Dagger Spray","Footwork"],"campfire_rested":0,"item_purchase_floors":[3,3],"current_hp_per_floor":[63,63,63,63,63,63,28,27,27,38,38,44,40,40,40,2,2],"gold":350,"neow_bonus":"RANDOM_COLORLESS","is_daily":false,"chose_seed":false,"campfire_upgraded":2,"win_rate":0.0,"timestamp":1610260691,"path_taken":["M","M","?","?","M","R","E","?","T","M","M","M","M","?","R","BOSS"],"items_purchased_type":["Card","Card"],"build_version":"2020-12-22","purchased_purges":0,"victory":false,"max_hp_per_floor":[70,70,70,70,70,70,70,70,70,70,70,70,70,70,70,70,70],"card_choices":[{"not_picked":["Impatience","Purity"],"picked":"Good Instincts","floor":0},{"not_picked":["Bane","All Out Attack"],"picked":"Slice","floor":1},{"not_picked":["Underhanded Strike","Sucker Punch"],"picked":"Leg Sweep","floor":2},{"not_picked":["After Image","Acrobatics"],"picked":"Noxious Fumes","floor":5},{"not_picked":["Dagger Throw","Leg Sweep"],"picked":"Deadly Poison","floor":7},{"not_picked":["Infinite Blades","Acrobatics"],"picked":"Prepared","floor":8},{"not_picked":["Acrobatics","Blade Dance"],"picked":"Sucker Punch","floor":10},{"not_picked":["Blade Dance","Quick Slash"],"picked":"Escape Plan","floor":11},{"not_picked":["PiercingWail","Blade Dance"],"picked":"Deflect","floor":12},{"not_picked":["Glass Knife","Dagger Throw"],"picked":"Bane","floor":13},{"not_picked":["Blade Dance","Slice"],"picked":"Poisoned Stab","floor":14}],"player_experience":322148,"relics_obtained":[{"floor":7,"key":"Meat on the Bone"},{"floor":8,"key":"Art of War"},{"floor":9,"key":"Ancient Tea Set"}],"event_choices":[{"damage_healed":0,"gold_gain":175,"player_choice":"AGREE","damage_taken":0,"max_hp_gain":0,"max_hp_loss":0,"event_name":"Liars Game","floor":4,"gold_loss":0,"cards_obtained":["Doubt"]},{"damage_healed":0,"gold_gain":0,"player_choice":"Searched \u00271\u0027 times","damage_taken":0,"max_hp_gain":0,"max_hp_loss":0,"event_name":"Dead Adventurer","floor":8,"gold_loss":0}],"is_beta":false,"boss_relics":[],"items_purged_floors":[],"is_endless":false,"potions_floor_spawned":[1,2,5,10],"killed_by":"Slime Boss","ascension_level":9}}