{"host":"c6u7e77myxvw4d0m","time":1610321810,"event":{"mods":["AchievementEnabler","BaseMod","Bestiary","Colored Map","Colored Powertips","Minty Spire (QoL Compilation)","Rare Cards Sparkle","Relic Stats","everything is the same but u backflip on backflip"],"gold_per_floor":[112,112,126,146,157,157,185,195,241,270,270,281,281,299,299,404,404,424,19,19,38,38,68,82,109,133,151,151,163,176,176,176,275,275,289,289,289,289,307,307,335,335,358,371,66,79,108,108,108,108,108],"floor_reached":50,"playtime":5388,"items_purged":["Concentrate"],"score":986,"play_id":"b31014c6-4116-48de-a123-3a4fcaca1940","local_time":"20210111013650","is_ascension_mode":true,"campfire_choices":[{"data":"Neutralize","floor":6,"key":"SMITH"},{"data":"Poisoned Stab","floor":11,"key":"SMITH"},{"data":"Adrenaline","floor":13,"key":"SMITH"},{"data":"Quick Slash","floor":15,"key":"SMITH"},{"data":"Caltrops","floor":28,"key":"SMITH"},{"floor":32,"key":"REST"},{"data":"RitualDagger","floor":40,"key":"SMITH"},{"floor":42,"key":"REST"},{"data":"Apotheosis","floor":49,"key":"SMITH"}],"circlet_count":0,"master_deck":["AscendersBane","Strike_G","Strike_G","Strike_G","Defend_G","Defend_G","Defend_G+1","Defend_G","Defend_G","Survivor+1","Neutralize+1","Dodge and Roll","Adrenaline+1","Poisoned Stab+1","Outmaneuver","Quick Slash+1","Burst","Tactician","Flying Knee","Venomology","Caltrops+1","Flechettes","Apotheosis+1","Noxious Fumes","Deflect","Dodge and Roll","Noxious Fumes","RitualDagger+1","Unload","Noxious Fumes","Bouncing Flask","Regret","Choke","Flechettes+1","Doubt"],"relics":["Runic Pyramid","Eternal Feather","War Paint","Pear","Busted Crown","Bag of Preparation","Du-Vu Doll","Oddly Smooth Stone","Cursed Key","Mummified Hand","Toy Ornithopter","Lee\u0027s Waffle","Molten Egg 2"],"acts_visited":["Exordium","TheCity","TheBeyond"],"potions_floor_usage":[12,18,21,23,23,23,25,25,27,30,33,33,35,39,41,41,44,46,50,50,50],"damage_taken":[{"damage":0,"enemies":"Cultist","floor":1,"turns":5},{"damage":3,"enemies":"2 Louse","floor":3,"turns":3},{"damage":0,"enemies":"Small Slimes","floor":4,"turns":4},{"damage":0,"enemies":"Looter","floor":5,"turns":3},{"damage":22,"enemies":"3 Sentries","floor":7,"turns":13},{"damage":16,"enemies":"Large Slime","floor":8,"turns":8},{"damage":9,"enemies":"Lagavulin","floor":10,"turns":7},{"damage":7,"enemies":"Lots of Slimes","floor":12,"turns":4},{"damage":5,"enemies":"Exordium Wildlife","floor":14,"turns":6},{"damage":0,"enemies":"The Guardian","floor":16,"turns":16},{"damage":0,"enemies":"Shell Parasite","floor":18,"turns":6},{"damage":7,"enemies":"Chosen","floor":21,"turns":7},{"damage":34,"enemies":"Slavers","floor":23,"turns":6},{"damage":0,"enemies":"Centurion and Healer","floor":24,"turns":5},{"damage":42,"enemies":"Gremlin Leader","floor":25,"turns":8},{"damage":0,"enemies":"Shelled Parasite and Fungi","floor":27,"turns":4},{"damage":0,"enemies":"3 Cultists","floor":29,"turns":4},{"damage":3,"enemies":"Cultist and Chosen","floor":30,"turns":8},{"damage":26,"enemies":"Collector","floor":33,"turns":9},{"damage":3,"enemies":"3 Darklings","floor":35,"turns":5},{"damage":1,"enemies":"Orb Walker","floor":39,"turns":3},{"damage":115,"enemies":"Giant Head","floor":41,"turns":9},{"damage":10,"enemies":"3 Darklings","floor":44,"turns":7},{"damage":35,"enemies":"Sphere and 2 Shapes","floor":46,"turns":8},{"damage":48,"enemies":"Reptomancer","floor":47,"turns":8},{"damage":93,"enemies":"Awakened One","floor":50,"turns":13}],"seed_played":"3219050852594885811","potions_obtained":[{"floor":1,"key":"LiquidBronze"},{"floor":8,"key":"CunningPotion"},{"floor":12,"key":"ColorlessPotion"},{"floor":14,"key":"Explosive Potion"},{"floor":25,"key":"Swift Potion"},{"floor":33,"key":"Swift Potion"},{"floor":47,"key":"SpeedPotion"}],"is_trial":false,"path_per_floor":["M","?","M","M","M","R","E","M","T","E","R","M","R","M","R","B",null,"M","$","?","M","?","E","M","E","T","M","R","M","M","?","R","B",null,"M","?","?","?","M","R","E","R","T","M","$","M","E","?","R","B"],"character_chosen":"THE_SILENT","items_purchased":["Flechettes","Apotheosis","Concentrate","Noxious Fumes","Lee\u0027s Waffle","Choke","Poison Potion"],"campfire_rested":2,"item_purchase_floors":[19,19,19,19,45,45,45],"current_hp_per_floor":[63,63,60,60,60,60,38,22,22,23,35,28,40,35,47,47,72,72,72,72,80,80,46,46,4,4,4,19,19,16,10,49,23,66,63,63,63,63,62,80,3,45,45,40,87,57,9,87,87,0,0],"gold":108,"neow_bonus":"BOSS_RELIC","is_daily":false,"chose_seed":false,"campfire_upgraded":7,"win_rate":0.0,"timestamp":1610321810,"path_taken":["M","?","M","M","?","R","E","M","T","E","R","M","R","M","R","BOSS","M","$","?","M","?","E","M","E","T","M","R","M","M","?","R","BOSS","M","?","?","?","?","R","E","R","T","M","$","M","E","?","R","BOSS"],"items_purchased_type":["Card","Card","Card","Card","Relic","Card","Potion"],"build_version":"2020-12-22","purchased_purges":1,"victory":false,"max_hp_per_floor":[70,70,70,70,70,70,70,70,70,80,80,80,80,80,80,80,80,80,80,80,80,80,80,80,80,80,80,80,80,80,80,80,80,80,80,80,80,80,80,80,80,80,80,80,87,87,87,87,87,87,87],"relic_stats":{"Lee\u0027s Waffle":47,"Busted Crown":32,"counters":[26,179],"Mummified Hand":[17],"Eternal Feather":102,"Bag of Preparation":[26],"War Paint":["Defend_G","Survivor"],"Cursed Key":1,"obtain_stats":[{"Lee\u0027s Waffle":45,"Pear":10,"Oddly Smooth Stone":26,"Eternal Feather":7,"Bag of Preparation":23,"War Paint":9,"Cursed Key":34,"Du-Vu Doll":25,"Busted Crown":17,"Mummified Hand":41,"Molten Egg 2":47,"Toy Ornithopter":43,"Ring of the Snake":0,"Runic Pyramid":0},{"Lee\u0027s Waffle":23,"Pear":7,"Oddly Smooth Stone":15,"Eternal Feather":5,"Bag of Preparation":13,"War Paint":6,"Cursed Key":19,"Du-Vu Doll":15,"Busted Crown":10,"Mummified Hand":22,"Molten Egg 2":25,"Toy Ornithopter":22,"Ring of the Snake":0,"Runic Pyramid":0},{"Lee\u0027s Waffle":150,"Pear":43,"Oddly Smooth Stone":101,"Eternal Feather":28,"Bag of Preparation":88,"War Paint":36,"Cursed Key":126,"Du-Vu Doll":101,"Busted Crown":69,"Mummified Hand":143,"Molten Egg 2":166,"Toy Ornithopter":143,"Ring of the Snake":0,"Runic Pyramid":0}],"Toy Ornithopter":15},"card_choices":[{"not_picked":["Expertise","Blade Dance"],"picked":"Dodge and Roll","floor":1},{"not_picked":["Masterful Stab","Caltrops"],"picked":"Poisoned Stab","floor":3},{"not_picked":["Prepared","Outmaneuver"],"picked":"Backstab","floor":4},{"not_picked":["Deflect","Underhanded Strike"],"picked":"Outmaneuver","floor":5},{"not_picked":["Escape Plan","Heel Hook","Distraction"],"picked":"SKIP","floor":7},{"not_picked":["Dodge and Roll","Slice"],"picked":"Quick Slash","floor":8},{"not_picked":["Acrobatics","Quick Slash"],"picked":"Burst","floor":10},{"not_picked":["Reflex","Endless Agony"],"picked":"Tactician","floor":12},{"not_picked":["Masterful Stab","Bane"],"picked":"Flying Knee","floor":14},{"not_picked":["Storm of Steel","Night Terror"],"picked":"Venomology","floor":16},{"not_picked":[],"picked":"Caltrops","floor":18},{"not_picked":[],"picked":"Noxious Fumes","floor":21},{"not_picked":["Sucker Punch"],"picked":"SKIP","floor":23},{"not_picked":["Poisoned Stab+1"],"picked":"SKIP","floor":24},{"not_picked":["Finisher"],"picked":"SKIP","floor":25},{"not_picked":["Cloak And Dagger+1"],"picked":"SKIP","floor":27},{"not_picked":["Masterful Stab"],"picked":"SKIP","floor":29},{"not_picked":["Predator"],"picked":"SKIP","floor":30},{"not_picked":[],"picked":"Unload","floor":33},{"not_picked":["Dash"],"picked":"SKIP","floor":35},{"not_picked":["Dash"],"picked":"SKIP","floor":35},{"not_picked":["Dodge and Roll"],"picked":"SKIP","floor":39},{"not_picked":[],"picked":"Bouncing Flask","floor":41},{"not_picked":["Deflect"],"picked":"SKIP","floor":44},{"not_picked":[],"picked":"Flechettes+1","floor":46},{"not_picked":["Choke+1"],"picked":"SKIP","floor":47}],"player_experience":319357,"relics_obtained":[{"floor":7,"key":"Eternal Feather"},{"floor":9,"key":"War Paint"},{"floor":10,"key":"Pear"},{"floor":23,"key":"Bag of Preparation"},{"floor":25,"key":"Du-Vu Doll"},{"floor":26,"key":"Oddly Smooth Stone"},{"floor":41,"key":"Mummified Hand"},{"floor":43,"key":"Toy Ornithopter"},{"floor":47,"key":"Molten Egg 2"}],"event_choices":[{"damage_healed":0,"gold_gain":0,"player_choice":"1 cards matched","damage_taken":0,"max_hp_gain":0,"max_hp_loss":0,"event_name":"Match and Keep!","floor":2,"gold_loss":0,"cards_obtained":["Adrenaline"]},{"damage_healed":0,"gold_gain":0,"cards_transformed":["Strike_G","Strike_G"],"player_choice":"Became Test Subject","damage_taken":0,"max_hp_gain":0,"max_hp_loss":0,"event_name":"Drug Dealer","floor":20,"gold_loss":0,"cards_obtained":["Deflect","Dodge and Roll"]},{"cards_removed":["Backstab"],"damage_healed":0,"gold_gain":0,"player_choice":"Elegance","damage_taken":0,"max_hp_gain":0,"max_hp_loss":0,"event_name":"Back to Basics","floor":22,"gold_loss":0},{"damage_healed":0,"gold_gain":0,"player_choice":"Joined the Cult","damage_taken":6,"max_hp_gain":0,"max_hp_loss":0,"event_name":"Nest","floor":31,"gold_loss":0,"cards_obtained":["RitualDagger"]},{"damage_healed":0,"gold_gain":0,"player_choice":"Memory 1","damage_taken":0,"max_hp_gain":0,"max_hp_loss":0,"event_name":"SensoryStone","floor":36,"gold_loss":0},{"damage_healed":0,"gold_gain":0,"player_choice":"Ignored","damage_taken":0,"max_hp_gain":0,"max_hp_loss":0,"event_name":"Tomb of Lord Red Mask","floor":37,"gold_loss":0},{"damage_healed":0,"gold_gain":0,"player_choice":"Copied","damage_taken":0,"max_hp_gain":0,"max_hp_loss":0,"event_name":"Duplicator","floor":38,"gold_loss":0,"cards_obtained":["Noxious Fumes"]},{"damage_healed":78,"gold_gain":0,"player_choice":"Heal","damage_taken":0,"max_hp_gain":0,"max_hp_loss":0,"event_name":"MindBloom","floor":48,"gold_loss":0,"cards_obtained":["Doubt"]}],"is_beta":false,"boss_relics":[{"not_picked":["Runic Dome","Sozu"],"picked":"Busted Crown"},{"not_picked":["Tiny House","Pandora\u0027s Box"],"picked":"Cursed Key"}],"items_purged_floors":[45],"is_endless":false,"potions_floor_spawned":[1,8,12,14,16,21,25,33,47],"killed_by":"Awakened One","ascension_level":11}}