{"host":"c97twqu0op5dg8i4","time":1610243889,"event":{"mods":["BaseMod","Minty Spire (QoL Compilation)","Permanent Neow"],"gold_per_floor":[99,99,49,9,9,9,9,9,9,9,9,9,9,9,9,9,9,0,0,0,0,0,0,0,0,0,0,0,0],"floor_reached":28,"playtime":936,"items_purged":[],"score":288,"play_id":"873841b6-2e4d-45a9-8fe2-207fc5221e99","local_time":"20210109205809","is_ascension_mode":true,"campfire_choices":[{"data":"Eruption","floor":6,"key":"SMITH"},{"floor":10,"key":"REST"},{"data":"Study","floor":13,"key":"SMITH"},{"data":"Vault","floor":15,"key":"SMITH"},{"floor":24,"key":"REST"}],"circlet_count":0,"master_deck":["Defend_P+1","Defend_P+1","Defend_P+1","Eruption+1","Vigilance","CutThroughFate","EmptyFist","Study+1","EmptyBody","CarveReality","Vault+1","Judgement+1","Conclude+1","LessonLearned","Judgement","Halt","Protect"],"relics":["Ectoplasm","Golden Idol","CeramicFish","Tiny Chest","Empty Cage","InkBottle","Regal Pillow"],"acts_visited":["Exordium","TheCity"],"potions_floor_usage":[21,25],"damage_taken":[{"damage":0,"enemies":"Cultist","floor":1,"turns":2},{"damage":4,"enemies":"Small Slimes","floor":2,"turns":3},{"damage":12,"enemies":"3 Sentries","floor":7,"turns":6},{"damage":0,"enemies":"2 Louse","floor":8,"turns":1},{"damage":1,"enemies":"2 Fungi Beasts","floor":11,"turns":4},{"damage":0,"enemies":"Blue Slaver","floor":12,"turns":1},{"damage":9,"enemies":"3 Louse","floor":14,"turns":2},{"damage":24,"enemies":"The Guardian","floor":16,"turns":8},{"damage":9,"enemies":"2 Thieves","floor":18,"turns":4},{"damage":0,"enemies":"3 Byrds","floor":21,"turns":4},{"damage":0,"enemies":"Sentry and Sphere","floor":22,"turns":2},{"damage":35,"enemies":"Slavers","floor":23,"turns":7},{"damage":17,"enemies":"Snake Plant","floor":25,"turns":3},{"damage":0,"enemies":"Colosseum Slavers","floor":27,"turns":4},{"damage":34,"enemies":"Cultist and Chosen","floor":28,"turns":7}],"seed_played":"-5507749547634298445","potions_obtained":[{"floor":1,"key":"Dexterity Potion"},{"floor":8,"key":"Block Potion"},{"floor":12,"key":"DuplicationPotion"},{"floor":23,"key":"Weak Potion"},{"floor":25,"key":"FearPotion"}],"is_trial":false,"path_per_floor":["M","M","?","?","?","R","E","M","T","R","M","M","R","M","R","B",null,"M","?","?","M","M","E","R","M","T","?","M"],"character_chosen":"WATCHER","items_purchased":[],"campfire_rested":2,"item_purchase_floors":[],"current_hp_per_floor":[72,68,68,68,50,50,38,38,38,59,58,58,58,49,49,25,72,63,63,63,63,63,28,49,32,32,32,0,0],"gold":0,"neow_bonus":"BOSS_RELIC","is_daily":false,"chose_seed":false,"campfire_upgraded":3,"win_rate":0.0,"timestamp":1610243889,"path_taken":["M","M","?","?","?","R","E","M","T","R","M","M","R","M","R","BOSS","M","?","?","M","M","E","R","M","T","?","M"],"items_purchased_type":[],"build_version":"2020-12-22","purchased_purges":0,"victory":false,"max_hp_per_floor":[72,72,72,72,72,72,72,72,72,72,72,72,72,72,72,72,72,72,72,72,72,72,72,72,72,72,72,72,72],"card_choices":[{"not_picked":["WreathOfFlame","FlurryOfBlows"],"picked":"CutThroughFate","floor":1},{"not_picked":["Study","CarveReality"],"picked":"EmptyFist","floor":2},{"not_picked":["SashWhip","ClearTheMind"],"picked":"Study","floor":7},{"not_picked":["SashWhip","Crescendo"],"picked":"EmptyBody","floor":8},{"not_picked":["Swivel","JustLucky"],"picked":"CarveReality","floor":11},{"not_picked":["ClearTheMind","JustLucky","Tantrum"],"picked":"SKIP","floor":12},{"not_picked":["EmptyBody","Wireheading"],"picked":"Vault","floor":14},{"not_picked":["DevaForm","Blasphemy"],"picked":"Judgement","floor":16},{"not_picked":["Wallop","CutThroughFate"],"picked":"Conclude+1","floor":18},{"not_picked":["EmptyFist+1","Pray+1"],"picked":"Halt","floor":21},{"not_picked":["CutThroughFate","Prostrate","EmptyFist"],"picked":"SKIP","floor":22},{"not_picked":["Collect","Brilliance","SignatureMove"],"picked":"SKIP","floor":23},{"not_picked":["Evaluate","FollowUp"],"picked":"Protect","floor":25}],"player_experience":275151,"relics_obtained":[{"floor":7,"key":"CeramicFish"},{"floor":9,"key":"Tiny Chest"},{"floor":23,"key":"InkBottle"},{"floor":26,"key":"Regal Pillow"}],"event_choices":[{"cards_removed":["Strike_P"],"damage_healed":0,"gold_gain":0,"player_choice":"Card Removal","damage_taken":0,"max_hp_gain":0,"max_hp_loss":0,"event_name":"The Cleric","floor":3,"gold_loss":50},{"damage_healed":0,"gold_gain":0,"player_choice":"Left Gold","damage_taken":0,"max_hp_gain":0,"max_hp_loss":0,"event_name":"World of Goop","floor":4,"gold_loss":40},{"damage_healed":0,"gold_gain":0,"player_choice":"Take Damage","damage_taken":18,"relics_obtained":["Golden Idol"],"max_hp_gain":0,"max_hp_loss":0,"event_name":"Golden Idol","floor":5,"gold_loss":0},{"damage_healed":0,"gold_gain":0,"cards_transformed":["Strike_P","Strike_P"],"player_choice":"Became Test Subject","damage_taken":0,"max_hp_gain":0,"max_hp_loss":0,"event_name":"Drug Dealer","floor":19,"gold_loss":0,"cards_obtained":["LessonLearned","Judgement"]},{"damage_healed":0,"gold_gain":0,"player_choice":"Ignored","damage_taken":0,"max_hp_gain":0,"max_hp_loss":0,"event_name":"Vampires","floor":20,"gold_loss":0},{"damage_healed":0,"gold_gain":0,"player_choice":"Fight","damage_taken":0,"max_hp_gain":0,"max_hp_loss":0,"event_name":"Colosseum","floor":27,"gold_loss":0},{"damage_healed":0,"gold_gain":0,"player_choice":"Fled From Nobs","damage_taken":0,"max_hp_gain":0,"max_hp_loss":0,"event_name":"Colosseum","floor":27,"gold_loss":0}],"is_beta":false,"boss_relics":[{"not_picked":["Fusion Hammer","Sozu"],"picked":"Empty Cage"}],"items_purged_floors":[],"is_endless":false,"potions_floor_spawned":[1,8,12,14,16,18,23,25],"killed_by":"Cultist and Chosen","ascension_level":4}}