{"host":"kosfzzvw61a59szc","time":1610283926,"event":{"mods":["ATMod(∞¢Ë™Mod)","Act Like it!","Arknights The Spire","BaseMod","CapriCore","Downfall","Gensokyo","Marisa£®ÏF”Í°°ƒß¿Ì…≥£©","Minty Spire (QoL Compilation)","Reimu£®≤©¿ˆ¡È√Œ£©","Remilia£®¿Ÿ√◊¿Ú—«£©","Replay The Spire","Shop Mod","StSLib","The Administrix","WarShipGirlsR/’ΩΩ¢…Ÿ≈ÆR mod","Yakumo Yukari mod","Youmu£®ªÍ∆«—˝√Œ£©","°æπ¶ƒ‹Mod°øªÏ„Á÷Æª∑–ﬁ∏¥≤π∂°","°æ“≈ŒÔø®≈∆°øREMEMod","ÛÙª÷∏ƒœ"],"gold_per_floor":[118,118,129,22,40,40,40,40,40,58,86,86,11,24,24,423,423,443,63,80,80,80,96,96,96,96,121,121,121],"floor_reached":28,"playtime":2147,"items_purged":["Injury"],"score":236,"play_id":"8614477c-00f3-4b02-ac02-68800e8b80b7","local_time":"20210110210526","is_ascension_mode":false,"campfire_choices":[{"floor":6,"key":"REST"},{"data":"AT_MachinaRedman","floor":8,"key":"SMITH"},{"data":"ats:Emotion Absorption","floor":15,"key":"SMITH"},{"data":"ats:Healing Strengthening","floor":25,"key":"SMITH"}],"circlet_count":0,"master_deck":["ats:Strike G","ats:Strike S","ats:Armor Crushing Shot","ats:Defend","ats:Defend","ats:Defend","ats:Emotion Absorption+1","ats:Nebulous Foxfire+1","AT_MachinaRedman+1","ats:Apocalypse","ats:Healing Strengthening+1","ats:Hammer On","ats:Calcification+1","ats:Song Of Battle","ats:Disruption Kick+1","ats:Shell Defense","ats:Directed Diagnosis+1","ats:Disruption Kick+1","ats:Mental Burst","Gensokyo:BlemishedSteel","Gensokyo:RustyChest","Gensokyo:DepletedGenerator","ats:Sword Rain+1","ats:Shell Defense+1","ats:Sword Rain+1","ScarletNetherworld+1","ats:Burning Ground+1"],"relics":["ats:Sanity","REME_ComplimentaryCards","AT_ATBox","Lantern","ats:Originium","AT_SilvercatRing","Iron Hammer","SlaversCollar","Strange Spoon","Gensokyo:SongOfSouls","AT_SilverBalance","Blood Vial","Blue Candle"],"acts_visited":["Gensokyo:Gensokyo","Gensokyo:Gensokyoer"],"potions_floor_usage":[16,27,28],"damage_taken":[{"damage":5,"enemies":"Gensokyo:Gryphon","floor":1,"turns":6},{"damage":1,"enemies":"Gensokyo:2_Kodama","floor":3,"turns":2},{"damage":5,"enemies":"Gensokyo:3_Fairies","floor":5,"turns":4},{"damage":0,"enemies":"Gensokyo:Python_and_Kodama","floor":10,"turns":2},{"damage":25,"enemies":"Gensokyo:Cirno","floor":11,"turns":8},{"damage":2,"enemies":"Gensokyo:2_Rabbits","floor":14,"turns":4},{"damage":31,"enemies":"Gensokyo:Kokoro","floor":16,"turns":12},{"damage":17,"enemies":"Gensokyo:Chomper","floor":18,"turns":6},{"damage":46,"enemies":"Gensokyo:2_Gloops","floor":20,"turns":7},{"damage":20,"enemies":"Gensokyo:Wraith","floor":23,"turns":5},{"damage":12,"enemies":"Gensokyo:Reisen","floor":27,"turns":6},{"damage":57,"enemies":"Gensokyo:Slime_Group","floor":28,"turns":4}],"seed_played":"4230897357673894338","potions_obtained":[{"floor":5,"key":"BlessingOfTheForge"},{"floor":10,"key":"GamblersBrew"},{"floor":14,"key":"Toxic Potion"},{"floor":16,"key":"Fire Potion"},{"floor":27,"key":"Cursed Concoction"}],"is_trial":false,"path_per_floor":["M","?","M","COS","M","R","?","R","T","M","E","T","$","M","R","B",null,"M","COS","M","?","?","M","?","R","T","E","M"],"character_chosen":"DOCTOR_CLASS","items_purchased":[],"campfire_rested":1,"item_purchase_floors":[],"current_hp_per_floor":[54,26,27,27,29,50,50,50,50,50,56,56,56,60,60,58,72,67,67,43,43,43,36,36,36,36,36,0,0],"gold":121,"neow_bonus":"THREE_RARE_CARDS","is_daily":false,"chose_seed":false,"campfire_upgraded":3,"win_rate":0.0,"timestamp":1610283926,"path_taken":["M","?","M","COS","M","R","?","R","T","M","E","?","?","M","R","BOSS","M","COS","M","?","?","M","?","R","T","E","?"],"items_purchased_type":[],"build_version":"2020-12-22","purchased_purges":1,"victory":false,"max_hp_per_floor":[72,72,72,72,72,72,72,72,72,72,72,72,72,72,72,72,72,72,72,72,72,72,72,72,72,72,72,72,72],"card_choices":[{"not_picked":["ats:Roar Of Ursus","ats:Ambush"],"picked":"ats:Nebulous Foxfire","floor":0},{"not_picked":["ats:Cat Scratch","ats:Spore Proliferation"],"picked":"ats:Apocalypse","floor":1},{"not_picked":["ats:Curse Doll","ats:Revitalization"],"picked":"ats:Healing Strengthening","floor":3},{"not_picked":["ats:Consecutive Shot Auto","ats:Curse Doll"],"picked":"ats:Hammer On","floor":5},{"not_picked":["ats:Disruption Kick","ats:True Silver Slash"],"picked":"ats:Calcification","floor":10},{"not_picked":["ats:Flexible Camouflage","ats:Explosion Area Strengthen"],"picked":"ats:Song Of Battle","floor":10},{"not_picked":["ats:Ignite+1","ats:Directed Diagnosis+1"],"picked":"ats:Disruption Kick+1","floor":11},{"not_picked":["ats:Hammer On","ats:Blood Oath"],"picked":"ats:Shell Defense","floor":11},{"not_picked":["ats:Poison Spread","ats:Curse Doll"],"picked":"ats:Directed Diagnosis","floor":14},{"not_picked":["ats:Wolf Pack","ats:Durian"],"picked":"ats:Disruption Kick","floor":16},{"not_picked":["ats:Chain Hook","ats:Childhood Dance"],"picked":"ats:Mental Burst","floor":18},{"not_picked":["ats:Revitalization+1","ats:Childhood Dance+1"],"picked":"ats:Sword Rain+1","floor":20},{"not_picked":["ats:Apocalypse","ats:Ignite"],"picked":"ats:Shell Defense+1","floor":20},{"not_picked":["ats:Hammer On","ats:LN2 Cannon"],"picked":"ats:Sword Rain+1","floor":23},{"not_picked":["ats:Leaping Hammer","ats:Part Time Job"],"picked":"ats:Burning Ground+1","floor":27}],"player_experience":1232807,"relics_obtained":[{"floor":11,"key":"ats:Originium"},{"floor":11,"key":"AT_SilvercatRing"},{"floor":12,"key":"Iron Hammer"},{"floor":26,"key":"AT_SilverBalance"},{"floor":27,"key":"ats:Originium"},{"floor":27,"key":"Blue Candle"}],"event_choices":[],"is_beta":false,"boss_relics":[{"not_picked":["ats:Omniscience","Ring of Chaos"],"picked":"SlaversCollar"}],"items_purged_floors":[13],"is_endless":false,"potions_floor_spawned":[5,10,14,16,27],"killed_by":"Gensokyo:Slime_Group","ascension_level":0}}