{"host":"vlqejv0notyktumz","time":1610238135,"event":{"mods":["AchievementEnabler","BaseMod","Googly Eyes","Minty Spire (QoL Compilation)"],"gold_per_floor":[124,136,98,126,114,114,125,125,125,125,156,167,167,185,185,285,285,299,60,80,94,110,110,126,126,126,126,126,0,0,19,19,19,19],"floor_reached":33,"playtime":864,"items_purged":["Strike_P"],"score":342,"play_id":"6e1715ec-b7b2-4fa1-8073-7fa290850720","local_time":"20210109182215","is_ascension_mode":true,"campfire_choices":[{"data":"Eruption","floor":6,"key":"SMITH"},{"data":"Defend_P","floor":10,"key":"SMITH"},{"floor":13,"key":"REST"},{"floor":15,"key":"REST"},{"data":"Swivel","floor":23,"key":"SMITH"},{"data":"Prostrate","floor":25,"key":"SMITH"},{"floor":27,"key":"DIG"},{"floor":32,"key":"REST"}],"circlet_count":0,"master_deck":["Strike_P","Defend_P+1","Defend_P","Defend_P","Defend_P","Eruption+1","Vigilance+1","FlurryOfBlows","Prostrate+1","FollowUp","EmptyFist","Protect","CutThroughFate+1","WheelKick+1","Judgement","CrushJoints+1","Swivel+1","MentalFortress","CutThroughFate+1","BattleHymn+1","Weave+1","Brilliance+1","Crescendo"],"relics":["PureWater","MawBank","Art of War","Molten Egg 2","Sozu","Shovel","Boot","MutagenicStrength"],"acts_visited":["Exordium","TheCity"],"potions_floor_usage":[4,18,24],"damage_taken":[{"damage":1,"enemies":"Small Slimes","floor":1,"turns":4},{"damage":2,"enemies":"Jaw Worm","floor":4,"turns":3},{"damage":0,"enemies":"2 Louse","floor":7,"turns":2},{"damage":23,"enemies":"3 Sentries","floor":11,"turns":10},{"damage":8,"enemies":"Large Slime","floor":12,"turns":6},{"damage":0,"enemies":"2 Fungi Beasts","floor":14,"turns":3},{"damage":0,"enemies":"Slime Boss","floor":16,"turns":5},{"damage":0,"enemies":"Chosen","floor":18,"turns":1},{"damage":12,"enemies":"2 Thieves","floor":20,"turns":4},{"damage":4,"enemies":"Snake Plant","floor":21,"turns":3},{"damage":16,"enemies":"Centurion and Healer","floor":22,"turns":4},{"damage":7,"enemies":"Chosen and Byrds","floor":24,"turns":4},{"damage":7,"enemies":"Snake Plant","floor":31,"turns":3},{"damage":61,"enemies":"Collector","floor":33,"turns":6}],"seed_played":"-7551311723089985775","potions_obtained":[{"floor":1,"key":"AttackPotion"},{"floor":7,"key":"BlessingOfTheForge"},{"floor":12,"key":"BottledMiracle"},{"floor":14,"key":"Energy Potion"}],"is_trial":false,"path_per_floor":["M","?","?","M","$","R","M","?","T","R","E","M","R","M","R","B",null,"M","$","M","M","M","R","M","R","T","R","?","?","$","M","R","B"],"character_chosen":"WATCHER","items_purchased":["FollowUp","Swivel","MentalFortress","CutThroughFate+1"],"campfire_rested":3,"item_purchase_floors":[5,19,19,19],"current_hp_per_floor":[71,64,64,62,62,62,62,62,62,62,39,31,52,52,72,72,72,72,72,60,56,40,40,33,33,33,33,33,33,33,26,47,0,0],"gold":19,"neow_bonus":"RANDOM_COMMON_RELIC","is_daily":false,"chose_seed":false,"campfire_upgraded":4,"win_rate":0.0,"timestamp":1610238135,"path_taken":["M","?","?","M","$","R","M","?","T","R","E","M","R","M","R","BOSS","M","$","M","M","M","R","M","R","T","R","?","?","$","M","R","BOSS"],"items_purchased_type":["Card","Card","Card","Card"],"build_version":"2020-12-22","purchased_purges":1,"victory":false,"max_hp_per_floor":[72,72,72,72,72,72,72,72,72,72,72,72,72,72,72,72,72,72,72,72,72,72,72,72,72,72,72,72,72,72,72,72,72,72],"card_choices":[{"not_picked":["CarveReality","Consecrate"],"picked":"FlurryOfBlows","floor":1},{"not_picked":["FlurryOfBlows","Pray"],"picked":"Prostrate","floor":4},{"not_picked":["Crescendo","Halt"],"picked":"EmptyFist","floor":7},{"not_picked":["Crescendo","MasterReality"],"picked":"Protect","floor":11},{"not_picked":["JustLucky+1","Sanctity"],"picked":"CutThroughFate+1","floor":12},{"not_picked":["Halt","WindmillStrike+1"],"picked":"WheelKick+1","floor":14},{"not_picked":["Establishment","Wish"],"picked":"Judgement","floor":16},{"not_picked":["Sanctity","JustLucky+1"],"picked":"CrushJoints+1","floor":18},{"not_picked":["BowlingBash+1","Consecrate+1"],"picked":"BattleHymn+1","floor":20},{"not_picked":["CutThroughFate+1","BowlingBash+1"],"picked":"Weave+1","floor":21},{"not_picked":["CarveReality+1","Worship","Adaptation"],"picked":"SKIP","floor":22},{"not_picked":["Perseverance","EmptyBody"],"picked":"Brilliance+1","floor":24},{"not_picked":["Protect","Study"],"picked":"Crescendo","floor":31}],"player_experience":317458,"relics_obtained":[{"floor":9,"key":"Art of War"},{"floor":11,"key":"Molten Egg 2"},{"floor":26,"key":"Shovel"},{"floor":27,"key":"Boot"}],"event_choices":[{"cards_removed":["Strike_P"],"damage_healed":0,"gold_gain":0,"player_choice":"Card Removal","damage_taken":7,"max_hp_gain":0,"max_hp_loss":0,"event_name":"Golden Wing","floor":2,"gold_loss":0},{"cards_removed":["Strike_P"],"damage_healed":0,"gold_gain":0,"player_choice":"Card Removal","damage_taken":0,"max_hp_gain":0,"max_hp_loss":0,"event_name":"The Cleric","floor":3,"gold_loss":50},{"damage_healed":0,"gold_gain":0,"player_choice":"Grow","damage_taken":0,"max_hp_gain":0,"max_hp_loss":0,"event_name":"Living Wall","floor":8,"gold_loss":0,"cards_upgraded":["Vigilance"]},{"damage_healed":0,"gold_gain":0,"player_choice":"Inject Mutagens","damage_taken":0,"relics_obtained":["MutagenicStrength"],"max_hp_gain":0,"max_hp_loss":0,"event_name":"Drug Dealer","floor":28,"gold_loss":0},{"damage_healed":0,"gold_gain":0,"player_choice":"Paid Fearfully","damage_taken":0,"max_hp_gain":0,"max_hp_loss":0,"event_name":"Masked Bandits","floor":29,"gold_loss":126}],"is_beta":false,"boss_relics":[{"not_picked":["Busted Crown","Black Star"],"picked":"Sozu"}],"items_purged_floors":[19],"is_endless":false,"potions_floor_spawned":[1,7,12,14,22,24],"killed_by":"Collector","ascension_level":3}}