{"host":"sx74perrby2168l1","time":1610283018,"event":{"mods":["100% Spire Juice","AchievementEnabler","Act Like it!","Arknights The Spire","BaseMod","Better Third Choice","BetterRewards","Card Forge","CatGirl Mod","Colored Powertips","Conspire","Energized Spire","Friendly Minions","Highlight Path","Hubris","Infinite Spire","Minty Spire (QoL Compilation)","Quick Restart","Replay The Spire","Shop Mod","Spicy Shops","StSLib","SuperFastMode"],"gold_per_floor":[117,134,134,149,167,167,167,167],"floor_reached":7,"playtime":537,"items_purged":[],"score":43,"play_id":"4b93142c-1947-4884-b2db-d63ca21a5e6a","local_time":"20210110125018","is_ascension_mode":false,"campfire_choices":[{"floor":6,"key":"REST"}],"circlet_count":0,"master_deck":["theCatGirl:Strike","theCatGirl:Strike+1","theCatGirl:Strike+1","theCatGirl:Strike","theCatGirl:Defend","theCatGirl:Defend","theCatGirl:Defend","theCatGirl:Defend","theCatGirl:ClawStrike","theCatGirl:Evasion","theCatGirl:Claws","theCatGirl:Meow"],"relics":["theCatGirl:TrainedRelic","Hammer of Thor","Seething Fire","Anvil of the Gods","theCatGirl:DriedFish","Replay:Multitool","Unceasing Top","MerchantsRug"],"acts_visited":["Exordium"],"potions_floor_usage":[],"damage_taken":[{"damage":0,"enemies":"Cultist","floor":1,"turns":4},{"damage":0,"enemies":"Small Slimes","floor":2,"turns":3},{"damage":8,"enemies":"Jaw Worm","floor":4,"turns":3},{"damage":14,"enemies":"3 Louse","floor":5,"turns":5},{"damage":45,"enemies":"Lagavulin","floor":7,"turns":6}],"seed_played":"-3691906659025294079","potions_obtained":[{"floor":2,"key":"Fire Potion"},{"floor":4,"key":"SkillPotion"},{"floor":5,"key":"Energy Potion"}],"is_trial":false,"path_per_floor":["M","M","?","M","M","R","E"],"character_chosen":"THE_CATGIRL","items_purchased":["theCatGirl:DriedFish","Unceasing Top","theCatGirl:Claws","MerchantsRug"],"campfire_rested":1,"item_purchase_floors":[0,0,0,0],"current_hp_per_floor":[38,40,26,20,8,29,0,0],"gold":167,"neow_bonus":"","is_daily":false,"chose_seed":false,"campfire_upgraded":0,"win_rate":0.0,"timestamp":1610283018,"path_taken":["M","?","?","M","M","R","E"],"items_purchased_type":["Relic","Relic","Card","Relic"],"build_version":"2020-12-22","purchased_purges":0,"victory":false,"max_hp_per_floor":[70,70,70,70,70,70,70,70],"card_choices":[{"not_picked":["theCatGirl:Slip","theCatGirl:AllIn"],"picked":"theCatGirl:Meow","floor":1},{"not_picked":["theCatGirl:ShockedWitness","theCatGirl:DecliningDefenses","theCatGirl:Beastification"],"picked":"SKIP","floor":2},{"not_picked":["theCatGirl:LostTrinket","theCatGirl:Parry","theCatGirl:KeepAlert"],"picked":"SKIP","floor":4},{"not_picked":["theCatGirl:ScratchFlurry","theCatGirl:DefensiveStance","theCatGirl:SearchBackpack"],"picked":"SKIP","floor":5}],"player_experience":48532,"relics_obtained":[],"event_choices":[{"damage_healed":40,"gold_gain":0,"player_choice":"Upgrade","damage_taken":14,"max_hp_gain":0,"max_hp_loss":70,"event_name":"betterThird:BetterShining","floor":3,"gold_loss":0,"cards_upgraded":["theCatGirl:Strike","theCatGirl:Strike"]}],"is_beta":false,"boss_relics":[],"items_purged_floors":[],"is_endless":false,"potions_floor_spawned":[2,4,5],"killed_by":"Lagavulin","ascension_level":0}}