{"host":"oiw60b5ins9fyx34","time":1610271193,"event":{"mods":["BaseMod","Colored Map","Colored Powertips","Minty Spire (QoL Compilation)","Permanent Neow","Quick Restart","Relic Stats","StSLib"],"gold_per_floor":[111,186,65,76,92,92,125,125,178,196,196,226,236,236,236,338,338,350,449,469,267,267,267,182,182,182,208,35,61,76,25,25,121,121,134,53,0,0,0,0,0,0,0,51,0,17,17,30,30,30,30,30,30,57,57,57],"floor_reached":55,"playtime":3607,"items_purged":["Strike_G","Strike_G"],"score":682,"play_id":"59087ea3-3ae6-4774-9ce7-0bc7bcc72fda","local_time":"20210110183313","is_ascension_mode":false,"campfire_choices":[{"data":"Sucker Punch","floor":6,"key":"SMITH"},{"data":"Underhanded Strike","floor":8,"key":"SMITH"},{"data":"Terror","floor":11,"key":"SMITH"},{"floor":15,"key":"REST"},{"data":"After Image","floor":23,"key":"SMITH"},{"data":"Sucker Punch","floor":25,"key":"SMITH"},{"floor":32,"key":"REST"},{"data":"Footwork","floor":40,"key":"SMITH"},{"data":"Footwork","floor":42,"key":"SMITH"},{"floor":47,"key":"RECALL"},{"data":"After Image","floor":49,"key":"SMITH"},{"data":"Adrenaline","floor":52,"key":"SMITH"}],"circlet_count":0,"master_deck":["Strike_G+1","Defend_G","Defend_G","Survivor","Neutralize","Wraith Form v2","Sucker Punch+1","Blur","PiercingWail","Underhanded Strike+1","Dodge and Roll","Terror+1","After Image+1","Well Laid Plans+1","After Image+1","Corpse Explosion+1","Skewer+1","Setup","Sucker Punch+1","Adrenaline+1","Dagger Spray","Blur+1","Footwork+1","Prepared+1","Deadly Poison+1","Die Die Die","Eviscerate+1","Footwork+1","Finesse+1","Prepared+1","Escape Plan+1","Caltrops"],"relics":["Ring of the Snake","Strawberry","Whetstone","Mummified Hand","Astrolabe","Shovel","Toxic Egg 2","Happy Flower","Snake Skull","Empty Cage","Red Mask","Oddly Smooth Stone","HornCleat"],"acts_visited":["Exordium","TheCity","TheBeyond","TheEnding"],"potions_floor_usage":[16,29,29,33,50,55],"damage_taken":[{"damage":2,"enemies":"2 Louse","floor":1,"turns":3},{"damage":1,"enemies":"Jaw Worm","floor":4,"turns":7},{"damage":1,"enemies":"Cultist","floor":5,"turns":5},{"damage":36,"enemies":"3 Sentries","floor":7,"turns":12},{"damage":3,"enemies":"Blue Slaver","floor":10,"turns":4},{"damage":9,"enemies":"Gremlin Nob","floor":12,"turns":4},{"damage":3,"enemies":"3 Louse","floor":13,"turns":3},{"damage":12,"enemies":"The Guardian","floor":16,"turns":17},{"damage":15,"enemies":"Shell Parasite","floor":18,"turns":7},{"damage":11,"enemies":"Spheric Guardian","floor":20,"turns":6},{"damage":5,"enemies":"Book of Stabbing","floor":27,"turns":7},{"damage":20,"enemies":"Slavers","floor":29,"turns":5},{"damage":0,"enemies":"Cultist and Chosen","floor":30,"turns":5},{"damage":37,"enemies":"Champ","floor":33,"turns":15},{"damage":3,"enemies":"Orb Walker","floor":35,"turns":2},{"damage":0,"enemies":"3 Shapes","floor":46,"turns":4},{"damage":8,"enemies":"3 Darklings","floor":48,"turns":6},{"damage":4,"enemies":"Donu and Deca","floor":50,"turns":9},{"damage":18,"enemies":"Shield and Spear","floor":54,"turns":6},{"damage":63,"enemies":"The Heart","floor":55,"turns":9}],"seed_played":"-8606734820393789850","potions_obtained":[{"floor":7,"key":"Block Potion"},{"floor":13,"key":"Fire Potion"},{"floor":16,"key":"Weak Potion"},{"floor":18,"key":"EssenceOfSteel"},{"floor":29,"key":"FearPotion"},{"floor":30,"key":"CunningPotion"},{"floor":46,"key":"EssenceOfSteel"}],"is_trial":false,"path_per_floor":["M","?","$","M","M","R","E","R","T","M","R","E","M","?","R","B",null,"M","?","M","$","?","R","?","R","T","E","$","E","M","$","R","B",null,"M","$","?","?","?","R","?","R","T","T","$","M","R","M","R","B",null,"R","$","E","B"],"character_chosen":"THE_SILENT","items_purchased":["Blur","PiercingWail","Adrenaline","Dagger Spray","Footwork","Dexterity Potion","Footwork","Prepared+1"],"campfire_rested":2,"item_purchase_floors":[3,3,21,21,28,31,36,45],"current_hp_per_floor":[68,57,57,56,55,55,26,26,26,23,23,14,11,11,34,22,77,62,62,51,51,51,51,51,51,51,46,46,26,26,26,49,12,77,74,74,74,74,74,74,73,73,73,73,73,73,73,65,65,61,73,73,73,55,0,0],"gold":57,"neow_bonus":"ONE_RANDOM_RARE_CARD","is_daily":false,"chose_seed":false,"campfire_upgraded":9,"win_rate":0.0,"timestamp":1610271193,"path_taken":["M","?","$","M","M","R","E","R","T","M","R","E","M","?","R","BOSS","M","?","M","$","?","R","?","R","T","E","?","E","M","$","R","BOSS","M","$","?","?","?","R","?","R","T","?","$","M","R","?","R","BOSS","R","$","E","BOSS"],"items_purchased_type":["Card","Card","Card","Card","Card","Potion","Card","Card"],"build_version":"2020-12-22","purchased_purges":2,"victory":false,"max_hp_per_floor":[70,70,70,70,70,70,77,77,77,77,77,77,77,77,77,77,77,77,77,77,77,77,77,77,77,77,77,77,77,77,77,77,77,77,77,77,77,77,77,77,73,73,73,73,73,73,73,73,73,73,73,73,73,73,73,73],"relic_stats":{"Shovel":0,"Happy Flower":[20],"counters":[20,136],"Mummified Hand":[61],"Astrolabe":["Corpse Explosion","Skewer","Concentrate"],"Snake Skull":[23],"Whetstone":["Strike_G","Strike_G"],"obtain_stats":[{"Happy Flower":27,"Astrolabe":17,"Oddly Smooth Stone":44,"Snake Skull":29,"Whetstone":9,"Empty Cage":34,"Shovel":24,"HornCleat":54,"Mummified Hand":12,"Strawberry":7,"Red Mask":37,"Toxic Egg 2":26,"Ring of the Snake":0},{"Happy Flower":11,"Astrolabe":8,"Oddly Smooth Stone":15,"Snake Skull":12,"Whetstone":4,"Empty Cage":14,"Shovel":10,"HornCleat":19,"Mummified Hand":6,"Strawberry":4,"Red Mask":15,"Toxic Egg 2":10,"Ring of the Snake":0},{"Happy Flower":75,"Astrolabe":55,"Oddly Smooth Stone":102,"Snake Skull":80,"Whetstone":27,"Empty Cage":100,"Shovel":68,"HornCleat":127,"Mummified Hand":35,"Strawberry":27,"Red Mask":102,"Toxic Egg 2":68,"Ring of the Snake":0}],"Ring of the Snake":[40]},"card_choices":[{"not_picked":["PiercingWail","Acrobatics"],"picked":"Sucker Punch","floor":1},{"not_picked":["Reflex","Tactician"],"picked":"Underhanded Strike","floor":4},{"not_picked":["Flechettes","Poisoned Stab","Deflect"],"picked":"SKIP","floor":5},{"not_picked":["Flying Knee","Backflip"],"picked":"Dodge and Roll","floor":7},{"not_picked":["Doppelganger","Backflip"],"picked":"Terror","floor":10},{"not_picked":["Bane","Finisher"],"picked":"After Image","floor":12},{"not_picked":["Cloak And Dagger","Prepared"],"picked":"Well Laid Plans","floor":13},{"not_picked":["Phantasmal Killer","Doppelganger"],"picked":"After Image","floor":16},{"not_picked":["Flying Knee","Poisoned Stab+1"],"picked":"Setup","floor":18},{"not_picked":["Flying Knee+1","Well Laid Plans"],"picked":"Sucker Punch","floor":20},{"not_picked":["Outmaneuver+1","Infinite Blades"],"picked":"Blur+1","floor":27},{"not_picked":["Slice","Masterful Stab+1"],"picked":"Prepared+1","floor":29},{"not_picked":["Flying Knee","Bane"],"picked":"Deadly Poison+1","floor":30},{"not_picked":["Corpse Explosion+1","Doppelganger+1"],"picked":"Die Die Die","floor":33},{"not_picked":["Sucker Punch","Outmaneuver+1"],"picked":"Eviscerate+1","floor":35},{"not_picked":["Master of Strategy+1","Secret Weapon+1"],"picked":"Finesse+1","floor":38},{"not_picked":["Quick Slash","Outmaneuver+1"],"picked":"Escape Plan+1","floor":46},{"not_picked":["Bane","Quick Slash","Skewer"],"picked":"SKIP","floor":48},{"not_picked":["Terror+1","Reflex+1"],"picked":"Caltrops","floor":54}],"player_experience":599623,"relics_obtained":[{"floor":7,"key":"Strawberry"},{"floor":9,"key":"Whetstone"},{"floor":12,"key":"Mummified Hand"},{"floor":26,"key":"Toxic Egg 2"},{"floor":27,"key":"Happy Flower"},{"floor":29,"key":"Snake Skull"},{"floor":44,"key":"Oddly Smooth Stone"},{"floor":54,"key":"HornCleat"}],"event_choices":[{"damage_healed":0,"gold_gain":75,"player_choice":"Gather Gold","damage_taken":11,"max_hp_gain":0,"max_hp_loss":0,"event_name":"World of Goop","floor":2,"gold_loss":0},{"damage_healed":0,"gold_gain":0,"player_choice":"Forge","damage_taken":0,"max_hp_gain":0,"max_hp_loss":0,"event_name":"Accursed Blacksmith","floor":14,"gold_loss":0,"cards_upgraded":["Well Laid Plans"]},{"damage_healed":0,"gold_gain":99,"player_choice":"Stole From Cult","damage_taken":0,"max_hp_gain":0,"max_hp_loss":0,"event_name":"Nest","floor":19,"gold_loss":0},{"damage_healed":0,"gold_gain":0,"player_choice":"Ignored","damage_taken":0,"max_hp_gain":0,"max_hp_loss":0,"event_name":"Cursed Tome","floor":22,"gold_loss":0},{"damage_healed":0,"gold_gain":0,"player_choice":"Obtained Relic","damage_taken":0,"relics_obtained":["Shovel"],"max_hp_gain":0,"max_hp_loss":0,"event_name":"Addict","floor":24,"gold_loss":85},{"damage_healed":0,"gold_gain":0,"player_choice":"Paid","damage_taken":0,"relics_obtained":["Red Mask"],"max_hp_gain":0,"max_hp_loss":0,"event_name":"Tomb of Lord Red Mask","floor":37,"gold_loss":53},{"damage_healed":0,"gold_gain":0,"player_choice":"Memory 1","damage_taken":0,"max_hp_gain":0,"max_hp_loss":0,"event_name":"SensoryStone","floor":38,"gold_loss":0},{"cards_removed":["Defend_G"],"damage_healed":0,"gold_gain":0,"player_choice":"Removed Skill","damage_taken":0,"max_hp_gain":0,"max_hp_loss":0,"event_name":"Falling","floor":39,"gold_loss":0},{"damage_healed":0,"gold_gain":0,"player_choice":"Max HP","damage_taken":0,"max_hp_gain":0,"max_hp_loss":4,"event_name":"Winding Halls","floor":41,"gold_loss":0}],"is_beta":false,"boss_relics":[{"not_picked":["Cursed Key","Calling Bell"],"picked":"Astrolabe"},{"not_picked":["Pandora\u0027s Box","WristBlade"],"picked":"Empty Cage"}],"items_purged_floors":[21,28],"is_endless":false,"potions_floor_spawned":[7,13,16,18,29,30,46],"killed_by":"The Heart","ascension_level":0}}