{"host":"odz7g4gpgch153rb","time":1610247401,"event":{"mods":["AchievementEnabler","BaseMod","Better Match","Better Third Choice","BetterRewards","GifTheSpireLib","Infinite Spire","Jedi Mod","Minty Spire (QoL Compilation)","Quick Restart","Replay The Spire","Spikes Relics","StSLib","Stuff the Spire","The Blue Laboratory","Trackpad"],"gold_per_floor":[118,55,55,55,68,87,106,141,141,169,194,211,240,4,4,24,24,95,95,113,113,139,219,219,219,297,297,297,307,320,341,341,353,353,455,755,822,822,822,822,563,563,620,620,701,767,850,850,850],"floor_reached":48,"playtime":8703,"items_purged":["Strike_B","Strike_B","Defend_B"],"score":932,"play_id":"bdb19340-03d2-4b41-b415-42f5615c7fd5","local_time":"20210109215641","is_ascension_mode":true,"campfire_choices":[{"floor":9.0,"key":"REST"},{"floor":25.0,"key":"REST"},{"floor":27.0,"key":"REST"},{"floor":32,"key":"REST"},{"floor":34,"key":"REST"},{"data":"infinitespire:Oblivion","floor":42,"key":"SMITH"}],"circlet_count":0,"master_deck":["AscendersBane","Strike_B","Defend_B","Defend_B","Defend_B","Zap","Dualcast","Coolheaded","jedi:locknload","BootSequence","Pot Of Greed","Pot Of Greed+1","Cold Snap","Machine Learning","Echo Form","infinitespire:Oblivion+1","jedi:studyfrost","StuffTheSpire:ForEach","CurseOfTheBell","jedi:blockon+1","Madness","Madness","Pot Of Greed","jedi:locknload+1"],"relics":["Cracked Core","trackpad:FieryHotPepper","Blue Doll","RollingBoulder","Grinning Jar","Odd Mushroom","Membership Card","Inserter","Thread and Needle","trackpad:HandOfMidas","Nloth\u0027s Gift","trackpad:FocusingLens","BrokenLever","infinitespire:EvilPickle","Calling Bell","ReplayFunnel","jedi:HeartOfTheCards","Old Coin","Pantograph","Question Card","White Beast Statue","The Courier"],"acts_visited":["Exordium","TheCity","TheBeyond"],"potions_floor_usage":[31,31,48],"damage_taken":[{"damage":0.0,"enemies":"Small Slimes","floor":1.0,"turns":1.0},{"damage":0.0,"enemies":"Cultist","floor":5.0,"turns":1.0},{"damage":0.0,"enemies":"2 Louse","floor":6.0,"turns":1.0},{"damage":0.0,"enemies":"Exordium Wildlife","floor":7.0,"turns":1.0},{"damage":25.0,"enemies":"Lagavulin","floor":8.0,"turns":5.0},{"damage":13.0,"enemies":"Gremlin Nob","floor":10.0,"turns":3.0},{"damage":11.0,"enemies":"Blue Slaver","floor":12.0,"turns":3.0},{"damage":0.0,"enemies":"The Mushroom Lair","floor":13.0,"turns":2.0},{"damage":6.0,"enemies":"3 Louse","floor":16.0,"turns":2.0},{"damage":29.0,"enemies":"Fading Forest","floor":18.0,"turns":11.0},{"damage":21.0,"enemies":"Shell Parasite","floor":20.0,"turns":5.0},{"damage":0.0,"enemies":"Chosen","floor":23.0,"turns":3.0},{"damage":38.0,"enemies":"Slavers","floor":26.0,"turns":7.0},{"damage":21.0,"enemies":"Shelled Parasite and Fungi","floor":29.0,"turns":4.0},{"damage":0.0,"enemies":"Centurion and Healer","floor":30.0,"turns":5.0},{"damage":0,"enemies":"Snake Plant","floor":31,"turns":2},{"damage":8,"enemies":"Snecko","floor":33,"turns":5},{"damage":11,"enemies":"Pondfish","floor":35,"turns":9},{"damage":0,"enemies":"3 Shapes","floor":37,"turns":6},{"damage":9,"enemies":"3 Darklings","floor":43,"turns":5},{"damage":9,"enemies":"Writhing Mass","floor":46,"turns":6},{"damage":17,"enemies":"R_Hoarder","floor":47,"turns":9},{"damage":12,"enemies":"Sphere and 2 Shapes","floor":48,"turns":3}],"seed_played":"-4158904963207690386","potions_obtained":[{"floor":5.0,"key":"blueLaboratory:FrostheartPotion"},{"floor":7.0,"key":"SkillPotion"},{"floor":8.0,"key":"blueLaboratory:Moonshine"},{"floor":13.0,"key":"Regen Potion"},{"floor":16.0,"key":"FocusPotion"},{"floor":18.0,"key":"Explosive Potion"},{"floor":23.0,"key":"blueLaboratory:RelayPotion"},{"floor":29.0,"key":"Energy Potion"},{"floor":37,"key":"jedi:StrikingPotion"},{"floor":43,"key":"blueLaboratory:CreativityPotion"}],"is_trial":false,"path_per_floor":["M","?","PTL","PTL","M","M","M","E","R","E","T","M","?","$","$","M","R","B",null,"M","AVR","?","M","?","R","E","R","T","M","M","M","R","M","R","B",null,"M","?","?","?","$","R","M","T","T","M","E","M"],"character_chosen":"DEFECT","items_purchased":["Membership Card","Pantograph","LifebloodPotion","jedi:locknload+1"],"campfire_rested":5,"item_purchase_floors":[14,41,41,41],"current_hp_per_floor":[64,64,64,64,64,64,64,39,60,47,47,36,36,36,36,35,56,45,65,44,44,21,21,21,42,4,25,25,4,4,4,25,17,38,27,60,60,60,60,47,47,47,38,38,38,29,12,0,0],"gold":850,"neow_bonus":"THREE_ENEMY_KILL","is_daily":false,"chose_seed":false,"campfire_upgraded":1,"win_rate":0.0,"timestamp":1610247401,"path_taken":["M","?","PTL","PTL","?","?","?","E","R","E","T","M","?","?","$","M","R","BOSS","M","AVR","?","M","?","R","E","R","T","M","?","M","R","M","R","BOSS","M","?","?","?","$","R","M","?","T","M","E","M"],"items_purchased_type":["Relic","Relic","Potion","Card"],"build_version":"2020-12-22","purchased_purges":3,"victory":false,"max_hp_per_floor":[71,71,71,71,71,71,71,71,71,71,71,71,71,71,71,71,71,71,71,71,71,71,71,71,71,71,71,71,71,71,71,71,71,71,71,71,71,71,71,71,71,71,71,71,71,71,71,71,71],"card_choices":[{"not_picked":["ReplayTheSpireMod:Repulse","BasicCrystalCard"],"picked":"Coolheaded","floor":1.0},{"not_picked":["Redo","Darkness","Aggregate"],"picked":"SKIP","floor":5.0},{"not_picked":["Steam Power","StuffTheSpire:GlassShard","Beam Cell"],"picked":"SKIP","floor":6.0},{"not_picked":["Steam","Rip and Tear"],"picked":"jedi:locknload","floor":7.0},{"not_picked":["Coolheaded","Beam Cell","Sunder"],"picked":"SKIP","floor":8.0},{"not_picked":["Streamline","FTL"],"picked":"BootSequence","floor":10.0},{"not_picked":["jedi:markofdeath","Rebound"],"picked":"Cold Snap","floor":12.0},{"not_picked":["Aggregate","ReplayTheSpireMod:Calculation Training"],"picked":"Machine Learning","floor":16.0},{"not_picked":["Thunder Strike","ReplayTheSpireMod:Omega Cannon"],"picked":"Echo Form","floor":18.0},{"not_picked":["Steam","Gash","Beam Cell+1"],"picked":"SKIP","floor":20.0},{"not_picked":["BasicCrystalCard","Barrage","Skim"],"picked":"SKIP","floor":23.0},{"not_picked":["jedi:markofdeath","Seek"],"picked":"jedi:studyfrost","floor":26.0},{"not_picked":["Undo","Chaos","Stack"],"picked":"SKIP","floor":29.0},{"not_picked":["Coolheaded","Rebound","Seek"],"picked":"SKIP","floor":30.0},{"not_picked":["Force Field","ReplayGash","Stack+1"],"picked":"SKIP","floor":31},{"not_picked":["ReplaySolidLightProjector","All For One","Coolheaded"],"picked":"SKIP","floor":33},{"not_picked":["Creative AI","Machine Learning"],"picked":"StuffTheSpire:ForEach","floor":35},{"not_picked":["Sweeping Beam","FIFO Queue+1"],"picked":"jedi:blockon+1","floor":37},{"not_picked":["jedi:reiji","Rebound+1","ReplayTheSpireMod:System Scan"],"picked":"SKIP","floor":43},{"not_picked":["Barrage","All For One","Compile Driver","Turbo"],"picked":"SKIP","floor":46},{"not_picked":["StuffTheSpire:LaunchingStrike","FIFO Queue","ReplayTheSpireMod:System Scan+1","Aggregate+1"],"picked":"SKIP","floor":47}],"player_experience":1018590,"relics_obtained":[{"floor":8.0,"key":"Blue Doll"},{"floor":10.0,"key":"RollingBoulder"},{"floor":11.0,"key":"Grinning Jar"},{"floor":13.0,"key":"Odd Mushroom"},{"floor":22.0,"key":"trackpad:HandOfMidas"},{"floor":26.0,"key":"trackpad:FocusingLens"},{"floor":28.0,"key":"BrokenLever"},{"floor":36,"key":"ReplayFunnel"},{"floor":36,"key":"jedi:HeartOfTheCards"},{"floor":36,"key":"Old Coin"},{"floor":44,"key":"Question Card"},{"floor":45,"key":"White Beast Statue"},{"floor":47,"key":"The Courier"}],"event_choices":[{"damage_healed":0.0,"max_hp_gain":0.0,"max_hp_loss":0.0,"gold_gain":0.0,"event_name":"WeMeetAgain","player_choice":"Paid Gold","floor":2.0,"gold_loss":63.0,"damage_taken":0.0,"relics_obtained":["trackpad:FieryHotPepper"]},{"damage_healed":0.0,"max_hp_gain":0.0,"max_hp_loss":0.0,"gold_gain":0.0,"event_name":"Mushrooms","player_choice":"Fought Mushrooms","floor":13.0,"gold_loss":0.0,"damage_taken":0.0},{"damage_healed":0.0,"max_hp_gain":0.0,"max_hp_loss":0.0,"gold_gain":0.0,"event_name":"N\u0027loth","player_choice":"Traded Relic","floor":24.0,"relics_lost":["NeowsBlessing"],"gold_loss":0.0,"damage_taken":0.0,"relics_obtained":["Nloth\u0027s Gift"]},{"cards_removed":["Strike_B"],"damage_healed":0,"gold_gain":0,"player_choice":"Removed Attack","damage_taken":0,"max_hp_gain":0,"max_hp_loss":0,"event_name":"Falling","floor":39,"gold_loss":0},{"damage_healed":0,"gold_gain":0,"player_choice":"Embrace Madness","damage_taken":13,"max_hp_gain":0,"max_hp_loss":0,"event_name":"Winding Halls","floor":40,"gold_loss":0,"cards_obtained":["Madness","Madness"]}],"is_beta":false,"boss_relics":[{"not_picked":["Replay:Wanted Poster","Empty Cage"],"picked":"Inserter"},{"not_picked":["Kintsugi","ChewingGum"],"picked":"Calling Bell"}],"items_purged_floors":[14,21,41],"is_endless":false,"potions_floor_spawned":[5,7,8,13,16,18,23,29,30,37,43,46,47],"killed_by":"Sphere and 2 Shapes","ascension_level":17}}