{"host":"pf5oese4ka0eje7d","time":1610299235,"event":{"mods":["AchievementEnabler","BaseMod","Colored Map","Minty Spire (QoL Compilation)","StSLib","SuperFastMode"],"gold_per_floor":[118,128,11,22,32,32,62,88,112,112,126,126,140,158,158,261,261,279,279,194,41,41,41,74,86,110,138,157,157,157,57,57,57,57],"floor_reached":33,"playtime":579,"items_purged":["Strike_B","Strike_B"],"score":388,"play_id":"e1cfec44-7eb1-48e8-b227-824c642061b7","local_time":"20210110182035","is_ascension_mode":true,"campfire_choices":[{"data":"Redo","floor":6,"key":"SMITH"},{"data":"Zap","floor":10,"key":"SMITH"},{"data":"Ball Lightning","floor":12,"key":"SMITH"},{"data":"Electrodynamics","floor":15,"key":"SMITH"},{"floor":23,"key":"REST"},{"floor":29,"key":"REST"},{"floor":32,"key":"REST"}],"circlet_count":0,"master_deck":["Defend_B","Defend_B","Defend_B","Defend_B","Zap+1","Dualcast+1","Storm","Melter+1","Redo+1","Beam Cell+1","Ball Lightning+1","Electrodynamics+1","Thunder Strike","Genetic Algorithm","Electrodynamics"],"relics":["Cracked Core","Strawberry","Vajra","DataDisk","Empty Cage","Dream Catcher","CaptainsWheel","Whetstone","Juzu Bracelet"],"acts_visited":["Exordium","TheCity"],"potions_floor_usage":[4,7,33,33],"damage_taken":[{"damage":1,"enemies":"Cultist","floor":1,"turns":3},{"damage":2,"enemies":"Jaw Worm","floor":2,"turns":4},{"damage":2,"enemies":"Small Slimes","floor":4,"turns":2},{"damage":11,"enemies":"Blue Slaver","floor":5,"turns":3},{"damage":0,"enemies":"Gremlin Nob","floor":7,"turns":2},{"damage":0,"enemies":"Exordium Wildlife","floor":11,"turns":2},{"damage":3,"enemies":"Large Slime","floor":13,"turns":3},{"damage":2,"enemies":"Looter","floor":14,"turns":3},{"damage":38,"enemies":"Hexaghost","floor":16,"turns":7},{"damage":7,"enemies":"Chosen","floor":18,"turns":3},{"damage":13,"enemies":"Gremlin Leader","floor":24,"turns":4},{"damage":0,"enemies":"Spheric Guardian","floor":25,"turns":2},{"damage":36,"enemies":"Book of Stabbing","floor":27,"turns":5},{"damage":22,"enemies":"Shelled Parasite and Fungi","floor":28,"turns":3},{"damage":79,"enemies":"Collector","floor":33,"turns":6}],"seed_played":"-1629464943869570370","potions_obtained":[{"floor":1,"key":"AttackPotion"},{"floor":2,"key":"Fire Potion"},{"floor":7,"key":"LiquidMemories"},{"floor":11,"key":"FearPotion"},{"floor":18,"key":"BlessingOfTheForge"}],"is_trial":false,"path_per_floor":["M","M","$","M","M","R","E","T","T","R","M","R","M","M","R","B",null,"M","?","?","$","T","R","E","M","T","E","M","R","?","$","R","B"],"character_chosen":"DEFECT","items_purchased":["Melter","Redo","Genetic Algorithm"],"campfire_rested":3,"item_purchase_floors":[3,3,21],"current_hp_per_floor":[74,72,72,70,59,59,66,66,66,66,66,66,63,61,61,23,67,60,60,60,60,60,82,69,69,69,33,11,35,35,35,59,0,0],"gold":57,"neow_bonus":"UPGRADE_CARD","is_daily":false,"chose_seed":false,"campfire_upgraded":4,"win_rate":0.0,"timestamp":1610299235,"path_taken":["M","M","?","M","M","R","E","?","T","R","?","R","M","?","R","BOSS","M","?","?","$","?","R","E","M","T","E","M","R","?","$","R","BOSS"],"items_purchased_type":["Card","Card","Card"],"build_version":"2020-12-22","purchased_purges":2,"victory":false,"max_hp_per_floor":[75,75,75,75,75,75,82,82,82,82,82,82,82,82,82,82,82,82,82,82,82,82,82,82,82,82,82,82,82,82,82,82,82,82],"card_choices":[{"not_picked":["Aggregate","Hologram","Turbo"],"picked":"SKIP","floor":1},{"not_picked":["White Noise","Hologram"],"picked":"Storm","floor":2},{"not_picked":["Hello World","Steam Power"],"picked":"Beam Cell","floor":4},{"not_picked":["Redo","Cold Snap"],"picked":"Ball Lightning","floor":5},{"not_picked":["Gash","Conserve Battery","Double Energy"],"picked":"SKIP","floor":7},{"not_picked":["Consume","Lockon","Rebound"],"picked":"SKIP","floor":11},{"not_picked":["Go for the Eyes","Chill","FTL"],"picked":"SKIP","floor":13},{"not_picked":["Stack","Cold Snap"],"picked":"Electrodynamics","floor":14},{"not_picked":["Reboot","Echo Form"],"picked":"Thunder Strike","floor":16},{"not_picked":["Sweeping Beam","Gash+1","Darkness"],"picked":"SKIP","floor":18},{"not_picked":["Coolheaded","Cold Snap","Beam Cell"],"picked":"SKIP","floor":24},{"not_picked":["Conserve Battery","Stack+1","BootSequence"],"picked":"SKIP","floor":25},{"not_picked":["Coolheaded+1","Steam"],"picked":"Electrodynamics","floor":27},{"not_picked":["Chaos","Hologram","Aggregate"],"picked":"SKIP","floor":28}],"player_experience":318408,"relics_obtained":[{"floor":7,"key":"Strawberry"},{"floor":8,"key":"Vajra"},{"floor":9,"key":"DataDisk"},{"floor":22,"key":"CaptainsWheel"},{"floor":24,"key":"Whetstone"},{"floor":27,"key":"Juzu Bracelet"}],"event_choices":[{"damage_healed":0,"gold_gain":0,"player_choice":"Ignored","damage_taken":0,"max_hp_gain":0,"max_hp_loss":0,"event_name":"Ghosts","floor":19,"gold_loss":0},{"damage_healed":0,"gold_gain":0,"player_choice":"Obtained Relic","damage_taken":0,"relics_obtained":["Dream Catcher"],"max_hp_gain":0,"max_hp_loss":0,"event_name":"Addict","floor":20,"gold_loss":85},{"damage_healed":0,"gold_gain":0,"player_choice":"Ignored","damage_taken":0,"max_hp_gain":0,"max_hp_loss":0,"event_name":"The Mausoleum","floor":30,"gold_loss":0}],"is_beta":false,"boss_relics":[{"not_picked":["Tiny House","Velvet Choker"],"picked":"Empty Cage"}],"items_purged_floors":[21,31],"is_endless":false,"potions_floor_spawned":[1,2,7,11,18,24],"killed_by":"Collector","ascension_level":5}}