{"host":"qhhcmep1unj6mpf7","time":1610260437,"event":{"mods":["2.2 Compatiblity","AchievementEnabler","BaseMod","Colored Map","DeckTracker","Highlight Path","Keyboard Shortcuts","Minty Spire (QoL Compilation)","Permanent Neow","Quick Restart","Random Character Button","StSLib","SuperFastMode","everything is the same but u backflip on backflip"],"gold_per_floor":[18,37,113,130,130,130,148,68,68,81,81,10,24,43,43,43,43],"floor_reached":16,"playtime":3419,"items_purged":[],"score":185,"play_id":"847b9c13-4da6-4f0f-9df9-63ad2c316beb","local_time":"20210110153357","is_ascension_mode":true,"campfire_choices":[{"data":"Feed","floor":6,"key":"SMITH"},{"data":"Heavy Blade","floor":11,"key":"SMITH"},{"floor":15,"key":"REST"}],"circlet_count":0,"master_deck":["AscendersBane","Strike_R","Strike_R","Strike_R","Strike_R","Strike_R","Defend_R","Defend_R","Defend_R","Defend_R","Bash","Feed+1","Heavy Blade+1","Shrug It Off","Offering","Whirlwind","Fire Breathing"],"relics":["Burning Blood","Sundial"],"acts_visited":["Exordium"],"potions_floor_usage":[],"damage_taken":[{"damage":11,"enemies":"Small Slimes","floor":1,"turns":5},{"damage":6,"enemies":"Cultist","floor":2,"turns":3},{"damage":14,"enemies":"Jaw Worm","floor":4,"turns":5},{"damage":28,"enemies":"2 Fungi Beasts","floor":7,"turns":4},{"damage":34,"enemies":"Exordium Wildlife","floor":10,"turns":6},{"damage":14,"enemies":"Blue Slaver","floor":13,"turns":5},{"damage":10,"enemies":"Looter","floor":14,"turns":3},{"damage":26,"enemies":"The Guardian","floor":16,"turns":4}],"seed_played":"8717512567390354300","potions_obtained":[{"floor":2,"key":"Block Potion"},{"floor":5,"key":"Swift Potion"}],"is_trial":false,"path_per_floor":["M","M","?","M","?","R","M","$","T","M","R","$","M","M","R","B"],"character_chosen":"IRONCLAD","items_purchased":["Whirlwind","Fire Breathing"],"campfire_rested":1,"item_purchase_floors":[8,12],"current_hp_per_floor":[66,69,69,64,64,64,46,46,46,22,22,22,18,18,48,22,22],"gold":43,"neow_bonus":"THREE_RARE_CARDS","is_daily":false,"chose_seed":false,"campfire_upgraded":2,"win_rate":0.0,"timestamp":1610260437,"path_taken":["M","M","?","M","?","R","M","$","T","M","R","$","?","M","R","BOSS"],"items_purchased_type":["Card","Card"],"build_version":"2020-12-22","purchased_purges":0,"victory":false,"max_hp_per_floor":[78,81,81,84,84,84,88,88,88,92,92,92,96,100,100,100,100],"card_choices":[{"not_picked":["Double Tap","Impervious"],"picked":"Feed","floor":0},{"not_picked":["Iron Wave","Pummel"],"picked":"Heavy Blade","floor":1},{"not_picked":["Perfected Strike","Headbutt","Blood for Blood"],"picked":"SKIP","floor":2},{"not_picked":["Headbutt","Clothesline"],"picked":"Shrug It Off","floor":4},{"not_picked":["Headbutt","Clash"],"picked":"Offering","floor":7},{"not_picked":["Wild Strike","Armaments","Ghostly Armor"],"picked":"SKIP","floor":10},{"not_picked":["Perfected Strike","Whirlwind","Sword Boomerang"],"picked":"SKIP","floor":13},{"not_picked":["Clash","Shrug It Off","Blood for Blood"],"picked":"SKIP","floor":14}],"player_experience":342449,"relics_obtained":[{"floor":9,"key":"Sundial"}],"event_choices":[{"damage_healed":0,"gold_gain":76,"player_choice":"Gained Gold","damage_taken":0,"max_hp_gain":0,"max_hp_loss":0,"event_name":"Golden Wing","floor":3,"gold_loss":0},{"damage_healed":0,"gold_gain":0,"player_choice":"Got Potions","damage_taken":0,"max_hp_gain":0,"max_hp_loss":0,"event_name":"Lab","floor":5,"gold_loss":0}],"is_beta":false,"boss_relics":[],"items_purged_floors":[],"is_endless":false,"potions_floor_spawned":[2,13,14],"killed_by":"The Guardian","ascension_level":14}}