{"host":"f5y45f7z7ziu0smp","time":1610286703,"event":{"mods":["AchievementEnabler","BaseMod","Koishi","Marisa£¨Ùöéë¡¡Øª×âÞÞ£©","Minty Spire (QoL Compilation)","StSLib","SuperFastMode"],"gold_per_floor":[118,129,146,65,82,82,113,113,139,171,183,200,232,243,243,243,243],"floor_reached":16,"playtime":624,"items_purged":[],"score":156,"play_id":"ed91fea4-8419-4321-9a11-2ebc5e8f83ce","local_time":"20210110225143","is_ascension_mode":true,"campfire_choices":[{"data":"Zap","floor":6,"key":"SMITH"},{"data":"Dualcast","floor":8,"key":"SMITH"},{"data":"Rip and Tear","floor":15,"key":"SMITH"}],"circlet_count":0,"master_deck":["Strike_B","Strike_B","Strike_B","Strike_B","Defend_B","Defend_B","Defend_B","Defend_B","Zap+1","Dualcast+1","Compile Driver","Turbo","Go for the Eyes","Scrape","All For One","Recycle","Steam","Rip and Tear+1","Auto Shields","Chill","Coolheaded"],"relics":["Philosopher\u0027s Stone","Toy Ornithopter","Bronze Scales","Potion Belt","Pear"],"acts_visited":["Exordium"],"potions_floor_usage":[10,13,16,16],"damage_taken":[{"damage":0,"enemies":"Small Slimes","floor":1,"turns":2},{"damage":0,"enemies":"Cultist","floor":2,"turns":3},{"damage":5,"enemies":"2 Louse","floor":3,"turns":3},{"damage":4,"enemies":"Red Slaver","floor":5,"turns":4},{"damage":40,"enemies":"3 Sentries","floor":7,"turns":6},{"damage":8,"enemies":"Lagavulin","floor":10,"turns":7},{"damage":10,"enemies":"Large Slime","floor":11,"turns":5},{"damage":0,"enemies":"2 Fungi Beasts","floor":12,"turns":3},{"damage":0,"enemies":"3 Sentries","floor":13,"turns":6},{"damage":16,"enemies":"Lots of Slimes","floor":14,"turns":3},{"damage":24,"enemies":"The Guardian","floor":16,"turns":9}],"seed_played":"-7335662116536485333","potions_obtained":[{"floor":1,"key":"BlessingOfTheForge"},{"floor":7,"key":"Ancient Potion"},{"floor":10,"key":"Block Potion"},{"floor":12,"key":"Weak Potion"},{"floor":14,"key":"SmokeBomb"}],"is_trial":false,"path_per_floor":["M","M","M","$","M","R","E","R","T","E","M","M","E","M","R","B"],"character_chosen":"DEFECT","items_purchased":["Scrape"],"campfire_rested":0,"item_purchase_floors":[4],"current_hp_per_floor":[75,75,70,70,66,66,26,26,26,23,13,13,28,12,12,0,0],"gold":243,"neow_bonus":"BOSS_RELIC","is_daily":false,"chose_seed":false,"campfire_upgraded":3,"win_rate":0.0,"timestamp":1610286703,"path_taken":["M","M","M","$","M","R","E","R","T","E","M","M","E","M","R","BOSS"],"items_purchased_type":["Card"],"build_version":"2020-12-22","purchased_purges":0,"victory":false,"max_hp_per_floor":[75,75,75,75,75,75,75,75,75,75,75,75,85,85,85,85,85],"card_choices":[{"not_picked":["Hologram","Sweeping Beam"],"picked":"Compile Driver","floor":1},{"not_picked":["Cold Snap","Stack"],"picked":"Turbo","floor":2},{"not_picked":["Compile Driver","Self Repair"],"picked":"Go for the Eyes","floor":3},{"not_picked":["Darkness","Chaos"],"picked":"All For One","floor":5},{"not_picked":["Chaos","BootSequence"],"picked":"Recycle","floor":7},{"not_picked":["Defragment","Heatsinks"],"picked":"Steam","floor":10},{"not_picked":["Turbo","Self Repair"],"picked":"Rip and Tear","floor":11},{"not_picked":["Recycle","Stack"],"picked":"Auto Shields","floor":12},{"not_picked":["Auto Shields","Blizzard"],"picked":"Chill","floor":13},{"not_picked":["Rebound","Hologram"],"picked":"Coolheaded","floor":14}],"player_experience":86492,"relics_obtained":[{"floor":7,"key":"Toy Ornithopter"},{"floor":9,"key":"Bronze Scales"},{"floor":10,"key":"Potion Belt"},{"floor":13,"key":"Pear"}],"event_choices":[],"is_beta":false,"boss_relics":[],"items_purged_floors":[],"is_endless":false,"potions_floor_spawned":[1,7,10,12,14],"killed_by":"The Guardian","ascension_level":1}}