{"host":"qvl114e0jmbc6yhm","time":1610321617,"event":{"mods":["Act Like it!","BaseMod","Hermit","Highlight Path","Hubris","Jedi Mod","Marisa????????","Marked Mod","Minty Spire (QoL Compilation)","Permanent Neow","Random Character Button","Relic Sorter","Relic Stats","Replay The Spire","Shop Mod","Spicy Shops","StSLib","The Jungle","The Runesmith"],"gold_per_floor":[113,24,34,34,48,78,78,106,106,106,116,130,130,145,145,219,319,329,329,329,329,450,462,476,476,508,508,508,525,541,541,552,580,580,580,580],"floor_reached":35,"playtime":1685,"items_purged":["Strike_P"],"score":695,"play_id":"1ac22a92-3758-4250-94a5-1b75a847cb06","local_time":"20210110183337","is_ascension_mode":true,"campfire_choices":[{"floor":7,"key":"REST"},{"data":"EnergyFlow","floor":10,"key":"SMITH"},{"data":"Eruption","floor":15,"key":"SMITH"},{"data":"Wallop","floor":25,"key":"SMITH"},{"floor":31,"key":"REST"},{"floor":34,"key":"REST"}],"circlet_count":0,"master_deck":["AscendersBane","Strike_P+1","Strike_P+1","Defend_P+1","Defend_P+1","Defend_P+1","Eruption+1","Vigilance+1","Weave+1","CutThroughFate+1","EnergyFlow+1","LessonLearned+1","FearNoEvil","Wallop+1","Conclude+1"],"relics":["Empty Cage","Replay:Wax Seal","jedi:crownofsimplicity","Letter Opener","Akabeko","Happy Flower","Replay:Wanted Poster","Omamori","Gremlin Food","HornCleat","Runesmith:Nanobots"],"acts_visited":["Exordium","TheCity"],"potions_floor_usage":[12,18],"damage_taken":[{"damage":7,"enemies":"Cultist","floor":1,"turns":6},{"damage":3,"enemies":"2 Louse","floor":3,"turns":2},{"damage":1,"enemies":"Jaw Worm","floor":5,"turns":4},{"damage":28,"enemies":"Gremlin Nob","floor":6,"turns":4},{"damage":10,"enemies":"3 Sentries","floor":8,"turns":6},{"damage":0,"enemies":"Lots of Slimes","floor":11,"turns":4},{"damage":0,"enemies":"Exordium Thugs","floor":12,"turns":6},{"damage":0,"enemies":"2 Fungi Beasts","floor":14,"turns":3},{"damage":0,"enemies":"Slime Boss","floor":16,"turns":7},{"damage":19,"enemies":"Chosen","floor":18,"turns":6},{"damage":0,"enemies":"Shell Parasite","floor":23,"turns":5},{"damage":2,"enemies":"Chosen and Byrds","floor":24,"turns":4},{"damage":0,"enemies":"Replay:Snechameleon","floor":26,"turns":3},{"damage":10,"enemies":"3 Cultists","floor":29,"turns":4},{"damage":4,"enemies":"Shelled Parasite and Fungi","floor":30,"turns":4},{"damage":22,"enemies":"Sentry and Sphere","floor":32,"turns":6},{"damage":0,"enemies":"Book of Stabbing","floor":33,"turns":5},{"damage":52,"enemies":"Collector","floor":35,"turns":9}],"seed_played":"5344098320570748707","potions_obtained":[{"floor":3,"key":"SpeedPotion"},{"floor":6,"key":"LifebloodPotion"},{"floor":12,"key":"LiquidBronze"},{"floor":24,"key":"Explosive Potion"},{"floor":30,"key":"BottledMiracle"}],"is_trial":false,"path_per_floor":["M","$","M","?","M","E","R","E","T","R","M","M","T","M","R","B",null,"M","?","PTL","PTL","$","M","M","R","E","$","T","M","M","R","M","E","R","B"],"character_chosen":"WATCHER","items_purchased":["Weave","Replay:Wax Seal"],"campfire_rested":3,"item_purchase_floors":[2,22],"current_hp_per_floor":[54,54,51,51,50,22,42,32,32,32,32,32,32,32,32,32,59,40,40,40,40,40,40,38,38,38,33,33,23,19,39,17,17,37,0,0],"gold":580,"neow_bonus":"BOSS_RELIC","is_daily":false,"chose_seed":false,"campfire_upgraded":3,"win_rate":0.0,"timestamp":1610321617,"path_taken":["M","?","M","?","?","E","R","E","T","R","M","M","?","M","R","BOSS","M","?","PTL","PTL","?","M","M","R","E","?","T","M","M","R","?","E","R","BOSS"],"items_purchased_type":["Card","Relic"],"build_version":"2020-12-22","purchased_purges":1,"victory":false,"max_hp_per_floor":[68,68,68,68,68,68,68,68,68,68,68,68,68,68,68,68,68,68,68,68,68,68,68,68,68,68,68,68,68,68,68,68,68,68,68,68],"relic_stats":{"Happy Flower":[18],"counters":[18,88],"Letter Opener":[48],"obtain_stats":[{"Replay:Wanted Poster":17,"Gremlin Food":26,"Runesmith:Nanobots":33,"HornCleat":28,"Happy Flower":13,"Omamori":19,"jedi:crownofsimplicity":6,"Letter Opener":8,"PureWater":0,"Replay:Wax Seal":22,"Empty Cage":0,"Akabeko":9},{"Replay:Wanted Poster":9,"Gremlin Food":13,"Runesmith:Nanobots":17,"HornCleat":13,"Happy Flower":7,"Omamori":10,"jedi:crownofsimplicity":4,"Letter Opener":5,"PureWater":0,"Replay:Wax Seal":10,"Empty Cage":0,"Akabeko":5},{"Replay:Wanted Poster":42,"Gremlin Food":60,"Runesmith:Nanobots":79,"HornCleat":60,"Happy Flower":32,"Omamori":48,"jedi:crownofsimplicity":16,"Letter Opener":22,"PureWater":0,"Replay:Wax Seal":48,"Empty Cage":0,"Akabeko":22}]},"card_choices":[{"not_picked":["Consecrate","Replay:DivineShield"],"picked":"Replay:ManipulateFuture","floor":1},{"not_picked":["Replay:Battleflow","FlyingSleeves"],"picked":"CutThroughFate","floor":3},{"not_picked":["BowlingBash","Replay:Vibes","Swivel"],"picked":"SKIP","floor":5},{"not_picked":["FlyingSleeves","SignatureMove","EmptyBody"],"picked":"SKIP","floor":6},{"not_picked":["Replay:BluntJabs","Halt","Prostrate"],"picked":"SKIP","floor":8},{"not_picked":["Replay:Battleflow","Fasting2","MarkedMod:GentlePulse"],"picked":"SKIP","floor":11},{"not_picked":["MarkedMod:FirstStrike","InnerPeace"],"picked":"LessonLearned","floor":12},{"not_picked":["MarkedMod:GentlePulse","CutThroughFate","Crescendo"],"picked":"SKIP","floor":14},{"not_picked":["Replay:Battleflow","JustLucky"],"picked":"FearNoEvil","floor":18},{"not_picked":["CrushJoints+1","BattleHymn"],"picked":"Wallop","floor":23},{"not_picked":["Ragnarok","Evaluate+1","Halt"],"picked":"SKIP","floor":24},{"not_picked":["ClearTheMind","Consecrate","Replay:DivineShield"],"picked":"SKIP","floor":26},{"not_picked":["Perseverance","Replay:Anticipation"],"picked":"Conclude","floor":29},{"not_picked":["Evaluate","Replay:AtTheReady","Collect"],"picked":"SKIP","floor":30},{"not_picked":["FlyingSleeves+1","Replay:AtTheReady","Replay:Vibes"],"picked":"SKIP","floor":32},{"not_picked":["Prostrate","Consecrate","Study"],"picked":"SKIP","floor":33}],"player_experience":2434118,"relics_obtained":[{"floor":6,"key":"jedi:crownofsimplicity"},{"floor":8,"key":"Letter Opener"},{"floor":9,"key":"Akabeko"},{"floor":13,"key":"Happy Flower"},{"floor":19,"key":"Omamori"},{"floor":26,"key":"Gremlin Food"},{"floor":28,"key":"HornCleat"},{"floor":33,"key":"Runesmith:Nanobots"}],"event_choices":[{"cards_removed":["Replay:ManipulateFuture"],"damage_healed":0,"gold_gain":0,"player_choice":"Took Card","damage_taken":0,"max_hp_gain":0,"max_hp_loss":0,"event_name":"NoteForYourself","floor":4,"gold_loss":0,"cards_obtained":["EnergyFlow"]}],"is_beta":false,"boss_relics":[{"not_picked":["Snecko Heart","Snecko Eye"],"picked":"Replay:Wanted Poster"}],"items_purged_floors":[27],"is_endless":false,"potions_floor_spawned":[3,6,12,14,24,29,30],"killed_by":"Collector","ascension_level":14}}