{"host":"mydft8i2zzydgggw","time":1610301556,"event":{"mods":["AchievementEnabler","BaseMod","BetterRewards","Colored Map","Colored Powertips","DeckTracker","Keyboard Shortcuts","Minty Spire (QoL Compilation)","Quick Restart","Rare Cards Sparkle","StSLib","SuperFastMode","The Poker Player","everything is the same but u backflip on backflip"],"gold_per_floor":[112,112,37,56,56,81,99,126,179,129,157,157,192,92,92,192,192,203,203,223,242,46,46,77,77,77,111,125,141,65,81,81,185,185,195,45,45,0,0,34,34,64,87,87,87,87,119,132,132,132],"floor_reached":51,"playtime":984,"items_purged":["Defend_P","Strike_P","Defend_P","Strike_P"],"score":1511,"play_id":"ad39ae5f-c0b6-4483-8656-c4dd580c63f9","local_time":"20210111025916","is_ascension_mode":true,"campfire_choices":[{"data":"Eruption","floor":12.0,"key":"SMITH"},{"data":"Adaptation","floor":15.0,"key":"SMITH"},{"floor":23.0,"key":"REST"},{"floor":25.0,"key":"REST"},{"data":"Adaptation","floor":32.0,"key":"SMITH"},{"data":"MentalFortress","floor":41,"key":"SMITH"},{"floor":44,"key":"DIG"},{"floor":49,"key":"DIG"}],"circlet_count":0,"master_deck":["Defend_P+1","Eruption+1","Vigilance+1","Adaptation+1","FearNoEvil+1","Adaptation+1","MentalFortress+1"],"relics":["PureWater","NeowsBlessing","Molten Egg 2","War Paint","Happy Flower","Pear","Art of War","Black Star","Ginger","Mercury Hourglass","Eternal Feather","Strawberry","Tiny Chest","SlaversCollar","Red Mask","Vajra","Omamori","Shovel","Toy Ornithopter","Bronze Scales","StrikeDummy","MealTicket","Akabeko","Frozen Egg 2","Bottled Flame"],"acts_visited":["Exordium","TheCity","TheBeyond"],"potions_floor_usage":[40,50,50,50],"damage_taken":[{"damage":0.0,"enemies":"2 Louse","floor":1.0,"turns":1.0},{"damage":0.0,"enemies":"Cultist","floor":4.0,"turns":1.0},{"damage":0.0,"enemies":"Lagavulin","floor":6.0,"turns":1.0},{"damage":2.0,"enemies":"Small Slimes","floor":7.0,"turns":3.0},{"damage":0.0,"enemies":"Gremlin Nob","floor":8.0,"turns":2.0},{"damage":16.0,"enemies":"Lagavulin","floor":11.0,"turns":5.0},{"damage":0.0,"enemies":"Gremlin Nob","floor":13.0,"turns":3.0},{"damage":31.0,"enemies":"The Guardian","floor":16.0,"turns":8.0},{"damage":0.0,"enemies":"Spheric Guardian","floor":18.0,"turns":3.0},{"damage":2.0,"enemies":"Shell Parasite","floor":20.0,"turns":4.0},{"damage":0.0,"enemies":"Snake Plant","floor":21.0,"turns":3.0},{"damage":1.0,"enemies":"Book of Stabbing","floor":24.0,"turns":3.0},{"damage":0.0,"enemies":"Gremlin Leader","floor":27.0,"turns":3.0},{"damage":0.0,"enemies":"3 Cultists","floor":28.0,"turns":2.0},{"damage":0.0,"enemies":"Shelled Parasite and Fungi","floor":29.0,"turns":1.0},{"damage":0.0,"enemies":"Centurion and Healer","floor":31.0,"turns":1.0},{"damage":0.0,"enemies":"Automaton","floor":33.0,"turns":2.0},{"damage":0.0,"enemies":"Orb Walker","floor":35.0,"turns":2.0},{"damage":0,"enemies":"Nemesis","floor":40,"turns":2},{"damage":0,"enemies":"Giant Head","floor":42,"turns":2},{"damage":0,"enemies":"Reptomancer","floor":47,"turns":3},{"damage":0,"enemies":"3 Darklings","floor":48,"turns":2},{"damage":0,"enemies":"Donu and Deca","floor":50,"turns":3}],"seed_played":"-2563094699143504407","potions_obtained":[{"floor":1.0,"key":"Strength Potion"},{"floor":4.0,"key":"Explosive Potion"},{"floor":6.0,"key":"Fire Potion"},{"floor":13.0,"key":"LiquidBronze"},{"floor":18.0,"key":"StancePotion"},{"floor":20.0,"key":"Block Potion"},{"floor":24.0,"key":"LiquidBronze"},{"floor":29.0,"key":"Regen Potion"},{"floor":33.0,"key":"DuplicationPotion"},{"floor":35.0,"key":"Ancient Potion"},{"floor":42,"key":"FearPotion"}],"is_trial":false,"path_per_floor":["M","?","$","M","$","E","M","E","T","?","E","R","E","$","R","B",null,"M","?","M","M","$","R","E","R","T","E","M","M","$","M","R","B",null,"M","$","?","?","?","E","R","E","T","R","$","T","E","M","R","B",null],"character_chosen":"WATCHER","items_purchased":["FearNoEvil+1","InnerPeace"],"campfire_rested":2,"item_purchase_floors":[22,30],"current_hp_per_floor":[65,65,65,65,65,65,63,63,63,63,57,57,57,57,57,26,68,68,68,66,66,66,82,81,82,82,89,89,89,89,89,89,89,89,89,89,85,85,85,85,85,85,85,85,85,85,85,85,85,85],"gold":132,"neow_bonus":"THREE_ENEMY_KILL","is_daily":false,"chose_seed":false,"campfire_upgraded":4,"win_rate":0.0,"timestamp":1610301556,"path_taken":["M","?","$","M","?","E","?","E","T","?","E","R","E","$","R","BOSS","M","?","M","?","$","R","E","R","T","E","M","M","$","M","R","BOSS","M","$","?","?","?","E","R","E","T","R","$","?","E","?","R","BOSS"],"items_purchased_type":["Card","Card"],"build_version":"2020-12-22","purchased_purges":4,"victory":true,"max_hp_per_floor":[72,72,72,72,72,72,72,72,72,72,82,82,82,82,82,82,82,82,82,82,82,82,82,82,82,82,89,89,89,89,89,89,89,89,89,89,85,85,85,85,85,85,85,85,85,85,85,85,85,85],"card_choices":[{"not_picked":["FlyingSleeves","JustLucky","Consecrate"],"picked":"SKIP","floor":1.0},{"not_picked":["Worship","Conclude"],"picked":"Adaptation","floor":4.0},{"not_picked":["Wallop+1","Evaluate","Consecrate+1"],"picked":"SKIP","floor":6.0},{"not_picked":["FollowUp+1","ThirdEye","TalkToTheHand+1"],"picked":"SKIP","floor":7.0},{"not_picked":["ReachHeaven+1","PathToVictory","LessonLearned+1"],"picked":"SKIP","floor":8.0},{"not_picked":["EmptyBody","ClearTheMind","Crescendo"],"picked":"SKIP","floor":11.0},{"not_picked":["Worship","EmptyMind","EmptyFist+1"],"picked":"SKIP","floor":13.0},{"not_picked":["FlurryOfBlows+1","ThirdEye","EmptyFist+1"],"picked":"SKIP","floor":18.0},{"not_picked":["Crescendo","Conclude+1","Tantrum+1"],"picked":"SKIP","floor":20.0},{"not_picked":["CrushJoints+1","EmptyBody+1","SashWhip+1"],"picked":"SKIP","floor":21.0},{"not_picked":["FlyingSleeves+1","WreathOfFlame","SignatureMove+1"],"picked":"SKIP","floor":24.0},{"not_picked":["EmptyFist+1","SandsOfTime+1"],"picked":"Adaptation","floor":27.0},{"not_picked":["Prostrate","ClearTheMind","CrushJoints+1"],"picked":"SKIP","floor":28.0},{"not_picked":["ThirdEye","FearNoEvil+1","Prostrate"],"picked":"SKIP","floor":29.0},{"not_picked":["Prostrate","Adaptation+1","Weave+1"],"picked":"SKIP","floor":31.0},{"not_picked":["Protect+1","Tantrum+1"],"picked":"MentalFortress","floor":35.0},{"not_picked":["Conclude+1","MentalFortress+1","EmptyFist+1"],"picked":"SKIP","floor":40},{"not_picked":["Meditate+1","Nirvana+1","Indignation"],"picked":"SKIP","floor":42},{"not_picked":["FlurryOfBlows+1","Sanctity+1","PathToVictory"],"picked":"SKIP","floor":47},{"not_picked":["FearNoEvil+1","FollowUp+1","JustLucky+1"],"picked":"SKIP","floor":48}],"player_experience":174238,"relics_obtained":[{"floor":6.0,"key":"Molten Egg 2"},{"floor":8.0,"key":"War Paint"},{"floor":9.0,"key":"Happy Flower"},{"floor":11.0,"key":"Pear"},{"floor":13.0,"key":"Art of War"},{"floor":24.0,"key":"Ginger"},{"floor":24.0,"key":"Mercury Hourglass"},{"floor":26.0,"key":"Eternal Feather"},{"floor":27.0,"key":"Strawberry"},{"floor":27.0,"key":"Tiny Chest"},{"floor":40,"key":"Vajra"},{"floor":40,"key":"Omamori"},{"floor":42,"key":"Shovel"},{"floor":42,"key":"Toy Ornithopter"},{"floor":43,"key":"Bronze Scales"},{"floor":44,"key":"StrikeDummy"},{"floor":46,"key":"MealTicket"},{"floor":47,"key":"Akabeko"},{"floor":47,"key":"Frozen Egg 2"},{"floor":49,"key":"Bottled Flame"}],"event_choices":[{"cards_removed":["Strike_P"],"damage_healed":0.0,"max_hp_gain":0.0,"max_hp_loss":0.0,"gold_gain":0.0,"event_name":"Bonfire Elementals","player_choice":"Offered Basic","floor":2.0,"gold_loss":0.0,"damage_taken":0.0},{"cards_removed":["Defend_P"],"damage_healed":0.0,"max_hp_gain":0.0,"max_hp_loss":0.0,"gold_gain":0.0,"event_name":"The Cleric","player_choice":"Card Removal","floor":10.0,"gold_loss":50.0,"damage_taken":0.0},{"cards_removed":["Strike_P"],"damage_healed":0.0,"max_hp_gain":0.0,"max_hp_loss":0.0,"gold_gain":0.0,"event_name":"Purifier","player_choice":"Purged","floor":19.0,"gold_loss":0.0,"damage_taken":0.0},{"damage_healed":0.0,"max_hp_gain":0.0,"max_hp_loss":4.0,"gold_gain":0.0,"event_name":"Winding Halls","player_choice":"Max HP","floor":37.0,"gold_loss":0.0,"damage_taken":0.0},{"damage_healed":0.0,"max_hp_gain":0.0,"max_hp_loss":0.0,"gold_gain":0.0,"event_name":"Tomb of Lord Red Mask","player_choice":"Paid","floor":38.0,"gold_loss":45.0,"damage_taken":0.0,"relics_obtained":["Red Mask"]},{"cards_removed":["InnerPeace"],"damage_healed":0.0,"max_hp_gain":0.0,"max_hp_loss":0.0,"gold_gain":0.0,"event_name":"Falling","player_choice":"Removed Skill","floor":39.0,"gold_loss":0.0,"damage_taken":0.0}],"is_beta":false,"boss_relics":[{"not_picked":["Fusion Hammer","HolyWater"],"picked":"Black Star"},{"not_picked":["Pandora\u0027s Box","Calling Bell"],"picked":"SlaversCollar"}],"items_purged_floors":[3,14,22,36],"is_endless":false,"potions_floor_spawned":[1,4,6,13,18,20,24,29,33,35,42,48],"ascension_level":6}}