{"host":"Krakhan","time":1610306170,"event":{"mods":["AchievementEnabler","BaseMod","Colored Map","Colored Powertips","Faster Ascension Climbing","Highlight Path","Minty Spire (QoL Compilation)","Rare Cards Sparkle","Relic Stats","StSLib"],"gold_per_floor":[117,117,135,60,78,88,99,114,161,10,10,36,36,54,54,149,149,168,168,168,168,188,188,188,188],"floor_reached":24,"playtime":619,"items_purged":["Defend_B","Strike_B"],"score":198,"play_id":"db16be0d-9671-4f17-98b0-16ddbc21909b","local_time":"20210110141610","is_ascension_mode":false,"campfire_choices":[{"data":"Beam Cell","floor":11.0,"key":"SMITH"},{"data":"Hologram","floor":15.0,"key":"SMITH"},{"data":"Hologram","floor":23.0,"key":"SMITH"}],"circlet_count":0,"master_deck":["Strike_B","Strike_B","Strike_B","Defend_B","Defend_B","Defend_B","Zap","Dualcast","Beam Cell+1","Gash","Hologram+1","Gash","Hologram+1"],"relics":["Cracked Core","NeowsBlessing","Happy Flower","Shuriken","Inserter"],"acts_visited":["Exordium","TheCity"],"potions_floor_usage":[24,24],"damage_taken":[{"damage":0.0,"enemies":"Jaw Worm","floor":1.0,"turns":1.0},{"damage":0.0,"enemies":"Cultist","floor":3.0,"turns":1.0},{"damage":0.0,"enemies":"2 Louse","floor":5.0,"turns":1.0},{"damage":8.0,"enemies":"Large Slime","floor":6.0,"turns":5.0},{"damage":7.0,"enemies":"Looter","floor":7.0,"turns":3.0},{"damage":13.0,"enemies":"Lots of Slimes","floor":8.0,"turns":4.0},{"damage":14.0,"enemies":"Lagavulin","floor":12.0,"turns":6.0},{"damage":9.0,"enemies":"Exordium Thugs","floor":14.0,"turns":3.0},{"damage":21.0,"enemies":"Hexaghost","floor":16.0,"turns":6.0},{"damage":15.0,"enemies":"2 Thieves","floor":18.0,"turns":4.0},{"damage":2.0,"enemies":"Spheric Guardian","floor":22.0,"turns":3.0},{"damage":66,"enemies":"Slavers","floor":24,"turns":4}],"seed_played":"4817315544494188072","potions_obtained":[{"floor":1.0,"key":"FearPotion"},{"floor":3.0,"key":"Energy Potion"},{"floor":5.0,"key":"EssenceOfSteel"},{"floor":14.0,"key":"Fruit Juice"}],"is_trial":false,"path_per_floor":["M","?","M","$","M","M","M","M","T","$","R","E","?","M","R","B",null,"M","?","?","?","M","R","E"],"character_chosen":"DEFECT","items_purchased":["Gash"],"campfire_rested":0,"item_purchase_floors":[10],"current_hp_per_floor":[75,75,75,75,75,67,60,47,47,47,47,33,33,24,24,3,75,60,60,60,60,58,58,0,0],"gold":188,"neow_bonus":"THREE_ENEMY_KILL","is_daily":false,"chose_seed":false,"campfire_upgraded":3,"win_rate":0.0,"timestamp":1610306170,"path_taken":["M","?","M","$","?","M","M","M","T","$","R","E","?","M","R","BOSS","M","?","?","?","M","R","E"],"items_purchased_type":["Card"],"build_version":"2020-12-18","purchased_purges":2,"victory":false,"max_hp_per_floor":[75,75,75,75,75,75,75,75,75,75,75,75,75,75,75,75,75,75,75,75,75,75,75,80,80],"relic_stats":{"Inserter":[5],"Happy Flower":[8],"counters":[12,41],"Shuriken":[13],"obtain_stats":[{"Inserter":17,"NeowsBlessing":0,"Happy Flower":9,"Shuriken":12,"Cracked Core":0},{"Inserter":9,"NeowsBlessing":0,"Happy Flower":6,"Shuriken":7,"Cracked Core":0},{"Inserter":30,"NeowsBlessing":0,"Happy Flower":15,"Shuriken":21,"Cracked Core":0}]},"card_choices":[{"not_picked":["Static Discharge","BootSequence"],"picked":"Beam Cell","floor":1.0},{"not_picked":["Conserve Battery","Steam","Leap"],"picked":"SKIP","floor":3.0},{"not_picked":["Compile Driver","Loop"],"picked":"Gash","floor":5.0},{"not_picked":["Reprogram","Turbo"],"picked":"Hologram","floor":6.0},{"not_picked":["Rebound","Auto Shields","Thunder Strike"],"picked":"SKIP","floor":7.0},{"not_picked":["Heatsinks","Melter","Rebound"],"picked":"SKIP","floor":8.0},{"not_picked":["Compile Driver","Leap"],"picked":"Hologram","floor":12.0},{"not_picked":["Gash","Chill","Skim"],"picked":"SKIP","floor":14.0},{"not_picked":["Skim","Barrage","Blizzard"],"picked":"SKIP","floor":18.0},{"not_picked":["Leap+1","Recycle","Coolheaded"],"picked":"SKIP","floor":22.0}],"player_experience":1296901,"relics_obtained":[{"floor":9.0,"key":"Happy Flower"},{"floor":12.0,"key":"Shuriken"}],"event_choices":[{"damage_healed":0.0,"max_hp_gain":0.0,"max_hp_loss":0.0,"gold_gain":0.0,"event_name":"The Woman in Blue","player_choice":"Bought 0 Potions","floor":2.0,"gold_loss":0.0,"damage_taken":0.0},{"damage_healed":0.0,"max_hp_gain":0.0,"max_hp_loss":0.0,"gold_gain":0.0,"event_name":"The Cleric","player_choice":"Leave","floor":13.0,"gold_loss":0.0,"damage_taken":0.0},{"damage_healed":0.0,"max_hp_gain":0.0,"max_hp_loss":0.0,"gold_gain":0.0,"event_name":"Cursed Tome","player_choice":"Ignored","floor":19.0,"gold_loss":0.0,"damage_taken":0.0},{"damage_healed":0.0,"max_hp_gain":0.0,"max_hp_loss":0.0,"gold_gain":0.0,"event_name":"Ghosts","player_choice":"Ignored","floor":20.0,"gold_loss":0.0,"damage_taken":0.0}],"is_beta":true,"boss_relics":[{"not_picked":["Calling Bell","Velvet Choker"],"picked":"Inserter"}],"items_purged_floors":[4,10],"is_endless":false,"potions_floor_spawned":[1,3,5,7,14,22],"killed_by":"Slavers","ascension_level":0}}