{"host":"qhhcmep1unj6mpf7","time":1610248829,"event":{"mods":["2.2 Compatiblity","AchievementEnabler","BaseMod","Colored Map","DeckTracker","Highlight Path","Keyboard Shortcuts","Minty Spire (QoL Compilation)","Permanent Neow","Quick Restart","Random Character Button","StSLib","SuperFastMode","everything is the same but u backflip on backflip"],"gold_per_floor":[110,110,125,142,142,142,173,173,173,193,5,31,31,18,18,116,116,131,91,6,6,0,0,25,25,78,3,16,28,47,5,5,110,110,130,149,163,163,173,173,198,107,133,70,88,88,107,207,207,207],"floor_reached":51,"playtime":2080,"items_purged":["Strike_B","Defend_B","Defend_B"],"score":796,"play_id":"47ec8197-03a4-41cb-a165-84a140b6e51c","local_time":"20210110122029","is_ascension_mode":true,"campfire_choices":[{"data":"Echo Form","floor":6.0,"key":"SMITH"},{"data":"Defragment","floor":8.0,"key":"SMITH"},{"data":"Coolheaded","floor":13.0,"key":"SMITH"},{"data":"Zap","floor":15.0,"key":"SMITH"},{"data":"Seek","floor":23.0,"key":"SMITH"},{"data":"Discovery","floor":32.0,"key":"SMITH"},{"floor":40,"key":"REST"},{"floor":49,"key":"REST"}],"circlet_count":0,"master_deck":["Defend_B","Zap+1","Dualcast+1","Rebound","Coolheaded+1","Echo Form+1","Defragment+1","Undo+1","Cold Snap","Seek+1","Ball Lightning+1","Blizzard","Coolheaded","Coolheaded","Discovery+1","Electrodynamics","CurseOfTheBell","Defragment"],"relics":["Cracked Core","InkBottle","Nunchaku","Gremlin Horn","Membership Card","Juzu Bracelet","Sozu","Art of War","Shovel","Bronze Scales","Calling Bell","Blood Vial","White Beast Statue","Ice Cream","Symbiotic Virus","Ancient Tea Set"],"acts_visited":["Exordium","TheCity","TheBeyond"],"potions_floor_usage":[33],"damage_taken":[{"damage":0.0,"enemies":"2 Louse","floor":1.0,"turns":2.0},{"damage":0.0,"enemies":"Cultist","floor":3.0,"turns":3.0},{"damage":0.0,"enemies":"Small Slimes","floor":4.0,"turns":2.0},{"damage":25.0,"enemies":"3 Sentries","floor":7.0,"turns":8.0},{"damage":25.0,"enemies":"Gremlin Gang","floor":10.0,"turns":4.0},{"damage":0.0,"enemies":"Lagavulin","floor":12.0,"turns":7.0},{"damage":5.0,"enemies":"Hexaghost","floor":16.0,"turns":12.0},{"damage":3.0,"enemies":"Shell Parasite","floor":18.0,"turns":8.0},{"damage":21.0,"enemies":"Book of Stabbing","floor":24.0,"turns":6.0},{"damage":16.0,"enemies":"2 Thieves","floor":28.0,"turns":3.0},{"damage":13.0,"enemies":"Centurion and Healer","floor":29.0,"turns":6.0},{"damage":10.0,"enemies":"Cultist and Chosen","floor":30.0,"turns":4.0},{"damage":1,"enemies":"Collector","floor":33,"turns":8},{"damage":11,"enemies":"Orb Walker","floor":35,"turns":4},{"damage":0,"enemies":"3 Darklings","floor":36,"turns":3},{"damage":24,"enemies":"Jaw Worm Horde","floor":37,"turns":4},{"damage":19,"enemies":"Spire Growth","floor":39,"turns":4},{"damage":18,"enemies":"Reptomancer","floor":41,"turns":5},{"damage":8,"enemies":"Writhing Mass","floor":45,"turns":4},{"damage":27,"enemies":"Jaw Worm Horde","floor":47,"turns":3},{"damage":2,"enemies":"Donu and Deca","floor":50,"turns":8}],"seed_played":"-1640962793316008275","potions_obtained":[{"floor":4.0,"key":"FocusPotion"},{"floor":10.0,"key":"SteroidPotion"},{"floor":12.0,"key":"SmokeBomb"},{"floor":16.0,"key":"BlessingOfTheForge"}],"is_trial":false,"path_per_floor":["M","?","M","M","?","R","E","R","T","M","$","E","R","$","R","B",null,"M","?","?","?","?","R","E","?","T","$","M","M","M","$","R","B",null,"M","M","M","?","M","R","E","$","T","$","M","?","M","?","R","B",null],"character_chosen":"DEFECT","items_purchased":["Membership Card","Undo","Cold Snap","Blizzard","Discovery","Defragment"],"campfire_rested":2,"item_purchase_floors":[11,11,14,27,31,42],"current_hp_per_floor":[75,63,63,63,63,63,38,38,38,13,13,13,13,13,13,8,75,72,72,72,72,72,72,51,51,51,51,35,22,12,12,12,11,75,64,66,44,44,27,49,33,33,33,33,27,27,2,2,24,24],"gold":207,"neow_bonus":"TRANSFORM_CARD","is_daily":false,"chose_seed":false,"campfire_upgraded":6,"win_rate":0.0,"timestamp":1610248829,"path_taken":["M","?","M","M","?","R","E","R","T","?","$","E","R","$","R","BOSS","M","?","?","?","?","R","E","?","T","$","M","M","M","$","R","BOSS","M","M","M","?","M","R","E","$","T","$","M","?","M","?","R","BOSS"],"items_purchased_type":["Relic","Card","Card","Card","Card","Card"],"build_version":"2020-12-22","purchased_purges":3,"victory":true,"max_hp_per_floor":[75,75,75,75,75,75,75,75,75,75,75,75,75,75,75,75,75,75,75,75,75,75,75,75,75,75,75,75,75,75,75,75,75,75,75,75,75,75,75,75,75,75,75,75,75,75,75,75,75,75],"card_choices":[{"not_picked":["Conserve Battery","Ball Lightning"],"picked":"Coolheaded","floor":1.0},{"not_picked":["Cold Snap","Loop"],"picked":"Echo Form","floor":3.0},{"not_picked":["Compile Driver","Stack","Aggregate"],"picked":"SKIP","floor":4.0},{"not_picked":["Compile Driver","Stack","Aggregate"],"picked":"SKIP","floor":4.0},{"not_picked":["White Noise","Ball Lightning"],"picked":"Defragment","floor":7.0},{"not_picked":["Stack","Gash","Aggregate"],"picked":"SKIP","floor":10.0},{"not_picked":["Melter","Sweeping Beam","Go for the Eyes"],"picked":"SKIP","floor":12.0},{"not_picked":["All For One","Buffer"],"picked":"Seek","floor":16.0},{"not_picked":["Turbo","Redo"],"picked":"Ball Lightning+1","floor":18.0},{"not_picked":["Redo","Conserve Battery","Streamline"],"picked":"SKIP","floor":24.0},{"not_picked":["Gash","Cold Snap"],"picked":"Coolheaded","floor":28.0},{"not_picked":["Aggregate","Gash","Stack"],"picked":"SKIP","floor":29.0},{"not_picked":["Ball Lightning","Tempest"],"picked":"Coolheaded","floor":30.0},{"not_picked":["Buffer","Amplify"],"picked":"Electrodynamics","floor":33},{"not_picked":["Gash","Beam Cell+1","Chill+1"],"picked":"SKIP","floor":35},{"not_picked":["Blizzard","Hologram","Rebound+1"],"picked":"SKIP","floor":36},{"not_picked":["Cold Snap+1","Leap+1","Steam Power+1"],"picked":"SKIP","floor":37},{"not_picked":["Rebound+1","Hologram+1","Stack"],"picked":"SKIP","floor":39},{"not_picked":["Sweeping Beam+1","Reprogram","Multi-Cast"],"picked":"SKIP","floor":41},{"not_picked":["Cold Snap","Gash","Recycle+1"],"picked":"SKIP","floor":45},{"not_picked":["Steam","Compile Driver+1","Stack+1"],"picked":"SKIP","floor":47}],"player_experience":336620,"relics_obtained":[{"floor":7.0,"key":"Nunchaku"},{"floor":9.0,"key":"Gremlin Horn"},{"floor":12.0,"key":"Juzu Bracelet"},{"floor":24.0,"key":"Shovel"},{"floor":26.0,"key":"Bronze Scales"},{"floor":34,"key":"Blood Vial"},{"floor":34,"key":"White Beast Statue"},{"floor":34,"key":"Ice Cream"},{"floor":41,"key":"Ancient Tea Set"}],"event_choices":[{"damage_healed":0.0,"max_hp_gain":0.0,"max_hp_loss":0.0,"gold_gain":0.0,"event_name":"Scrap Ooze","player_choice":"Success","floor":2.0,"gold_loss":0.0,"damage_taken":12.0,"relics_obtained":["InkBottle"]},{"cards_removed":["Strike_B"],"damage_healed":0.0,"max_hp_gain":0.0,"max_hp_loss":0.0,"gold_gain":0.0,"event_name":"Bonfire Elementals","player_choice":"Offered Basic","floor":5.0,"gold_loss":0.0,"damage_taken":0.0},{"damage_healed":0.0,"max_hp_gain":0.0,"max_hp_loss":0.0,"gold_gain":0.0,"event_name":"Designer","player_choice":"Upgraded Two","floor":19.0,"gold_loss":40.0,"damage_taken":0.0,"cards_upgraded":["Undo","Dualcast"]},{"damage_healed":0.0,"max_hp_gain":0.0,"max_hp_loss":0.0,"gold_gain":0.0,"event_name":"Addict","player_choice":"Obtained Relic","floor":20.0,"gold_loss":85.0,"damage_taken":0.0,"relics_obtained":["Art of War"]},{"cards_removed":["Strike_B"],"damage_healed":0.0,"max_hp_gain":0.0,"max_hp_loss":0.0,"gold_gain":0.0,"event_name":"Back to Basics","player_choice":"Elegance","floor":21.0,"gold_loss":0.0,"damage_taken":0.0},{"damage_healed":0.0,"max_hp_gain":0.0,"max_hp_loss":0.0,"gold_gain":0.0,"event_name":"Masked Bandits","player_choice":"Paid Fearfully","floor":22.0,"gold_loss":6.0,"damage_taken":0.0},{"damage_healed":0.0,"max_hp_gain":0.0,"max_hp_loss":0.0,"gold_gain":0.0,"event_name":"Cursed Tome","player_choice":"Ignored","floor":25.0,"gold_loss":0.0,"damage_taken":0.0},{"damage_healed":0,"gold_gain":0,"player_choice":"Gave Potion","damage_taken":0,"relics_obtained":["Symbiotic Virus"],"max_hp_gain":0,"max_hp_loss":0,"event_name":"WeMeetAgain","floor":38,"gold_loss":0},{"cards_removed":["Defend_B"],"damage_healed":0,"gold_gain":0,"player_choice":"Removed Skill","damage_taken":0,"max_hp_gain":0,"max_hp_loss":0,"event_name":"Falling","floor":46,"gold_loss":0},{"damage_healed":0,"gold_gain":100,"player_choice":"Pray","damage_taken":0,"max_hp_gain":0,"max_hp_loss":0,"event_name":"Golden Shrine","floor":48,"gold_loss":0}],"is_beta":false,"boss_relics":[{"not_picked":["Runic Dome","Nuclear Battery"],"picked":"Sozu"},{"not_picked":["Cursed Key","Black Star"],"picked":"Calling Bell"}],"items_purged_floors":[27,42,44],"is_endless":false,"potions_floor_spawned":[4,10,12,16,29,30,35,36,37,39,41,45,47],"ascension_level":2}}