{"host":"b4asi0laiv85suj9","time":1610255558,"event":{"mods":["ATMod(°¢èªMod)","BaseMod","Colored Powertips","Minty Spire (QoL Compilation)","MostiFishMod","Quick Restart","Relic Stats","Shop Mod","StSLib","TestMod","noobMod"],"gold_per_floor":[117,517,527,546,557,585,585,585,610,645,645,685,703,716,716,811,811,840,840,840,854,877,921,921,943,943,943,983,1008,1042,1066,1066,1165,1165,1191,1215,1215,1215,1239,1280,1306,1350,1350,1350,1374,1374,1374,1413,1413,1420,1424,1424,1424,1424,1468,1477],"floor_reached":57,"playtime":2076,"items_purged":["Defend_R","Defend_R","Defend_R","Defend_R","Armaments+1"],"score":3823,"play_id":"1304fe36-0c41-4955-a0a7-d00607b820ce","local_time":"20210110131238","is_ascension_mode":true,"campfire_choices":[{"data":"MostiFishMod:PerfectStrikeMKII","floor":7.0,"key":"SMITH"},{"data":"Armaments","floor":15.0,"key":"SMITH"},{"data":"MostiFishMod:404NotFound","floor":24,"key":"SMITH"},{"data":"MostiFishMod:FlyOverUtopia","floor":32,"key":"SMITH"},{"data":"Offering","floor":47,"key":"SMITH"},{"floor":49,"key":"RECALL"},{"data":"MostiFishMod:DarkDeal","floor":53,"key":"SMITH"}],"circlet_count":0,"master_deck":["AscendersBane","Strike_R","Strike_R","Strike_R+1","Strike_R","Bash","AT_IchimonjiDouble+1","Hemokinesis","Burning Pact","Bloodletting","Shrug It Off","MostiFishMod:PerfectStrikeMKII+1","MostiFishMod:WingOfPhoenix","Shrug It Off","Offering+1","AT_IchimonjiDouble","MostiFishMod:PerfectStrikeMKII","MostiFishMod:404NotFound+1","Rupture","AT_ShrugMaster","Combust","Rupture","AT_Dispersion","Pommel Strike","Evolve","Hemokinesis","Exhume","MostiFishMod:FlyOverUtopia+1","True Grit+1","MostiFishMod:ChineseTea","MostiFishMod:DarkDeal+1","MostiFishMod:PerfectStrikeMKII","Berserk+1","AT_DiedThrough+1","MostiFishMod:PerfectStrikeMKII+1"],"relics":["Burning Blood","ice","AT_ATBox","NeowsBlessing","testmod-RealStoneCalender","Transparent","SynthV:TestCard","Blood Vial","Golden Idol","Whetstone","testmod-Acrobat","AT_BellDemon","StoneCalendar","AT_BladeRuinedKing","Strawberry","DiscerningMonocle","testmod-AssaultLearning","Nloth\u0027s Gift","ArrowTower","MealTicket","Orrery","Nunchaku","Red Skull","testmod-TurbochargingSystem","AT_ChloranthyRing","Boot","AT_ArchangelStaff","Regal Pillow","Brimstone","DianPoetry","testmod-ArcanaOfDestiny","testmod-Justice","SentryEyes","Omamori","AT_DeathDance","Centennial Puzzle","Coffee Dripper","Thread and Needle","Toxic Egg 2","Ancient Tea Set","BrkXgEgg","Bag of Preparation","Oddly Smooth Stone","Art of War","Potion Belt","Ornamental Fan","AT_ImmortalShieldbow","testmod-OneHitWonder","Meat on the Bone","Magic Flower","Toolbox","Dream Catcher","Paper Frog","Civilization","Pen Nib","White Beast Statue","Incense Burner","Cauldron","SynthV:C4"],"acts_visited":["Exordium","TheCity","TheBeyond","TheEnding"],"potions_floor_usage":[56,56],"damage_taken":[{"damage":7.0,"enemies":"Jaw Worm","floor":1.0,"turns":1.0},{"damage":9.0,"enemies":"2 Louse","floor":3.0,"turns":1.0},{"damage":7.0,"enemies":"Cultist","floor":4.0,"turns":1.0},{"damage":19.0,"enemies":"Blue Slaver","floor":5.0,"turns":2.0},{"damage":18.0,"enemies":"Lagavulin","floor":6.0,"turns":2.0},{"damage":18.0,"enemies":"3 Sentries","floor":10.0,"turns":2.0},{"damage":16.0,"enemies":"Lagavulin","floor":12.0,"turns":2.0},{"damage":16.0,"enemies":"Exordium Wildlife","floor":13.0,"turns":2.0},{"damage":7.0,"enemies":"Looter","floor":14.0,"turns":1.0},{"damage":16.0,"enemies":"Slime Boss","floor":16.0,"turns":2.0},{"damage":27.0,"enemies":"Shell Parasite","floor":18.0,"turns":2.0},{"damage":8.0,"enemies":"3 Byrds","floor":21.0,"turns":1.0},{"damage":8.0,"enemies":"Snake Plant","floor":22.0,"turns":1.0},{"damage":76,"enemies":"Slavers","floor":23,"turns":2},{"damage":27,"enemies":"Chosen and Byrds","floor":25,"turns":2},{"damage":25,"enemies":"Gremlin Leader","floor":28,"turns":2},{"damage":17,"enemies":"Shelled Parasite and Fungi","floor":29,"turns":1},{"damage":17,"enemies":"Slavers","floor":30,"turns":1},{"damage":12,"enemies":"Sentry and Sphere","floor":31,"turns":1},{"damage":29,"enemies":"Champ","floor":33,"turns":1},{"damage":12,"enemies":"Orb Walker","floor":35,"turns":1},{"damage":19,"enemies":"3 Darklings","floor":36,"turns":1},{"damage":26,"enemies":"Maw","floor":39,"turns":2},{"damage":28,"enemies":"Giant Head","floor":40,"turns":2},{"damage":20,"enemies":"4 Shapes","floor":41,"turns":2},{"damage":15,"enemies":"Nemesis","floor":42,"turns":1},{"damage":12,"enemies":"3 Darklings","floor":45,"turns":1},{"damage":18,"enemies":"Giant Head","floor":48,"turns":1},{"damage":30,"enemies":"Awakened One","floor":50,"turns":2},{"damage":26,"enemies":"Time Eater","floor":51,"turns":2},{"damage":13,"enemies":"Shield and Spear","floor":55,"turns":1},{"damage":54,"enemies":"The Heart","floor":56,"turns":4}],"seed_played":"8009581521961839810","potions_obtained":[{"floor":1.0,"key":"Strength Potion"},{"floor":3.0,"key":"ColorlessPotion"},{"floor":10.0,"key":"AttackPotion"},{"floor":21.0,"key":"ElixirPotion"},{"floor":23,"key":"PowerPotion"},{"floor":41,"key":"PowerPotion"},{"floor":54,"key":"EntropicBrew"}],"is_trial":false,"path_per_floor":["M","?","M","M","M","E","R","?","T","E","?","E","M","M","R","B",null,"M","?","$","M","M","E","R","M","T","$","E","M","E","M","R","B",null,"M","M","?","$","M","E","M","E","T","$","M","T","R","E","R","B","B",null,"R","$","E","B",null],"character_chosen":"IRONCLAD","items_purchased":["ArrowTower","MealTicket","MostiFishMod:PerfectStrikeMKII","Orrery","AT_ArchangelStaff","Regal Pillow","Exhume","Brimstone","Toxic Egg 2","Ancient Tea Set","BrkXgEgg","Meat on the Bone","Magic Flower","Toolbox","HeartOfIron","White Beast Statue","Incense Burner","Cauldron"],"campfire_rested":0,"item_purchase_floors":[20,20,20,20,27,27,27,27,38,38,38,44,44,44,44,54,54,54],"current_hp_per_floor":[75,75,75,75,75,75,75,49,49,75,68,75,75,75,75,82,82,82,82,82,82,82,82,82,82,82,82,82,82,82,82,82,82,82,82,82,82,82,82,82,82,82,82,82,82,82,82,82,82,87,93,93,93,93,101,148],"gold":1477,"neow_bonus":"THREE_ENEMY_KILL","is_daily":false,"chose_seed":false,"campfire_upgraded":6,"win_rate":0.0,"timestamp":1610255558,"path_taken":["M","?","M","M","M","E","R","?","T","E","?","E","M","M","R","BOSS","M","?","$","M","M","E","R","M","T","$","E","?","E","M","R","BOSS","M","M","?","$","M","E","M","E","T","$","M","?","R","E","R","BOSS","BOSS","R","$","E","BOSS"],"items_purchased_type":["Relic","Relic","Card","Relic","Relic","Relic","Card","Relic","Relic","Relic","Relic","Relic","Relic","Relic","Potion","Relic","Relic","Relic"],"build_version":"2020-12-22","purchased_purges":5,"victory":true,"max_hp_per_floor":[75,75,75,75,75,75,75,75,75,75,75,75,75,75,75,82,82,82,82,82,82,82,82,82,82,82,82,82,82,82,82,82,82,82,82,82,82,82,82,82,82,82,82,82,82,82,82,82,82,87,93,93,93,93,101,148],"relic_stats":{"Regal Pillow":0,"counters":[32,49],"Golden Idol":218,"Magic Flower":[31],"StoneCalendar":[0],"Pen Nib":[1],"Bag of Preparation":[18],"Whetstone":["Strike_R","AT_IchimonjiDouble"],"Boot":[71],"Burning Blood":204,"Blood Vial":4,"Nunchaku":[7],"Centennial Puzzle":[0],"Dream Catcher":0,"Ornamental Fan":[16],"MealTicket":0,"Nloth\u0027s Gift":12,"Art of War":[0],"obtain_stats":[{"AT_ATBox":0,"ice":0,"Whetstone":9,"Boot":25,"AT_ArchangelStaff":27,"Blood Vial":6,"Centennial Puzzle":33,"Strawberry":16,"MealTicket":20,"Toxic Egg 2":38,"testmod-TestBox":0,"Oddly Smooth Stone":40,"Pen Nib":48,"testmod-RealStoneCalender":0,"Transparent":0,"Brimstone":27,"testmod-Acrobat":10,"SentryEyes":30,"Nloth\u0027s Gift":19,"AT_DeathDance":31,"ArrowTower":20,"testmod-OneHitWonder":43,"Meat on the Bone":44,"AT_BellDemon":12,"Regal Pillow":27,"DaveBox":0,"DiscerningMonocle":17,"DianPoetry":28,"Magic Flower":44,"StoneCalendar":13,"Bag of Preparation":39,"Incense Burner":54,"Ancient Tea Set":38,"Burning Blood":0,"SynthV:C4":55,"Civilization":48,"Nunchaku":21,"Dream Catcher":45,"Toolbox":44,"Red Skull":22,"testmod-ArcanaOfDestiny":28,"Paper Frog":46,"AT_ChloranthyRing":23,"Potion Belt":41,"NeowsBlessing":0,"Golden Idol":8,"Thread and Needle":36,"AT_BladeRuinedKing":14,"BrkXgEgg":38,"Omamori":30,"testmod-TurbochargingSystem":23,"testmod-Justice":29,"White Beast Statue":54,"AT_ImmortalShieldbow":42,"Cauldron":54,"SynthV:TestCard":1,"Ornamental Fan":42,"testmod-AssaultLearning":18,"Orrery":20,"Coffee Dripper":34,"Art of War":40},{"AT_ATBox":0,"ice":0,"Whetstone":5,"Boot":15,"AT_ArchangelStaff":15,"Blood Vial":5,"Centennial Puzzle":20,"Strawberry":10,"MealTicket":11,"Toxic Egg 2":22,"testmod-TestBox":0,"Oddly Smooth Stone":24,"Pen Nib":28,"testmod-RealStoneCalender":0,"Transparent":0,"Brimstone":15,"testmod-Acrobat":6,"SentryEyes":18,"Nloth\u0027s Gift":11,"AT_DeathDance":19,"ArrowTower":11,"testmod-OneHitWonder":26,"Meat on the Bone":26,"AT_BellDemon":7,"Regal Pillow":15,"DaveBox":0,"DiscerningMonocle":10,"DianPoetry":16,"Magic Flower":26,"StoneCalendar":8,"Bag of Preparation":23,"Incense Burner":30,"Ancient Tea Set":22,"Burning Blood":0,"SynthV:C4":31,"Civilization":28,"Nunchaku":12,"Dream Catcher":27,"Toolbox":26,"Red Skull":13,"testmod-ArcanaOfDestiny":16,"Paper Frog":27,"AT_ChloranthyRing":14,"Potion Belt":25,"NeowsBlessing":0,"Golden Idol":5,"Thread and Needle":22,"AT_BladeRuinedKing":9,"BrkXgEgg":22,"Omamori":18,"testmod-TurbochargingSystem":14,"testmod-Justice":17,"White Beast Statue":30,"AT_ImmortalShieldbow":26,"Cauldron":30,"SynthV:TestCard":1,"Ornamental Fan":26,"testmod-AssaultLearning":11,"Orrery":11,"Coffee Dripper":20,"Art of War":24},{"AT_ATBox":0,"ice":0,"Whetstone":7,"Boot":24,"AT_ArchangelStaff":24,"Blood Vial":7,"Centennial Puzzle":30,"Strawberry":16,"MealTicket":18,"Toxic Egg 2":32,"testmod-TestBox":0,"Oddly Smooth Stone":36,"Pen Nib":40,"testmod-RealStoneCalender":0,"Transparent":0,"Brimstone":24,"testmod-Acrobat":9,"SentryEyes":28,"Nloth\u0027s Gift":18,"AT_DeathDance":29,"ArrowTower":18,"testmod-OneHitWonder":38,"Meat on the Bone":38,"AT_BellDemon":11,"Regal Pillow":24,"DaveBox":0,"DiscerningMonocle":16,"DianPoetry":26,"Magic Flower":38,"StoneCalendar":13,"Bag of Preparation":34,"Incense Burner":44,"Ancient Tea Set":32,"Burning Blood":0,"SynthV:C4":45,"Civilization":40,"Nunchaku":19,"Dream Catcher":39,"Toolbox":38,"Red Skull":20,"testmod-ArcanaOfDestiny":26,"Paper Frog":39,"AT_ChloranthyRing":22,"Potion Belt":37,"NeowsBlessing":0,"Golden Idol":7,"Thread and Needle":32,"AT_BladeRuinedKing":14,"BrkXgEgg":32,"Omamori":28,"testmod-TurbochargingSystem":22,"testmod-Justice":27,"White Beast Statue":44,"AT_ImmortalShieldbow":38,"Cauldron":44,"SynthV:TestCard":1,"Ornamental Fan":38,"testmod-AssaultLearning":18,"Orrery":18,"Coffee Dripper":30,"Art of War":36}],"Meat on the Bone":18},"card_choices":[{"not_picked":["Spot Weakness","Reckless Charge"],"picked":"Hemokinesis","floor":1.0},{"not_picked":["Searing Blow","Power Through","Intimidate","Sword Boomerang"],"picked":"Burning Pact","floor":3.0},{"not_picked":["Twin Strike","Perfected Strike","Intimidate","Heavy Blade"],"picked":"Bloodletting","floor":4.0},{"not_picked":["Uppercut","AT_IchimonjiDouble","Twin Strike","Reckless Charge"],"picked":"Shrug It Off","floor":5.0},{"not_picked":["Dropkick","Carnage","Spot Weakness","Whirlwind"],"picked":"MostiFishMod:PerfectStrikeMKII","floor":6.0},{"not_picked":["Sword Boomerang","Heavy Blade","Havoc","Body Slam"],"picked":"MostiFishMod:WingOfPhoenix","floor":10.0},{"not_picked":["Clash","Havoc","Seeing Red","Thunderclap","Metallicize"],"picked":"SKIP","floor":12.0},{"not_picked":["Twin Strike","Heavy Blade","Warcry","AT_DiedThrough"],"picked":"Armaments","floor":13.0},{"not_picked":["Heavy Blade","Pummel","Twin Strike","Flame Barrier"],"picked":"Shrug It Off","floor":14.0},{"not_picked":["MostiFishMod:ChineseTea","Double Tap","Exhume","Reaper"],"picked":"Offering","floor":16.0},{"not_picked":["Headbutt+1","Warcry","Entrench","MostiFishMod:#F4004"],"picked":"AT_IchimonjiDouble","floor":18.0},{"not_picked":["Sword Boomerang","Iron Wave","Heavy Blade","Havoc"],"picked":"MostiFishMod:404NotFound","floor":20.0},{"not_picked":["AT_DiedThrough","Body Slam+1","Thunderclap","Clothesline"],"picked":"Rupture","floor":20.0},{"not_picked":["Whirlwind","Perfected Strike","AT_BodySlamDance","Clash"],"picked":"AT_ShrugMaster","floor":20.0},{"not_picked":["MostiFishMod:#F4004+1","AT_BodySlamDance","Sword Boomerang","Armaments"],"picked":"Combust","floor":20.0},{"not_picked":["Fire Breathing","Thunderclap","MostiFishMod:Mania","Wild Strike"],"picked":"Rupture","floor":20.0},{"not_picked":["AT_GerminateFire","Cleave","Heavy Blade","Headbutt"],"picked":"AT_Dispersion","floor":21.0},{"not_picked":["Flex","Armaments","Blood for Blood","Clothesline"],"picked":"Pommel Strike","floor":22.0},{"not_picked":["MostiFishMod:#F4004","Infernal Blade","AT_DrawKnifeCut","Burning Pact"],"picked":"Evolve","floor":23},{"not_picked":["Clothesline+1","Seeing Red","Body Slam","Havoc"],"picked":"Hemokinesis","floor":25},{"not_picked":["Immolate","Whirlwind","Inflame","Corruption"],"picked":"MostiFishMod:FlyOverUtopia","floor":28},{"not_picked":["AT_DiedThrough","AT_ManFootWork","Power Through","Pommel Strike"],"picked":"True Grit+1","floor":29},{"not_picked":["Clothesline","MostiFishMod:#F4004","Combust","Feed","AT_DrawKnifeCut+1"],"picked":"SKIP","floor":30},{"not_picked":["Entrench+1","Reckless Charge","Warcry","Flex"],"picked":"MostiFishMod:ChineseTea","floor":31},{"not_picked":["MostiFishMod:404NotFound","Double Tap","Feed","Impervious"],"picked":"MostiFishMod:DarkDeal","floor":33},{"not_picked":["Rampage+1","Clash+1","Havoc+1","AT_BodySlamDance","True Grit"],"picked":"SKIP","floor":35},{"not_picked":["AT_BodySlamDance+1","Clothesline","Perfected Strike","Evolve+1"],"picked":"MostiFishMod:PerfectStrikeMKII","floor":36},{"not_picked":["Warcry+1","Feel No Pain","Reaper+1","AT_BodySlamDance+1"],"picked":"Berserk+1","floor":39},{"not_picked":["Warcry+1","Twin Strike+1","Brutality+1","Pummel"],"picked":"AT_DiedThrough+1","floor":40},{"not_picked":["Armaments+1","Wild Strike","Perfected Strike","Brutality+1","Clash"],"picked":"SKIP","floor":41},{"not_picked":["Pummel","Intimidate+1","Twin Strike","Double Tap+1"],"picked":"MostiFishMod:PerfectStrikeMKII+1","floor":42},{"not_picked":["Sword Boomerang","MostiFishMod:WingOfPhoenix+1","Intimidate+1","Pommel Strike","Shrug It Off+1"],"picked":"SKIP","floor":45},{"not_picked":["Pummel","AT_IchimonjiDouble","Sever Soul","Fiend Fire+1","Sentinel+1"],"picked":"SKIP","floor":48},{"not_picked":["Wild Strike","True Grit+1","Searing Blow","MostiFishMod:#F4004+1","Carnage"],"picked":"SKIP","floor":55}],"player_experience":296542,"relics_obtained":[{"floor":1.0,"key":"SynthV:TestCard"},{"floor":6.0,"key":"Blood Vial"},{"floor":9.0,"key":"Whetstone"},{"floor":10.0,"key":"testmod-Acrobat"},{"floor":12.0,"key":"AT_BellDemon"},{"floor":13.0,"key":"StoneCalendar"},{"floor":14.0,"key":"AT_BladeRuinedKing"},{"floor":16.0,"key":"Strawberry"},{"floor":18.0,"key":"testmod-AssaultLearning"},{"floor":21.0,"key":"Nunchaku"},{"floor":22.0,"key":"Red Skull"},{"floor":23,"key":"testmod-TurbochargingSystem"},{"floor":23,"key":"AT_ChloranthyRing"},{"floor":25,"key":"Boot"},{"floor":28,"key":"DianPoetry"},{"floor":28,"key":"testmod-ArcanaOfDestiny"},{"floor":29,"key":"testmod-Justice"},{"floor":30,"key":"SentryEyes"},{"floor":30,"key":"Omamori"},{"floor":31,"key":"AT_DeathDance"},{"floor":33,"key":"Centennial Puzzle"},{"floor":36,"key":"Thread and Needle"},{"floor":39,"key":"Bag of Preparation"},{"floor":40,"key":"Oddly Smooth Stone"},{"floor":40,"key":"Art of War"},{"floor":41,"key":"Potion Belt"},{"floor":42,"key":"Ornamental Fan"},{"floor":42,"key":"AT_ImmortalShieldbow"},{"floor":43,"key":"testmod-OneHitWonder"},{"floor":45,"key":"Dream Catcher"},{"floor":46,"key":"Paper Frog"},{"floor":48,"key":"Civilization"},{"floor":48,"key":"Pen Nib"},{"floor":55,"key":"SynthV:C4"}],"event_choices":[{"damage_healed":0.0,"max_hp_gain":0.0,"max_hp_loss":0.0,"gold_gain":400.0,"event_name":"¶÷ÂåË¹µÄÅÌ×Ó","player_choice":"Sell","floor":2.0,"relics_lost":["testmod-TestBox"],"gold_loss":0.0,"damage_taken":0.0},{"damage_healed":0.0,"max_hp_gain":0.0,"max_hp_loss":0.0,"gold_gain":0.0,"event_name":"Golden Idol","player_choice":"Take Damage","floor":8.0,"gold_loss":0.0,"damage_taken":26.0,"relics_obtained":["Golden Idol"]},{"cards_removed":["Strike_R"],"damage_healed":0.0,"max_hp_gain":0.0,"max_hp_loss":0.0,"gold_gain":0.0,"event_name":"Golden Wing","player_choice":"Card Removal","floor":11.0,"gold_loss":0.0,"damage_taken":7.0},{"damage_healed":0.0,"max_hp_gain":0.0,"max_hp_loss":0.0,"gold_gain":0.0,"event_name":"N\u0027loth","player_choice":"Traded Relic","floor":19.0,"relics_lost":["DaveBox"],"gold_loss":0.0,"damage_taken":0.0,"relics_obtained":["Nloth\u0027s Gift"]},{"damage_healed":0,"gold_gain":0,"player_choice":"Ignored","damage_taken":0,"max_hp_gain":0,"max_hp_loss":0,"event_name":"The Moai Head","floor":37,"gold_loss":0}],"is_beta":false,"boss_relics":[{"not_picked":["testmod-IncinerationGenerator","Astrolabe"],"picked":"DiscerningMonocle"},{"not_picked":["ExusiaiGun","Cursed Key"],"picked":"Coffee Dripper"}],"items_purged_floors":[20,27,38,44,54],"is_endless":false,"potions_floor_spawned":[1,3,6,10,16,21,23,30,33,36,40,41,55],"ascension_level":20}}