{"host":"0jile2yd1dg679g0","time":1610254438,"event":{"mods":["AchievementEnabler","Act Like it!","BaseMod","Better Third Choice","Colored Map","Colored Powertips","Gensokyo","Hermit","Luminous","Marisa????????","Minty Spire (QoL Compilation)","Random Character Button","Spicy Shops","StSLib","The Servant 0.9.4","Transform Curses","Waifu the Spire"],"gold_per_floor":[14,14,34,34,11,46,46,61,87,87,99,117,117,137,137,237,237,257,290,290,307,37,65,65,82,82,82,99,99,134,33,33,136,136,154,376,388,401,421,421,452,470,470,497,497,513,537,537,537,537,537],"floor_reached":50,"playtime":3640,"items_purged":[],"score":675,"play_id":"c4410380-6d8b-48ac-bd16-926b4c538964","local_time":"20210109235358","is_ascension_mode":true,"campfire_choices":[{"data":"Biased Cognition","floor":7,"key":"SMITH"},{"data":"Zap","floor":10,"key":"SMITH"},{"data":"Redo","floor":13,"key":"SMITH"},{"data":"Tempest","floor":15,"key":"SMITH"},{"floor":24,"key":"REST"},{"floor":27,"key":"REST"},{"floor":29,"key":"REST"},{"data":"Static Discharge","floor":32,"key":"SMITH"},{"floor":40,"key":"REST"},{"floor":49,"key":"RECALL"}],"circlet_count":0,"master_deck":["Strike_B","Strike_B","Defend_B","Defend_B","Defend_B","Defend_B","Zap+1","Dualcast","Biased Cognition+1","Ball Lightning","Beam Cell","Leap","Leap","Hologram","Beam Cell","Cold Snap","Redo+1","Tempest+1","Amplify","CurseOfTheBell","Ball Lightning","Electrodynamics","Hologram","Redo","Chaos","Static Discharge+1","Tempest+1","Self Repair+1","Steam","Mind Blast","Biased Cognition","FTL+1","Defragment+1","Redo+1","Stack+1","Glacier+1","Storm+1","Buffer","Good Instincts","Hello World+1","Leap"],"relics":["Cracked Core","Vajra","Akabeko","Calling Bell","Bronze Scales","Gremlin Horn","Bird Faced Urn","Red Mask","HornCleat","Centennial Puzzle","Tiny Chest","Matryoshka","Fusion Hammer","Pear","PreservedInsect","Blue Candle","The Courier","Art of War","Omamori"],"acts_visited":["Exordium","TheCity","TheBeyond"],"potions_floor_usage":[23,30,33,50],"damage_taken":[{"damage":0,"enemies":"Small Slimes","floor":1,"turns":2},{"damage":2,"enemies":"Jaw Worm","floor":3,"turns":3},{"damage":14,"enemies":"Gremlin Nob","floor":6,"turns":4},{"damage":0,"enemies":"Cultist","floor":8,"turns":3},{"damage":0,"enemies":"Blue Slaver","floor":11,"turns":2},{"damage":3,"enemies":"Exordium Wildlife","floor":12,"turns":2},{"damage":3,"enemies":"3 Louse","floor":14,"turns":2},{"damage":23,"enemies":"The Guardian","floor":16,"turns":8},{"damage":0,"enemies":"Spheric Guardian","floor":18,"turns":3},{"damage":10,"enemies":"Masked Bandits","floor":19,"turns":4},{"damage":25,"enemies":"2 Thieves","floor":21,"turns":3},{"damage":51,"enemies":"Slavers","floor":23,"turns":4},{"damage":13,"enemies":"Shelled Parasite and Fungi","floor":25,"turns":2},{"damage":0,"enemies":"Snecko","floor":28,"turns":3},{"damage":5,"enemies":"Gremlin Leader","floor":30,"turns":4},{"damage":45,"enemies":"Automaton","floor":33,"turns":8},{"damage":1,"enemies":"3 Darklings","floor":35,"turns":2},{"damage":9,"enemies":"3 Shapes","floor":37,"turns":3},{"damage":3,"enemies":"Jaw Worm Horde","floor":38,"turns":3},{"damage":0,"enemies":"4 Shapes","floor":39,"turns":1},{"damage":38,"enemies":"Giant Head","floor":41,"turns":6},{"damage":12,"enemies":"Writhing Mass","floor":42,"turns":2},{"damage":2,"enemies":"Reptomancer","floor":44,"turns":3},{"damage":0,"enemies":"Transient","floor":46,"turns":5},{"damage":164,"enemies":"Awakened One","floor":50,"turns":10}],"seed_played":"-665409563507101592","potions_obtained":[{"floor":3,"key":"Weak Potion"},{"floor":11,"key":"FearPotion"},{"floor":16,"key":"FairyPotion"},{"floor":18,"key":"Regen Potion"},{"floor":28,"key":"FocusPotion"},{"floor":30,"key":"Weak Potion"},{"floor":35,"key":"LiquidBronze"},{"floor":39,"key":"BlessingOfTheForge"},{"floor":41,"key":"Block Potion"},{"floor":46,"key":"BlessingOfTheForge"}],"is_trial":false,"path_per_floor":["M","?","M","?","$","E","R","M","T","R","M","M","R","M","R","B",null,"M","?","?","M","$","E","R","M","T","R","M","R","E","$","R","B",null,"M","?","M","M","M","R","E","M","T","E","?","M","T","?","R","B"],"character_chosen":"DEFECT","items_purchased":["Leap","HornCleat","Chaos","Static Discharge","Mind Blast"],"campfire_rested":4,"item_purchase_floors":[5,22,22,22,31],"current_hp_per_floor":[75,75,73,75,75,61,61,61,61,61,61,58,58,55,55,32,75,75,67,67,44,44,7,29,20,20,42,58,75,75,75,75,42,75,75,75,75,75,75,75,63,59,59,75,75,85,85,85,85,0,0],"gold":537,"neow_bonus":"THREE_RARE_CARDS","is_daily":false,"chose_seed":false,"campfire_upgraded":5,"win_rate":0.0,"timestamp":1610254438,"path_taken":["M","?","M","?","$","E","R","M","T","R","M","M","R","M","R","BOSS","M","?","?","?","$","E","R","M","T","R","M","R","E","$","R","BOSS","M","?","M","M","M","R","E","M","T","E","?","?","?","?","R","BOSS"],"items_purchased_type":["Card","Relic","Card","Card","Card"],"build_version":"2020-12-22","purchased_purges":0,"victory":false,"max_hp_per_floor":[75,75,75,75,75,75,75,75,75,75,75,75,75,75,75,75,75,75,75,75,75,75,75,75,75,75,75,75,75,75,75,75,75,75,75,75,75,75,75,75,85,85,85,85,85,85,85,85,85,85,85],"card_choices":[{"not_picked":["Core Surge","Reboot"],"picked":"Biased Cognition","floor":0},{"not_picked":["Rebound","Go for the Eyes"],"picked":"Ball Lightning","floor":1},{"not_picked":["Conserve Battery","Lockon"],"picked":"Leap","floor":3},{"not_picked":["Streamline","Steam"],"picked":"Hologram","floor":6},{"not_picked":["Heatsinks","Conserve Battery"],"picked":"Beam Cell","floor":8},{"not_picked":["Compile Driver","Beam Cell"],"picked":"Cold Snap","floor":11},{"not_picked":["Heatsinks","Hologram"],"picked":"Redo","floor":12},{"not_picked":["Stack","Core Surge"],"picked":"Tempest","floor":14},{"not_picked":["Seek","Multi-Cast"],"picked":"Amplify","floor":16},{"not_picked":["Cold Snap+1","Compile Driver+1"],"picked":"Ball Lightning","floor":18},{"not_picked":["Compile Driver","Steam"],"picked":"Electrodynamics","floor":19},{"not_picked":["Melter+1","Compile Driver"],"picked":"Redo","floor":21},{"not_picked":["Stack+1","Glacier"],"picked":"Tempest+1","floor":23},{"not_picked":["White Noise","Aggregate+1"],"picked":"Self Repair+1","floor":25},{"not_picked":["Fusion","Reprogram","Cold Snap"],"picked":"SKIP","floor":28},{"not_picked":["Heatsinks","Fusion"],"picked":"Steam","floor":30},{"not_picked":["Multi-Cast","Core Surge"],"picked":"Biased Cognition","floor":33},{"not_picked":["Storm+1","Cold Snap+1"],"picked":"FTL+1","floor":35},{"not_picked":["Ball Lightning","Barrage"],"picked":"Defragment+1","floor":37},{"not_picked":["Go for the Eyes+1","Hologram"],"picked":"Redo+1","floor":38},{"not_picked":["Genetic Algorithm","Streamline+1"],"picked":"Stack+1","floor":39},{"not_picked":["Force Field+1","Chill","Gash+1"],"picked":"SKIP","floor":41},{"not_picked":["Barrage","Static Discharge"],"picked":"Glacier+1","floor":42},{"not_picked":["Skim+1","Capacitor+1"],"picked":"Storm+1","floor":44},{"not_picked":["Leap","Barrage+1"],"picked":"Hello World+1","floor":46}],"player_experience":267260,"relics_obtained":[{"floor":6,"key":"Vajra"},{"floor":9,"key":"Akabeko"},{"floor":17,"key":"Bronze Scales"},{"floor":17,"key":"Gremlin Horn"},{"floor":17,"key":"Bird Faced Urn"},{"floor":19,"key":"Red Mask"},{"floor":23,"key":"Centennial Puzzle"},{"floor":26,"key":"Tiny Chest"},{"floor":30,"key":"Matryoshka"},{"floor":41,"key":"Pear"},{"floor":43,"key":"PreservedInsect"},{"floor":43,"key":"Blue Candle"},{"floor":44,"key":"The Courier"},{"floor":47,"key":"Art of War"},{"floor":47,"key":"Omamori"}],"event_choices":[{"damage_healed":0,"gold_gain":0,"cards_transformed":["Strike_B"],"player_choice":"Change","damage_taken":0,"max_hp_gain":0,"max_hp_loss":0,"event_name":"Living Wall","floor":2,"gold_loss":0,"cards_obtained":["Beam Cell"]},{"damage_healed":2,"gold_gain":0,"player_choice":"Full Heal","damage_taken":0,"max_hp_gain":0,"max_hp_loss":0,"event_name":"Wheel of Change","floor":4,"gold_loss":0},{"damage_healed":0,"gold_gain":0,"player_choice":"Fought Bandits","damage_taken":0,"max_hp_gain":0,"max_hp_loss":0,"event_name":"Masked Bandits","floor":19,"gold_loss":0},{"damage_healed":0,"gold_gain":0,"player_choice":"Read","damage_taken":0,"max_hp_gain":0,"max_hp_loss":0,"event_name":"The Library","floor":20,"gold_loss":0,"cards_obtained":["Hologram"]},{"damage_healed":0,"gold_gain":222,"player_choice":"Wore Mask","damage_taken":0,"max_hp_gain":0,"max_hp_loss":0,"event_name":"Tomb of Lord Red Mask","floor":36,"gold_loss":0},{"damage_healed":0,"gold_gain":0,"player_choice":"2 cards matched","damage_taken":0,"max_hp_gain":0,"max_hp_loss":0,"event_name":"Match and Keep!","floor":45,"gold_loss":0,"cards_obtained":["Buffer","Good Instincts"]},{"damage_healed":0,"gold_gain":0,"cards_transformed":["Strike_B"],"player_choice":"Transformed","damage_taken":0,"max_hp_gain":0,"max_hp_loss":0,"event_name":"Transmorgrifier","floor":48,"gold_loss":0,"cards_obtained":["Leap"]}],"is_beta":false,"boss_relics":[{"not_picked":["Sozu","Black Star"],"picked":"Calling Bell"},{"not_picked":["SlaversCollar","Philosopher\u0027s Stone"],"picked":"Fusion Hammer"}],"items_purged_floors":[],"is_endless":false,"potions_floor_spawned":[3,11,16,18,28,30,35,39,41,46],"killed_by":"Awakened One","ascension_level":4}}