{"host":"egskdxp2q9kv48xe","time":1610266004,"event":{"mods":["Aspiration","BaseMod","Colored Powertips","Conspire","Downfall","GifTheSpireLib","Hubris","Infinite Spire","Minty Spire (QoL Compilation)","Replay The Spire","StSLib","Stuff the Spire","vexMod"],"gold_per_floor":[118,147,27,102,277,277,291,20,20,31,31,49,68,200,200,302,302,317,146,170,189,189,189,301,319,319,319,319,334,158,173,187,187,187,290,290,303,303,178,198,212,212,223,347,371,487,499,499,499,499,499,499],"floor_reached":52,"playtime":5028,"items_purged":["Strike_G","Doubt","hubris:Disease","Defend_G"],"score":636,"play_id":"44850d10-0871-449f-a66b-a180c0b29d71","local_time":"20210110010644","is_ascension_mode":true,"campfire_choices":[{"data":"Neutralize","floor":6,"key":"SMITH"},{"data":"Dagger Throw","floor":11,"key":"SMITH"},{"data":"Cloak And Dagger","floor":15,"key":"SMITH"},{"data":"Midas Touch","floor":23,"key":"SMITH"},{"floor":34,"key":"REST"},{"floor":42,"key":"REST"},{"floor":49,"key":"REST"},{"data":"Storm of Steel","floor":51,"key":"SMITH"}],"circlet_count":0,"master_deck":["Strike_G","Strike_G","Strike_G","Strike_G","Defend_G","Defend_G","Defend_G","Defend_G","Survivor","Neutralize+1","Heel Hook","Dodge and Roll","Poisoned Stab","Acrobatics","Acrobatics","Dagger Throw+1","Cloak And Dagger+1","Storm of Steel+1","Deflect","Envenom","ReplayTheSpireMod:Faulty Equipment","CurseOfTheBell","Midas Touch+1","Blade Dance","StuffTheSpire:Fury","expansioncontent:QuickStudy","Dodge and Roll+1","StuffTheSpire:Shiver","conspire:DoublingDagger+1"],"relics":["Ring of the Snake","NeowsBlessing","StuffTheSpire:CocoNut","StuffTheSpire:TintedRock","Gremlin Horn","infinitespire:CheckeredPen","Replay:Ancient Bell","ReplayTheSpireMod:Lightbulb","infinitespire:BottledMercury","hubris:Spice","StuffTheSpire:HistoryBook","hubris:MysteriousPyramids","HornCleat","hubris:Teleporter"],"acts_visited":["Exordium","TheCity","TheBeyond"],"potions_floor_usage":[13,14,16,16,35,40],"damage_taken":[{"damage":0,"enemies":"2 Louse","floor":1,"turns":1},{"damage":0,"enemies":"conspire:MimicChest","floor":2,"turns":1},{"damage":0,"enemies":"Small Slimes","floor":7,"turns":1},{"damage":0,"enemies":"Jaw Worm","floor":10,"turns":3},{"damage":0,"enemies":"Blue Slaver","floor":12,"turns":4},{"damage":0,"enemies":"Lots of Slimes","floor":13,"turns":4},{"damage":1,"enemies":"Lagavulin","floor":14,"turns":6},{"damage":2,"enemies":"Fading Forest","floor":16,"turns":11},{"damage":12,"enemies":"2 Thieves","floor":18,"turns":4},{"damage":11,"enemies":"conspire:FuzzyDice","floor":21,"turns":5},{"damage":10,"enemies":"Book of Stabbing","floor":24,"turns":6},{"damage":10,"enemies":"Shelled Parasite and Fungi","floor":25,"turns":5},{"damage":2,"enemies":"Snecko","floor":29,"turns":4},{"damage":0,"enemies":"Centurion and Healer","floor":31,"turns":4},{"damage":0,"enemies":"Snake Plant","floor":32,"turns":5},{"damage":0,"enemies":"conspire:MysteriousRune","floor":35,"turns":6},{"damage":0,"enemies":"3 Shapes","floor":37,"turns":1},{"damage":3,"enemies":"3 Darklings","floor":40,"turns":4},{"damage":11,"enemies":"Jaw Worm Horde","floor":41,"turns":4},{"damage":0,"enemies":"Spire Growth","floor":43,"turns":4},{"damage":26,"enemies":"Giant Head","floor":44,"turns":8},{"damage":2,"enemies":"R_Hoarder","floor":46,"turns":5},{"damage":5,"enemies":"3 Darklings","floor":47,"turns":3},{"damage":45,"enemies":"Replay:Hell Engine","floor":52,"turns":5}],"seed_played":"-833016469755066661","potions_obtained":[{"floor":1,"key":"champ:CounterPotion"},{"floor":7,"key":"Guardian:BlockOnCardUsePotion"},{"floor":12,"key":"Reflective Coating"},{"floor":14,"key":"ColorlessPotion"},{"floor":24,"key":"Swift Potion"},{"floor":29,"key":"SpeedPotion"},{"floor":31,"key":"Venom Potion"},{"floor":37,"key":"FearPotion"},{"floor":46,"key":"SteroidPotion"}],"is_trial":false,"path_per_floor":["M","?","$","?","?","R","M","$","T","M","R","M","M","E","R","B",null,"M","$","T","M","AVR","R","E","M","T","PTL","PTL","M","$","M","M","?","R","B",null,"M","?","$","M","M","R","M","E","T","E","M","?","R","R","B"],"character_chosen":"THE_SILENT","items_purchased":["Poisoned Stab","StuffTheSpire:TintedRock","Acrobatics","Midas Touch","expansioncontent:QuickStudy"],"campfire_rested":3,"item_purchase_floors":[3,8,8,19,30],"current_hp_per_floor":[70,77,77,66,66,66,66,66,66,66,66,66,66,65,65,63,85,73,73,81,70,70,70,60,50,50,50,50,48,48,48,48,48,71,71,69,61,61,61,58,47,61,61,35,35,33,28,28,37,37,0,0],"gold":499,"neow_bonus":"THREE_ENEMY_KILL","is_daily":false,"chose_seed":false,"campfire_upgraded":5,"win_rate":0.0,"timestamp":1610266004,"path_taken":["M","?","$","?","?","R","M","?","T","M","R","?","M","E","R","BOSS","M","$","?","M","AVR","R","E","M","T","PTL","PTL","M","?","M","?","?","R","BOSS","M","?","$","M","M","R","M","E","T","E","M","?","R","R","BOSS"],"items_purchased_type":["Card","Relic","Card","Card","Card"],"build_version":"2020-12-22","purchased_purges":4,"victory":false,"max_hp_per_floor":[70,77,77,77,77,77,77,77,77,77,77,77,77,77,77,77,85,85,85,93,93,93,93,85,85,85,85,85,77,77,77,77,77,77,77,69,61,61,61,61,61,61,61,45,37,37,37,37,37,37,37,37],"card_choices":[{"not_picked":["StuffTheSpire:ClusterCrunch","Acrobatics"],"picked":"Heel Hook","floor":1},{"not_picked":["Quick Slash","ReplayTheSpireMod:Tripwire"],"picked":"Dodge and Roll","floor":2},{"not_picked":["Underhanded Strike","Phantasmal Killer"],"picked":"Acrobatics","floor":7},{"not_picked":["Sucker Punch","Deadly Poison"],"picked":"Dagger Throw","floor":10},{"not_picked":["hubris:SlightOfHand","StuffTheSpire:Python"],"picked":"Cloak And Dagger","floor":12},{"not_picked":["Deadly Poison","PiercingWail"],"picked":"Storm of Steel","floor":13},{"not_picked":["Dagger Throw","ReplayTheSpireMod:Tripwire"],"picked":"Deflect","floor":14},{"not_picked":["Glass Knife","Corpse Explosion"],"picked":"Envenom","floor":16},{"not_picked":["Delirium","CurseOfTheBell"],"picked":"ReplayTheSpireMod:Faulty Equipment","floor":17},{"not_picked":["hexamod:Haunted","infinitespire:Pacifist"],"picked":"CurseOfTheBell","floor":17},{"not_picked":["Shame","ReplayTheSpireMod:Doomed"],"picked":"hubris:Disease","floor":17},{"not_picked":["Bane","Predator","Infinite Blades"],"picked":"SKIP","floor":18},{"not_picked":["Cloak And Dagger","Poison Darts"],"picked":"Blade Dance","floor":21},{"not_picked":["Bouncing Flask+1","Caltrops","StuffTheSpire:Injection+1"],"picked":"SKIP","floor":24},{"not_picked":["Poisoned Stab","Sucker Punch"],"picked":"StuffTheSpire:Fury","floor":25},{"not_picked":["hubris:SpiceAddiction","Acrobatics"],"picked":"hubris:SpiceAddiction","floor":29},{"not_picked":["Poisoned Stab","Storm of Steel","StuffTheSpire:Python"],"picked":"SKIP","floor":31},{"not_picked":["Draining Mist","Eviscerate+1","Noxious Fumes"],"picked":"SKIP","floor":32},{"not_picked":["Eviscerate","Sucker Punch"],"picked":"hubris:SpiceAddiction","floor":37},{"not_picked":["Underhanded Strike","Skewer","Escape Plan"],"picked":"SKIP","floor":40},{"not_picked":["StuffTheSpire:Incantation+1","Prepared+1"],"picked":"Dodge and Roll+1","floor":41},{"not_picked":["Sucker Punch+1","StuffTheSpire:Injection","Deflect"],"picked":"SKIP","floor":43},{"not_picked":["Sucker Punch+1","StuffTheSpire:Injection","Deflect"],"picked":"SKIP","floor":43},{"not_picked":["Flying Knee+1","Dodge and Roll"],"picked":"hubris:SpiceAddiction","floor":44},{"not_picked":["Bane+1","hubris:SpiceAddiction"],"picked":"StuffTheSpire:Shiver","floor":46},{"not_picked":["hubris:SpiceAddiction","Replay:Bag of Tricks"],"picked":"conspire:DoublingDagger+1","floor":47}],"player_experience":436200,"relics_obtained":[{"floor":2,"key":"StuffTheSpire:CocoNut"},{"floor":9,"key":"Gremlin Horn"},{"floor":14,"key":"infinitespire:CheckeredPen"},{"floor":20,"key":"hubris:Spice"},{"floor":24,"key":"hubris:Spice"},{"floor":26,"key":"hubris:MysteriousPyramids"},{"floor":44,"key":"hubris:Spice"},{"floor":45,"key":"hubris:Spice"},{"floor":46,"key":"HornCleat"}],"event_choices":[{"damage_healed":0,"gold_gain":75,"player_choice":"Gather Gold","damage_taken":11,"max_hp_gain":0,"max_hp_loss":0,"event_name":"World of Goop","floor":4,"gold_loss":0},{"damage_healed":0,"gold_gain":175,"player_choice":"AGREE","damage_taken":0,"max_hp_gain":0,"max_hp_loss":0,"event_name":"Liars Game","floor":5,"gold_loss":0,"cards_obtained":["Doubt"]},{"damage_healed":0,"gold_gain":0,"player_choice":"Leave","damage_taken":0,"max_hp_gain":0,"max_hp_loss":0,"event_name":"conspire:Investor","floor":33,"gold_loss":0},{"damage_healed":0,"gold_gain":0,"player_choice":"Memory 1","damage_taken":0,"max_hp_gain":0,"max_hp_loss":0,"event_name":"SensoryStone","floor":38,"gold_loss":0},{"damage_healed":0,"gold_gain":0,"player_choice":"Gave Potion","damage_taken":0,"relics_obtained":["hubris:Teleporter"],"max_hp_gain":0,"max_hp_loss":0,"event_name":"WeMeetAgain","floor":48,"gold_loss":0}],"is_beta":false,"boss_relics":[{"not_picked":["ChewingGum","StuffTheSpire:ModemDavis"],"picked":"Replay:Ancient Bell"},{"not_picked":["StuffTheSpire:WitherSkull","Strawberry"],"picked":"ReplayTheSpireMod:Lightbulb"},{"not_picked":["hubris:CrystalStatue","Molten Egg 2"],"picked":"infinitespire:BottledMercury"},{"not_picked":["hubris:CuriousFeather","Counterbalance"],"picked":"hubris:Spice"},{"not_picked":["aspiration:RunicSpoon","hubris:Spice"],"picked":"hubris:Spice"}],"items_purged_floors":[3,8,22,39],"is_endless":false,"potions_floor_spawned":[1,7,12,14,24,29,31,37,46,47],"killed_by":"Replay:Hell Engine","ascension_level":1}}