{"host":"yaxsefyig1et0yi2","time":1610271846,"event":{"mods":["Aspiration","BaseMod","BetterRewards","Colored Powertips","Conspire","Displayed Cursed Tome","Downfall","Halation","Hubris","Infinite Spire","JesterMod","Minty Spire (QoL Compilation)","Quick Restart","RatMod","Replay The Spire","Reworked Bosses","Spikes Relics","StSLib","The Jungle"],"gold_per_floor":[99,99,99,274,274,307,307,324,336,353,353,453,473,473,473,473],"floor_reached":14,"playtime":693,"items_purged":[],"score":88,"play_id":"df2812a2-b5eb-40f2-9fc2-628a5199a971","local_time":"20210110044406","is_ascension_mode":false,"campfire_choices":[{"data":"hexamod:Sear","floor":1,"key":"SMITH"}],"circlet_count":0,"master_deck":["hexamod:Strike","hexamod:Strike","hexamod:Strike","hexamod:Strike","hexamod:Defend","hexamod:Defend","hexamod:Defend","hexamod:Defend","hexamod:Sear+1","hexamod:Float","hexamod:ThermalTransfer","Doubt","hexamod:BurningTouch","hexamod:RainOfEmbers","hexamod:Hexaguard","hexamod:HauntingEcho","hexamod:HeatCrush"],"relics":["hexamod:SpiritBrand","downfall:HeartsMalice","Vajra","hubris:SphereOfDissonance"],"acts_visited":["Exordium"],"potions_floor_usage":[],"damage_taken":[{"damage":0,"enemies":"Jaw Worm","floor":2,"turns":1},{"damage":0,"enemies":"2 Louse","floor":3,"turns":1},{"damage":0,"enemies":"Small Slimes","floor":5,"turns":1},{"damage":20,"enemies":"Lagavulin","floor":6,"turns":6},{"damage":9,"enemies":"Exordium Thugs","floor":8,"turns":3},{"damage":0,"enemies":"Blue Slaver","floor":9,"turns":3},{"damage":15,"enemies":"Large Slime","floor":10,"turns":5},{"damage":12,"enemies":"Lots of Slimes","floor":13,"turns":5},{"damage":18,"enemies":"3 Sentries","floor":14,"turns":4}],"seed_played":"-4394927861433821619","potions_obtained":[{"floor":6,"key":"SpeedPotion"},{"floor":8,"key":"Milkshake"}],"is_trial":false,"path_per_floor":["R","M","M","?","M","E","T","M","M","M","?","?","M","E"],"character_chosen":"THE_SPIRIT","items_purchased":[],"campfire_rested":0,"item_purchase_floors":[],"current_hp_per_floor":[70,70,70,70,70,50,50,41,41,26,26,26,14,0,0,0],"gold":473,"neow_bonus":"THREE_ENEMY_KILL","is_daily":false,"chose_seed":false,"campfire_upgraded":1,"win_rate":0.0,"timestamp":1610271846,"path_taken":["R","M","M","?","M","E","T","M","M","M","?","?","?","E"],"items_purchased_type":[],"build_version":"2020-12-22","purchased_purges":0,"victory":false,"max_hp_per_floor":[70,70,70,70,70,70,70,70,70,70,70,70,70,70,70,70],"card_choices":[{"not_picked":["hexamod:NecessarySacrifice","hexamod:NightmareStrike"],"picked":"hexamod:ThermalTransfer","floor":2},{"not_picked":["hexamod:FastForward","hexamod:Haunt","hexamod:AdvancingGuard"],"picked":"SKIP","floor":3},{"not_picked":["hexamod:FastForward","hexamod:Haunt","hexamod:AdvancingGuard"],"picked":"SKIP","floor":3},{"not_picked":["hexamod:AdvancingGuard","hexamod:EmpoweringStance"],"picked":"hexamod:BurningTouch","floor":5},{"not_picked":["hexamod:PhantomCloak","hexamod:BacktrackSmack","hexamod:FastForward"],"picked":"SKIP","floor":6},{"not_picked":["hexamod:NightmareGuise","hexamod:FastForward"],"picked":"hexamod:RainOfEmbers","floor":8},{"not_picked":["hexamod:NightmareGuise","hexamod:ThirdSeal"],"picked":"hexamod:Hexaguard","floor":9},{"not_picked":["hexamod:BacktrackSmack","hexamod:ThermalTransfer"],"picked":"hexamod:HauntingEcho","floor":10},{"not_picked":["hexamod:RetreatToShadows","hexamod:SwordOfDarkness"],"picked":"hexamod:HeatCrush","floor":13}],"player_experience":251822,"relics_obtained":[{"floor":6,"key":"Vajra"},{"floor":7,"key":"hubris:SphereOfDissonance"}],"event_choices":[{"damage_healed":0,"gold_gain":100,"player_choice":"Gold","damage_taken":0,"max_hp_gain":0,"max_hp_loss":0,"event_name":"Wheel of Change","floor":12,"gold_loss":0}],"is_beta":false,"boss_relics":[],"items_purged_floors":[],"is_endless":false,"potions_floor_spawned":[6,8],"killed_by":"3 Sentries","ascension_level":0}}