{"host":"mydft8i2zzydgggw","time":1610296646,"event":{"mods":["AchievementEnabler","BaseMod","BetterRewards","Colored Map","Colored Powertips","DeckTracker","Keyboard Shortcuts","Minty Spire (QoL Compilation)","Quick Restart","Rare Cards Sparkle","StSLib","SuperFastMode","The Poker Player","everything is the same but u backflip on backflip"],"gold_per_floor":[113,124,94,106,122,122,154,173,173,173,208,227,237,262,262,366,366,383,383,393,27,27,53,53,72,72,23,56,71,89,99,99,99,99],"floor_reached":33,"playtime":667,"items_purged":[],"score":433,"play_id":"634d4e40-32af-4935-83f3-b9685038ca96","local_time":"20210111013726","is_ascension_mode":true,"campfire_choices":[{"data":"Eruption","floor":6.0,"key":"SMITH"},{"floor":15.0,"key":"REST"},{"floor":24.0,"key":"REST"},{"floor":32.0,"key":"REST"}],"circlet_count":0,"master_deck":["Strike_P+1","Strike_P+1","Strike_P+1","Strike_P+1","Defend_P+1","Defend_P+1","Defend_P+1","Defend_P+1","Eruption+1","Vigilance+1","LessonLearned+1","FlurryOfBlows+1","SpiritShield+1","MentalFortress+1","Consecrate+1","CrushJoints+1"],"relics":["HolyWater","Molten Egg 2","Girya","Anchor","Letter Opener","Mango","Peace Pipe","Art of War","InkBottle","White Beast Statue"],"acts_visited":["Exordium","TheCity"],"potions_floor_usage":[33],"damage_taken":[{"damage":0.0,"enemies":"2 Louse","floor":1.0,"turns":2.0},{"damage":0.0,"enemies":"Cultist","floor":2.0,"turns":4.0},{"damage":10.0,"enemies":"Small Slimes","floor":4.0,"turns":3.0},{"damage":12.0,"enemies":"Exordium Wildlife","floor":5.0,"turns":3.0},{"damage":0.0,"enemies":"Gremlin Nob","floor":7.0,"turns":2.0},{"damage":0.0,"enemies":"Blue Slaver","floor":8.0,"turns":1.0},{"damage":4.0,"enemies":"3 Sentries","floor":11.0,"turns":3.0},{"damage":0.0,"enemies":"2 Fungi Beasts","floor":12.0,"turns":2.0},{"damage":10.0,"enemies":"Red Slaver","floor":13.0,"turns":2.0},{"damage":0.0,"enemies":"Gremlin Nob","floor":14.0,"turns":2.0},{"damage":47.0,"enemies":"The Guardian","floor":16.0,"turns":7.0},{"damage":0.0,"enemies":"Chosen","floor":18.0,"turns":4.0},{"damage":0.0,"enemies":"Spheric Guardian","floor":20.0,"turns":2.0},{"damage":78.0,"enemies":"Book of Stabbing","floor":23.0,"turns":7.0},{"damage":12.0,"enemies":"Snecko","floor":25.0,"turns":3.0},{"damage":12.0,"enemies":"Gremlin Leader","floor":28.0,"turns":5.0},{"damage":8.0,"enemies":"Cultist and Chosen","floor":29.0,"turns":4.0},{"damage":0.0,"enemies":"3 Cultists","floor":30.0,"turns":3.0},{"damage":0.0,"enemies":"Snake Plant","floor":31.0,"turns":3.0},{"damage":46,"enemies":"Collector","floor":33,"turns":3}],"seed_played":"-8813060615931179615","potions_obtained":[{"floor":2.0,"key":"Explosive Potion"},{"floor":3.0,"key":"BlessingOfTheForge"},{"floor":3.0,"key":"Swift Potion"},{"floor":7.0,"key":"LiquidBronze"},{"floor":8.0,"key":"BottledMiracle"},{"floor":11.0,"key":"SteroidPotion"},{"floor":14.0,"key":"Energy Potion"},{"floor":18.0,"key":"Strength Potion"},{"floor":23.0,"key":"Strength Potion"},{"floor":28.0,"key":"DuplicationPotion"},{"floor":29.0,"key":"SkillPotion"},{"floor":30.0,"key":"ColorlessPotion"},{"floor":31.0,"key":"ColorlessPotion"}],"is_trial":false,"path_per_floor":["M","M","?","M","M","R","E","M","T","T","E","M","M","E","R","B",null,"M","?","M","$","?","E","R","M","T","$","E","M","M","M","R","B"],"character_chosen":"WATCHER","items_purchased":["Peace Pipe","MentalFortress","Explosive Potion"],"campfire_rested":3,"item_purchase_floors":[21,21,27],"current_hp_per_floor":[51,51,51,41,29,29,29,29,29,29,25,25,15,29,54,7,86,86,86,86,86,86,8,33,21,21,21,9,1,1,1,26,0,0],"gold":99,"neow_bonus":"THREE_RARE_CARDS","is_daily":false,"chose_seed":false,"campfire_upgraded":1,"win_rate":0.0,"timestamp":1610296646,"path_taken":["M","M","?","M","M","R","E","?","T","?","E","M","?","E","R","BOSS","M","?","M","$","?","E","R","M","T","$","E","M","M","M","R","BOSS"],"items_purchased_type":["Relic","Card","Potion"],"build_version":"2020-12-22","purchased_purges":0,"victory":false,"max_hp_per_floor":[72,72,72,72,72,72,72,72,72,72,72,72,72,86,86,86,86,86,86,86,86,86,86,86,86,86,86,86,86,86,86,86,86,86],"card_choices":[{"not_picked":["Judgement","Alpha"],"picked":"LessonLearned","floor":0.0},{"not_picked":["EmptyFist","WaveOfTheHand","FlyingSleeves"],"picked":"SKIP","floor":1.0},{"not_picked":["EmptyFist","Pray","Weave"],"picked":"SKIP","floor":2.0},{"not_picked":["Protect","EmptyFist","SashWhip"],"picked":"SKIP","floor":4.0},{"not_picked":["Wireheading","Perseverance","EmptyBody"],"picked":"SKIP","floor":5.0},{"not_picked":["Perseverance","Pray","Evaluate"],"picked":"SKIP","floor":7.0},{"not_picked":["CrushJoints+1","Conclude+1","SashWhip+1"],"picked":"SKIP","floor":8.0},{"not_picked":["Perseverance","EmptyFist+1","Consecrate+1"],"picked":"SKIP","floor":11.0},{"not_picked":["Consecrate+1","CrushJoints+1","WheelKick+1"],"picked":"SKIP","floor":12.0},{"not_picked":["Worship","Vengeance"],"picked":"FlurryOfBlows+1","floor":13.0},{"not_picked":["BattleHymn","Omniscience","EmptyBody"],"picked":"SKIP","floor":14.0},{"not_picked":["Vault","Brilliance+1"],"picked":"SpiritShield","floor":16.0},{"not_picked":["Study","Fasting2","Halt"],"picked":"SKIP","floor":18.0},{"not_picked":["SashWhip+1","Evaluate","CutThroughFate+1"],"picked":"SKIP","floor":20.0},{"not_picked":["ForeignInfluence+1","Halt","SandsOfTime+1"],"picked":"SKIP","floor":23.0},{"not_picked":["Crescendo+1","PathToVictory+1","Fasting2"],"picked":"SKIP","floor":25.0},{"not_picked":["Wallop+1","ClearTheMind","Crescendo"],"picked":"SKIP","floor":28.0},{"not_picked":["Prostrate","Crescendo+1","PathToVictory"],"picked":"SKIP","floor":29.0},{"not_picked":["Collect","EmptyFist+1"],"picked":"CrushJoints+1","floor":30.0},{"not_picked":["Prostrate","ReachHeaven+1","ForeignInfluence"],"picked":"SKIP","floor":31.0}],"player_experience":169299,"relics_obtained":[{"floor":7.0,"key":"Molten Egg 2"},{"floor":9.0,"key":"Girya"},{"floor":10.0,"key":"Anchor"},{"floor":11.0,"key":"Letter Opener"},{"floor":14.0,"key":"Mango"},{"floor":23.0,"key":"Art of War"},{"floor":26.0,"key":"InkBottle"},{"floor":28.0,"key":"White Beast Statue"}],"event_choices":[{"damage_healed":0.0,"max_hp_gain":0.0,"max_hp_loss":0.0,"gold_gain":0.0,"event_name":"The Woman in Blue","player_choice":"Bought 2 Potions","floor":3.0,"gold_loss":0.0,"damage_taken":0.0},{"damage_healed":0.0,"max_hp_gain":0.0,"max_hp_loss":0.0,"gold_gain":0.0,"event_name":"Vampires","player_choice":"Ignored","floor":19.0,"gold_loss":0.0,"damage_taken":0.0},{"damage_healed":0.0,"max_hp_gain":0.0,"max_hp_loss":0.0,"gold_gain":0.0,"event_name":"The Library","player_choice":"Read","floor":22.0,"gold_loss":0.0,"damage_taken":0.0,"cards_obtained":["Consecrate"]}],"is_beta":false,"boss_relics":[{"not_picked":["Astrolabe","Pandora\u0027s Box"],"picked":"HolyWater"}],"items_purged_floors":[],"is_endless":false,"potions_floor_spawned":[2,7,8,11,14,18,23,28,29,30,31],"killed_by":"Collector","ascension_level":4}}