{"host":"dhlnk6yox2l1s6up","time":1610310528,"event":{"mods":["BaseMod","Colored Map","Highlight Path","Minty Spire (QoL Compilation)","Relic Stats","StSLib"],"gold_per_floor":[110,285,26,37,54,54,82,82,105,105,137,163,163,181,181,278,278,288,288,34,34,45,76,76,104,127,127,52,81,81,93,93,198,198,215,175,194,211,221,247,47,63,88,101,131,181,181,208,208,208,208,208,4,39,39],"floor_reached":56,"playtime":5133,"items_purged":["Doubt","Strike_P"],"score":1816,"play_id":"d4c9e5dd-fa40-449f-875d-0aebdcd86251","local_time":"20210110142848","is_ascension_mode":true,"campfire_choices":[{"data":"Consecrate","floor":6.0,"key":"SMITH"},{"data":"Wallop","floor":8.0,"key":"SMITH"},{"data":"WaveOfTheHand","floor":10.0,"key":"SMITH"},{"data":"Scrawl","floor":13.0,"key":"SMITH"},{"data":"SashWhip","floor":15.0,"key":"SMITH"},{"data":"Evaluate","floor":24.0,"key":"SMITH"},{"data":"Pray","floor":27.0,"key":"SMITH"},{"floor":30.0,"key":"REST"},{"data":"Evaluate","floor":32.0,"key":"SMITH"},{"floor":49.0,"key":"RECALL"},{"data":"Evaluate","floor":52.0,"key":"SMITH"}],"circlet_count":0,"master_deck":["Strike_P","Strike_P","Defend_P","Defend_P","Defend_P","Defend_P","Eruption","Vigilance","WaveOfTheHand+1","SashWhip+1","EmptyMind","Consecrate+1","Wallop+1","JustLucky","Scrawl+1","Pray+1","Evaluate+1","Brilliance+1","Consecrate+1","Pray","RitualDagger+1","Evaluate+1","Evaluate+1","ThirdEye","DevaForm","Prostrate+1","Devotion","FearNoEvil+1","Wireheading+1","Doubt","Apotheosis","DeceiveReality"],"relics":["HolyWater","Boot","Potion Belt","Art of War","Molten Egg 2","Odd Mushroom","Medical Kit","Dream Catcher","CaptainsWheel","Vajra","Regal Pillow","Coffee Dripper","TeardropLocket","Blue Candle","Bag of Preparation","Happy Flower"],"acts_visited":["Exordium","TheCity","TheBeyond","TheEnding"],"potions_floor_usage":[55,55,55,55],"damage_taken":[{"damage":0.0,"enemies":"Small Slimes","floor":1.0,"turns":2.0},{"damage":3.0,"enemies":"2 Louse","floor":4.0,"turns":2.0},{"damage":0.0,"enemies":"Cultist","floor":5.0,"turns":3.0},{"damage":17.0,"enemies":"3 Sentries","floor":7.0,"turns":9.0},{"damage":11.0,"enemies":"Lagavulin","floor":11.0,"turns":7.0},{"damage":0.0,"enemies":"The Mushroom Lair","floor":12.0,"turns":4.0},{"damage":0.0,"enemies":"2 Fungi Beasts","floor":14.0,"turns":2.0},{"damage":1.0,"enemies":"The Guardian","floor":16.0,"turns":16.0},{"damage":8.0,"enemies":"Spheric Guardian","floor":18.0,"turns":4.0},{"damage":12.0,"enemies":"2 Thieves","floor":22.0,"turns":3.0},{"damage":0.0,"enemies":"Gremlin Leader","floor":23.0,"turns":4.0},{"damage":5.0,"enemies":"Book of Stabbing","floor":25.0,"turns":4.0},{"damage":19.0,"enemies":"Slavers","floor":29.0,"turns":5.0},{"damage":15.0,"enemies":"Sentry and Sphere","floor":31.0,"turns":8.0},{"damage":5.0,"enemies":"Collector","floor":33.0,"turns":4.0},{"damage":6.0,"enemies":"3 Darklings","floor":35.0,"turns":5.0},{"damage":1.0,"enemies":"3 Shapes","floor":37.0,"turns":4.0},{"damage":0.0,"enemies":"Jaw Worm Horde","floor":38.0,"turns":4.0},{"damage":0.0,"enemies":"Sphere and 2 Shapes","floor":39.0,"turns":6.0},{"damage":10.0,"enemies":"Nemesis","floor":40.0,"turns":5.0},{"damage":0.0,"enemies":"Spire Growth","floor":42.0,"turns":1.0},{"damage":8.0,"enemies":"3 Darklings","floor":44.0,"turns":4.0},{"damage":0.0,"enemies":"Giant Head","floor":45.0,"turns":5.0},{"damage":5.0,"enemies":"2 Orb Walkers","floor":46.0,"turns":4.0},{"damage":16.0,"enemies":"Reptomancer","floor":48.0,"turns":5.0},{"damage":24.0,"enemies":"Time Eater","floor":50.0,"turns":4.0},{"damage":1.0,"enemies":"Shield and Spear","floor":54.0,"turns":4.0},{"damage":58,"enemies":"The Heart","floor":55,"turns":9}],"seed_played":"6694877241538421185","potions_obtained":[{"floor":1.0,"key":"PowerPotion"},{"floor":7.0,"key":"EssenceOfSteel"},{"floor":12.0,"key":"Swift Potion"},{"floor":14.0,"key":"FearPotion"},{"floor":16.0,"key":"Fire Potion"},{"floor":22.0,"key":"Fire Potion"},{"floor":23.0,"key":"Ancient Potion"},{"floor":29.0,"key":"ColorlessPotion"},{"floor":36.0,"key":"CultistPotion"},{"floor":36.0,"key":"Fruit Juice"},{"floor":36.0,"key":"Strength Potion"},{"floor":44.0,"key":"Fire Potion"},{"floor":45.0,"key":"FearPotion"},{"floor":54.0,"key":"DistilledChaos"}],"is_trial":false,"path_per_floor":["M","?","$","M","M","R","E","R","T","R","E","?","R","M","R","B",null,"M","?","$","?","M","E","R","E","T","R","?","E","R","M","R","B",null,"M","?","M","M","M","E","$","M","T","M","E","?","?","E","R","B",null,"R","$","E","B",null],"character_chosen":"WATCHER","items_purchased":["SashWhip","EmptyMind","SteroidPotion","Medical Kit","Devotion","BlessingOfTheForge","Apotheosis","DeceiveReality"],"campfire_rested":1,"item_purchase_floors":[3,3,3,20,41,41,53,53],"current_hp_per_floor":[65,65,65,62,62,62,45,45,45,45,34,34,34,34,34,33,62,54,54,54,48,36,36,36,31,31,31,31,12,48,33,33,28,61,55,60,59,59,59,49,49,49,49,41,41,36,77,61,61,37,67,67,67,66,8],"gold":39,"neow_bonus":"RANDOM_COMMON_RELIC","is_daily":false,"chose_seed":false,"campfire_upgraded":9,"win_rate":0.0,"timestamp":1610310528,"path_taken":["M","?","$","M","M","R","E","R","T","R","E","?","R","M","R","BOSS","M","?","$","?","M","E","R","E","T","R","?","E","R","M","R","BOSS","M","?","M","M","?","E","$","M","T","M","E","?","?","E","R","BOSS","R","$","E","BOSS"],"items_purchased_type":["Card","Card","Potion","Relic","Card","Potion","Card","Card"],"build_version":"2020-12-22","purchased_purges":2,"victory":true,"max_hp_per_floor":[72,72,72,72,72,72,72,72,72,72,72,72,72,72,72,72,72,72,72,72,72,72,72,72,72,72,72,72,72,72,72,72,72,72,72,77,77,77,77,77,77,77,77,77,77,77,77,77,77,77,77,77,77,77,77],"relic_stats":{"Dream Catcher":1,"Regal Pillow":15,"Happy Flower":[3],"counters":[28,137],"Blue Candle":[4],"Art of War":[14],"Bag of Preparation":[6],"Boot":[60],"Medical Kit":[10],"obtain_stats":[{"Potion Belt":7,"Regal Pillow":29,"Happy Flower":54,"Blue Candle":45,"Vajra":26,"Bag of Preparation":48,"TeardropLocket":40,"Odd Mushroom":12,"Boot":0,"Medical Kit":20,"Dream Catcher":23,"CaptainsWheel":25,"HolyWater":17,"Molten Egg 2":11,"Art of War":9,"Coffee Dripper":34,"PureWater":0},{"Potion Belt":4,"Regal Pillow":13,"Happy Flower":27,"Blue Candle":23,"Vajra":12,"Bag of Preparation":25,"TeardropLocket":20,"Odd Mushroom":6,"Boot":0,"Medical Kit":9,"Dream Catcher":11,"CaptainsWheel":12,"HolyWater":8,"Molten Egg 2":5,"Art of War":4,"Coffee Dripper":15,"PureWater":0},{"Potion Belt":16,"Regal Pillow":65,"Happy Flower":128,"Blue Candle":111,"Vajra":60,"Bag of Preparation":120,"TeardropLocket":101,"Odd Mushroom":27,"Boot":0,"Medical Kit":49,"Dream Catcher":56,"CaptainsWheel":60,"HolyWater":45,"Molten Egg 2":23,"Art of War":16,"Coffee Dripper":77,"PureWater":0}]},"card_choices":[{"not_picked":["Adaptation","WindmillStrike"],"picked":"WaveOfTheHand","floor":1.0},{"not_picked":["SashWhip","MentalFortress"],"picked":"Consecrate","floor":4.0},{"not_picked":["EmptyMind","Halt"],"picked":"Wallop","floor":5.0},{"not_picked":["Consecrate","WaveOfTheHand"],"picked":"JustLucky","floor":7.0},{"not_picked":["Crescendo","WaveOfTheHand"],"picked":"Scrawl","floor":11.0},{"not_picked":["Study","PathToVictory"],"picked":"Pray","floor":12.0},{"not_picked":["Consecrate+1","PathToVictory"],"picked":"Evaluate","floor":14.0},{"not_picked":["Devotion","Establishment"],"picked":"Brilliance+1","floor":16.0},{"not_picked":["Wallop+1","ThirdEye"],"picked":"Consecrate+1","floor":18.0},{"not_picked":["Crescendo+1","FollowUp+1","BowlingBash+1"],"picked":"SKIP","floor":22.0},{"not_picked":["Consecrate+1","CutThroughFate+1"],"picked":"Evaluate","floor":23.0},{"not_picked":["JustLucky+1","LessonLearned+1","Adaptation"],"picked":"SKIP","floor":25.0},{"not_picked":["JustLucky+1","LessonLearned+1","Adaptation"],"picked":"SKIP","floor":25.0},{"not_picked":["CrushJoints+1","ClearTheMind+1","Fasting2+1"],"picked":"SKIP","floor":29.0},{"not_picked":["Crescendo+1","BattleHymn"],"picked":"Evaluate","floor":30.0},{"not_picked":["Halt","EmptyBody"],"picked":"ThirdEye","floor":31.0},{"not_picked":["MasterReality","Establishment"],"picked":"DevaForm","floor":33.0},{"not_picked":["Weave+1","BowlingBash+1","FlyingSleeves+1"],"picked":"SKIP","floor":35.0},{"not_picked":["FollowUp+1","ClearTheMind"],"picked":"Prostrate+1","floor":37.0},{"not_picked":["EmptyBody+1","Adaptation","Tantrum+1"],"picked":"SKIP","floor":38.0},{"not_picked":["JustLucky+1","Perseverance+1","Pray"],"picked":"SKIP","floor":39.0},{"not_picked":["EmptyFist+1","Halt","SashWhip+1"],"picked":"SKIP","floor":40.0},{"not_picked":["EmptyBody","EmptyFist+1"],"picked":"FearNoEvil+1","floor":42.0},{"not_picked":["Halt+1","ReachHeaven+1"],"picked":"Wireheading+1","floor":44.0},{"not_picked":["Pray+1","Perseverance","EmptyFist+1"],"picked":"SKIP","floor":45.0},{"not_picked":["EmptyFist+1","EmptyBody+1","Indignation+1"],"picked":"SKIP","floor":48.0},{"not_picked":["FlurryOfBlows+1","ThirdEye","Protect"],"picked":"SKIP","floor":54.0}],"player_experience":5747810,"relics_obtained":[{"floor":7.0,"key":"Potion Belt"},{"floor":9.0,"key":"Art of War"},{"floor":11.0,"key":"Molten Egg 2"},{"floor":12.0,"key":"Odd Mushroom"},{"floor":23.0,"key":"Dream Catcher"},{"floor":25.0,"key":"CaptainsWheel"},{"floor":26.0,"key":"Vajra"},{"floor":29.0,"key":"Regal Pillow"},{"floor":40.0,"key":"TeardropLocket"},{"floor":45.0,"key":"Blue Candle"},{"floor":48.0,"key":"Bag of Preparation"},{"floor":54.0,"key":"Happy Flower"}],"event_choices":[{"damage_healed":0.0,"max_hp_gain":0.0,"max_hp_loss":0.0,"gold_gain":175.0,"event_name":"Liars Game","player_choice":"AGREE","floor":2.0,"gold_loss":0.0,"damage_taken":0.0,"cards_obtained":["Doubt"]},{"damage_healed":0.0,"max_hp_gain":0.0,"max_hp_loss":0.0,"gold_gain":0.0,"event_name":"Mushrooms","player_choice":"Fought Mushrooms","floor":12.0,"gold_loss":0.0,"damage_taken":0.0},{"damage_healed":0.0,"max_hp_gain":0.0,"max_hp_loss":0.0,"gold_gain":0.0,"event_name":"The Library","player_choice":"Read","floor":19.0,"gold_loss":0.0,"damage_taken":0.0,"cards_obtained":["Pray"]},{"damage_healed":0.0,"max_hp_gain":0.0,"max_hp_loss":0.0,"gold_gain":0.0,"event_name":"Nest","player_choice":"Joined the Cult","floor":21.0,"gold_loss":0.0,"damage_taken":6.0,"cards_obtained":["RitualDagger"]},{"cards_removed":["Strike_P"],"damage_healed":0.0,"max_hp_gain":0.0,"max_hp_loss":0.0,"gold_gain":0.0,"event_name":"Beggar","player_choice":"Gave Gold","floor":28.0,"gold_loss":75.0,"damage_taken":0.0},{"damage_healed":0.0,"max_hp_gain":0.0,"max_hp_loss":0.0,"gold_gain":0.0,"event_name":"The Woman in Blue","player_choice":"Bought 3 Potions","floor":36.0,"gold_loss":0.0,"damage_taken":0.0},{"damage_healed":0.0,"max_hp_gain":0.0,"max_hp_loss":0.0,"gold_gain":0.0,"event_name":"Mysterious Sphere","player_choice":"Fight","floor":46.0,"gold_loss":0.0,"damage_taken":0.0},{"damage_healed":41.0,"max_hp_gain":0.0,"max_hp_loss":0.0,"gold_gain":0.0,"event_name":"MindBloom","player_choice":"Heal","floor":47.0,"gold_loss":0.0,"damage_taken":0.0,"cards_obtained":["Doubt"]}],"is_beta":false,"boss_relics":[{"not_picked":["Fusion Hammer","Tiny House"],"picked":"HolyWater"},{"not_picked":["Calling Bell","VioletLotus"],"picked":"Coffee Dripper"}],"items_purged_floors":[3,20],"is_endless":false,"potions_floor_spawned":[1,7,12,14,16,22,23,29,37,39,44,45,54],"ascension_level":8}}