{"host":"wj90f2q0h2omert0","time":1610311438,"event":{"mods":["BaseMod","Beaked The Cultist","Better Third Choice","ChefMod","Clawfect","Colored Map","DeckTracker","Downfall","Hubris","JesterMod","Minty Spire (QoL Compilation)","Relic Stats","Robot Space Explorer","Shade Mod","StSLib","The Blackbeard","The Caster","The Dragon Tamer","The Druid"],"gold_per_floor":[114,68,150,150,150,193,193,212,260,260,281,315,94,114,114,233,233,247,290,45,60,79,79,79,117,117,117,117,117,117,117,117,237,237,251,251,95,95,114,114,114,150,150,150,4,4,19,19,19,19,19],"floor_reached":50,"playtime":3697,"items_purged":["chefmod:Flambe","chefmod:ColdSteel"],"score":815,"play_id":"d06e3f70-9680-443e-96a4-82b77a6f6e43","local_time":"20210110154358","daily_mods":["SealedDeck","Vintage","Heirloom","Flight","DeadlyEvents","Elite Swarm"],"is_ascension_mode":false,"campfire_choices":[{"data":"chefmod:DimSum","floor":7,"key":"SMITH"},{"data":"chefmod:Bruschetta","floor":10,"key":"SMITH"},{"data":"chefmod:SushiPlatter","floor":15,"key":"SMITH"},{"data":"chefmod:Canape","floor":23,"key":"SMITH"},{"data":"chefmod:FiveAlarmChili","floor":24,"key":"SMITH"},{"data":"chefmod:LocoMoco","floor":27,"key":"SMITH"},{"data":"chefmod:Escargot","floor":28,"key":"SMITH"},{"data":"chefmod:DinoKale","floor":30,"key":"SMITH"},{"data":"chefmod:FullCourseMeal","floor":32,"key":"SMITH"},{"floor":40,"key":"REST"},{"floor":41,"key":"REST"},{"data":"chefmod:FullCourseMeal","floor":44,"key":"SMITH"},{"floor":46,"key":"REST"},{"floor":49,"key":"REST"}],"circlet_count":0,"master_deck":["chefmod:Escargot+1","chefmod:LocoMoco+1","chefmod:FiveAlarmChili+1","chefmod:DinoKale+1","chefmod:Sorbet+1","chefmod:Bruschetta+1","chefmod:DimSum+1","chefmod:Bruschetta+1","chefmod:FireUp+1","chefmod:FullCourseMeal+1","chefmod:SushiPlatter+1","chefmod:Canape+1","chefmod:FireUp+1","chefmod:CandyBowl+1","chefmod:Canape+1","chefmod:FullCourseMeal+1","chefmod:FarmersMarket+1","chefmod:SearedScallops+1","chefmod:FireUp+1"],"relics":["chefmod:TrustyPot","Dead Branch","Shuriken","Molten Egg 2","Golden Idol","Matryoshka","hubris:TenFootPole","Mummified Hand","sneckomod:BlankCard","War Paint","MealTicket","Regal Pillow","Boot","SacredBark","Toy Ornithopter","Red Mask","Lee\u0027s Waffle","Toxic Egg 2","Thread and Needle","Question Card","Omamori","hubris:CrystalStatue","Whetstone","Anchor","Centennial Puzzle","Mercury Hourglass","Bag of Marbles","Orrery","HornCleat"],"acts_visited":["Exordium","TheCity","TheBeyond"],"potions_floor_usage":[33,33,33,42,50],"damage_taken":[{"damage":0,"enemies":"Cultist","floor":1,"turns":4},{"damage":5,"enemies":"Lagavulin","floor":6,"turns":6},{"damage":0,"enemies":"Jaw Worm","floor":8,"turns":2},{"damage":0,"enemies":"2 Louse","floor":11,"turns":2},{"damage":0,"enemies":"Gremlin Nob","floor":12,"turns":3},{"damage":0,"enemies":"2 Fungi Beasts","floor":14,"turns":2},{"damage":5,"enemies":"The Guardian","floor":16,"turns":5},{"damage":5,"enemies":"Spheric Guardian","floor":18,"turns":3},{"damage":4,"enemies":"Masked Bandits","floor":19,"turns":3},{"damage":0,"enemies":"3 Byrds","floor":21,"turns":2},{"damage":4,"enemies":"Shelled Parasite and Fungi","floor":22,"turns":3},{"damage":0,"enemies":"Book of Stabbing","floor":25,"turns":3},{"damage":0,"enemies":"Collector","floor":33,"turns":3},{"damage":0,"enemies":"3 Shapes","floor":35,"turns":2},{"damage":0,"enemies":"3 Darklings","floor":39,"turns":3},{"damage":29,"enemies":"Reptomancer","floor":42,"turns":3},{"damage":0,"enemies":"4 Shapes","floor":47,"turns":3},{"damage":87,"enemies":"hubris:GrandSnecko","floor":50,"turns":9}],"seed_played":"3795415659437416449","potions_obtained":[{"floor":1,"key":"GamblersBrew"},{"floor":12,"key":"Explosive Potion"},{"floor":14,"key":"GamblersBrew"},{"floor":16,"key":"Explosive Potion"},{"floor":21,"key":"Fire Potion"},{"floor":33,"key":"SmokeBomb"},{"floor":39,"key":"DistilledChaos"},{"floor":42,"key":"DistilledChaos"}],"is_trial":true,"path_per_floor":["M","$","T","?","?","E","R","M","T","R","M","E","$","M","R","B",null,"M","?","$","M","M","R","R","E","T","R","R","$","R","$","R","B",null,"M","?","$","?","M","R","R","E","T","R","$","R","M","?","R","B"],"character_chosen":"THE_CHEF","items_purchased":["chefmod:FireUp","Regal Pillow","Lee\u0027s Waffle","Anchor","Orrery"],"campfire_rested":4,"item_purchase_floors":[2,13,20,37,45],"current_hp_per_floor":[76,76,76,57,57,52,52,52,52,52,52,52,67,67,67,62,76,71,67,83,83,79,79,79,79,79,79,79,83,83,83,83,83,83,83,83,83,79,79,79,79,50,50,50,65,79,79,79,79,0,0],"gold":19,"neow_bonus":"","is_daily":false,"chose_seed":false,"campfire_upgraded":10,"win_rate":0.0,"timestamp":1610311438,"path_taken":["M","$","?","?","?","E","R","M","T","R","?","?","$","?","R","BOSS","M","?","$","?","M","R","R","?","T","R","R","$","R","?","R","BOSS","M","?","$","?","?","R","R","?","T","R","$","R","?","?","R","BOSS"],"items_purchased_type":["Card","Relic","Relic","Relic","Relic"],"build_version":"2020-12-22","purchased_purges":2,"victory":false,"max_hp_per_floor":[76,76,76,76,76,76,76,76,76,76,76,76,76,76,76,76,76,76,76,83,83,83,83,83,83,83,83,83,83,83,83,83,83,83,83,83,83,79,79,79,79,79,79,79,79,79,79,79,79,79,79],"relic_stats":{"Regal Pillow":0,"Lee\u0027s Waffle":7,"counters":[18,61],"Golden Idol":120,"Dead Branch":[6],"Whetstone":["chefmod:FireUp"],"War Paint":["chefmod:Bruschetta","chefmod:Sorbet"],"Boot":[10],"Question Card":8,"Mercury Hourglass":[57],"Centennial Puzzle":[6],"Shuriken":[6],"Mummified Hand":[64],"MealTicket":43,"obtain_stats":[{"Regal Pillow":13,"hubris:CrystalStatue":26,"sneckomod:BlankCard":9,"SacredBark":17,"Whetstone":35,"Boot":14,"Centennial Puzzle":39,"Matryoshka":6,"HornCleat":47,"Mummified Hand":9,"MealTicket":12,"Red Mask":19,"Toxic Egg 2":21,"chefmod:TrustyPot":0,"Lee\u0027s Waffle":20,"Golden Idol":4,"Dead Branch":0,"Thread and Needle":22,"Omamori":26,"War Paint":11,"Question Card":25,"Mercury Hourglass":42,"Anchor":37,"Shuriken":1,"Orrery":45,"Molten Egg 2":3,"hubris:TenFootPole":8,"Bag of Marbles":43,"Toy Ornithopter":18},{"Regal Pillow":5,"hubris:CrystalStatue":12,"sneckomod:BlankCard":3,"SacredBark":7,"Whetstone":14,"Boot":6,"Centennial Puzzle":15,"Matryoshka":2,"HornCleat":17,"Mummified Hand":3,"MealTicket":5,"Red Mask":9,"Toxic Egg 2":10,"chefmod:TrustyPot":0,"Lee\u0027s Waffle":9,"Golden Idol":1,"Dead Branch":0,"Thread and Needle":11,"Omamori":12,"War Paint":4,"Question Card":12,"Mercury Hourglass":16,"Anchor":14,"Shuriken":1,"Orrery":16,"Molten Egg 2":1,"hubris:TenFootPole":3,"Bag of Marbles":16,"Toy Ornithopter":8},{"Regal Pillow":17,"hubris:CrystalStatue":38,"sneckomod:BlankCard":12,"SacredBark":24,"Whetstone":43,"Boot":19,"Centennial Puzzle":46,"Matryoshka":10,"HornCleat":52,"Mummified Hand":12,"MealTicket":17,"Red Mask":30,"Toxic Egg 2":32,"chefmod:TrustyPot":0,"Lee\u0027s Waffle":30,"Golden Idol":4,"Dead Branch":0,"Thread and Needle":35,"Omamori":38,"War Paint":14,"Question Card":38,"Mercury Hourglass":49,"Anchor":43,"Shuriken":4,"Orrery":49,"Molten Egg 2":4,"hubris:TenFootPole":12,"Bag of Marbles":49,"Toy Ornithopter":27}],"Toy Ornithopter":0},"card_choices":[{"not_picked":["chefmod:DeepFreeze","chefmod:OrderUp"],"picked":"chefmod:FullCourseMeal","floor":6},{"not_picked":["chefmod:RisingDough","chefmod:Canape"],"picked":"chefmod:SushiPlatter","floor":12},{"not_picked":["chefmod:DeathByChocolate+1","chefmod:PrepCook"],"picked":"chefmod:Canape","floor":16},{"not_picked":["chefmod:ColdSteel+1","chefmod:AllYouCanEat"],"picked":"chefmod:FireUp+1","floor":19},{"not_picked":["chefmod:DeepFreeze+1","chefmod:PrepCook"],"picked":"chefmod:CandyBowl+1","floor":25},{"not_picked":["chefmod:FrozenTuna+1","chefmod:PrepCook","chefmod:SushiPlatter"],"picked":"chefmod:Canape+1","floor":33},{"not_picked":["chefmod:DeepFreeze+1","chefmod:OrderUp","chefmod:TastyDistraction"],"picked":"chefmod:FullCourseMeal","floor":42},{"not_picked":["chefmod:Gelato+1","chefmod:SliceAndDice+1","chefmod:TastyDistraction"],"picked":"chefmod:FarmersMarket+1","floor":45},{"not_picked":["chefmod:GroceryDelivery+1","chefmod:Ratatouille+1","chefmod:AllYouCanEat+1"],"picked":"chefmod:SearedScallops+1","floor":45},{"not_picked":["chefmod:Defrost+1","chefmod:HotSoup+1","chefmod:Gelato+1"],"picked":"chefmod:FireUp+1","floor":45}],"player_experience":735968,"relics_obtained":[{"floor":1,"key":"Shuriken"},{"floor":3,"key":"Molten Egg 2"},{"floor":6,"key":"Matryoshka"},{"floor":8,"key":"hubris:TenFootPole"},{"floor":9,"key":"Mummified Hand"},{"floor":9,"key":"sneckomod:BlankCard"},{"floor":11,"key":"War Paint"},{"floor":12,"key":"MealTicket"},{"floor":14,"key":"Boot"},{"floor":18,"key":"Toy Ornithopter"},{"floor":19,"key":"Red Mask"},{"floor":21,"key":"Toxic Egg 2"},{"floor":22,"key":"Thread and Needle"},{"floor":25,"key":"Question Card"},{"floor":26,"key":"Omamori"},{"floor":26,"key":"hubris:CrystalStatue"},{"floor":35,"key":"Whetstone"},{"floor":39,"key":"Centennial Puzzle"},{"floor":42,"key":"Mercury Hourglass"},{"floor":43,"key":"Bag of Marbles"},{"floor":47,"key":"HornCleat"}],"event_choices":[{"damage_healed":0,"gold_gain":0,"player_choice":"Take Damage","damage_taken":19,"relics_obtained":["Golden Idol"],"max_hp_gain":0,"max_hp_loss":0,"event_name":"Golden Idol","floor":4,"gold_loss":0},{"damage_healed":0,"gold_gain":0,"player_choice":"Fought Bandits","damage_taken":0,"max_hp_gain":0,"max_hp_loss":0,"event_name":"Masked Bandits","floor":19,"gold_loss":0},{"damage_healed":0,"gold_gain":0,"player_choice":"Memory 1","damage_taken":0,"max_hp_gain":0,"max_hp_loss":0,"event_name":"SensoryStone","floor":36,"gold_loss":0},{"damage_healed":0,"gold_gain":0,"player_choice":"Max HP","damage_taken":0,"max_hp_gain":0,"max_hp_loss":4,"event_name":"Winding Halls","floor":38,"gold_loss":0},{"cards_removed":["chefmod:FireUp"],"damage_healed":0,"gold_gain":0,"player_choice":"Removed Attack","damage_taken":0,"max_hp_gain":0,"max_hp_loss":0,"event_name":"Falling","floor":48,"gold_loss":0}],"is_beta":false,"boss_relics":[{"not_picked":["Cursed Key","Philosopher\u0027s Stone"],"picked":"SacredBark"},{"not_picked":["Velvet Choker","hubris:TerracottaHorce","hubris:BlackHole"]}],"items_purged_floors":[13,20],"is_endless":true,"potions_floor_spawned":[1,12,14,16,19,21,33,39,42],"killed_by":"hubris:GrandSnecko","ascension_level":0}}