{"host":"cv77zuuuekizn3ic","time":1610259521,"event":{"mods":["AchievementEnabler","BaseMod","Marisa£®ÏF”Í°°ƒß¿Ì…≥£©","Minty Spire (QoL Compilation)","StSLib","Waifu the Spire","everything is the same but u backflip on backflip","slay the spire mod where everything is the same but ironclad has a cowboy hat"],"gold_per_floor":[117,135,135,146,32,57,116,141,141,141,168,180,203,235,247,259,259],"floor_reached":16,"playtime":416,"items_purged":["Pain"],"score":220,"play_id":"bfe91c31-b91a-4fce-94e0-8de262441adb","local_time":"20210110141841","is_ascension_mode":true,"campfire_choices":[{"data":"Offering","floor":10.0,"key":"SMITH"},{"data":"Inflame","floor":12.0,"key":"SMITH"},{"data":"Whirlwind","floor":15.0,"key":"SMITH"}],"circlet_count":0,"master_deck":["AscendersBane","Strike_R","Strike_R","Strike_R","Strike_R","Strike_R","Defend_R","Defend_R","Defend_R","Defend_R","Bash","Inflame+1","Inflame","Sword Boomerang","Whirlwind+1","Offering+1","Second Wind"],"relics":["Burning Blood","NeowsBlessing","WarpedTongs","Mummified Hand","Orichalcum","Oddly Smooth Stone","MawBank"],"acts_visited":["Exordium"],"potions_floor_usage":[16],"damage_taken":[{"damage":0.0,"enemies":"Cultist","floor":1.0,"turns":1.0},{"damage":0.0,"enemies":"Small Slimes","floor":2.0,"turns":1.0},{"damage":0.0,"enemies":"Jaw Worm","floor":4.0,"turns":1.0},{"damage":25.0,"enemies":"3 Sentries","floor":6.0,"turns":4.0},{"damage":41.0,"enemies":"Gremlin Nob","floor":7.0,"turns":4.0},{"damage":14.0,"enemies":"Lagavulin","floor":8.0,"turns":4.0},{"damage":0.0,"enemies":"Exordium Wildlife","floor":13.0,"turns":2.0},{"damage":6.0,"enemies":"Red Slaver","floor":14.0,"turns":2.0},{"damage":51,"enemies":"The Guardian","floor":16,"turns":7}],"seed_played":"-1503863044838570869","potions_obtained":[{"floor":2.0,"key":"BloodPotion"},{"floor":4.0,"key":"ElixirPotion"},{"floor":8.0,"key":"DuplicationPotion"},{"floor":14.0,"key":"Regen Potion"}],"is_trial":false,"path_per_floor":["M","M","?","M","$","E","?","E","T","R","T","R","M","M","R","B"],"character_chosen":"IRONCLAD","items_purchased":["Whirlwind"],"campfire_rested":0,"item_purchase_floors":[5],"current_hp_per_floor":[74,75,75,75,75,56,21,28,28,28,28,28,34,34,34,0,0],"gold":259,"neow_bonus":"THREE_ENEMY_KILL","is_daily":false,"chose_seed":false,"campfire_upgraded":3,"win_rate":0.0,"timestamp":1610259521,"path_taken":["M","M","?","?","?","E","?","E","T","R","?","R","?","M","R","BOSS"],"items_purchased_type":["Card"],"build_version":"2020-12-22","purchased_purges":1,"victory":false,"max_hp_per_floor":[75,75,75,75,75,75,75,75,75,75,75,75,75,75,75,75,75],"card_choices":[{"not_picked":["Sword Boomerang","Carnage"],"picked":"Inflame","floor":1.0},{"not_picked":["Warcry","Sword Boomerang"],"picked":"Inflame","floor":2.0},{"not_picked":["Clothesline","Inflame"],"picked":"Sword Boomerang","floor":4.0},{"not_picked":["Twin Strike","Clothesline"],"picked":"Offering","floor":6.0},{"not_picked":["Perfected Strike","Headbutt","Hemokinesis"],"picked":"SKIP","floor":8.0},{"not_picked":["Wild Strike","Clash","Rage"],"picked":"SKIP","floor":13.0},{"not_picked":["Whirlwind","Flex"],"picked":"Second Wind","floor":14.0}],"player_experience":820207,"relics_obtained":[{"floor":6.0,"key":"Mummified Hand"},{"floor":7.0,"key":"Orichalcum"},{"floor":8.0,"key":"Oddly Smooth Stone"},{"floor":11.0,"key":"MawBank"}],"event_choices":[{"damage_healed":0.0,"max_hp_gain":0.0,"max_hp_loss":0.0,"gold_gain":0.0,"event_name":"Accursed Blacksmith","player_choice":"Rummage","floor":3.0,"gold_loss":0.0,"damage_taken":0.0,"relics_obtained":["WarpedTongs"],"cards_obtained":["Pain"]},{"damage_healed":0.0,"max_hp_gain":0.0,"max_hp_loss":0.0,"gold_gain":0.0,"event_name":"Dead Adventurer","player_choice":"Searched \u00271\u0027 times","floor":7.0,"gold_loss":0.0,"damage_taken":0.0}],"is_beta":false,"boss_relics":[],"items_purged_floors":[5],"is_endless":false,"potions_floor_spawned":[2,4,8,14],"killed_by":"The Guardian","ascension_level":20}}