{"host":"og6lam4kt3nibbw0","time":1610298748,"event":{"mods":["AchievementEnabler","BaseMod","Colored Map","DeckTracker","Highlight Path","Keyboard Shortcuts","Minty Spire (QoL Compilation)","Permanent Neow","Quick Restart","StSLib","SuperFastMode"],"gold_per_floor":[16,16,36,55,55,55,99,99,150,168,192,212,212,240,240,336,336,351,140,156,181,222,222,222,222,222,222,235,235,235,235,235,235,235],"floor_reached":33,"playtime":1312,"items_purged":["Strike_G"],"score":609,"play_id":"3130fd2a-8bea-4222-81c2-7be8e023acce","local_time":"20210111021228","is_ascension_mode":true,"campfire_choices":[{"data":"Adrenaline","floor":6.0,"key":"SMITH"},{"data":"Masterful Stab","floor":8.0,"key":"SMITH"},{"data":"Venomology","floor":13.0,"key":"SMITH"},{"data":"Underhanded Strike","floor":15.0,"key":"SMITH"},{"data":"Bandage Up","floor":23.0,"key":"SMITH"},{"data":"Burst","floor":25.0,"key":"SMITH"},{"data":"Adrenaline","floor":30.0,"key":"SMITH"},{"data":"Noxious Fumes","floor":32,"key":"SMITH"}],"circlet_count":0,"master_deck":["AscendersBane","Defend_G","Defend_G","Defend_G","Defend_G","Defend_G","Survivor","Neutralize","Adrenaline+1","Quick Slash","Masterful Stab+1","Acrobatics","PiercingWail","Reflex","Venomology+1","Underhanded Strike+1","Burst+1","Noxious Fumes+1","Bandage Up+1","Deflect","Bite","Bite","Bite","Bite","Bite","Prepared","Adrenaline+1"],"relics":["Ring of the Snake","Golden Idol","Snake Skull","Bronze Scales","Odd Mushroom","Coffee Dripper","Red Mask","Oddly Smooth Stone"],"acts_visited":["Exordium","TheCity"],"potions_floor_usage":[31,33],"damage_taken":[{"damage":4.0,"enemies":"Cultist","floor":1.0,"turns":5.0},{"damage":2.0,"enemies":"2 Louse","floor":3.0,"turns":2.0},{"damage":0.0,"enemies":"Jaw Worm","floor":4.0,"turns":3.0},{"damage":0.0,"enemies":"Gremlin Nob","floor":7.0,"turns":3.0},{"damage":0.0,"enemies":"Looter","floor":10.0,"turns":3.0},{"damage":3.0,"enemies":"Exordium Wildlife","floor":11.0,"turns":3.0},{"damage":9.0,"enemies":"Large Slime","floor":12.0,"turns":6.0},{"damage":5.0,"enemies":"The Mushroom Lair","floor":14.0,"turns":5.0},{"damage":35.0,"enemies":"The Guardian","floor":16.0,"turns":8.0},{"damage":0.0,"enemies":"3 Byrds","floor":18.0,"turns":3.0},{"damage":7.0,"enemies":"Shell Parasite","floor":20.0,"turns":8.0},{"damage":18.0,"enemies":"Snake Plant","floor":21.0,"turns":4.0},{"damage":19.0,"enemies":"Masked Bandits","floor":22.0,"turns":4.0},{"damage":0.0,"enemies":"Shelled Parasite and Fungi","floor":24.0,"turns":1.0},{"damage":25.0,"enemies":"Sentry and Sphere","floor":28.0,"turns":6.0},{"damage":0,"enemies":"Book of Stabbing","floor":31,"turns":1},{"damage":78,"enemies":"Champ","floor":33,"turns":15}],"seed_played":"7396293824413789827","potions_obtained":[{"floor":4.0,"key":"SkillPotion"},{"floor":5.0,"key":"Fruit Juice"},{"floor":5.0,"key":"FearPotion"},{"floor":12.0,"key":"Block Potion"},{"floor":16.0,"key":"AttackPotion"},{"floor":18.0,"key":"PowerPotion"},{"floor":20.0,"key":"PowerPotion"},{"floor":21.0,"key":"LiquidBronze"}],"is_trial":false,"path_per_floor":["M","?","M","M","?","R","E","R","T","M","M","M","R","?","R","B",null,"M","$","M","M","?","R","M","R","T","?","M","?","R","E","R","B"],"character_chosen":"THE_SILENT","items_purchased":["Noxious Fumes","Bandage Up"],"campfire_rested":0,"item_purchase_floors":[19,19],"current_hp_per_floor":[55,55,53,53,58,58,58,58,58,58,55,46,46,41,41,6,50,50,50,47,33,18,18,24,24,24,24,23,23,23,35,35,0,0],"gold":235,"neow_bonus":"THREE_RARE_CARDS","is_daily":false,"chose_seed":false,"campfire_upgraded":8,"win_rate":0.0,"timestamp":1610298748,"path_taken":["M","?","M","M","?","R","E","R","T","M","?","M","R","?","R","BOSS","M","$","M","M","?","R","M","R","T","?","M","?","R","E","R","BOSS"],"items_purchased_type":["Card","Card"],"build_version":"2020-12-22","purchased_purges":1,"victory":false,"max_hp_per_floor":[66,60,60,60,65,65,65,65,65,65,65,65,65,65,65,65,65,65,65,65,65,65,65,65,65,65,45,45,45,45,45,45,45,45],"card_choices":[{"not_picked":["Bullet Time","Burst"],"picked":"Adrenaline","floor":0.0},{"not_picked":["Bane","Eviscerate"],"picked":"Quick Slash","floor":1.0},{"not_picked":["Quick Slash","Bane"],"picked":"Masterful Stab","floor":3.0},{"not_picked":["Flechettes","Sucker Punch"],"picked":"Acrobatics","floor":4.0},{"not_picked":["Acrobatics","Leg Sweep"],"picked":"PiercingWail","floor":7.0},{"not_picked":["Predator","Dash"],"picked":"Reflex","floor":10.0},{"not_picked":["Terror","Slice","Acrobatics"],"picked":"SKIP","floor":11.0},{"not_picked":["Endless Agony","Poisoned Stab"],"picked":"Venomology","floor":12.0},{"not_picked":["Sucker Punch","Dash"],"picked":"Underhanded Strike","floor":14.0},{"not_picked":["Malaise","Phantasmal Killer"],"picked":"Burst","floor":16.0},{"not_picked":["Bane","Blade Dance","Heel Hook"],"picked":"SKIP","floor":18.0},{"not_picked":["Terror","Dagger Spray+1","Noxious Fumes"],"picked":"SKIP","floor":20.0},{"not_picked":["Concentrate","Endless Agony","PiercingWail"],"picked":"SKIP","floor":21.0},{"not_picked":["Flying Knee","Predator"],"picked":"Deflect","floor":22.0},{"not_picked":["Predator","Blade Dance+1"],"picked":"Prepared","floor":28.0}],"player_experience":844338,"relics_obtained":[{"floor":7.0,"key":"Snake Skull"},{"floor":9.0,"key":"Bronze Scales"},{"floor":14.0,"key":"Odd Mushroom"},{"floor":22.0,"key":"Red Mask"},{"floor":26.0,"key":"Oddly Smooth Stone"}],"event_choices":[{"damage_healed":0.0,"max_hp_gain":0.0,"max_hp_loss":6.0,"gold_gain":0.0,"event_name":"Golden Idol","player_choice":"Lose Max HP","floor":2.0,"gold_loss":0.0,"damage_taken":0.0,"relics_obtained":["Golden Idol"]},{"damage_healed":0.0,"max_hp_gain":0.0,"max_hp_loss":0.0,"gold_gain":0.0,"event_name":"Lab","player_choice":"Got Potions","floor":5.0,"gold_loss":0.0,"damage_taken":0.0},{"damage_healed":0.0,"max_hp_gain":0.0,"max_hp_loss":0.0,"gold_gain":0.0,"event_name":"Mushrooms","player_choice":"Fought Mushrooms","floor":14.0,"gold_loss":0.0,"damage_taken":0.0},{"damage_healed":0.0,"max_hp_gain":0.0,"max_hp_loss":0.0,"gold_gain":0.0,"event_name":"Masked Bandits","player_choice":"Fought Bandits","floor":22.0,"gold_loss":0.0,"damage_taken":0.0},{"damage_healed":0.0,"max_hp_gain":0.0,"max_hp_loss":20.0,"gold_gain":0.0,"event_name":"Vampires","player_choice":"Became a vampire","floor":27.0,"gold_loss":0.0,"damage_taken":0.0,"cards_obtained":["Bite","Bite","Bite","Bite","Bite"]},{"damage_healed":0.0,"max_hp_gain":0.0,"max_hp_loss":0.0,"gold_gain":0.0,"event_name":"The Library","player_choice":"Read","floor":29.0,"gold_loss":0.0,"damage_taken":0.0,"cards_obtained":["Adrenaline"]}],"is_beta":false,"boss_relics":[{"not_picked":["Velvet Choker","Sozu"],"picked":"Coffee Dripper"}],"items_purged_floors":[19],"is_endless":false,"potions_floor_spawned":[4,12,16,18,20,21,24],"killed_by":"Champ","ascension_level":20}}