{"host":"v44q4b4ve3ukxjf4","time":1610247142,"event":{"mods":["BaseMod","Colored Map","DeckTracker","Hermit","Keyboard Shortcuts","Minty Spire (QoL Compilation)","Quick Restart","StSLib","SuperFastMode"],"gold_per_floor":[111,111,4,25,25,60,75,75,101,101,101,121,135,170,170,293,293,311,311,311,325,341,372,372,372,372],"floor_reached":25,"playtime":1606,"items_purged":[],"score":256,"play_id":"37c8dbb9-0351-405b-8b10-413608a7b81c","local_time":"20210110115222","is_ascension_mode":false,"campfire_choices":[{"data":"hermit:GoldenBullet","floor":8.0,"key":"SMITH"},{"data":"hermit:Snapshot","floor":11.0,"key":"SMITH"},{"data":"hermit:Dive","floor":15.0,"key":"SMITH"},{"data":"hermit:Dissolve","floor":24,"key":"SMITH"}],"circlet_count":0,"master_deck":["hermit:Defend_Hermit","hermit:Defend_Hermit","hermit:Defend_Hermit","hermit:Snapshot+1","hermit:Covet","hermit:Ricochet","hermit:GoldenBullet+1","hermit:TakeAim+1","hermit:Gestalt","hermit:Dive+1","hermit:Headshot","hermit:Dissolve+1","hermit:Enervate","Bite","Bite","Bite","Bite","Bite","hermit:Vantage+1"],"relics":["hermit:Momento","NeowsBlessing","Golden Idol","Ice Cream","Cursed Key","Meat on the Bone"],"acts_visited":["Exordium","TheCity"],"potions_floor_usage":[],"damage_taken":[{"damage":0.0,"enemies":"Cultist","floor":1.0,"turns":1.0},{"damage":0.0,"enemies":"2 Louse","floor":4.0,"turns":2.0},{"damage":4.0,"enemies":"3 Sentries","floor":6.0,"turns":2.0},{"damage":0.0,"enemies":"Small Slimes","floor":7.0,"turns":2.0},{"damage":1.0,"enemies":"Looter","floor":12.0,"turns":2.0},{"damage":8.0,"enemies":"Large Slime","floor":13.0,"turns":5.0},{"damage":19.0,"enemies":"Lagavulin","floor":14.0,"turns":8.0},{"damage":22,"enemies":"The Guardian","floor":16,"turns":13},{"damage":4,"enemies":"2 Thieves","floor":18,"turns":4},{"damage":7,"enemies":"Shell Parasite","floor":21,"turns":4},{"damage":2,"enemies":"Chosen and Byrds","floor":22,"turns":6},{"damage":4,"enemies":"Slavers","floor":23,"turns":6},{"damage":88,"enemies":"Gremlin Leader","floor":25,"turns":11}],"seed_played":"-6614883091372954169","potions_obtained":[{"floor":6.0,"key":"SteroidPotion"},{"floor":13.0,"key":"LiquidBronze"},{"floor":14.0,"key":"Energy Potion"}],"is_trial":false,"path_per_floor":["M","?","$","M","?","E","M","R","T","?","R","M","M","E","R","B",null,"M","?","?","M","M","E","R","E"],"character_chosen":"HERMIT","items_purchased":["hermit:GoldenBullet","hermit:TakeAim"],"campfire_rested":0,"item_purchase_floors":[3,3],"current_hp_per_floor":[75,57,57,57,57,53,55,55,55,55,55,56,50,33,33,13,75,71,71,71,74,75,75,75,20,20],"gold":372,"neow_bonus":"THREE_ENEMY_KILL","is_daily":false,"chose_seed":false,"campfire_upgraded":4,"win_rate":0.0,"timestamp":1610247142,"path_taken":["M","?","$","M","?","E","?","R","T","?","R","?","M","E","R","BOSS","M","?","?","M","M","E","R","E"],"items_purchased_type":["Card","Card"],"build_version":"2020-12-22","purchased_purges":0,"victory":false,"max_hp_per_floor":[75,75,75,75,75,75,75,75,75,75,75,75,75,75,75,75,75,75,75,75,75,75,75,75,75,75],"card_choices":[{"not_picked":["hermit:HighCaliber","hermit:Misfire"],"picked":"hermit:Ricochet","floor":1.0},{"not_picked":["hermit:Vantage","hermit:Glare","hermit:CalledShot"],"picked":"SKIP","floor":4.0},{"not_picked":["hermit:ShadowCloak","hermit:TakeCover","hermit:LowProfile"],"picked":"SKIP","floor":6.0},{"not_picked":["hermit:Desperado","hermit:CalledShot"],"picked":"hermit:Gestalt","floor":7.0},{"not_picked":["hermit:GhostlyPresence","hermit:Snipe"],"picked":"hermit:Dive","floor":12.0},{"not_picked":["hermit:HoleUp","hermit:Desperado"],"picked":"hermit:Headshot","floor":13.0},{"not_picked":["hermit:Snipe","hermit:FromBeyond","hermit:Desperado"],"picked":"SKIP","floor":14.0},{"not_picked":["hermit:BlackWind","hermit:FinalCanter"],"picked":"hermit:Dissolve","floor":16},{"not_picked":["hermit:CalledShot","hermit:Snipe"],"picked":"hermit:Enervate","floor":18},{"not_picked":["hermit:BodyArmor","hermit:PistolWhip+1","hermit:Snipe+1"],"picked":"SKIP","floor":21},{"not_picked":["hermit:WideOpen","hermit:SprayPray+1"],"picked":"hermit:Vantage+1","floor":22},{"not_picked":["hermit:Roulette","hermit:DeadMansHand","hermit:Deadeye"],"picked":"SKIP","floor":23}],"player_experience":263611,"relics_obtained":[{"floor":6.0,"key":"Blood Vial"},{"floor":14.0,"key":"Ice Cream"},{"floor":23,"key":"Meat on the Bone"}],"event_choices":[{"damage_healed":0.0,"max_hp_gain":0.0,"max_hp_loss":0.0,"gold_gain":0.0,"event_name":"Golden Idol","player_choice":"Take Damage","floor":2.0,"gold_loss":0.0,"damage_taken":18.0,"relics_obtained":["Golden Idol"]},{"damage_healed":0.0,"max_hp_gain":0.0,"max_hp_loss":0.0,"gold_gain":0.0,"event_name":"Upgrade Shrine","player_choice":"Upgraded","floor":5.0,"gold_loss":0.0,"damage_taken":0.0,"cards_upgraded":["hermit:TakeAim"]},{"damage_healed":0.0,"max_hp_gain":0.0,"max_hp_loss":0.0,"gold_gain":0.0,"event_name":"Match and Keep!","player_choice":"0 cards matched","floor":10.0,"gold_loss":0.0,"damage_taken":0.0,"cards_obtained":[]},{"damage_healed":0,"gold_gain":0,"player_choice":"Became a vampire (Vial)","damage_taken":0,"max_hp_gain":0,"max_hp_loss":0,"event_name":"Vampires","floor":19,"relics_lost":["Blood Vial"],"gold_loss":0,"cards_obtained":["Bite","Bite","Bite","Bite","Bite"]},{"cards_removed":["hermit:Defend_Hermit"],"damage_healed":0,"gold_gain":0,"player_choice":"Elegance","damage_taken":0,"max_hp_gain":0,"max_hp_loss":0,"event_name":"Back to Basics","floor":20,"gold_loss":0}],"is_beta":false,"boss_relics":[{"not_picked":["Tiny House","Empty Cage"],"picked":"Cursed Key"}],"items_purged_floors":[],"is_endless":false,"potions_floor_spawned":[6,13,14,16,18,21],"killed_by":"Gremlin Leader","ascension_level":0}}