{"host":"45gjn1i9lq2ky2i9","time":1610243929,"event":{"mods":["2.2 Compatiblity","Act Like it!","Aspiration","Bard","BaseMod","Beaked The Cultist","Better Altar","Better Match","Better Note","Better Sensory Stone","Better Skull","Better Third Choice","Better Vampires","Conspire","Downfall","Halation","Hubris","Infinite Spire","Jedi Mod","Lobotomy","LobotomyExtend","Minty Spire (QoL Compilation)","Pale of the Ancients","Permanent Neow","Replay The Spire","Shop Mod","Spikes Relics","StSLib","The Mystic","The Runesmith","The Wild Card"],"gold_per_floor":[99,99,99,99,7,21,21,41,75,0,0,20,20,45,61,165,165,90,102,120,138,42,42,91,101,26,45,30,30,30,30,50,152,152,152,168,168,183,300,300,300,300,300,300,300,325,128,148,158,158,158,158,191,47,47,47],"floor_reached":57,"playtime":3229,"items_purged":["Guardian:Strike_Guardian"],"score":1580,"play_id":"b2e6ebf6-bd75-41c9-a03b-ca70e91c69d0","local_time":"20210110095849","is_ascension_mode":true,"campfire_choices":[{"floor":1,"key":"RECALL"},{"data":"Guardian:Orbwalk","floor":10,"key":"SMITH"},{"data":"Guardian:BaubleBeam","floor":18,"key":"SMITH"},{"data":"Guardian:StasisStrike","floor":26,"key":"SMITH"},{"data":"Guardian:CurlUp","floor":30,"key":"SMITH"},{"floor":35,"key":"DIG"},{"data":"Guardian:PolyBeam","floor":44,"key":"SMITH"},{"data":"Guardian:ShieldCharger","floor":55,"key":"SMITH"}],"circlet_count":0,"master_deck":["Guardian:Strike_Guardian","Guardian:Strike_Guardian","Guardian:Strike_Guardian","Guardian:Defend_Guardian","Guardian:Defend_Guardian","Guardian:Defend_Guardian","Guardian:Defend_Guardian","Guardian:CurlUp+1","Guardian:TwinSlam","Guardian:ShieldCharger+1","Guardian:ArmoredProtocol","Guardian:Orbwalk+1","Guardian:ChargeCore","Guardian:StasisStrike+1","Guardian:PolyBeam+1","Guardian:ChargeUp+1","Guardian:BaubleBeam+1","Guardian:Recover+1","Guardian:PiercingHide+1","Guardian:BronzeOrb","Guardian:Suspension+1","Guardian:ShieldSpikes+1","hubris:Fate+1","Guardian:DonusPower+1","Guardian:FloatingOrbs+1","Guardian:PolyBeam+1","Guardian:BronzeArmor+1","Replay:Dark Deal+1","Guardian:PrismaticBeam+1","Guardian:Suspension+1","Guardian:Harden+1"],"relics":["Guardian:ModeShifter","downfall:HeartsMalice","Toxic Egg 2","HornCleat","downfall:HeartBlessingRed","Bottled Lightning","jedi:purplefairy","hubris:Backtick","infinitespire:EmpoweringShard","downfall:HeartBlessingGreen","hubris:Towel","downfall:HeartBlessingBlue","hubris:TinFlute","CosmicIsotope","Guardian:PickAxe","halation:EternalFortune","Bag of Marbles","Mirror","Boot","SnailShell","Anchor","Guardian:StasisUpgradeRelic"],"acts_visited":[],"potions_floor_usage":[16,56,56],"damage_taken":[{"damage":0,"enemies":"Jaw Worm","floor":2,"turns":1},{"damage":0,"enemies":"Cultist","floor":3,"turns":1},{"damage":0,"enemies":"conspire:RoseBush","floor":4,"turns":1},{"damage":0,"enemies":"downfall:FleeingMerchant","floor":5,"turns":4},{"damage":0,"enemies":"Exordium Wildlife","floor":6,"turns":5},{"damage":6,"enemies":"Large Slime","floor":8,"turns":8},{"damage":21,"enemies":"3 Sentries","floor":9,"turns":11},{"damage":0,"enemies":"conspire:2 RoseBushes","floor":12,"turns":5},{"damage":2,"enemies":"Replay:BlueRogue","floor":14,"turns":5},{"damage":6,"enemies":"3 Louse","floor":15,"turns":4},{"damage":16,"enemies":"downfall:Silent","floor":16,"turns":10},{"damage":5,"enemies":"3 Byrds","floor":19,"turns":4},{"damage":0,"enemies":"Snake Plant","floor":20,"turns":5},{"damage":5,"enemies":"Cultist and Chosen","floor":21,"turns":7},{"damage":0,"enemies":"downfall:FleeingMerchant","floor":22,"turns":4},{"damage":0,"enemies":"Sentry and Sphere","floor":25,"turns":6},{"damage":8,"enemies":"Shelled Parasite and Fungi","floor":27,"turns":5},{"damage":0,"enemies":"downfall:FleeingMerchant","floor":28,"turns":4},{"damage":0,"enemies":"conspire:HollyBat","floor":32,"turns":7},{"damage":0,"enemies":"downfall:Defect","floor":33,"turns":6},{"damage":0,"enemies":"Orb Walker","floor":36,"turns":3},{"damage":0,"enemies":"3 Darklings","floor":38,"turns":4},{"damage":0,"enemies":"downfall:FleeingMerchant","floor":39,"turns":2},{"damage":2,"enemies":"Reptomancer","floor":46,"turns":4},{"damage":8,"enemies":"Sphere and 2 Shapes","floor":48,"turns":4},{"damage":9,"enemies":"4 Shapes","floor":49,"turns":4},{"damage":0,"enemies":"downfall:Watcher","floor":50,"turns":6},{"damage":0,"enemies":"downfall:CharBossMerchant","floor":53,"turns":7},{"damage":0,"enemies":"downfall:NeowBoss","floor":56,"turns":15}],"seed_played":"7855647555251987834","potions_obtained":[{"floor":6,"key":"FearPotion"},{"floor":8,"key":"jedi:wingpotion"},{"floor":9,"key":"FearPotion"},{"floor":14,"key":"Block Potion"},{"floor":20,"key":"Elixir"},{"floor":21,"key":"SkillPotion"},{"floor":27,"key":"Slimebound:ThreeZeroPotion"},{"floor":45,"key":"CultistPotion"},{"floor":48,"key":"Block Potion"}],"is_trial":false,"path_per_floor":["R","M","M","M","$","M","T","M","E","R","?","M","T","E","M","B",null,"R","M","M","M","$","?","T","M","R","M","$","?","R","AVR","M","B",null,"R","M","?","M","$","?","T","R","?","R","?","E","$","M","M","B",null,null,"E","$","R","B",null],"character_chosen":"GUARDIAN","items_purchased":["Guardian:Orbwalk","Guardian:Gem_Blue","Bag of Marbles","SnailShell","Guardian:Suspension+1","Guardian:StasisUpgradeRelic"],"campfire_rested":0,"item_purchase_floors":[5,22,39,47,47,54],"current_hp_per_floor":[80,80,80,80,80,80,80,74,53,53,53,53,53,51,45,29,80,80,75,75,70,70,70,70,70,81,73,73,73,90,90,90,90,90,90,90,93,96,96,96,96,96,96,96,96,94,94,86,77,77,77,96,99,99,99,99],"gold":47,"neow_bonus":"THREE_ENEMY_KILL","is_daily":false,"chose_seed":false,"campfire_upgraded":6,"win_rate":0.0,"timestamp":1610243929,"path_taken":["R","M","M","M","$","M","T","M","E","R","?","?","?","E","M","BOSS","R","M","M","M","$","?","T","M","R","M","?","?","R","AVR","M","BOSS","R","M","?","M","$","?","T","R","?","R","?","E","$","M","M","BOSS","E","$","R","BOSS"],"items_purchased_type":["Card","Card","Relic","Relic","Card","Relic"],"build_version":"2020-12-22","purchased_purges":1,"victory":true,"max_hp_per_floor":[80,80,80,80,80,80,80,80,80,80,80,80,80,80,80,80,80,80,80,80,80,80,80,80,80,90,90,90,90,90,90,90,90,90,90,90,93,96,96,96,96,96,96,96,96,96,96,96,96,96,96,96,99,99,99,99],"card_choices":[{"not_picked":["Guardian:TimeCapacitor","Guardian:Gem_Green"],"picked":"Guardian:ShieldCharger","floor":2},{"not_picked":["Guardian:Gem_Red","Guardian:Gem_Green"],"picked":"Guardian:Gem_Cyan","floor":3},{"not_picked":["Guardian:Gem_Lightblue","Guardian:TemporalStrike"],"picked":"Guardian:ArmoredProtocol","floor":4},{"not_picked":["Guardian:ArmoredProtocol","Guardian:SentryBeam"],"picked":"Guardian:Gem_Fragmented","floor":5},{"not_picked":["Guardian:RollAttack","Guardian:Incinerate"],"picked":"Guardian:ChargeCore","floor":6},{"not_picked":["Guardian:SpikerProtocol","Guardian:PiercingHide+1"],"picked":"Guardian:StasisStrike","floor":8},{"not_picked":["Guardian:Gem_Cyan","Guardian:RollAttack"],"picked":"Guardian:PolyBeam","floor":9},{"not_picked":["Guardian:WalkerClaw","Guardian:Reroute"],"picked":"Guardian:Gem_Purple","floor":12},{"not_picked":["Guardian:TemporalShield+1","Guardian:RollAttack"],"picked":"Guardian:Gem_Crimson","floor":14},{"not_picked":["Guardian:VentSteam+1","Guardian:Gem_Green"],"picked":"Guardian:ChargeUp+1","floor":15},{"not_picked":["Guardian:StasisField+1","Guardian:ExploitGems+1"],"picked":"Guardian:BaubleBeam","floor":16},{"not_picked":["Guardian:Gem_Green","Guardian:VentSteam+1"],"picked":"Guardian:Recover+1","floor":19},{"not_picked":["Guardian:SpikerProtocol","Guardian:Gem_Green"],"picked":"Guardian:PiercingHide+1","floor":20},{"not_picked":["Guardian:ChargeCore+1","Guardian:RollAttack"],"picked":"Guardian:BronzeOrb","floor":21},{"not_picked":["Guardian:AncientConstruct","Guardian:SpikerProtocol+1"],"picked":"Guardian:Suspension+1","floor":22},{"not_picked":["Guardian:RollAttack","Guardian:RefractedBeam"],"picked":"Guardian:ShieldSpikes+1","floor":25},{"not_picked":["Guardian:RollAttack+1","Guardian:Gem_Fragmented","Guardian:FierceBash"],"picked":"SKIP","floor":27},{"not_picked":["Guardian:Gem_Cyan","Guardian:SpikerProtocol","Guardian:WalkerClaw"],"picked":"SKIP","floor":28},{"not_picked":["Guardian:ShieldSpikes+1","Guardian:PrimingBeam"],"picked":"Guardian:DonusPower+1","floor":32},{"not_picked":["Guardian:StasisStrike","Guardian:HyperBeam_Guardian"],"picked":"Guardian:Gem_Synthetic","floor":33},{"not_picked":["Guardian:ShieldCharger+1","Guardian:Planning+1"],"picked":"Guardian:FloatingOrbs","floor":36},{"not_picked":["Guardian:Gem_Lightblue","Guardian:ChargeCore+1"],"picked":"Guardian:PolyBeam+1","floor":38},{"not_picked":["Guardian:WalkerClaw+1","Guardian:GuardianWhirl+1"],"picked":"Guardian:BronzeArmor+1","floor":39},{"not_picked":["expansioncontent:StudyTheSpire","Replay:Sssssssssshield+1"],"picked":"Replay:Dark Deal+1","floor":43},{"not_picked":["Guardian:WalkerClaw+1","Guardian:RollAttack"],"picked":"Guardian:PrismaticBeam+1","floor":46},{"not_picked":["Guardian:PiercingHide+1","Guardian:Reroute+1"],"picked":"Guardian:Gem_Crimson","floor":48},{"not_picked":["Guardian:SpikerProtocol","Guardian:ShieldCharger+1"],"picked":"Guardian:Harden+1","floor":49},{"not_picked":["Guardian:Gem_Crimson","Guardian:PiercingHide+1"],"picked":"Guardian:Gem_White","floor":53}],"player_experience":523952,"relics_obtained":[{"floor":7,"key":"Toxic Egg 2"},{"floor":9,"key":"HornCleat"},{"floor":13,"key":"Bottled Lightning"},{"floor":14,"key":"jedi:purplefairy"},{"floor":35,"key":"Guardian:PickAxe"},{"floor":38,"key":"halation:EternalFortune"},{"floor":41,"key":"Mirror"},{"floor":46,"key":"Boot"},{"floor":53,"key":"halation:EternalFortune"},{"floor":53,"key":"Anchor"}],"event_choices":[{"damage_healed":0,"gold_gain":3,"player_choice":"1","damage_taken":0,"max_hp_gain":0,"max_hp_loss":0,"event_name":"betterStone:BetterStone","floor":43,"gold_loss":0},{"damage_healed":0,"gold_gain":0,"player_choice":"Got Potions","damage_taken":0,"max_hp_gain":0,"max_hp_loss":0,"event_name":"Lab","floor":45,"gold_loss":0}],"is_beta":false,"boss_relics":[{"not_picked":["jedi:battlestandard","Calling Bell"],"picked":"hubris:Backtick"},{"not_picked":["halation:Risk","ChewingGum"],"picked":"CosmicIsotope"}],"items_purged_floors":[39],"is_endless":false,"potions_floor_spawned":[6,8,9,14,20,21,27,46,48,49],"ascension_level":3}}