{"host":"ek3xvuouaw6vk9if","time":1610265076,"event":{"mods":["BaseMod","BetterRewards","Minty Spire (QoL Compilation)","Permanent Neow","Quick Restart","Relic Stats","Replay The Spire","StSLib","The Disciple"],"gold_per_floor":[112,131,131,141,156,182,182,182,182],"floor_reached":8,"playtime":497,"items_purged":[],"score":107,"play_id":"3edcf864-2d08-4fbb-9ab5-ddd7ac0f542d","local_time":"20210110025116","is_ascension_mode":true,"campfire_choices":[{"data":"Leg Sweep","floor":7,"key":"SMITH"}],"circlet_count":0,"master_deck":["AscendersBane","Strike_G","Strike_G","Strike_G","Strike_G","Strike_G","Defend_G","Defend_G","Defend_G","Defend_G","Defend_G","Survivor","Neutralize","PatternShift","Strike_R","ReplayTheSpireMod:Brewmster+1","Fluid Movement","Reflex","Leg Sweep+1","Tactician","After Image"],"relics":["Ring of the Snake","Shuriken"],"acts_visited":["Exordium"],"potions_floor_usage":[1,1,4,4,6,6,6,6,8,8,8],"damage_taken":[{"damage":0,"enemies":"Cultist","floor":1,"turns":5},{"damage":7,"enemies":"Small Slimes","floor":2,"turns":5},{"damage":12,"enemies":"Jaw Worm","floor":4,"turns":6},{"damage":5,"enemies":"Exordium Wildlife","floor":5,"turns":6},{"damage":22,"enemies":"3 Sentries","floor":6,"turns":17},{"damage":39,"enemies":"Gremlin Nob","floor":8,"turns":6}],"seed_played":"-8445902882061749340","potions_obtained":[],"is_trial":false,"path_per_floor":["M","M","?","M","M","E","R","E"],"character_chosen":"THE_SILENT","items_purchased":[],"campfire_rested":0,"item_purchase_floors":[],"current_hp_per_floor":[59,52,52,40,35,28,28,0,0],"gold":182,"neow_bonus":"RANDOM_COLORLESS_2","is_daily":false,"chose_seed":false,"campfire_upgraded":1,"win_rate":0.0,"timestamp":1610265076,"path_taken":["M","M","?","M","M","E","R","E"],"items_purchased_type":[],"build_version":"2020-12-22","purchased_purges":0,"victory":false,"max_hp_per_floor":[66,66,66,66,66,66,66,66,66],"relic_stats":{"counters":[6,45],"Shuriken":[1],"obtain_stats":[{"Shuriken":6,"Ring of the Snake":0},{"Shuriken":5,"Ring of the Snake":0},{"Shuriken":39,"Ring of the Snake":0}],"Ring of the Snake":[12]},"card_choices":[{"not_picked":["Chrysalis","Thinking Ahead"],"picked":"ReplayTheSpireMod:Brewmster","floor":0},{"not_picked":["Sucker Punch","Hidden Blade"],"picked":"Fluid Movement","floor":1},{"not_picked":["Slice","Sucker Punch"],"picked":"Reflex","floor":2},{"not_picked":["Dagger Spray","Slice"],"picked":"Leg Sweep","floor":4},{"not_picked":["Acrobatics","Heel Hook"],"picked":"Tactician","floor":5},{"not_picked":["Distraction","Footwork"],"picked":"After Image","floor":6}],"player_experience":535121,"relics_obtained":[{"floor":6,"key":"Shuriken"}],"event_choices":[{"damage_healed":0,"gold_gain":0,"player_choice":"Grow","damage_taken":0,"max_hp_gain":0,"max_hp_loss":0,"event_name":"Living Wall","floor":3,"gold_loss":0,"cards_upgraded":["ReplayTheSpireMod:Brewmster"]}],"is_beta":false,"boss_relics":[],"items_purged_floors":[],"is_endless":false,"potions_floor_spawned":[1],"killed_by":"Gremlin Nob","ascension_level":17}}