{"host":"6749gst1gzuv21qf","time":1610243686,"event":{"mods":["Aspiration","BaseMod","Better Altar","Better Match","Better Note","Better Sensory Stone","Better Skull","Better Third Choice","BetterRewards","Colored Map","Colored Powertips","Downfall","Highlight Path","Minty Spire (QoL Compilation)","Permanent Neow","Replay The Spire","Shop Mod","Spicy Shops","StSLib","The Cursed","Wandering Minibosses"],"gold_per_floor":[99,115,129,129,140,140,140,140],"floor_reached":6,"playtime":658,"items_purged":[],"score":36,"play_id":"a1f5b65a-b047-4643-bad7-09d7de9ccca4","local_time":"20210109205446","is_ascension_mode":false,"campfire_choices":[{"floor":1,"key":"DIG"}],"circlet_count":0,"master_deck":["Guardian:Strike_Guardian","Guardian:Strike_Guardian","Guardian:Defend_Guardian","Guardian:Defend_Guardian","Guardian:Defend_Guardian","Guardian:Defend_Guardian","Guardian:CurlUp","Guardian:TwinSlam","Slimebound:Icky","Guardian:ChargeCore","Guardian:Gem_Green","Guardian:TemporalShield","Guardian:Planning","Guardian:Gem_Green","Guardian:Gem_Lightblue","Guardian:Gem_Lightblue","Guardian:Gem_Purple","Guardian:Gem_Blue","Guardian:Gem_Fragmented"],"relics":["Guardian:ModeShifter","Blue Doll"],"acts_visited":["Exordium"],"potions_floor_usage":[6],"damage_taken":[{"damage":0,"enemies":"Small Slimes","floor":2,"turns":4},{"damage":0,"enemies":"Jaw Worm","floor":3,"turns":5},{"damage":0,"enemies":"2 Louse","floor":5,"turns":3},{"damage":12,"enemies":"Lagavulin","floor":6,"turns":13}],"seed_played":"-5406007383489655458","potions_obtained":[{"floor":3,"key":"SkillPotion"},{"floor":5,"key":"sneckomod:MuddlingPotion"}],"is_trial":false,"path_per_floor":["R_BF","M","M","?","M","E"],"character_chosen":"GUARDIAN","items_purchased":[],"campfire_rested":0,"item_purchase_floors":[],"current_hp_per_floor":[80,80,80,50,50,38,38,38],"gold":140,"neow_bonus":"TRANSFORM_TWO_CARDS","is_daily":false,"chose_seed":false,"campfire_upgraded":0,"win_rate":0.0,"timestamp":1610243686,"path_taken":["R_BF","M","M","?","M","E"],"items_purchased_type":[],"build_version":"2020-12-22","purchased_purges":0,"victory":false,"max_hp_per_floor":[80,80,80,80,80,80,80,80],"card_choices":[{"not_picked":["Guardian:PrismaticBarrier","Guardian:WalkerClaw"],"picked":"Guardian:TemporalShield","floor":2},{"not_picked":["Guardian:RollAttack","Guardian:GemFire"],"picked":"Guardian:Planning","floor":3},{"not_picked":["Guardian:PrismaticBarrier","Guardian:BronzeOrb"],"picked":"Guardian:Gem_Fragmented","floor":5}],"player_experience":613993,"relics_obtained":[{"floor":1,"key":"Blue Doll"}],"event_choices":[],"is_beta":false,"boss_relics":[],"items_purged_floors":[],"is_endless":false,"potions_floor_spawned":[3,5],"killed_by":"Lagavulin","ascension_level":0}}