{"host":"gs78is6ltwo7hup6","time":1610242615,"event":{"mods":["Ascension Reborn","Aspiration","BaseMod","Better Altar","Better Match","Better Note","Better Sensory Stone","Better Skull","Better Third Choice","Better Vampires","Conspire","Downfall","Emptier Cage","Evolution","Fox Events","Hermit","Hubris","Infinite Spire","Ironclad Rager","Lobotomy","LobotomyExtend","Minty Spire (QoL Compilation)","Replay The Spire","Small Relic Pack","Spicy Shops","StSLib","The Marked","Waifu the Spire","everything is the same but u backflip on backflip"],"gold_per_floor":[114,114,130,130,15,50,64,81,81,107,120,120,135,1,1,97,97,112,112,13,13,31,60,60,75,100,112,144,156,156],"floor_reached":29,"playtime":2043,"items_purged":["theMarked:Defend"],"score":255,"play_id":"6dfbc5bf-f4e6-4f51-84ac-7068e735e611","local_time":"20210110093655","is_ascension_mode":true,"campfire_choices":[{"floor":15,"key":"REST"},{"floor":24,"key":"REST"},{"floor":27,"key":"REST"}],"circlet_count":0,"master_deck":["theMarked:Strike","theMarked:Strike","theMarked:Strike","theMarked:Strike","theMarked:Defend","theMarked:Defend","theMarked:SoldierOfQuellstein","theMarked:EmpowerWeapon","theMarked:Generate","theMarked:Convert","theMarked:ChainLightning","theMarked:SuspiciousRaven","theMarked:EmpowerWeapon+1","theMarked:Aftermath+1","theMarked:Improvise+1","theMarked:Snap","theMarked:GodGivenPower","theMarked:TurnInvisible+1","relicPack:ZaWorld+1","theMarked:Aftermath+1","theMarked:Static+1","theMarked:SwordAndMagic","theMarked:ShockingTouch","theMarked:RepellingDischarge+1","theMarked:SelfDefenseTraining"],"relics":["theMarked:ArtifactOfAir","EVO:Axolotl","aspiration:Nostalgia","Cracked Core","LetterFromLob","Membership Card","hubris:EvacipatedBox","Regal Pillow","Akabeko","Toy Ornithopter","aspiration:TomeofQuesting","Toxic Egg 2","infinitespire:Lucky Rock","relicPack:StarArrow","aspiration:Lifesprig","GremlinMask","Iron Hammer","MawBank"],"acts_visited":["Exordium","TheCity"],"potions_floor_usage":[6,6,8,10,16,16,18,23,28,28],"damage_taken":[{"damage":0,"enemies":"Small Slimes","floor":1,"turns":3},{"damage":1,"enemies":"Jaw Worm","floor":3,"turns":2},{"damage":6,"enemies":"Replay:BlueRogue","floor":6,"turns":4},{"damage":0,"enemies":"Cultist","floor":7,"turns":2},{"damage":3,"enemies":"Red Slaver","floor":8,"turns":2},{"damage":16,"enemies":"Gremlin Nob","floor":10,"turns":3},{"damage":8,"enemies":"Gremlin Gang","floor":11,"turns":3},{"damage":7,"enemies":"Blue Slaver","floor":13,"turns":2},{"damage":37,"enemies":"The Guardian","floor":16,"turns":6},{"damage":25,"enemies":"2 Thieves","floor":18,"turns":3},{"damage":10,"enemies":"Spheric Guardian","floor":22,"turns":3},{"damage":22,"enemies":"Replay:Snechameleon","floor":23,"turns":5},{"damage":14,"enemies":"Cultist and Chosen","floor":25,"turns":4},{"damage":42,"enemies":"Snake Plant","floor":28,"turns":3},{"damage":39,"enemies":"Slavers","floor":29,"turns":2}],"seed_played":"1042736734718930759","potions_obtained":[{"floor":3,"key":"EntropicBrew"},{"floor":6,"key":"sneckomod:MuddlingPotion"},{"floor":13,"key":"BlessingOfTheForge"},{"floor":16,"key":"Energy Potion"},{"floor":22,"key":"champ:CounterPotion"},{"floor":23,"key":"Dexterity Potion"},{"floor":25,"key":"LiquidBronze"}],"is_trial":false,"path_per_floor":["M","?","M","$","$","E","M","M","T","E","M","M","M","$","R","B",null,"M","?","$","?","M","E","R","M","T","R","M","E"],"character_chosen":"THE_DEFAULT","items_purchased":["Membership Card","hubris:EvacipatedBox","Regal Pillow","Akabeko","Toy Ornithopter","theMarked:Snap","theMarked:GodGivenPower","Adrenaline Potion","aspiration:Lifesprig","theMarked:Static+1"],"campfire_rested":3,"item_purchase_floors":[4,4,4,5,5,14,14,14,20,20],"current_hp_per_floor":[70,70,69,30,30,34,34,36,36,25,17,17,10,10,46,19,70,50,50,50,50,40,23,59,45,45,70,38,0,0],"gold":156,"neow_bonus":"NOSTALGIA","is_daily":false,"chose_seed":false,"campfire_upgraded":0,"win_rate":0.0,"timestamp":1610242615,"path_taken":["M","?","M","?","$","E","M","M","T","E","M","?","?","$","R","BOSS","M","?","$","?","M","E","R","M","T","R","M","E"],"items_purchased_type":["Relic","Relic","Relic","Relic","Relic","Card","Card","Potion","Relic","Card"],"build_version":"2020-12-22","purchased_purges":1,"victory":false,"max_hp_per_floor":[70,70,70,70,70,70,70,70,70,70,70,70,70,70,70,70,70,70,70,70,70,70,70,70,70,70,70,70,70,70],"card_choices":[{"not_picked":["theMarked:ResourceFulStrike","theMarked:DeterminationOfTheMarked"],"picked":"theMarked:EmpowerWeapon","floor":1},{"not_picked":["theMarked:KeepCalmAndFightOn","theMarked:StartUp"],"picked":"theMarked:Generate","floor":3},{"not_picked":["theMarked:ElectricStrings","theMarked:HeightenedSenses"],"picked":"theMarked:Convert","floor":6},{"not_picked":["theMarked:TwofoldDefense","theMarked:RepellingDischarge"],"picked":"theMarked:ChainLightning","floor":7},{"not_picked":["theMarked:BanishingWave","theMarked:Overcharge"],"picked":"theMarked:SuspiciousRaven","floor":8},{"not_picked":["theMarked:HeightenedSenses+1","theMarked:ContemptForTheProud"],"picked":"theMarked:EmpowerWeapon+1","floor":10},{"not_picked":["theMarked:Frustration","theMarked:SwordAndMagic"],"picked":"theMarked:Aftermath+1","floor":11},{"not_picked":["theMarked:ChainLightning","theMarked:ComboAttacks"],"picked":"theMarked:Improvise+1","floor":13},{"not_picked":["theMarked:ThrowWeapon","theMarked:TakeOffHeels+1"],"picked":"theMarked:TurnInvisible+1","floor":16},{"not_picked":["theMarked:RepellingDischarge+1","theMarked:ContemptForTheProud"],"picked":"theMarked:Aftermath+1","floor":18},{"not_picked":["theMarked:WastefulAttack","theMarked:Reabsorb+1"],"picked":"theMarked:SwordAndMagic","floor":22},{"not_picked":["theMarked:ResourceFulStrike","theMarked:Improvise+1"],"picked":"theMarked:ShockingTouch","floor":23},{"not_picked":["theMarked:HeightenedSenses+1","theMarked:TurnInvisible+1"],"picked":"theMarked:RepellingDischarge+1","floor":25},{"not_picked":["theMarked:WastefulAttack","theMarked:GodGivenPower"],"picked":"theMarked:SelfDefenseTraining","floor":28}],"player_experience":178304,"relics_obtained":[{"floor":1,"key":"LetterFromLob"},{"floor":6,"key":"aspiration:TomeofQuesting"},{"floor":9,"key":"Toxic Egg 2"},{"floor":10,"key":"infinitespire:Lucky Rock"},{"floor":23,"key":"Iron Hammer"},{"floor":26,"key":"MawBank"}],"event_choices":[{"cards_removed":["theMarked:Defend"],"damage_healed":0,"gold_gain":0,"player_choice":"Purged","damage_taken":0,"max_hp_gain":0,"max_hp_loss":0,"event_name":"Purifier","floor":2,"gold_loss":0},{"cards_removed":["theMarked:Strike"],"damage_healed":0,"gold_gain":0,"player_choice":"Purged","damage_taken":0,"max_hp_gain":0,"max_hp_loss":0,"event_name":"Purifier","floor":19,"gold_loss":0},{"damage_healed":0,"gold_gain":0,"player_choice":"Trade","damage_taken":0,"relics_obtained":["GremlinMask"],"max_hp_gain":0,"max_hp_loss":0,"event_name":"FaceTrader","floor":21,"gold_loss":0}],"is_beta":false,"boss_relics":[{"not_picked":["aspiration:BursterCore","ReplayTheSpireMod:DimensionalGlitch","hubris:Stopwatch"],"picked":"relicPack:StarArrow"}],"items_purged_floors":[14],"is_endless":false,"potions_floor_spawned":[3,6,13,16,22,23,25],"killed_by":"Slavers","ascension_level":0}}