{"host":"oigynbtg272c19pw","time":1610301444,"event":{"mods":["BaseMod","Colored Map","Minty Spire (QoL Compilation)","Relic Stats","StSLib"],"gold_per_floor":[114,114,128,138,21,38,68,68,114,114,124,158,168,202,202,276,276,295,24,39,39,51,51,51,51,51,80,96,129,147,175,175,246,246,258,309,325,344,358,393,393,425,477,507,82,108,108,119,119,119,119,119,119,79,110,110,110],"floor_reached":56,"playtime":4643,"items_purged":["Strike_P","Strike_P"],"score":2494,"play_id":"79c956b3-7e49-4342-ab93-4b7d17b62e96","local_time":"20210110185724","is_ascension_mode":true,"campfire_choices":[{"data":"Wallop","floor":8.0,"key":"SMITH"},{"data":"Trip","floor":10.0,"key":"SMITH"},{"data":"EmptyFist","floor":15.0,"key":"SMITH"},{"data":"Wallop","floor":23.0,"key":"SMITH"},{"floor":25.0,"key":"REST"},{"data":"SignatureMove","floor":32.0,"key":"SMITH"},{"data":"Devotion","floor":41.0,"key":"SMITH"},{"floor":47.0,"key":"RECALL"},{"data":"SpiritShield","floor":49.0,"key":"SMITH"},{"data":"ThirdEye","floor":53.0,"key":"SMITH"}],"circlet_count":0,"master_deck":["AscendersBane","Defend_P","Defend_P","Defend_P","Defend_P","Eruption","Vigilance","Trip+1","FlurryOfBlows","Conclude","ThirdEye+1","SignatureMove+1","Wallop+1","InnerPeace","FearNoEvil+1","Devotion+1","EmptyBody","EmptyFist+1","DevaForm","Wallop+1","Protect+1","Omniscience","Wireheading","WindmillStrike+1","Scrawl","Nirvana+1","SpiritShield+1","SandsOfTime"],"relics":["PureWater","Yang","Akabeko","Damaru","Potion Belt","Snecko Eye","Bottled Tornado","Strawberry","Regal Pillow","Toy Ornithopter","Busted Crown","Pocketwatch","Whetstone","Darkstone Periapt","Pen Nib","Kunai","Bird Faced Urn","Prayer Wheel","InkBottle"],"acts_visited":["Exordium","TheCity","TheBeyond","TheEnding"],"potions_floor_usage":[55,56],"damage_taken":[{"damage":0.0,"enemies":"2 Louse","floor":1.0,"turns":2.0},{"damage":1.0,"enemies":"Cultist","floor":3.0,"turns":3.0},{"damage":0.0,"enemies":"Small Slimes","floor":4.0,"turns":1.0},{"damage":12.0,"enemies":"Exordium Thugs","floor":6.0,"turns":4.0},{"damage":5.0,"enemies":"3 Sentries","floor":7.0,"turns":6.0},{"damage":0.0,"enemies":"2 Fungi Beasts","floor":11.0,"turns":1.0},{"damage":14.0,"enemies":"Lagavulin","floor":12.0,"turns":6.0},{"damage":0.0,"enemies":"Blue Slaver","floor":13.0,"turns":2.0},{"damage":2.0,"enemies":"3 Sentries","floor":14.0,"turns":3.0},{"damage":14.0,"enemies":"The Guardian","floor":16.0,"turns":11.0},{"damage":15.0,"enemies":"2 Thieves","floor":18.0,"turns":3.0},{"damage":12.0,"enemies":"Shell Parasite","floor":20.0,"turns":5.0},{"damage":0.0,"enemies":"Snake Plant","floor":22.0,"turns":4.0},{"damage":0.0,"enemies":"Slavers","floor":27.0,"turns":3.0},{"damage":3.0,"enemies":"Centurion and Healer","floor":28.0,"turns":6.0},{"damage":7.0,"enemies":"Book of Stabbing","floor":29.0,"turns":5.0},{"damage":0.0,"enemies":"Snecko","floor":30.0,"turns":2.0},{"damage":0.0,"enemies":"Gremlin Leader","floor":31.0,"turns":5.0},{"damage":0.0,"enemies":"Champ","floor":33.0,"turns":8.0},{"damage":0.0,"enemies":"3 Shapes","floor":35.0,"turns":3.0},{"damage":7.0,"enemies":"2 Orb Walkers","floor":36.0,"turns":3.0},{"damage":3.0,"enemies":"3 Darklings","floor":37.0,"turns":5.0},{"damage":0.0,"enemies":"4 Shapes","floor":38.0,"turns":6.0},{"damage":0.0,"enemies":"Maw","floor":39.0,"turns":5.0},{"damage":7.0,"enemies":"Nemesis","floor":40.0,"turns":3.0},{"damage":0.0,"enemies":"Reptomancer","floor":42.0,"turns":7.0},{"damage":11.0,"enemies":"Nemesis","floor":44.0,"turns":5.0},{"damage":0.0,"enemies":"Giant Head","floor":46.0,"turns":7.0},{"damage":0.0,"enemies":"Transient","floor":48.0,"turns":6.0},{"damage":0.0,"enemies":"Donu and Deca","floor":50.0,"turns":11.0},{"damage":28.0,"enemies":"Awakened One","floor":51.0,"turns":12.0},{"damage":21,"enemies":"Shield and Spear","floor":55,"turns":9},{"damage":103,"enemies":"The Heart","floor":56,"turns":3}],"seed_played":"-1709387103113939173","potions_obtained":[{"floor":6.0,"key":"EssenceOfSteel"},{"floor":7.0,"key":"SpeedPotion"},{"floor":11.0,"key":"Fire Potion"},{"floor":13.0,"key":"Energy Potion"},{"floor":14.0,"key":"LiquidMemories"},{"floor":20.0,"key":"Ambrosia"},{"floor":28.0,"key":"Dexterity Potion"},{"floor":31.0,"key":"Block Potion"},{"floor":33.0,"key":"Ambrosia"},{"floor":39.0,"key":"SpeedPotion"},{"floor":42.0,"key":"BottledMiracle"},{"floor":44.0,"key":"Block Potion"},{"floor":46.0,"key":"Swift Potion"}],"is_trial":false,"path_per_floor":["M","?","M","M","$","M","E","R","T","R","M","E","M","E","R","B",null,"M","$","M","?","M","R","$","R","T","E","M","E","M","E","R","B",null,"M","?","M","M","M","E","R","E","T","E","$","E","R","M","R","B","B",null,"R","$","E","B"],"character_chosen":"WATCHER","items_purchased":["Wallop","Bottled Tornado","Bird Faced Urn","SandsOfTime"],"campfire_rested":1,"item_purchase_floors":[5,19,45,54],"current_hp_per_floor":[61,61,60,60,60,48,43,43,43,43,43,29,29,27,27,13,54,39,39,27,27,27,27,27,47,47,54,51,44,44,44,44,44,67,72,65,62,62,62,55,55,60,60,54,54,64,64,74,74,75,58,71,71,71,56,0,0],"gold":110,"neow_bonus":"RANDOM_COLORLESS","is_daily":false,"chose_seed":false,"campfire_upgraded":8,"win_rate":0.0,"timestamp":1610301444,"path_taken":["M","?","M","M","$","M","E","R","T","R","M","E","?","E","R","BOSS","M","$","M","?","?","R","$","R","T","E","M","E","M","E","R","BOSS","M","?","M","M","M","E","R","E","T","E","$","E","R","M","R","BOSS","BOSS","R","$","E","BOSS"],"items_purchased_type":["Card","Relic","Relic","Card"],"build_version":"2020-12-13","purchased_purges":2,"victory":false,"max_hp_per_floor":[68,68,68,68,68,68,68,68,68,68,68,68,68,68,68,68,68,68,68,68,68,68,68,68,68,68,75,75,75,75,75,75,75,75,75,75,75,75,75,75,75,75,75,75,75,75,75,75,75,75,75,75,75,75,75,75,75],"relic_stats":{"Darkstone Periapt":0,"Regal Pillow":0,"counters":[33,165],"Yang":[378],"Pen Nib":[15],"Whetstone":["FearNoEvil","WindmillStrike"],"Busted Crown":24,"Bird Faced Urn":[35],"Snecko Eye":[241,245,227,223],"Prayer Wheel":1,"Kunai":[32],"obtain_stats":[{"Potion Belt":14,"Darkstone Periapt":42,"Regal Pillow":29,"Damaru":12,"Yang":7,"Pen Nib":43,"Whetstone":40,"Bottled Tornado":19,"Akabeko":9,"Busted Crown":34,"Strawberry":27,"Bird Faced Urn":45,"Snecko Eye":17,"Prayer Wheel":46,"Kunai":44,"PureWater":0,"Toy Ornithopter":31,"InkBottle":55,"Pocketwatch":36},{"Potion Belt":9,"Darkstone Periapt":26,"Regal Pillow":16,"Damaru":7,"Yang":5,"Pen Nib":26,"Whetstone":25,"Bottled Tornado":11,"Akabeko":5,"Busted Crown":19,"Strawberry":14,"Bird Faced Urn":27,"Snecko Eye":10,"Prayer Wheel":28,"Kunai":27,"PureWater":0,"Toy Ornithopter":18,"InkBottle":32,"Pocketwatch":21},{"Potion Belt":28,"Darkstone Periapt":112,"Regal Pillow":65,"Damaru":23,"Yang":16,"Pen Nib":112,"Whetstone":105,"Bottled Tornado":42,"Akabeko":16,"Busted Crown":80,"Strawberry":54,"Bird Faced Urn":117,"Snecko Eye":39,"Prayer Wheel":124,"Kunai":117,"PureWater":0,"Toy Ornithopter":72,"InkBottle":162,"Pocketwatch":86}],"Toy Ornithopter":27,"InkBottle":[1],"Pocketwatch":[9]},"card_choices":[{"not_picked":["Deep Breath","Good Instincts"],"picked":"Trip","floor":0.0},{"not_picked":["Crescendo","FlyingSleeves"],"picked":"FlurryOfBlows","floor":1.0},{"not_picked":["Protect","Evaluate"],"picked":"ThirdEye","floor":3.0},{"not_picked":["Evaluate","JustLucky"],"picked":"SignatureMove","floor":4.0},{"not_picked":["Vengeance","Fasting2"],"picked":"InnerPeace","floor":6.0},{"not_picked":["Protect","CutThroughFate","Evaluate"],"picked":"SKIP","floor":7.0},{"not_picked":["Collect","CutThroughFate"],"picked":"FearNoEvil","floor":11.0},{"not_picked":["JustLucky","FollowUp"],"picked":"Devotion","floor":12.0},{"not_picked":["EmptyMind","BowlingBash"],"picked":"EmptyBody","floor":13.0},{"not_picked":["FollowUp","CutThroughFate"],"picked":"EmptyFist","floor":14.0},{"not_picked":["ConjureBlade","Scrawl"],"picked":"DevaForm","floor":16.0},{"not_picked":["FlurryOfBlows","Prostrate+1"],"picked":"Wallop","floor":18.0},{"not_picked":["Weave","SashWhip"],"picked":"Protect+1","floor":20.0},{"not_picked":["CarveReality","Swivel"],"picked":"Omniscience","floor":22.0},{"not_picked":["FollowUp","Conclude","Prostrate"],"picked":"SKIP","floor":27.0},{"not_picked":["BowlingBash","Prostrate","LikeWater"],"picked":"SKIP","floor":28.0},{"not_picked":["SandsOfTime","SashWhip"],"picked":"Wireheading","floor":29.0},{"not_picked":["ReachHeaven","Pray","EmptyFist+1"],"picked":"SKIP","floor":30.0},{"not_picked":["FlyingSleeves","Swivel"],"picked":"WindmillStrike","floor":31.0},{"not_picked":["Alpha","Establishment"],"picked":"Scrawl","floor":33.0},{"not_picked":["CrushJoints"],"picked":"SKIP","floor":35.0},{"not_picked":["SashWhip"],"picked":"SKIP","floor":37.0},{"not_picked":["Evaluate"],"picked":"SKIP","floor":38.0},{"not_picked":["JustLucky"],"picked":"SKIP","floor":39.0},{"not_picked":["CrushJoints"],"picked":"SKIP","floor":40.0},{"not_picked":[],"picked":"Nirvana+1","floor":42.0},{"not_picked":[],"picked":"SpiritShield","floor":44.0},{"not_picked":["CrushJoints"],"picked":"SKIP","floor":46.0},{"not_picked":["Sanctity"],"picked":"SKIP","floor":48.0},{"not_picked":["Prostrate+1"],"picked":"SKIP","floor":48.0},{"not_picked":["Crescendo"],"picked":"SKIP","floor":55}],"player_experience":1357586,"relics_obtained":[{"floor":7.0,"key":"Yang"},{"floor":9.0,"key":"Akabeko"},{"floor":12.0,"key":"Damaru"},{"floor":14.0,"key":"Potion Belt"},{"floor":27.0,"key":"Strawberry"},{"floor":29.0,"key":"Regal Pillow"},{"floor":31.0,"key":"Toy Ornithopter"},{"floor":36.0,"key":"Pocketwatch"},{"floor":40.0,"key":"Whetstone"},{"floor":42.0,"key":"Darkstone Periapt"},{"floor":43.0,"key":"Pen Nib"},{"floor":44.0,"key":"Kunai"},{"floor":46.0,"key":"Prayer Wheel"},{"floor":55,"key":"InkBottle"}],"event_choices":[{"damage_healed":0.0,"max_hp_gain":0.0,"max_hp_loss":0.0,"gold_gain":0.0,"cards_transformed":["Strike_P"],"event_name":"Transmorgrifier","player_choice":"Transformed","floor":2.0,"gold_loss":0.0,"damage_taken":0.0,"cards_obtained":["Conclude"]},{"cards_removed":["Strike_P"],"damage_healed":0.0,"max_hp_gain":0.0,"max_hp_loss":0.0,"gold_gain":0.0,"event_name":"Wheel of Change","player_choice":"Card Removal","floor":21.0,"gold_loss":0.0,"damage_taken":0.0},{"damage_healed":0.0,"max_hp_gain":0.0,"max_hp_loss":0.0,"gold_gain":0.0,"event_name":"Mysterious Sphere","player_choice":"Fight","floor":36.0,"gold_loss":0.0,"damage_taken":0.0}],"is_beta":false,"boss_relics":[{"not_picked":["Tiny House","Coffee Dripper"],"picked":"Snecko Eye"},{"not_picked":["SacredBark","Velvet Choker"],"picked":"Busted Crown"}],"items_purged_floors":[5,45],"is_endless":false,"potions_floor_spawned":[6,7,11,13,14,20,28,31,33,39,40,42,44,46],"killed_by":"The Heart","ascension_level":20}}