{"host":"rcus31dlwi4i4y2l","time":1610271742,"event":{"mods":["BaseMod","Googly Eyes","Hermit","Minty Spire (QoL Compilation)","StSLib","The Cursed"],"gold_per_floor":[12,30,30,50,71,71,112,112,112,133,133,152,7,50,50,176,176,199,199,214,228,228,228,228],"floor_reached":23,"playtime":2578,"items_purged":[],"score":253,"play_id":"0e87f698-2e24-4436-be6e-36d6bacb2c2d","local_time":"20210110034222","is_ascension_mode":false,"campfire_choices":[{"data":"Panache","floor":6,"key":"SMITH"},{"data":"Noxious Fumes","floor":11,"key":"SMITH"},{"data":"Prepared","floor":15,"key":"SMITH"}],"circlet_count":0,"master_deck":["Strike_G","Strike_G","Strike_G","Strike_G","Defend_G","Defend_G","Defend_G","Defend_G","Defend_G","Survivor","Neutralize","Panache+1","Deflect","Deflect","Masterful Stab","Noxious Fumes+1","Blade Dance","Cloak And Dagger","Well Laid Plans","Prepared+1","Cloak And Dagger"],"relics":["Ring of the Snake","Golden Idol","White Beast Statue","Bag of Preparation","Gremlin Horn","Tiny Chest","Bottled Lightning","SacredBark","Nilry\u0027s Codex"],"acts_visited":["Exordium","TheCity"],"potions_floor_usage":[14,14,16,16,23,23,23],"damage_taken":[{"damage":0,"enemies":"Small Slimes","floor":1,"turns":4},{"damage":0,"enemies":"Jaw Worm","floor":2,"turns":5},{"damage":6,"enemies":"Cultist","floor":4,"turns":4},{"damage":4,"enemies":"2 Fungi Beasts","floor":5,"turns":4},{"damage":6,"enemies":"3 Sentries","floor":7,"turns":6},{"damage":0,"enemies":"Exordium Wildlife","floor":10,"turns":2},{"damage":0,"enemies":"Exordium Thugs","floor":12,"turns":2},{"damage":2,"enemies":"Lagavulin","floor":14,"turns":4},{"damage":0,"enemies":"Slime Boss","floor":16,"turns":5},{"damage":18,"enemies":"Shell Parasite","floor":18,"turns":7},{"damage":0,"enemies":"3 Byrds","floor":20,"turns":4},{"damage":15,"enemies":"Snake Plant","floor":21,"turns":4},{"damage":24,"enemies":"Slavers","floor":23,"turns":3}],"seed_played":"6217567836655822012","potions_obtained":[{"floor":1,"key":"Regen Potion"},{"floor":7,"key":"DuplicationPotion"},{"floor":10,"key":"GamblersBrew"},{"floor":14,"key":"DistilledChaos"},{"floor":16,"key":"Strength Potion"},{"floor":18,"key":"Weak Potion"},{"floor":20,"key":"GamblersBrew"},{"floor":21,"key":"Energy Potion"}],"is_trial":false,"path_per_floor":["M","M","?","M","M","R","E","?","T","M","R","M","$","E","R","B",null,"M","?","M","M","?","E"],"character_chosen":"THE_SILENT","items_purchased":["Tiny Chest"],"campfire_rested":0,"item_purchase_floors":[13],"current_hp_per_floor":[70,70,53,47,43,43,37,34,34,34,34,34,34,46,46,46,70,52,52,52,37,21,0,0],"gold":228,"neow_bonus":"RANDOM_COLORLESS_2","is_daily":false,"chose_seed":false,"campfire_upgraded":3,"win_rate":0.0,"timestamp":1610271742,"path_taken":["M","M","?","M","M","R","E","?","T","M","R","M","?","E","R","BOSS","M","?","M","?","?","E"],"items_purchased_type":["Relic"],"build_version":"2020-12-22","purchased_purges":0,"victory":false,"max_hp_per_floor":[70,70,70,70,70,70,70,70,70,70,70,70,70,70,70,70,70,70,70,70,70,70,70,70],"card_choices":[{"not_picked":["Secret Technique","Apotheosis"],"picked":"Panache","floor":0},{"not_picked":["Deadly Poison","Sucker Punch"],"picked":"Deflect","floor":1},{"not_picked":["Underhanded Strike","Catalyst"],"picked":"Deflect","floor":2},{"not_picked":["Glass Knife","Accuracy"],"picked":"Masterful Stab","floor":4},{"not_picked":["Dash","Outmaneuver"],"picked":"Noxious Fumes","floor":5},{"not_picked":["Backflip","Choke"],"picked":"Blade Dance","floor":7},{"not_picked":["Terror","Finisher"],"picked":"Cloak And Dagger","floor":10},{"not_picked":["Outmaneuver","Distraction"],"picked":"Well Laid Plans","floor":12},{"not_picked":["Unload","Dagger Throw"],"picked":"Prepared","floor":14},{"not_picked":["Blur","Outmaneuver+1"],"picked":"Cloak And Dagger","floor":18},{"not_picked":["Poisoned Stab","Catalyst","Predator+1"],"picked":"SKIP","floor":20},{"not_picked":["Sucker Punch","Underhanded Strike","Dodge and Roll"],"picked":"SKIP","floor":21}],"player_experience":88281,"relics_obtained":[{"floor":7,"key":"White Beast Statue"},{"floor":9,"key":"Gremlin Horn"},{"floor":14,"key":"Bottled Lightning"},{"floor":22,"key":"Nilry\u0027s Codex"}],"event_choices":[{"damage_healed":0,"gold_gain":0,"player_choice":"Take Damage","damage_taken":17,"relics_obtained":["Golden Idol"],"max_hp_gain":0,"max_hp_loss":0,"event_name":"Golden Idol","floor":3,"gold_loss":0},{"damage_healed":0,"gold_gain":0,"player_choice":"Success","damage_taken":3,"relics_obtained":["Bag of Preparation"],"max_hp_gain":0,"max_hp_loss":0,"event_name":"Scrap Ooze","floor":8,"gold_loss":0},{"cards_removed":["Strike_G"],"damage_healed":0,"gold_gain":0,"player_choice":"Offered Basic","damage_taken":0,"max_hp_gain":0,"max_hp_loss":0,"event_name":"Bonfire Elementals","floor":19,"gold_loss":0},{"damage_healed":0,"gold_gain":0,"player_choice":"Obtained Book","damage_taken":16,"max_hp_gain":0,"max_hp_loss":0,"event_name":"Cursed Tome","floor":22,"gold_loss":0}],"is_beta":false,"boss_relics":[{"not_picked":["SlaversCollar","Calling Bell"],"picked":"SacredBark"}],"items_purged_floors":[],"is_endless":false,"potions_floor_spawned":[1,7,10,12,14,16,18,20,21],"killed_by":"Slavers","ascension_level":0}}