{"host":"ig7tc0uedzltt2sr","time":1610239720,"event":{"mods":["BaseMod","Better Twitch Integration","Block Reminder","Colored Map","Colored Powertips","Communication Mod","Current Relic Mod","GifTheSpireLib","HexUI Lib","Minty Spire (QoL Compilation)","Quick Restart","Random Character Button","Rare Cards Sparkle","Relic Sorter","Relic Stats","Slay the Relics Exporter","StSLib","SuperFastMode","Synergy Search","Twitch Decklist","Twitch Utils","everything is the same but u backflip on backflip","slay the spire mod where everything is the same but ironclad has a cowboy hat"],"gold_per_floor":[112,123,140,154,166,166,166,166],"floor_reached":7,"playtime":34,"items_purged":[],"score":45,"play_id":"076de7fc-1a8c-481c-92e0-ad386f8a210c","local_time":"20210109164840","is_ascension_mode":false,"campfire_choices":[{"data":"Strike_R","floor":6,"key":"SMITH"}],"circlet_count":0,"master_deck":["Strike_R+1","Strike_R","Strike_R","Strike_R","Strike_R","Defend_R","Defend_R","Defend_R","Defend_R","Bash"],"relics":["Burning Blood","NeowsBlessing"],"acts_visited":["Exordium"],"potions_floor_usage":[],"damage_taken":[{"damage":0,"enemies":"Cultist","floor":1,"turns":1},{"damage":0,"enemies":"2 Louse","floor":2,"turns":2},{"damage":8,"enemies":"Small Slimes","floor":3,"turns":2},{"damage":20,"enemies":"Looter","floor":4,"turns":3},{"damage":21,"enemies":"2 Fungi Beasts","floor":5,"turns":4},{"damage":54,"enemies":"3 Sentries","floor":7,"turns":4}],"seed_played":"-6122126295518749528","potions_obtained":[{"floor":3,"key":"SkillPotion"}],"is_trial":false,"path_per_floor":["M","M","M","M","M","R","E"],"character_chosen":"IRONCLAD","items_purchased":[],"campfire_rested":0,"item_purchase_floors":[],"current_hp_per_floor":[80,80,78,64,49,49,0,0],"gold":166,"neow_bonus":"THREE_ENEMY_KILL","is_daily":false,"chose_seed":false,"campfire_upgraded":1,"win_rate":0.0,"timestamp":1610239720,"path_taken":["M","M","M","?","M","R","E"],"items_purchased_type":[],"build_version":"2020-12-22","purchased_purges":0,"victory":false,"max_hp_per_floor":[80,80,80,80,80,80,80,80],"relic_stats":{"counters":[6,16],"obtain_stats":[{"NeowsBlessing":0,"Burning Blood":0},{"NeowsBlessing":0,"Burning Blood":0},{"NeowsBlessing":0,"Burning Blood":0}],"Burning Blood":18},"card_choices":[{"not_picked":["Thunderclap","Clothesline","Fire Breathing"],"picked":"SKIP","floor":1},{"not_picked":["Sword Boomerang","Fire Breathing","Dual Wield"],"picked":"SKIP","floor":2},{"not_picked":["Flex","Sever Soul","Sword Boomerang"],"picked":"SKIP","floor":3},{"not_picked":["Uppercut","Cleave","Searing Blow"],"picked":"SKIP","floor":4},{"not_picked":["Wild Strike","Fire Breathing","Thunderclap"],"picked":"SKIP","floor":5}],"player_experience":1477691,"relics_obtained":[],"event_choices":[],"is_beta":false,"boss_relics":[],"items_purged_floors":[],"is_endless":false,"potions_floor_spawned":[3],"killed_by":"3 Sentries","ascension_level":0}}