{"host":"684z1xpuwaoqmmh1","time":1610273903,"event":{"mods":["Bard","BaseMod","Downfall","Hermit","Jorbs\u0027s Wanderer Trilogy","Marisa????????","Minty Spire (QoL Compilation)","Robot Space Explorer","Shade Mod","StSLib","The Hierophant","The Marked","The Mystic"],"gold_per_floor":[115,133,145,161,174,203,216,233,233,268,268,286,286,296,296,399,399,412,426,103,121,136,147,147,175,251,16,16,44,70,70,70,166,166,177,399,451,162,179,210,221,248,271,271,283,283,298,309,309,309,309,309,11,43,43],"floor_reached":56,"playtime":3333,"items_purged":["Shade:Defend_Shade","Shade:Strike_Shade"],"score":1465,"play_id":"d2ebfc39-e185-45eb-8222-f98538fb8b8f","local_time":"20210110121823","is_ascension_mode":false,"campfire_choices":[{"data":"Shade:Putrefaction","floor":11,"key":"SMITH"},{"data":"Shade:TouchOfTheGrave","floor":15,"key":"SMITH"},{"floor":24,"key":"RECALL"},{"floor":32,"key":"REST"},{"floor":44,"key":"REST"},{"floor":49,"key":"REST"},{"floor":52,"key":"REST"}],"circlet_count":0,"master_deck":["Shade:Strike_Shade+1","Shade:Strike_Shade","Shade:Defend_Shade","Shade:Defend_Shade","Shade:Defend_Shade","Shade:AnimateDead","Shade:CarefulCut+1","Shade:FleshToFlesh","Shade:Carnophage","Shade:CommandSoldier","Shade:CloudOfShrapnel","Shade:Bonestorm","Shade:TouchOfTheGrave+1","Shade:OpenGraves","Shade:Putrefaction+1","Shade:FreshBones","Shade:AblativeArmor","Shade:UnbarTheGrave","Shade:LyeBath+1","Shade:FuneraryArmor+1","Shade:RavenousHorde","Shade:ExtraLimbs+1","Shade:TouchOfTheGrave+1","Shade:AncientSpear","Shade:Putrefaction","Shade:GraveStillness+1","Shade:ClawBack+1","Panache","Shade:SensePrey+1","Shade:Putrefaction","Shade:PoundOfFlesh+1","Shade:AuraOfUnlife","Shade:FuneraryArmor+1","Shade:FleshToFlesh+1"],"relics":["Shade:YorickSkull","Akabeko","Mummified Hand","Bag of Marbles","Fusion Hammer","InkBottle","Whetstone","Pear","Membership Card","Guardian:PocketSentry","Red Mask","sneckomod:BlankCard","MutagenicStrength","SlaversCollar","CatCart","Gambling Chip","MealTicket","Omamori","hexamod:BolsterEngine","FossilizedHelix","OrangePellets","Oddly Smooth Stone"],"acts_visited":["Exordium","TheCity","TheBeyond","TheEnding"],"potions_floor_usage":[6,6,6,6,8,10,18,21,23,25,25,25,25,29,37,42,54,55,55],"damage_taken":[{"damage":2,"enemies":"Cultist","floor":1,"turns":3},{"damage":0,"enemies":"Small Slimes","floor":2,"turns":3},{"damage":0,"enemies":"Jaw Worm","floor":3,"turns":4},{"damage":2,"enemies":"Blue Slaver","floor":4,"turns":4},{"damage":0,"enemies":"2 Fungi Beasts","floor":5,"turns":3},{"damage":2,"enemies":"Lagavulin","floor":6,"turns":6},{"damage":0,"enemies":"Exordium Wildlife","floor":7,"turns":3},{"damage":2,"enemies":"Exordium Thugs","floor":8,"turns":3},{"damage":4,"enemies":"Gremlin Nob","floor":10,"turns":3},{"damage":0,"enemies":"Blue Slaver","floor":12,"turns":2},{"damage":0,"enemies":"Red Slaver","floor":14,"turns":2},{"damage":0,"enemies":"Hexaghost","floor":16,"turns":10},{"damage":1,"enemies":"2 Thieves","floor":18,"turns":3},{"damage":6,"enemies":"3 Byrds","floor":19,"turns":3},{"damage":0,"enemies":"Snecko","floor":21,"turns":4},{"damage":0,"enemies":"Centurion and Healer","floor":22,"turns":4},{"damage":2,"enemies":"Cultist and Chosen","floor":23,"turns":4},{"damage":0,"enemies":"Slavers","floor":25,"turns":2},{"damage":0,"enemies":"Masked Bandits","floor":29,"turns":2},{"damage":2,"enemies":"Gremlin Leader","floor":30,"turns":4},{"damage":4,"enemies":"Collector","floor":33,"turns":7},{"damage":0,"enemies":"3 Shapes","floor":35,"turns":4},{"damage":0,"enemies":"Orin","floor":37,"turns":7},{"damage":0,"enemies":"Orb Walker","floor":39,"turns":3},{"damage":0,"enemies":"Reptomancer","floor":40,"turns":5},{"damage":0,"enemies":"4 Shapes","floor":41,"turns":1},{"damage":2,"enemies":"Giant Head","floor":42,"turns":6},{"damage":3,"enemies":"Jaw Worm Horde","floor":45,"turns":3},{"damage":6,"enemies":"Transient","floor":47,"turns":5},{"damage":0,"enemies":"Sphere and 2 Shapes","floor":48,"turns":3},{"damage":5,"enemies":"Time Eater","floor":50,"turns":11},{"damage":16,"enemies":"Shield and Spear","floor":54,"turns":4},{"damage":0,"enemies":"The Heart","floor":55,"turns":9}],"seed_played":"469432574381278769","potions_obtained":[{"floor":2,"key":"EntropicBrew"},{"floor":3,"key":"champ:CounterPotion"},{"floor":4,"key":"AttackPotion"},{"floor":6,"key":"Block Potion"},{"floor":7,"key":"AttackPotion"},{"floor":14,"key":"SkillPotion"},{"floor":16,"key":"FearPotion"},{"floor":19,"key":"BlessingOfTheForge"},{"floor":21,"key":"BlessingOfTheForge"},{"floor":23,"key":"EntropicBrew"},{"floor":30,"key":"SneckoOil"},{"floor":33,"key":"DistilledChaos"},{"floor":35,"key":"FearPotion"},{"floor":40,"key":"DistilledChaos"},{"floor":41,"key":"Fire Potion"},{"floor":45,"key":"Strength Potion"}],"is_trial":false,"path_per_floor":["M","M","M","M","M","E","M","M","T","E","R","M","?","M","R","B",null,"M","M","$","M","M","M","R","E","T","$","?","?","E","?","R","B",null,"M","?","?","$","M","E","M","E","T","R","M","?","M","M","R","B",null,"R","$","E","B",null],"character_chosen":"SHADE","items_purchased":["InkBottle","Membership Card","Guardian:PocketSentry","Shade:AncientSpear","Gambling Chip","Panache","hexamod:BolsterEngine","FossilizedHelix","OrangePellets"],"campfire_rested":4,"item_purchase_floors":[20,27,27,27,38,38,53,53,53],"current_hp_per_floor":[69,69,69,67,67,65,65,63,63,59,59,59,52,52,52,52,71,70,64,64,64,64,62,62,62,72,72,72,72,70,70,81,77,81,81,81,81,81,81,81,81,79,79,81,78,77,71,71,77,72,77,77,77,61,61],"gold":43,"neow_bonus":"TEN_PERCENT_HP_BONUS","is_daily":false,"chose_seed":false,"campfire_upgraded":2,"win_rate":0.0,"timestamp":1610273903,"path_taken":["M","?","?","M","M","E","M","M","T","E","R","?","?","M","R","BOSS","M","M","$","M","M","M","R","E","T","$","?","?","E","?","R","BOSS","M","?","?","$","M","E","M","E","T","R","M","?","M","M","R","BOSS","R","$","E","BOSS"],"items_purchased_type":["Relic","Relic","Relic","Card","Relic","Card","Relic","Relic","Relic"],"build_version":"2020-12-22","purchased_purges":2,"victory":true,"max_hp_per_floor":[71,71,71,71,71,71,71,71,71,71,71,71,71,71,71,71,71,71,71,71,71,71,71,71,71,81,81,81,81,81,81,81,81,81,81,81,81,81,81,81,81,81,81,81,81,77,77,77,77,77,77,77,77,77,77],"card_choices":[{"not_picked":["Shade:Premonition","Shade:AncientSpear"],"picked":"Shade:FleshToFlesh","floor":1},{"not_picked":["Shade:CommandSoldier","Shade:Brains"],"picked":"Shade:Carnophage","floor":2},{"not_picked":["Shade:FleshToFlesh","Shade:RitualOffering"],"picked":"Shade:CommandSoldier","floor":3},{"not_picked":["Shade:PoundOfFlesh","Shade:ExtraLimbs"],"picked":"Shade:CloudOfShrapnel","floor":4},{"not_picked":["Shade:PoundOfFlesh","Shade:ClawBack"],"picked":"Shade:Bonestorm","floor":5},{"not_picked":["Shade:Bonestorm","Shade:Asphyxiate"],"picked":"Shade:TouchOfTheGrave","floor":6},{"not_picked":["Shade:AblativeArmor","Shade:WallOfFlesh"],"picked":"Shade:OpenGraves","floor":7},{"not_picked":["Shade:RitualOffering","Shade:StitchTogether"],"picked":"Shade:Putrefaction","floor":8},{"not_picked":["Shade:GraveStillness","Shade:FingerOfDeath"],"picked":"Shade:FreshBones","floor":10},{"not_picked":["Shade:Frenzy","Shade:FreshBones"],"picked":"Shade:AblativeArmor","floor":12},{"not_picked":["Shade:CallOfTheGrave","Shade:RitualOffering","Shade:SkeletonHug"],"picked":"SKIP","floor":14},{"not_picked":["Shade:SelfBurial","Shade:DarkOfNight"],"picked":"Shade:UnbarTheGrave","floor":16},{"not_picked":["Shade:GreyBargain","Shade:ScuttlingHand"],"picked":"Shade:LyeBath+1","floor":18},{"not_picked":["Shade:FreshBones","Shade:FleshToFlesh"],"picked":"Shade:FuneraryArmor+1","floor":19},{"not_picked":["Shade:FleshToFlesh","Shade:SkeletonHug+1"],"picked":"Shade:RavenousHorde","floor":21},{"not_picked":["Shade:Trample","Shade:GreyBargain","Shade:CommandSoldier"],"picked":"SKIP","floor":22},{"not_picked":["Shade:StitchTogether","Shade:GraveStillness"],"picked":"Shade:ExtraLimbs+1","floor":23},{"not_picked":["Shade:GraveStillness","Shade:Frenzy+1"],"picked":"Shade:TouchOfTheGrave+1","floor":25},{"not_picked":["Shade:PotionOfRestlessness+1","Shade:WallOfFlesh","Shade:FreshBones"],"picked":"SKIP","floor":30},{"not_picked":["Shade:Coordination","Shade:UnbarTheGrave"],"picked":"Shade:Putrefaction","floor":33},{"not_picked":["Shade:Premonition","Shade:BoneShards+1"],"picked":"Shade:GraveStillness+1","floor":35},{"not_picked":["Shade:AncientSpear","Shade:Frenzy+1"],"picked":"Shade:ClawBack+1","floor":37},{"not_picked":["Shade:WallOfFlesh+1","Shade:FleshToFlesh"],"picked":"Shade:SensePrey+1","floor":39},{"not_picked":["Shade:CallOfTheGrave+1","Shade:PressTheAttack"],"picked":"Shade:Putrefaction","floor":40},{"not_picked":["Shade:PotionOfRestlessness","Shade:SkeletonHug+1"],"picked":"Shade:PoundOfFlesh+1","floor":41},{"not_picked":["Shade:Bonestorm","Shade:FingerOfDeath+1"],"picked":"Shade:AuraOfUnlife","floor":42},{"not_picked":["Shade:FuneraryArmor+1","Shade:FingerOfDeath+1","Shade:PressTheAttack"],"picked":"SKIP","floor":45},{"not_picked":["Shade:FingerOfDeath+1","Shade:PressTheAttack"],"picked":"Shade:FuneraryArmor+1","floor":45},{"not_picked":["Shade:SoulToxin","Shade:Haruspicy+1","Shade:Bonestorm+1"],"picked":"SKIP","floor":47},{"not_picked":["Shade:Premonition+1","Shade:CoffinDance+1"],"picked":"Shade:FleshToFlesh+1","floor":48},{"not_picked":["Shade:LyeBath+1","Shade:MadHubris","Shade:AncientSpear"],"picked":"SKIP","floor":54}],"player_experience":2450319,"relics_obtained":[{"floor":6,"key":"Akabeko"},{"floor":9,"key":"Mummified Hand"},{"floor":10,"key":"Bag of Marbles"},{"floor":25,"key":"Whetstone"},{"floor":26,"key":"Pear"},{"floor":29,"key":"Red Mask"},{"floor":30,"key":"sneckomod:BlankCard"},{"floor":37,"key":"CatCart"},{"floor":40,"key":"MealTicket"},{"floor":42,"key":"Omamori"},{"floor":54,"key":"Oddly Smooth Stone"}],"event_choices":[{"cards_removed":["Shade:Strike_Shade"],"damage_healed":0,"gold_gain":0,"player_choice":"Card Removal","damage_taken":7,"max_hp_gain":0,"max_hp_loss":0,"event_name":"Golden Wing","floor":13,"gold_loss":0},{"damage_healed":0,"gold_gain":0,"player_choice":"Fought Bandits","damage_taken":0,"max_hp_gain":0,"max_hp_loss":0,"event_name":"Masked Bandits","floor":29,"gold_loss":0},{"damage_healed":0,"gold_gain":0,"player_choice":"Inject Mutagens","damage_taken":0,"relics_obtained":["MutagenicStrength"],"max_hp_gain":0,"max_hp_loss":0,"event_name":"Drug Dealer","floor":31,"gold_loss":0},{"damage_healed":0,"gold_gain":222,"player_choice":"Wore Mask","damage_taken":0,"max_hp_gain":0,"max_hp_loss":0,"event_name":"Tomb of Lord Red Mask","floor":36,"gold_loss":0},{"damage_healed":0,"gold_gain":0,"player_choice":"Fight","damage_taken":0,"max_hp_gain":0,"max_hp_loss":0,"event_name":"OrinTheCat","floor":37,"gold_loss":0},{"damage_healed":0,"gold_gain":0,"player_choice":"Max HP","damage_taken":0,"max_hp_gain":0,"max_hp_loss":4,"event_name":"Winding Halls","floor":46,"gold_loss":0}],"is_beta":false,"boss_relics":[{"not_picked":["Empty Cage","Velvet Choker"],"picked":"Fusion Hammer"},{"not_picked":["Pandora\u0027s Box","Runic Pyramid"],"picked":"SlaversCollar"}],"items_purged_floors":[20,38],"is_endless":false,"potions_floor_spawned":[2,3,4,6,7,14,16,19,21,23,30,33,35,40,41,45,47],"ascension_level":0}}