{"host":"Bilverbakes","time":1610247785,"event":{"mods":["2.2 Compatiblity","AchievementEnabler","BaseMod","Bestiary","Colored Map","Minty Spire (QoL Compilation)","Relic Stats","StSLib","ojb\u0027s Info Mod"],"gold_per_floor":[111,127,127,137,137,137,177,177,177,196,227,251,289,289,289,387,387,408,323,323,323,134,134,147,147,147],"floor_reached":25,"playtime":1007,"items_purged":["Strike_R"],"score":438,"play_id":"c5b8797f-c466-427a-b7a7-d49f4a220a9e","local_time":"20210109210305","is_ascension_mode":true,"campfire_choices":[{"data":"Bash","floor":6.0,"key":"SMITH"},{"data":"Evolve","floor":8.0,"key":"SMITH"},{"data":"Spot Weakness","floor":15.0,"key":"SMITH"},{"data":"Havoc","floor":23,"key":"SMITH"}],"circlet_count":0,"master_deck":["AscendersBane","Strike_R","Strike_R","Defend_R","Defend_R","Defend_R","Defend_R","Bash+1","Perfected Strike+1","Feel No Pain","Evolve+1","Clothesline","Thunderclap","Spot Weakness+1","Offering","Havoc+1","Battle Trance","Shrug It Off","Fire Breathing","True Grit"],"relics":["Burning Blood","Golden Idol","Bottled Tornado","Shuriken","Juzu Bracelet","Pear","Velvet Choker","Potion Belt"],"acts_visited":["Exordium","TheCity"],"potions_floor_usage":[16,16,25],"damage_taken":[{"damage":10.0,"enemies":"Small Slimes","floor":1.0,"turns":3.0},{"damage":19.0,"enemies":"Jaw Worm","floor":2.0,"turns":5.0},{"damage":2.0,"enemies":"2 Louse","floor":4.0,"turns":3.0},{"damage":8.0,"enemies":"Gremlin Nob","floor":7.0,"turns":3.0},{"damage":25.0,"enemies":"Large Slime","floor":10.0,"turns":4.0},{"damage":15.0,"enemies":"3 Sentries","floor":11.0,"turns":8.0},{"damage":10.0,"enemies":"3 Louse","floor":12.0,"turns":5.0},{"damage":30.0,"enemies":"Lagavulin","floor":13.0,"turns":5.0},{"damage":39,"enemies":"Hexaghost","floor":16,"turns":7},{"damage":6,"enemies":"Chosen","floor":18,"turns":4},{"damage":25,"enemies":"Spheric Guardian","floor":24,"turns":5},{"damage":31,"enemies":"Masked Bandits","floor":25,"turns":3}],"seed_played":"-1404786904367880985","potions_obtained":[{"floor":11.0,"key":"BloodPotion"},{"floor":12.0,"key":"Fire Potion"},{"floor":13.0,"key":"BloodPotion"},{"floor":24,"key":"Dexterity Potion"}],"is_trial":false,"path_per_floor":["M","M","?","M","?","R","E","R","T","M","E","M","E","?","R","B",null,"M","?","?","?","$","R","M","?"],"character_chosen":"IRONCLAD","items_purchased":["Shrug It Off","Fire Breathing"],"campfire_rested":0,"item_purchase_floors":[22,22],"current_hp_per_floor":[71,58,58,62,62,62,60,60,60,41,32,28,28,28,28,11,66,66,66,66,66,66,66,47,16,16],"gold":147,"neow_bonus":"TEN_PERCENT_HP_BONUS","is_daily":false,"chose_seed":false,"campfire_upgraded":4,"win_rate":0.0,"timestamp":1610247785,"path_taken":["M","M","?","M","?","R","E","R","T","M","E","M","E","?","R","BOSS","M","?","?","?","$","R","M","?"],"items_purchased_type":["Card","Card"],"build_version":"2020-12-18","purchased_purges":1,"victory":false,"max_hp_per_floor":[82,82,82,82,74,74,74,74,74,74,74,74,84,84,84,84,84,84,84,84,84,84,84,84,84,84],"relic_stats":{"counters":[12,55],"Golden Idol":66,"Shuriken":[5],"Juzu Bracelet":0,"obtain_stats":[{"Potion Belt":19,"Pear":13,"Golden Idol":5,"Shuriken":9,"Velvet Choker":17,"Juzu Bracelet":11,"Bottled Tornado":7,"Burning Blood":0},{"Potion Belt":10,"Pear":8,"Golden Idol":3,"Shuriken":4,"Velvet Choker":9,"Juzu Bracelet":6,"Bottled Tornado":4,"Burning Blood":0},{"Potion Belt":47,"Pear":36,"Golden Idol":11,"Shuriken":14,"Velvet Choker":43,"Juzu Bracelet":26,"Bottled Tornado":14,"Burning Blood":0}],"Burning Blood":66},"card_choices":[{"not_picked":["Havoc","Iron Wave"],"picked":"Perfected Strike","floor":1.0},{"not_picked":["Clash","Sword Boomerang","Body Slam"],"picked":"SKIP","floor":2.0},{"not_picked":["Perfected Strike","Metallicize"],"picked":"Feel No Pain","floor":4.0},{"not_picked":["Ghostly Armor","Bloodletting"],"picked":"Evolve","floor":7.0},{"not_picked":["Warcry","Dropkick","Bludgeon"],"picked":"SKIP","floor":10.0},{"not_picked":["Juggernaut","Havoc"],"picked":"Clothesline","floor":11.0},{"not_picked":["Iron Wave","Cleave"],"picked":"Thunderclap","floor":12.0},{"not_picked":["Headbutt","Ghostly Armor"],"picked":"Spot Weakness","floor":13.0},{"not_picked":["Barricade","Brutality"],"picked":"Offering","floor":16},{"not_picked":["Combust","Body Slam","Clothesline"],"picked":"SKIP","floor":18},{"not_picked":["Clothesline","Rampage"],"picked":"True Grit","floor":24}],"player_experience":653668,"relics_obtained":[{"floor":7.0,"key":"Bottled Tornado"},{"floor":9.0,"key":"Shuriken"},{"floor":11.0,"key":"Juzu Bracelet"},{"floor":13.0,"key":"Pear"}],"event_choices":[{"damage_healed":0.0,"max_hp_gain":0.0,"max_hp_loss":0.0,"gold_gain":0.0,"event_name":"Living Wall","player_choice":"Grow","floor":3.0,"gold_loss":0.0,"damage_taken":0.0,"cards_upgraded":["Perfected Strike"]},{"damage_healed":0.0,"max_hp_gain":0.0,"max_hp_loss":8.0,"gold_gain":0.0,"event_name":"Golden Idol","player_choice":"Lose Max HP","floor":5.0,"gold_loss":0.0,"damage_taken":0.0,"relics_obtained":["Golden Idol"]},{"damage_healed":0.0,"max_hp_gain":0.0,"max_hp_loss":0.0,"gold_gain":0.0,"event_name":"Liars Game","player_choice":"Ignored","floor":14.0,"gold_loss":0.0,"damage_taken":0.0},{"damage_healed":0,"gold_gain":0,"player_choice":"Obtained Relic","damage_taken":0,"relics_obtained":["Potion Belt"],"max_hp_gain":0,"max_hp_loss":0,"event_name":"Addict","floor":19,"gold_loss":85},{"damage_healed":0,"gold_gain":0,"player_choice":"Ignored","damage_taken":0,"max_hp_gain":0,"max_hp_loss":0,"event_name":"Ghosts","floor":20,"gold_loss":0},{"damage_healed":0,"gold_gain":0,"cards_transformed":["Strike_R","Strike_R"],"player_choice":"Became Test Subject","damage_taken":0,"max_hp_gain":0,"max_hp_loss":0,"event_name":"Drug Dealer","floor":21,"gold_loss":0,"cards_obtained":["Havoc","Battle Trance"]},{"damage_healed":0,"gold_gain":0,"player_choice":"Fought Bandits","damage_taken":0,"max_hp_gain":0,"max_hp_loss":0,"event_name":"Masked Bandits","floor":25,"gold_loss":0}],"is_beta":true,"boss_relics":[{"not_picked":["Fusion Hammer","Cursed Key"],"picked":"Velvet Choker"}],"items_purged_floors":[22],"is_endless":false,"potions_floor_spawned":[11,12,13,24],"killed_by":"Masked Bandits","ascension_level":20}}