{"host":"ul7yvwhigba0nw36","time":1610292596,"event":{"mods":["AchievementEnabler","Act Like it!","Aspiration","BaseMod","Colored Map","Colored Powertips","Downfall","Gensokyo","Hermit","Highlight Path","Hubris","Infinite Spire","Minty Spire (QoL Compilation)","Random Character Button","Replay The Spire","StSLib","The Construct","The Cursed","The Disciple","The Necromancer"],"gold_per_floor":[113,113,113,138,151,183,183,197,197,222,232,232,260,260,260,260,260],"floor_reached":16,"playtime":987,"items_purged":[],"score":153,"play_id":"75625655-965e-4a55-9671-6049232196d3","local_time":"20210110152956","is_ascension_mode":false,"campfire_choices":[{"data":"construct:ClockworkEgg","floor":7,"key":"SMITH"},{"data":"construct:ClockworkEgg+1","floor":12,"key":"SMITH"},{"data":"construct:ClockworkEgg+2","floor":15,"key":"SMITH"}],"circlet_count":0,"master_deck":["construct:Strike_Gold","construct:Strike_Gold","construct:Strike_Gold","construct:Strike_Gold","construct:Strike_Gold","construct:Defend_Gold","construct:Defend_Gold","construct:Defend_Gold","construct:Defend_Gold","construct:Defend_Gold","construct:AttackMode","construct:DefenseMode","Gensokyo:CrescentMoonSlash","construct:PowerUp","construct:ModeShift","construct:Isolate","construct:ClusterMines","construct:Autoturret","construct:GuardCore"],"relics":["construct:Cogwheel","NeowsBlessing","Happy Flower","hubris:ClockworkCow","Iron Hammer","Snack Pack","Art of War","aspiration:Lifesprig","Molten Egg 2","Toxic Egg 2","Frozen Egg 2","construct:ClockworkPhoenix"],"acts_visited":["Exordium"],"potions_floor_usage":[16,16],"damage_taken":[{"damage":0,"enemies":"Gensokyo:2_Kodama","floor":1,"turns":1},{"damage":0,"enemies":"Gensokyo:Aya","floor":4,"turns":1},{"damage":0,"enemies":"Gensokyo:Gryphon","floor":5,"turns":1},{"damage":9,"enemies":"Gensokyo:Cirno","floor":6,"turns":8},{"damage":0,"enemies":"Gensokyo:Python","floor":8,"turns":3},{"damage":18,"enemies":"Gensokyo:Mamizou","floor":10,"turns":6},{"damage":4,"enemies":"Gensokyo:Kitsune","floor":11,"turns":2},{"damage":23,"enemies":"Gensokyo:Cirno","floor":13,"turns":7},{"damage":42,"enemies":"Gensokyo:Reimu","floor":16,"turns":4}],"seed_played":"1674997491866414389","potions_obtained":[{"floor":1,"key":"Weak Potion"},{"floor":4,"key":"champ:CounterPotion"},{"floor":6,"key":"Block Potion"},{"floor":11,"key":"BlessingOfTheForge"}],"is_trial":false,"path_per_floor":["M","?","?","?","M","E","R","M","T","E","M","R","E","?","R","B"],"character_chosen":"THE_CONSTRUCT_MOD","items_purchased":[],"campfire_rested":0,"item_purchase_floors":[],"current_hp_per_floor":[85,85,73,73,73,64,64,64,64,48,46,46,27,27,27,0,0],"gold":260,"neow_bonus":"THREE_ENEMY_KILL","is_daily":false,"chose_seed":false,"campfire_upgraded":3,"win_rate":0.0,"timestamp":1610292596,"path_taken":["M","?","?","?","M","E","R","M","T","E","?","R","E","?","R","BOSS"],"items_purchased_type":[],"build_version":"2020-12-22","purchased_purges":0,"victory":false,"max_hp_per_floor":[85,85,85,85,85,85,85,85,85,85,85,85,85,85,85,85,85],"card_choices":[{"not_picked":["construct:Forcefield","construct:FocusedBeam"],"picked":"construct:ShiftStrike","floor":1},{"not_picked":["construct:ElectricArmor","construct:Anticipate"],"picked":"construct:PowerUp","floor":4},{"not_picked":["construct:OmegaCannon","construct:SyphonStrike"],"picked":"construct:ModeShift","floor":5},{"not_picked":["construct:SaveState","construct:VentSteam"],"picked":"construct:ClockworkEgg","floor":6},{"not_picked":["construct:Backfire","construct:Tumble"],"picked":"construct:Isolate","floor":8},{"not_picked":["construct:HeavyBolt","construct:SpinDrive"],"picked":"construct:ClusterMines","floor":10},{"not_picked":["construct:Reinforce","construct:ModeShift"],"picked":"construct:Autoturret","floor":11},{"not_picked":["construct:MetalShell","construct:Antimatter"],"picked":"construct:GuardCore","floor":13}],"player_experience":437599,"relics_obtained":[{"floor":4,"key":"hubris:ClockworkCow"},{"floor":6,"key":"Iron Hammer"},{"floor":9,"key":"Snack Pack"},{"floor":10,"key":"Art of War"},{"floor":13,"key":"aspiration:Lifesprig"}],"event_choices":[],"is_beta":false,"boss_relics":[],"items_purged_floors":[],"is_endless":false,"potions_floor_spawned":[1,4,6,11],"killed_by":"Gensokyo:Reimu","ascension_level":0}}