{"host":"minbhrtlkaoly5f0","time":1610264046,"event":{"mods":["Act Like it!","BaseMod","Colored Map","Colored Powertips","KinomotoSakuraMod(Ä¾Ö®±¾Ó£)","Minty Spire (QoL Compilation)","Quick Restart","StSLib"],"gold_per_floor":[116,77,95,112,128,128,140,140,194,194,204,222,222,240,240,343,343,353,366,378,390,390,390],"floor_reached":22,"playtime":910,"items_purged":[],"score":184,"play_id":"1408f3e5-5062-40a2-9bb2-cf456db7c8bf","local_time":"20210110153406","is_ascension_mode":false,"campfire_choices":[{"data":"SpellCardSeal","floor":6,"key":"SMITH"},{"floor":8,"key":"REST"},{"data":"ClowCardThePower","floor":10,"key":"SMITH"},{"floor":15,"key":"REST"}],"circlet_count":0,"master_deck":["SakuraCardTheSong+","ClowCardTheSword","ClowCardTheSword","ClowCardTheShield","ClowCardTheShield","ClowCardTheShield","ClowCardTheShield","SpellCardSeal+1","SpellCardRelease","ClowCardTheBig","ClowCardTheGlow","ClowCardThePower+1","ClowCardTheMove","ClowCardTheDash","ClowCardTheGlow","ClowCardTheDream"],"relics":["KSMOD_SealedBook","KSMOD_SealedWand","PreservedInsect","Strawberry","Empty Cage","Regal Pillow"],"acts_visited":["Exordium","TheCity"],"potions_floor_usage":[7,7,16,20,22],"damage_taken":[{"damage":0,"enemies":"Small Slimes","floor":1,"turns":3},{"damage":6,"enemies":"Cultist","floor":3,"turns":3},{"damage":8,"enemies":"Jaw Worm","floor":4,"turns":3},{"damage":0,"enemies":"3 Louse","floor":5,"turns":1},{"damage":10,"enemies":"Large Slime","floor":7,"turns":3},{"damage":12,"enemies":"Blue Slaver","floor":11,"turns":2},{"damage":16,"enemies":"Gremlin Gang","floor":12,"turns":2},{"damage":0,"enemies":"2 Fungi Beasts","floor":14,"turns":2},{"damage":38,"enemies":"Hexaghost","floor":16,"turns":7},{"damage":6,"enemies":"3 Byrds","floor":18,"turns":4},{"damage":20,"enemies":"Chosen","floor":19,"turns":4},{"damage":13,"enemies":"Snake Plant","floor":20,"turns":2},{"damage":18,"enemies":"3 Cultists","floor":21,"turns":4},{"damage":22,"enemies":"Snecko","floor":22,"turns":3}],"seed_played":"322351677162087478","potions_obtained":[{"floor":1,"key":"BlessingOfTheForge"},{"floor":3,"key":"AttackPotion"},{"floor":4,"key":"AttackPotion"},{"floor":18,"key":"AttackPotion"},{"floor":20,"key":"Weak Potion"}],"is_trial":false,"path_per_floor":["M","$","M","M","M","R","M","R","T","R","M","M","?","M","R","B",null,"M","M","M","M","M"],"character_chosen":"KINOMOTOSAKURA","items_purchased":["ClowCardTheSong"],"campfire_rested":2,"item_purchase_floors":[2],"current_hp_per_floor":[70,70,64,56,56,56,46,67,74,74,62,46,46,46,69,31,77,71,51,38,20,0,0],"gold":390,"neow_bonus":"RANDOM_COMMON_RELIC","is_daily":false,"chose_seed":false,"campfire_upgraded":2,"win_rate":0.0,"timestamp":1610264046,"path_taken":["M","$","M","M","M","R","M","R","T","R","M","M","?","M","R","BOSS","M","M","M","M","M"],"items_purchased_type":["Card"],"build_version":"2020-12-22","purchased_purges":0,"victory":false,"max_hp_per_floor":[70,70,70,70,70,70,70,70,77,77,77,77,77,77,77,77,77,77,77,77,77,77,77],"card_choices":[{"not_picked":["ClowCardTheLibra","ClowCardTheMove"],"picked":"ClowCardTheBig","floor":1},{"not_picked":["ClowCardTheLock","ClowCardTheChange","ClowCardTheWave"],"picked":"SKIP","floor":3},{"not_picked":["ClowCardTheSong","ClowCardTheWave","ClowCardTheCloud"],"picked":"SKIP","floor":4},{"not_picked":["ClowCardTheErase","ClowCardTheArrow"],"picked":"ClowCardTheGlow","floor":5},{"not_picked":["ClowCardTheSnow","ClowCardTheChange"],"picked":"ClowCardThePower","floor":7},{"not_picked":["ClowCardTheVoice","ClowCardTheStorm"],"picked":"ClowCardTheMove","floor":11},{"not_picked":["ClowCardTheWatery","ClowCardTheWood"],"picked":"ClowCardTheDash","floor":12},{"not_picked":["ClowCardTheCloud","ClowCardTheSnow","ClowCardTheSilent"],"picked":"SKIP","floor":14},{"not_picked":["ClowCardTheFight","ClowCardTheReturn"],"picked":"ClowCardTheCreate","floor":16},{"not_picked":["ClowCardTheFlower","ClowCardTheErase","ClowCardTheFreeze+1"],"picked":"SKIP","floor":18},{"not_picked":["ClowCardTheLock","ClowCardTheShadow"],"picked":"ClowCardTheGlow","floor":19},{"not_picked":["ClowCardTheFreeze","ClowCardTheJump+1"],"picked":"ClowCardTheDream","floor":20},{"not_picked":["ClowCardTheStorm","ClowCardTheSand","ClowCardTheFly"],"picked":"SKIP","floor":21}],"player_experience":26404,"relics_obtained":[{"floor":9,"key":"Strawberry"},{"floor":19,"key":"Regal Pillow"}],"event_choices":[{"damage_healed":0,"gold_gain":0,"player_choice":"0 cards matched","damage_taken":0,"max_hp_gain":0,"max_hp_loss":0,"event_name":"Match and Keep!","floor":13,"gold_loss":0,"cards_obtained":[]}],"is_beta":false,"boss_relics":[{"not_picked":["Busted Crown","Astrolabe"],"picked":"Empty Cage"}],"items_purged_floors":[],"is_endless":false,"potions_floor_spawned":[1,3,4,18,20],"killed_by":"Snecko","ascension_level":0}}