{"host":"wvaiab5ya9pyia0u","time":1610275928,"event":{"mods":["2.2 Compatiblity","Act Like it!","Aspiration","Bard","BaseMod","Bestiary","BetterRewards","Challenge The Spire","Colored Powertips","Conspire","Custom Start","DeckTracker","Hermit","Highlight Path","Hubris","Humility","Infinite Spire","Lobotomy","Mimic Mod","Minty Spire (QoL Compilation)","Pale of the Ancients","Practice Mode","Quarter Circle Forward PUNCH!","Quick Restart","Rare Cards Sparkle","Replay The Spire","Reworked Bosses","SacredBarkPlus","Shop Mod","Spicy Shops","StSLib","The Blue Laboratory","The Construct","The Cursed","The Disciple","The Factory","The Hierophant","The Jungle","The Marked","The Mystic","The Runesmith","The Servant 0.9.4","TheBandit","Thieving Mod","Wandering Minibosses","everything is the same but u backflip on backflip","slay the spire mod where everything is the same but ironclad has a cowboy hat"],"gold_per_floor":[118,138,138,138,30,30,43,43,70,70,70,70,80,92,92,193,193,205,205,40,59,73,73,73,73],"floor_reached":24,"playtime":552,"items_purged":[],"score":236,"play_id":"9cadf303-4763-4193-8645-fd77c8cc2097","local_time":"20210110115208","is_ascension_mode":false,"campfire_choices":[{"data":"Hyperbeam","floor":6.0,"key":"SMITH"},{"data":"Consume","floor":8.0,"key":"SMITH"},{"data":"Defragment","floor":12.0,"key":"SMITH"},{"data":"Reinforced Body","floor":15,"key":"SMITH"}],"circlet_count":0,"master_deck":["Strike_B","Strike_B","Defend_B","Defend_B","Defend_B","Defend_B","Zap","Dualcast","Hyperbeam+1","Defragment+1","Hologram","Echo Form","Echo Form","Consume+1","BootSequence","Reinforced Body+1","Electrodynamics","Conserve Battery","Magnetism","Rebound","conspire:SharedLibrary","Replay:Parry","Jack Of All Trades","Replay:Parry"],"relics":["Cracked Core","Blue Candle","Runesmith:AutoHammer","qcfpunch:Black_Training_Shirt","hubris:TerracottaHorce","hubris:BlackHole"],"acts_visited":["Exordium","TheCity"],"potions_floor_usage":[24],"damage_taken":[{"damage":0.0,"enemies":"Jaw Worm","floor":1.0,"turns":2.0},{"damage":0.0,"enemies":"Small Slimes","floor":2.0,"turns":1.0},{"damage":3.0,"enemies":"2 Louse","floor":7.0,"turns":2.0},{"damage":0,"enemies":"Blue Slaver","floor":13,"turns":2},{"damage":0,"enemies":"2 Fungi Beasts","floor":14,"turns":1},{"damage":0,"enemies":"Slime Boss","floor":16,"turns":8},{"damage":12,"enemies":"2 Thieves","floor":18,"turns":2},{"damage":15,"enemies":"Spheric Guardian","floor":21,"turns":4},{"damage":14,"enemies":"Snecko","floor":22,"turns":4},{"damage":7,"enemies":"Gremlin Leader","floor":24,"turns":1}],"seed_played":"1065131615891672742","potions_obtained":[{"floor":7.0,"key":"SpeedPotion"},{"floor":13,"key":"AttackPotion"},{"floor":16,"key":"blueLaboratory:NullPotion"}],"is_trial":false,"path_per_floor":["M","M","?","?","$","R","M","R","T","T","?","R","M","M","R","B",null,"M","AVR","$","M","M","?","E"],"character_chosen":"DEFECT","items_purchased":["Echo Form","Magnetism"],"campfire_rested":0,"item_purchase_floors":[5,20],"current_hp_per_floor":[75,75,68,56,56,56,53,53,53,53,53,53,53,53,53,53,70,58,58,58,43,29,2,0,0],"gold":73,"neow_bonus":"ONE_RANDOM_RARE_CARD","is_daily":false,"chose_seed":false,"campfire_upgraded":4,"win_rate":0.0,"timestamp":1610275928,"path_taken":["M","M","?","?","?","R","M","R","T","?","?","R","M","M","R","BOSS","M","AVR","?","M","M","?","E"],"items_purchased_type":["Card","Card"],"build_version":"2020-12-22","purchased_purges":0,"victory":false,"max_hp_per_floor":[75,75,75,75,75,75,75,75,75,75,75,75,75,75,75,75,75,75,75,75,75,75,75,75,75],"card_choices":[{"not_picked":["Turbo","Hello World"],"picked":"Defragment","floor":1.0},{"not_picked":["Chaos","Coolheaded"],"picked":"Hologram","floor":2.0},{"not_picked":["Coolheaded","Stack"],"picked":"Consume","floor":7.0},{"not_picked":["Storm","Beam Cell"],"picked":"BootSequence","floor":13},{"not_picked":["FIFO Queue","Ball Lightning"],"picked":"Reinforced Body","floor":14},{"not_picked":["Biased Cognition","Rainbow"],"picked":"Electrodynamics","floor":16},{"not_picked":["Compile Driver+1","Auto Shields"],"picked":"Conserve Battery","floor":18},{"not_picked":["Darkness","Barrage"],"picked":"Rebound","floor":21},{"not_picked":["Panic Button","Double Energy"],"picked":"conspire:SharedLibrary","floor":22}],"player_experience":236352,"relics_obtained":[{"floor":9.0,"key":"Runesmith:AutoHammer"},{"floor":10.0,"key":"qcfpunch:Black_Training_Shirt"}],"event_choices":[{"cards_removed":["Strike_B"],"damage_healed":0.0,"max_hp_gain":0.0,"max_hp_loss":0.0,"gold_gain":0.0,"event_name":"Golden Wing","player_choice":"Card Removal","floor":3.0,"gold_loss":0.0,"damage_taken":7.0},{"damage_healed":0.0,"max_hp_gain":0.0,"max_hp_loss":0.0,"gold_gain":0.0,"event_name":"Scrap Ooze","player_choice":"Success","floor":4.0,"gold_loss":0.0,"damage_taken":12.0,"relics_obtained":["Blue Candle"]},{"cards_removed":["Strike_B"],"damage_healed":0.0,"max_hp_gain":0.0,"max_hp_loss":0.0,"gold_gain":0.0,"event_name":"Bonfire Elementals","player_choice":"Offered Basic","floor":11.0,"gold_loss":0.0,"damage_taken":0.0},{"damage_healed":0,"gold_gain":0,"player_choice":"CARD CARD CARD ","damage_taken":27,"max_hp_gain":0,"max_hp_loss":0,"event_name":"Knowing Skull","floor":23,"potions_obtained":[],"gold_loss":0,"cards_obtained":["Replay:Parry","Jack Of All Trades","Replay:Parry"]}],"is_beta":false,"boss_relics":[{"not_picked":["Honey Jar","FrozenCore"],"picked":"hubris:TerracottaHorce"}],"items_purged_floors":[],"is_endless":false,"potions_floor_spawned":[7,13,16,18,22],"killed_by":"Gremlin Leader","ascension_level":0}}