{"host":"vucub2jtaeo9vgh1","time":1610295515,"event":{"mods":["BaseMod","BetterRewards","Minty Spire (QoL Compilation)","Quick Restart","Rare Cards Sparkle","Replay The Spire","StSLib"],"gold_per_floor":[109,41,53,53,53,53,78,78,78,97,97,97,118,153,153,284,284,300,270,289,303,322,358,358,82,82,82,82,121,121,145,145,276,276,294,369,384,405,423,462,462,476,476,476,510,410,435,24,24,24,24,24,24,59,59],"floor_reached":56,"playtime":2086,"items_purged":["Strike_G","Writhe","Injury"],"score":2053,"play_id":"bd3251ae-40de-4868-8d22-febd4d98450d","local_time":"20210110171835","is_ascension_mode":false,"campfire_choices":[{"floor":6,"key":"REST"},{"floor":8,"key":"REST"},{"floor":11,"key":"REST"},{"data":"Blade Dance","floor":15,"key":"SMITH"},{"floor":24,"key":"REST"},{"floor":27,"key":"REST"},{"data":"Blade Dance","floor":30,"key":"SMITH"},{"data":"Tools of the Trade","floor":32,"key":"SMITH"},{"floor":41,"key":"REST"},{"floor":44,"key":"REST"},{"floor":49,"key":"RECALL"},{"data":"Parasite","floor":52,"key":"PURGE"}],"circlet_count":0,"master_deck":["Strike_G","Strike_G+1","Strike_G+1","Strike_G","Defend_G+1","Defend_G+1","Defend_G+1","Defend_G+1","Defend_G+1","Survivor+1","Neutralize+1","Slice","ReplayTheSpireMod:Speed Training+1","Hidden Blade","Hidden Blade+1","Caltrops+1","Blade Dance+1","Tools of the Trade+1","CommonCold","Slice+1","Cloak And Dagger+1","After Image","Blade Dance+1","Blade Dance+1","Cloak And Dagger+1","Cloak And Dagger+1","Infinite Blades+1","After Image"],"relics":["Ring of the Snake","Gremlin Food","Peace Pipe","CaptainsWheel","Vajra","Replay:WaspNest","Kunai","Dream Catcher","Golden Idol","Replay:Rubber Ducky","Replay:Ancient Bell","Nunchaku","Replay:Bottled Eggs","Basket Of Snakes","Onion Ring","Happy Flower","Snake Skull","Pear","Fusion Hammer","Toy Ornithopter","Boot","Bottled Tornado","ReplayTheSpireMod:Shallot","TwistedFunnel","ReplayTheSpireMod:TigerMarble"],"acts_visited":["Exordium","TheCity","TheBeyond","TheEnding"],"potions_floor_usage":[7,16,21,21,21,21,36,39,50,50,55],"damage_taken":[{"damage":1,"enemies":"Cultist","floor":1,"turns":4},{"damage":0,"enemies":"Jaw Worm","floor":3,"turns":3},{"damage":8,"enemies":"Lagavulin","floor":7,"turns":6},{"damage":0,"enemies":"2 Louse","floor":10,"turns":2},{"damage":0,"enemies":"Large Slime","floor":13,"turns":5},{"damage":0,"enemies":"Replay:BlueRogue","floor":14,"turns":5},{"damage":40,"enemies":"Slime Boss","floor":16,"turns":6},{"damage":0,"enemies":"3 Byrds","floor":18,"turns":5},{"damage":7,"enemies":"Shell Parasite","floor":20,"turns":4},{"damage":20,"enemies":"Snecko","floor":21,"turns":6},{"damage":0,"enemies":"Sentry and Sphere","floor":22,"turns":5},{"damage":26,"enemies":"Gremlin Leader","floor":23,"turns":8},{"damage":0,"enemies":"Book of Stabbing","floor":29,"turns":4},{"damage":0,"enemies":"Centurion and Healer","floor":31,"turns":4},{"damage":0,"enemies":"Pondfish","floor":33,"turns":6},{"damage":0,"enemies":"3 Shapes","floor":35,"turns":5},{"damage":0,"enemies":"3 Darklings","floor":37,"turns":2},{"damage":23,"enemies":"Writhing Mass","floor":38,"turns":5},{"damage":0,"enemies":"Spire Growth","floor":39,"turns":2},{"damage":13,"enemies":"Giant Head","floor":40,"turns":5},{"damage":2,"enemies":"4 Shapes","floor":42,"turns":4},{"damage":0,"enemies":"Reptomancer","floor":45,"turns":4},{"damage":7,"enemies":"Time Eater","floor":50,"turns":10},{"damage":0,"enemies":"Shield and Spear","floor":54,"turns":4},{"damage":30,"enemies":"The Heart","floor":55,"turns":7}],"seed_played":"3941027658156383357","potions_obtained":[{"floor":3,"key":"SkillPotion"},{"floor":13,"key":"Adrenaline Potion"},{"floor":16,"key":"Explosive Potion"},{"floor":19,"key":"EntropicBrew"},{"floor":19,"key":"Elixir"},{"floor":23,"key":"BlessingOfTheForge"},{"floor":36,"key":"Fruit Juice"},{"floor":36,"key":"SteroidPotion"},{"floor":38,"key":"Flashbang"},{"floor":40,"key":"Swift Potion"}],"is_trial":false,"path_per_floor":["M","$","M","?","?","R","E","R","T","M","R","?","M","E","R","B",null,"M","?","M","M","M","E","R","$","T","R","?","E","R","M","R","B",null,"M","?","M","M","M","E","R","M","T","R","E","$","T","$","R","B",null,"R","$","E","B",null],"character_chosen":"THE_SILENT","items_purchased":["Gremlin Food","Vajra","Replay:WaspNest","ReplayTheSpireMod:Speed Training","Blade Dance","Happy Flower","After Image","TwistedFunnel"],"campfire_rested":7,"item_purchase_floors":[0,0,0,2,25,25,48,48],"current_hp_per_floor":[31,31,31,31,31,52,44,65,65,65,70,53,53,53,53,13,70,70,70,63,43,43,17,38,38,38,59,59,69,69,69,69,69,80,80,70,70,47,52,39,64,62,62,85,85,85,85,85,85,83,85,82,82,82,52],"gold":59,"neow_bonus":"","is_daily":false,"chose_seed":false,"campfire_upgraded":3,"win_rate":0.0,"timestamp":1610295515,"path_taken":["M","?","M","?","?","R","E","R","T","M","R","?","M","E","R","BOSS","M","?","?","?","M","E","R","$","T","R","?","E","R","M","R","BOSS","M","?","?","M","M","E","R","M","T","R","E","?","?","$","R","BOSS","R","$","E","BOSS"],"items_purchased_type":["Relic","Relic","Relic","Card","Card","Relic","Card","Relic"],"build_version":"2020-12-22","purchased_purges":3,"victory":true,"max_hp_per_floor":[70,70,70,70,70,70,70,70,70,70,70,70,70,70,70,70,70,70,70,70,70,70,70,70,70,70,70,70,80,80,80,80,80,80,80,85,85,85,85,85,85,85,85,85,85,85,85,85,85,85,85,82,82,82,82],"card_choices":[{"not_picked":["Poisoned Stab","Backflip"],"picked":"Slice","floor":1},{"not_picked":["Deflect","Sucker Punch"],"picked":"Hidden Blade","floor":3},{"not_picked":["All Out Attack","Draining Mist"],"picked":"Hidden Blade","floor":7},{"not_picked":["Acrobatics","Flying Knee","Deflect"],"picked":"SKIP","floor":10},{"not_picked":["ReplayTheSpireMod:The Works","Acrobatics"],"picked":"Caltrops","floor":11},{"not_picked":["Sucker Punch","Replay:Bag of Tricks"],"picked":"Blade Dance","floor":13},{"not_picked":["Acrobatics","Bane","Bouncing Flask"],"picked":"SKIP","floor":14},{"not_picked":["Envenom","Venomology"],"picked":"Tools of the Trade","floor":16},{"not_picked":["ReplayTheSpireMod:Faulty Equipment","Voices"],"picked":"Writhe","floor":17},{"not_picked":["ReplayTheSpireMod:Splinters","ReplayTheSpireMod:Faulty Equipment"],"picked":"Injury","floor":17},{"not_picked":["Amnesia","Hallucinations"],"picked":"CommonCold","floor":17},{"not_picked":["Dagger Throw+1","Deflect"],"picked":"Slice+1","floor":18},{"not_picked":["Flying Knee","Underhanded Strike+1","Setup"],"picked":"SKIP","floor":20},{"not_picked":["Concentrate","Flying Knee"],"picked":"Cloak And Dagger","floor":21},{"not_picked":["Slice+1","PiercingWail","Flying Knee"],"picked":"SKIP","floor":22},{"not_picked":["ReplayTheSpireMod:Necrosis","ReplayTheSpireMod:Speed Training"],"picked":"After Image","floor":23},{"not_picked":["Hidden Blade+1","Footwork"],"picked":"Blade Dance+1","floor":27},{"not_picked":["Dagger Throw+1","Slice","Backflip"],"picked":"SKIP","floor":29},{"not_picked":["Dagger Spray","Toxin Wave+1"],"picked":"Cloak And Dagger+1","floor":31},{"not_picked":["PiercingWail+1","Heel Hook","Underhanded Strike+1"],"picked":"SKIP","floor":35},{"not_picked":["Fluid Movement","Night Terror"],"picked":"Cloak And Dagger+1","floor":37},{"not_picked":["Outmaneuver","Sucker Punch+1","Cloak And Dagger+1"],"picked":"SKIP","floor":38},{"not_picked":["Poisoned Stab+1","Bane+1","Distraction"],"picked":"SKIP","floor":39},{"not_picked":["Deflect","Atom Bomb","PiercingWail+1"],"picked":"SKIP","floor":40},{"not_picked":["Flying Knee","Poisoned Stab+1","Masterful Stab+1"],"picked":"SKIP","floor":42},{"not_picked":["Backflip","Dagger Spray"],"picked":"Infinite Blades+1","floor":45},{"not_picked":["Atom Bomb","Replay:Bag of Tricks","Replay:Poison Smokescreen"],"picked":"SKIP","floor":54}],"player_experience":280327,"relics_obtained":[{"floor":7,"key":"Kunai"},{"floor":9,"key":"Dream Catcher"},{"floor":14,"key":"Replay:Rubber Ducky"},{"floor":23,"key":"Onion Ring"},{"floor":26,"key":"Snake Skull"},{"floor":29,"key":"Pear"},{"floor":36,"key":"Toy Ornithopter"},{"floor":40,"key":"Boot"},{"floor":43,"key":"Bottled Tornado"},{"floor":45,"key":"ReplayTheSpireMod:Shallot"},{"floor":54,"key":"ReplayTheSpireMod:TigerMarble"}],"event_choices":[{"damage_healed":0,"gold_gain":0,"player_choice":"Grow","damage_taken":0,"max_hp_gain":0,"max_hp_loss":0,"event_name":"Living Wall","floor":5,"gold_loss":0,"cards_upgraded":["Neutralize"]},{"damage_healed":0,"gold_gain":0,"player_choice":"Take Damage","damage_taken":17,"relics_obtained":["Golden Idol"],"max_hp_gain":0,"max_hp_loss":0,"event_name":"Golden Idol","floor":12,"gold_loss":0},{"damage_healed":0,"gold_gain":0,"player_choice":"Bought 2 Potions","damage_taken":0,"max_hp_gain":0,"max_hp_loss":0,"event_name":"The Woman in Blue","floor":19,"gold_loss":0},{"damage_healed":0,"gold_gain":0,"player_choice":"Ignored","damage_taken":0,"max_hp_gain":0,"max_hp_loss":0,"event_name":"Ghosts","floor":28,"gold_loss":0}],"is_beta":false,"boss_relics":[{"not_picked":["Velvet Choker","Ectoplasm"],"picked":"Replay:Ancient Bell"},{"not_picked":["Ancient Tea Set","Bronze Scales"],"picked":"Nunchaku"},{"not_picked":["Replay:Accelerometer","Mummified Hand"],"picked":"Replay:Bottled Eggs"},{"not_picked":["Tough Bandages","Turnip"],"picked":"Basket Of Snakes"},{"not_picked":["ReplayTheSpireMod:DimensionalGlitch","Pandora\u0027s Box"],"picked":"Fusion Hammer"}],"items_purged_floors":[25,46,48],"is_endless":false,"potions_floor_spawned":[3,13,16,23,29,31,38,40,42],"ascension_level":0}}