{"host":"brd61wijv1cf72gn","time":1610250554,"event":{"mods":["Act Like it!","BaseMod","Conspire","Gensokyo","Marisa£®ÏF”Í°°ƒß¿Ì…≥£©","Minty Spire (QoL Compilation)","Replay The Spire","StSLib","The Bug Knight","The Cursed","The Runesmith","The Servant 0.9.4"],"gold_per_floor":[211,222,238,256,256,297,313,313,338,354,354,372,372,447,447,566,566,579,622,304,325,344,344,362,376,400,434,28,28,28],"floor_reached":29,"playtime":2591,"items_purged":["Defend_G"],"score":249,"play_id":"b195f479-b20f-4f12-820c-3984f431797f","local_time":"20210110114914","is_ascension_mode":false,"campfire_choices":[{"floor":8.0,"key":"REST"},{"floor":13.0,"key":"REST"},{"floor":15.0,"key":"REST"},{"floor":23,"key":"REST"}],"circlet_count":0,"master_deck":["Strike_G","Strike_G","Strike_G","Strike_G","Strike_G","Defend_G","Defend_G","Defend_G","Defend_G","Survivor","Neutralize","Backflip","Prepared","A Thousand Cuts","ReplayTheSpireMod:Scrap Shanks","Terror","Replay:Bag of Tricks","Prepared","ReplayTheSpireMod:Shiv Toss+1","Blade Dance","Underhanded Strike","PiercingWail+1","Reflex","ReplayTheSpireMod:The Works","Gensokyo:MenInBlack","Gensokyo:BlemishedSteel","Gensokyo:Shovel"],"relics":["Ring of the Snake","Golden Idol","Pondfish Scales","Boot","Ring of Chaos","Blood Vial","HollowMod:LifeEnderRelic","Runesmith:AutoHammer","ReplayTheSpireMod:Lightbulb"],"acts_visited":["Exordium","Exordium"],"potions_floor_usage":[22],"damage_taken":[{"damage":0.0,"enemies":"2 Louse","floor":1.0,"turns":3.0},{"damage":0.0,"enemies":"Small Slimes","floor":2.0,"turns":6.0},{"damage":0.0,"enemies":"Cultist","floor":3.0,"turns":4.0},{"damage":22.0,"enemies":"conspire:2 RoseBushes","floor":4.0,"turns":8.0},{"damage":10.0,"enemies":"3 Sentries","floor":6.0,"turns":14.0},{"damage":31.0,"enemies":"Gremlin Gang","floor":7.0,"turns":5.0},{"damage":2.0,"enemies":"Blue Slaver","floor":10.0,"turns":5.0},{"damage":3.0,"enemies":"Exordium Thugs","floor":12.0,"turns":4.0},{"damage":11.0,"enemies":"Slime Boss","floor":16.0,"turns":14.0},{"damage":26.0,"enemies":"Gensokyo:3_Dogs","floor":18.0,"turns":9.0},{"damage":19.0,"enemies":"conspire:MimicChest","floor":19.0,"turns":7.0},{"damage":23,"enemies":"Gensokyo:AngelMirror","floor":21,"turns":7},{"damage":0,"enemies":"Gensokyo:3_Gloops","floor":22,"turns":4},{"damage":7,"enemies":"Gensokyo:Wraith","floor":24,"turns":3},{"damage":3,"enemies":"Gensokyo:Swordslinger","floor":25,"turns":5},{"damage":3,"enemies":"Gensokyo:Koishi","floor":27,"turns":5},{"damage":24,"enemies":"Gensokyo:Tenshi","floor":29,"turns":3}],"seed_played":"-3691483524888351802","potions_obtained":[{"floor":1.0,"key":"Dexterity Potion"},{"floor":4.0,"key":"Block Potion"},{"floor":7.0,"key":"Adrenaline Potion"},{"floor":12.0,"key":"PowerPotion"},{"floor":18.0,"key":"BlessingOfTheForge"},{"floor":21,"key":"Explosive Potion"},{"floor":24,"key":"BlessingOfTheForge"}],"is_trial":false,"path_per_floor":["M","M","M","M","?","E","M","R","T","M","?","M","R","?","R","B",null,"M","?","$","M","M","R","M","M","T","E","COS","E"],"character_chosen":"THE_SILENT","items_purchased":["HollowMod:LifeEnderRelic"],"campfire_rested":4,"item_purchase_floors":[20],"current_hp_per_floor":[70,70,70,48,48,38,7,28,28,26,26,23,44,37,58,47,70,44,25,25,4,6,27,22,21,21,20,20,0,0],"gold":28,"neow_bonus":"HUNDRED_GOLD","is_daily":false,"chose_seed":false,"campfire_upgraded":0,"win_rate":0.0,"timestamp":1610250554,"path_taken":["M","M","M","M","?","E","M","R","T","M","?","M","R","?","R","BOSS","M","?","$","M","M","R","M","?","T","E","COS","E"],"items_purchased_type":["Relic"],"build_version":"2020-12-22","purchased_purges":1,"victory":false,"max_hp_per_floor":[70,70,70,70,70,70,70,70,70,70,70,70,70,70,70,70,70,70,70,70,70,70,70,70,70,70,70,70,70,70],"card_choices":[{"not_picked":["Slice","Sucker Punch"],"picked":"Backflip","floor":1.0},{"not_picked":["Quick Slash","Riddle With Holes","Slice"],"picked":"SKIP","floor":2.0},{"not_picked":["Sucker Punch","Predator"],"picked":"Prepared","floor":3.0},{"not_picked":["Sucker Punch","Dagger Spray","Outmaneuver"],"picked":"SKIP","floor":4.0},{"not_picked":["Fluid Movement","Prepared"],"picked":"A Thousand Cuts","floor":6.0},{"not_picked":["Sucker Punch","Prepared"],"picked":"ReplayTheSpireMod:Scrap Shanks","floor":7.0},{"not_picked":["Deadly Poison","Eviscerate"],"picked":"Terror","floor":10.0},{"not_picked":["PiercingWail","Quick Slash","Hidden Blade"],"picked":"SKIP","floor":12.0},{"not_picked":["Glass Knife","Venomology"],"picked":"Replay:Bag of Tricks","floor":16.0},{"not_picked":["Dagger Spray","Poisoned Stab+1"],"picked":"Prepared","floor":18.0},{"not_picked":["Infinite Blades+1","Blade Dance+1"],"picked":"ReplayTheSpireMod:Shiv Toss+1","floor":19.0},{"not_picked":["Backflip","Masterful Stab"],"picked":"Blade Dance","floor":21},{"not_picked":["Poisoned Stab+1","Dagger Spray"],"picked":"Underhanded Strike","floor":22},{"not_picked":["Doppelganger","Flying Knee"],"picked":"PiercingWail+1","floor":24},{"not_picked":["Dagger Spray+1","Skewer+1"],"picked":"Reflex","floor":25},{"not_picked":["Heel Hook","Quick Slash"],"picked":"ReplayTheSpireMod:The Works","floor":27}],"player_experience":14677,"relics_obtained":[{"floor":6.0,"key":"Pondfish Scales"},{"floor":9.0,"key":"Boot"},{"floor":19.0,"key":"Blood Vial"},{"floor":26,"key":"Runesmith:AutoHammer"},{"floor":27,"key":"ReplayTheSpireMod:Lightbulb"}],"event_choices":[{"damage_healed":0.0,"max_hp_gain":0.0,"max_hp_loss":0.0,"gold_gain":0.0,"event_name":"Golden Idol","player_choice":"Take Wound","floor":5.0,"gold_loss":0.0,"damage_taken":0.0,"relics_obtained":["Golden Idol"],"cards_obtained":["Injury"]},{"cards_removed":["Injury"],"damage_healed":0.0,"max_hp_gain":0.0,"max_hp_loss":0.0,"gold_gain":0.0,"event_name":"Living Wall","player_choice":"Forget","floor":11.0,"gold_loss":0.0,"damage_taken":0.0},{"damage_healed":0.0,"max_hp_gain":0.0,"max_hp_loss":0.0,"gold_gain":75.0,"event_name":"FaceTrader","player_choice":"Touch","floor":14.0,"gold_loss":0.0,"damage_taken":7.0}],"is_beta":false,"boss_relics":[{"not_picked":["Philosopher\u0027s Stone","Velvet Choker"],"picked":"Ring of Chaos"}],"items_purged_floors":[20],"is_endless":false,"potions_floor_spawned":[1,4,7,12,18,21,24],"killed_by":"Gensokyo:Tenshi","ascension_level":0}}