{"host":"cjhtzh7tp54jdfyv","time":1610245744,"event":{"mods":["AchievementEnabler","BaseMod","Colored Map","Colored Powertips","Curses Come First","DeckTracker","Filter the Spire","Minty Spire (QoL Compilation)","RNG Fix","Relic Sorter","Relic Stats","StSLib","UnlockEverythingMod","ojb\u0027s Better Paths Mod","ojb\u0027s Info Mod"],"gold_per_floor":[110,125,138,156,156,189,189,214,286,296,314,330,347,374,374,453,453,463,463,478,497,347,347,373,373,444,469,469,481,104,134,134,210,210,220,220,220,572,572,591,626,645,645,670,680,680,512,530,530,530,530,530,530,84,118,118],"floor_reached":57,"playtime":4060,"items_purged":["ConjureBlade","BowlingBash","Eruption","Indignation"],"score":3263,"play_id":"ec5b3919-26b0-431e-996f-ed68507d48d0","local_time":"20210109212904","is_ascension_mode":true,"campfire_choices":[{"data":"CrushJoints","floor":15.0,"key":"SMITH"},{"data":"BattleHymn","floor":23.0,"key":"SMITH"},{"data":"SandsOfTime","floor":32.0,"key":"SMITH"},{"floor":46.0,"key":"REST"},{"floor":49.0,"key":"RECALL"},{"floor":53.0,"key":"REST"}],"circlet_count":0,"master_deck":["AscendersBane","Vigilance","Worship+1","Omniscience","CrushJoints+1","Worship","DevaForm","CrushJoints","DeceiveReality","Worship","RitualDagger","BattleHymn+1","SandsOfTime+1","SandsOfTime+1","Adaptation","Sanctity+1","Apotheosis","InnerPeace+1","Wallop","Vault","MentalFortress","TalkToTheHand","Wireheading"],"relics":["Snecko Eye","War Paint","Kunai","TeardropLocket","MealTicket","Pandora\u0027s Box","Regal Pillow","Pen Nib","Sundial","Question Card","Fusion Hammer","Old Coin","Lizard Tail","Ornamental Fan","Omamori","Membership Card","Gremlin Horn","Anchor"],"acts_visited":["Exordium","TheCity","TheBeyond","TheEnding"],"potions_floor_usage":[56],"damage_taken":[{"damage":2.0,"enemies":"2 Louse","floor":1.0,"turns":3.0},{"damage":7.0,"enemies":"Cultist","floor":2.0,"turns":6.0},{"damage":18.0,"enemies":"Small Slimes","floor":3.0,"turns":3.0},{"damage":3.0,"enemies":"Looter","floor":4.0,"turns":3.0},{"damage":10.0,"enemies":"3 Sentries","floor":6.0,"turns":6.0},{"damage":0.0,"enemies":"Gremlin Nob","floor":8.0,"turns":3.0},{"damage":0.0,"enemies":"3 Louse","floor":10.0,"turns":3.0},{"damage":1.0,"enemies":"Exordium Wildlife","floor":11.0,"turns":2.0},{"damage":0.0,"enemies":"Large Slime","floor":12.0,"turns":3.0},{"damage":0.0,"enemies":"Gremlin Gang","floor":13.0,"turns":2.0},{"damage":0.0,"enemies":"3 Sentries","floor":14.0,"turns":3.0},{"damage":0.0,"enemies":"Slime Boss","floor":16.0,"turns":3.0},{"damage":8.0,"enemies":"3 Byrds","floor":18.0,"turns":4.0},{"damage":0.0,"enemies":"2 Thieves","floor":20.0,"turns":2.0},{"damage":0.0,"enemies":"Snecko","floor":21.0,"turns":2.0},{"damage":22.0,"enemies":"Slavers","floor":24.0,"turns":2.0},{"damage":0.0,"enemies":"Gremlin Leader","floor":27.0,"turns":1.0},{"damage":0.0,"enemies":"3 Cultists","floor":29.0,"turns":3.0},{"damage":7.0,"enemies":"Slavers","floor":31.0,"turns":2.0},{"damage":0.0,"enemies":"Collector","floor":33.0,"turns":3.0},{"damage":11.0,"enemies":"3 Darklings","floor":35.0,"turns":3.0},{"damage":0.0,"enemies":"2 Orb Walkers","floor":38.0,"turns":2.0},{"damage":16.0,"enemies":"3 Shapes","floor":40.0,"turns":3.0},{"damage":0.0,"enemies":"Giant Head","floor":41.0,"turns":4.0},{"damage":0.0,"enemies":"Spire Growth","floor":42.0,"turns":2.0},{"damage":0.0,"enemies":"Reptomancer","floor":44.0,"turns":2.0},{"damage":0.0,"enemies":"Writhing Mass","floor":45.0,"turns":1.0},{"damage":0.0,"enemies":"3 Darklings","floor":48.0,"turns":4.0},{"damage":24.0,"enemies":"Donu and Deca","floor":50.0,"turns":5.0},{"damage":40.0,"enemies":"Awakened One","floor":51.0,"turns":6.0},{"damage":0.0,"enemies":"Shield and Spear","floor":55.0,"turns":2.0},{"damage":13,"enemies":"The Heart","floor":56,"turns":7}],"seed_played":"5496092167864686532","potions_obtained":[{"floor":1.0,"key":"CultistPotion"},{"floor":2.0,"key":"PowerPotion"},{"floor":8.0,"key":"Fire Potion"},{"floor":12.0,"key":"DuplicationPotion"},{"floor":14.0,"key":"GamblersBrew"},{"floor":18.0,"key":"SkillPotion"},{"floor":20.0,"key":"Energy Potion"},{"floor":29.0,"key":"Regen Potion"}],"is_trial":false,"path_per_floor":["M","M","M","M","?","E","?","E","T","M","M","M","M","E","R","B",null,"M","?","M","M","$","R","E","?","T","E","?","M","$","E","R","B",null,"M","?","?","?","?","M","E","M","T","E","M","R","$","M","R","B","B",null,"R","$","E","B",null],"character_chosen":"WATCHER","items_purchased":["BattleHymn","Sundial","MentalFortress","Membership Card","TalkToTheHand","Gremlin Horn","Swift Potion","SteroidPotion"],"campfire_rested":2,"item_purchase_floors":[22,30,47,54,54,54,54,54],"current_hp_per_floor":[59,52,34,31,31,21,21,21,21,21,20,20,20,20,20,20,56,48,42,42,42,57,57,35,35,35,35,35,35,50,43,43,43,62,51,41,41,41,41,25,25,25,25,25,25,59,65,65,65,41,16,53,65,65,65,52],"gold":118,"neow_bonus":"BOSS_RELIC","is_daily":false,"chose_seed":false,"campfire_upgraded":3,"win_rate":0.0,"timestamp":1610245744,"path_taken":["M","M","M","M","?","E","?","E","T","M","?","?","M","E","R","BOSS","M","?","M","M","$","R","E","?","T","E","?","M","$","E","R","BOSS","M","?","?","?","?","?","E","M","T","E","M","R","$","M","R","BOSS","BOSS","R","$","E","BOSS"],"items_purchased_type":["Card","Relic","Card","Relic","Card","Relic","Potion","Potion"],"build_version":"2020-12-22","purchased_purges":4,"victory":true,"max_hp_per_floor":[68,68,68,68,68,68,68,68,68,68,68,68,68,68,68,68,68,68,68,68,68,68,68,68,68,68,68,68,68,68,68,68,68,68,68,68,65,65,65,65,65,65,65,65,65,65,65,65,65,65,65,65,65,65,65,65],"relic_stats":{"Regal Pillow":15,"Gremlin Horn":[1,1],"counters":[32,100],"Pen Nib":[10],"War Paint":["Worship","Defend_P"],"Question Card":13,"Lizard Tail":0,"Sundial":[10],"Ornamental Fan":[56],"Snecko Eye":[172,178,157,173],"MealTicket":36,"Pandora\u0027s Box":["CrushJoints","DeceiveReality","Worship","JustLucky","ConjureBlade","Halt","Indignation"],"Kunai":[33],"obtain_stats":[{"Regal Pillow":24,"Gremlin Horn":54,"Pen Nib":27,"Omamori":44,"TeardropLocket":9,"War Paint":6,"Question Card":31,"Old Coin":38,"Lizard Tail":41,"Anchor":55,"Sundial":30,"Ornamental Fan":43,"Snecko Eye":0,"MealTicket":14,"Pandora\u0027s Box":17,"Fusion Hammer":34,"Kunai":8,"Membership Card":54,"PureWater":0},{"Regal Pillow":16,"Gremlin Horn":30,"Pen Nib":17,"Omamori":26,"TeardropLocket":6,"War Paint":5,"Question Card":19,"Old Coin":22,"Lizard Tail":24,"Anchor":31,"Sundial":18,"Ornamental Fan":25,"Snecko Eye":0,"MealTicket":11,"Pandora\u0027s Box":12,"Fusion Hammer":20,"Kunai":6,"Membership Card":30,"PureWater":0},{"Regal Pillow":50,"Gremlin Horn":91,"Pen Nib":51,"Omamori":75,"TeardropLocket":24,"War Paint":21,"Question Card":56,"Old Coin":64,"Lizard Tail":71,"Anchor":93,"Sundial":54,"Ornamental Fan":73,"Snecko Eye":0,"MealTicket":37,"Pandora\u0027s Box":40,"Fusion Hammer":59,"Kunai":24,"Membership Card":91,"PureWater":0}]},"card_choices":[{"not_picked":["Evaluate","Halt"],"picked":"Worship","floor":1.0},{"not_picked":["LikeWater","Vengeance","WaveOfTheHand"],"picked":"SKIP","floor":2.0},{"not_picked":["LikeWater","JustLucky","FlurryOfBlows"],"picked":"SKIP","floor":3.0},{"not_picked":["Evaluate","FlyingSleeves","Meditate"],"picked":"SKIP","floor":4.0},{"not_picked":["Fasting2","MentalFortress","Study"],"picked":"SKIP","floor":6.0},{"not_picked":["MentalFortress","FearNoEvil"],"picked":"Omniscience","floor":8.0},{"not_picked":["FlyingSleeves","Crescendo","Vengeance"],"picked":"SKIP","floor":10.0},{"not_picked":["FlyingSleeves","Crescendo","Vengeance"],"picked":"SKIP","floor":10.0},{"not_picked":["EmptyFist","PathToVictory"],"picked":"CrushJoints","floor":11.0},{"not_picked":["LikeWater","SashWhip","ThirdEye"],"picked":"SKIP","floor":12.0},{"not_picked":["Study","FlyingSleeves"],"picked":"Worship","floor":13.0},{"not_picked":["SashWhip","ForeignInfluence","ClearTheMind"],"picked":"SKIP","floor":14.0},{"not_picked":["Ragnarok","Alpha"],"picked":"DevaForm","floor":16.0},{"not_picked":["Swivel","FearNoEvil","FlurryOfBlows"],"picked":"SKIP","floor":18.0},{"not_picked":["ThirdEye","Nirvana","FlurryOfBlows"],"picked":"SKIP","floor":20.0},{"not_picked":["ClearTheMind+1","Blasphemy"],"picked":"BowlingBash","floor":21.0},{"not_picked":["Wallop","FlurryOfBlows"],"picked":"SandsOfTime+1","floor":24.0},{"not_picked":["EmptyBody","CrushJoints","Prostrate"],"picked":"SKIP","floor":27.0},{"not_picked":["EmptyBody","CrushJoints","Prostrate"],"picked":"SKIP","floor":27.0},{"not_picked":["Indignation","ClearTheMind","BattleHymn"],"picked":"SKIP","floor":29.0},{"not_picked":["Collect","Evaluate"],"picked":"Sanctity+1","floor":31.0},{"not_picked":["Judgement","MasterReality","Brilliance"],"picked":"Establishment","floor":33.0},{"not_picked":["CrushJoints+1","WreathOfFlame","EmptyBody","SashWhip"],"picked":"SKIP","floor":35.0},{"not_picked":["Dramatic Entrance","The Bomb","Impatience"],"picked":"Apotheosis","floor":36.0},{"not_picked":["Adaptation","Halt","Protect","FlurryOfBlows"],"picked":"SKIP","floor":40.0},{"not_picked":["Protect","Conclude","Tantrum"],"picked":"InnerPeace+1","floor":41.0},{"not_picked":["ThirdEye","ClearTheMind","InnerPeace+1"],"picked":"Wallop","floor":42.0},{"not_picked":["JustLucky+1","SignatureMove+1","Halt","Indignation"],"picked":"SKIP","floor":44.0},{"not_picked":["WheelKick","SashWhip","Crescendo+1"],"picked":"Vault","floor":45.0},{"not_picked":["Study+1","Swivel","Halt+1","Consecrate+1"],"picked":"SKIP","floor":48.0},{"not_picked":["LikeWater","FearNoEvil","Consecrate"],"picked":"Wireheading","floor":55.0}],"player_experience":4408520,"relics_obtained":[{"floor":6.0,"key":"War Paint"},{"floor":8.0,"key":"Kunai"},{"floor":9.0,"key":"TeardropLocket"},{"floor":14.0,"key":"MealTicket"},{"floor":24.0,"key":"Regal Pillow"},{"floor":27.0,"key":"Pen Nib"},{"floor":31.0,"key":"Question Card"},{"floor":38.0,"key":"Old Coin"},{"floor":41.0,"key":"Lizard Tail"},{"floor":43.0,"key":"Ornamental Fan"},{"floor":44.0,"key":"Omamori"},{"floor":55.0,"key":"Anchor"}],"event_choices":[{"cards_removed":["Defend_P"],"damage_healed":0.0,"max_hp_gain":0.0,"max_hp_loss":0.0,"gold_gain":0.0,"event_name":"Bonfire Elementals","player_choice":"Offered Basic","floor":5.0,"gold_loss":0.0,"damage_taken":0.0},{"damage_healed":0.0,"max_hp_gain":0.0,"max_hp_loss":0.0,"gold_gain":0.0,"event_name":"Shining Light","player_choice":"Ignored","floor":7.0,"gold_loss":0.0,"damage_taken":0.0},{"damage_healed":0.0,"max_hp_gain":0.0,"max_hp_loss":0.0,"gold_gain":0.0,"event_name":"Nest","player_choice":"Joined the Cult","floor":19.0,"gold_loss":0.0,"damage_taken":6.0,"cards_obtained":["RitualDagger"]},{"damage_healed":0.0,"max_hp_gain":0.0,"max_hp_loss":0.0,"gold_gain":0.0,"cards_transformed":["Halt","JustLucky"],"event_name":"Drug Dealer","player_choice":"Became Test Subject","floor":25.0,"gold_loss":0.0,"damage_taken":0.0,"cards_obtained":["SandsOfTime","Adaptation"]},{"damage_healed":0.0,"max_hp_gain":0.0,"max_hp_loss":0.0,"gold_gain":0.0,"event_name":"Vampires","player_choice":"Ignored","floor":28.0,"gold_loss":0.0,"damage_taken":0.0},{"damage_healed":0.0,"max_hp_gain":0.0,"max_hp_loss":0.0,"gold_gain":0.0,"event_name":"SensoryStone","player_choice":"Memory 3","floor":36.0,"gold_loss":0.0,"damage_taken":10.0},{"damage_healed":0.0,"max_hp_gain":0.0,"max_hp_loss":3.0,"gold_gain":0.0,"event_name":"Winding Halls","player_choice":"Max HP","floor":37.0,"gold_loss":0.0,"damage_taken":0.0},{"damage_healed":0.0,"max_hp_gain":0.0,"max_hp_loss":0.0,"gold_gain":0.0,"event_name":"Mysterious Sphere","player_choice":"Fight","floor":38.0,"gold_loss":0.0,"damage_taken":0.0},{"cards_removed":["Establishment"],"damage_healed":0.0,"max_hp_gain":0.0,"max_hp_loss":0.0,"gold_gain":0.0,"event_name":"Falling","player_choice":"Removed Power","floor":39.0,"gold_loss":0.0,"damage_taken":0.0}],"is_beta":false,"boss_relics":[{"not_picked":["Empty Cage","Runic Pyramid"],"picked":"Pandora\u0027s Box"},{"not_picked":["Cursed Key","Astrolabe"],"picked":"Fusion Hammer"}],"items_purged_floors":[22,30,47,54],"is_endless":false,"potions_floor_spawned":[1,2,8,12,13,14,18,20,29,35,38,48],"ascension_level":20}}