{"host":"9a7cruws131mrp2b","time":1610278380,"event":{"mods":["Act Like it!","BaseMod","Better Third Choice","Hubris","Minty Spire (QoL Compilation)","Reworked Bosses","StSLib","The Jungle"],"gold_per_floor":[114,31,49,66,66,94,105,30,30,30,46,77,77,77,77,179,179,190,202,43,43,63,63,63,63,88,88,106,116,116,127,127,127,127],"floor_reached":33,"playtime":1091,"items_purged":["Strike_B"],"score":333,"play_id":"cbcf6b09-6de2-4219-b6b7-773afe08e882","local_time":"20210110113300","is_ascension_mode":true,"campfire_choices":[{"floor":10,"key":"REST"},{"floor":13,"key":"REST"},{"data":"Zap","floor":15,"key":"SMITH"},{"data":"Buffer","floor":23,"key":"SMITH"},{"floor":30,"key":"REST"},{"floor":32,"key":"REST"}],"circlet_count":0,"master_deck":["Strike_B+1","Strike_B","Strike_B","Defend_B","Defend_B","Defend_B","Defend_B","Zap+1","Dualcast","Gash+1","Beam Cell","Redo","Streamline","Steam","Gash","Buffer+1","Streamline","Gash","Finesse","Auto Shields","FTL"],"relics":["Cracked Core","Gremlin Horn","Shuriken","Bottled Lightning","Akabeko","Philosopher\u0027s Stone","Shovel","theJungle:BirthdayCakeSlice"],"acts_visited":["Exordium","Exordium"],"potions_floor_usage":[12,16,22,33],"damage_taken":[{"damage":0,"enemies":"2 Louse","floor":1,"turns":2},{"damage":0,"enemies":"Cultist","floor":3,"turns":3},{"damage":2,"enemies":"Jaw Worm","floor":4,"turns":3},{"damage":38,"enemies":"Gremlin Nob","floor":6,"turns":4},{"damage":7,"enemies":"Looter","floor":7,"turns":3},{"damage":8,"enemies":"Blue Slaver","floor":11,"turns":2},{"damage":20,"enemies":"3 Sentries","floor":12,"turns":6},{"damage":5,"enemies":"Slime Boss","floor":16,"turns":6},{"damage":17,"enemies":"theJungle:Flameango_and_Byrd","floor":18,"turns":4},{"damage":29,"enemies":"theJungle:MUSHROOMGANG","floor":19,"turns":3},{"damage":15,"enemies":"theJungle:SlimyTreeVines","floor":22,"turns":6},{"damage":0,"enemies":"theJungle:2_Snecko_Cultists","floor":28,"turns":4},{"damage":12,"enemies":"theJungle:Lyon","floor":29,"turns":4},{"damage":9,"enemies":"Snake Plant","floor":31,"turns":4},{"damage":61,"enemies":"theJungle:TotemBoss","floor":33,"turns":6}],"seed_played":"-7073061190227877024","potions_obtained":[{"floor":3,"key":"Strength Potion"},{"floor":6,"key":"Explosive Potion"},{"floor":7,"key":"Block Potion"},{"floor":12,"key":"PowerPotion"},{"floor":18,"key":"BlessingOfTheForge"},{"floor":31,"key":"ColorlessPotion"}],"is_trial":false,"path_per_floor":["M","?","M","M","?","E","M","$","T","R","M","E","R","?","R","B",null,"M","M","$","?","M","R","?","?","T","?","M","M","R","M","R","B"],"character_chosen":"DEFECT","items_purchased":["Streamline","Steam","Finesse"],"campfire_rested":4,"item_purchase_floors":[8,8,20],"current_hp_per_floor":[82,82,82,80,64,26,19,19,19,43,35,15,39,39,39,34,82,65,36,36,36,27,27,30,18,18,23,23,11,38,29,56,0,0],"gold":127,"neow_bonus":"TEN_PERCENT_HP_BONUS","is_daily":false,"chose_seed":false,"campfire_upgraded":2,"win_rate":0.0,"timestamp":1610278380,"path_taken":["M","?","?","M","?","E","M","$","T","R","M","E","R","?","R","BOSS","M","M","$","?","M","R","?","?","T","?","?","M","R","M","R","BOSS"],"items_purchased_type":["Card","Card","Card"],"build_version":"2020-12-22","purchased_purges":1,"victory":false,"max_hp_per_floor":[82,82,82,82,82,82,82,82,82,82,82,82,82,82,82,82,82,82,82,82,82,82,82,85,85,85,90,90,90,90,90,90,90,90],"card_choices":[{"not_picked":["Go for the Eyes","Redo"],"picked":"Gash","floor":1},{"not_picked":["hubris:Ukulele","Skim"],"picked":"Beam Cell","floor":3},{"not_picked":["Beam Cell","Stack"],"picked":"Redo","floor":4},{"not_picked":["Compile Driver","Capacitor","Static Discharge"],"picked":"SKIP","floor":6},{"not_picked":["Cold Snap","Consume","Doom and Gloom"],"picked":"SKIP","floor":7},{"not_picked":["Leap","Rebound"],"picked":"Gash","floor":11},{"not_picked":["Coolheaded","Steam Power","Reprogram"],"picked":"SKIP","floor":12},{"not_picked":["Coolheaded","Steam Power","Reprogram"],"picked":"SKIP","floor":12},{"not_picked":["Multi-Cast","Biased Cognition"],"picked":"Buffer","floor":16},{"not_picked":["Doom and Gloom","Hello World+1"],"picked":"Streamline","floor":18},{"not_picked":["hubris:PowerSurge","Heatsinks"],"picked":"Gash","floor":19},{"not_picked":["Auto Shields","Rip and Tear","Recycle+1"],"picked":"SKIP","floor":22},{"not_picked":["Rip and Tear","Recycle+1"],"picked":"Auto Shields","floor":22},{"not_picked":["Auto Shields+1","Cold Snap","Rebound"],"picked":"SKIP","floor":28},{"not_picked":["Go for the Eyes","Capacitor"],"picked":"FTL","floor":29},{"not_picked":["Reinforced Body+1","Heatsinks+1","Rebound"],"picked":"SKIP","floor":31}],"player_experience":778005,"relics_obtained":[{"floor":6,"key":"Shuriken"},{"floor":9,"key":"Bottled Lightning"},{"floor":12,"key":"Akabeko"}],"event_choices":[{"damage_healed":0,"gold_gain":0,"player_choice":"Paid Gold","damage_taken":0,"relics_obtained":["Gremlin Horn"],"max_hp_gain":0,"max_hp_loss":0,"event_name":"WeMeetAgain","floor":2,"gold_loss":83},{"damage_healed":80,"gold_gain":0,"player_choice":"Upgrade","damage_taken":16,"max_hp_gain":0,"max_hp_loss":82,"event_name":"betterThird:BetterShining","floor":5,"gold_loss":0,"cards_upgraded":["Gash","Strike_B"]},{"damage_healed":0,"gold_gain":0,"player_choice":"Ignored","damage_taken":77,"max_hp_gain":0,"max_hp_loss":0,"event_name":"betterThird:BetterSerpent","floor":14,"gold_loss":0}],"is_beta":false,"boss_relics":[{"not_picked":["Velvet Choker","Snecko Eye"],"picked":"Philosopher\u0027s Stone"}],"items_purged_floors":[20],"is_endless":false,"potions_floor_spawned":[3,6,7,12,18,19,31],"killed_by":"theJungle:TotemBoss","ascension_level":4}}