{"host":"kh6fvhxn285ncg0o","time":1610260463,"event":{"mods":["Act Like it!","BaseMod","Colored Map","Friendly Minions","Keyboard Shortcuts","Minty Spire (QoL Compilation)","Quick Restart","Relic Stats","StSLib","SuperFastMode"],"gold_per_floor":[111,111,123,138,150,183,183,183,183],"floor_reached":8,"playtime":160,"items_purged":[],"score":116,"play_id":"90d42294-52e9-42ec-8e5f-8d0c897ce08b","local_time":"20210110153423","is_ascension_mode":true,"campfire_choices":[{"floor":7,"key":"REST"}],"circlet_count":0,"master_deck":["AscendersBane","Strike_R","Strike_R","Strike_R","Strike_R","Defend_R","Defend_R","Defend_R","Defend_R","Bash","Ghostly Armor","Shrug It Off","Evolve","Hemokinesis"],"relics":["Burning Blood","Bird Faced Urn","Lantern"],"acts_visited":["Exordium"],"potions_floor_usage":[5,6],"damage_taken":[{"damage":1,"enemies":"Cultist","floor":1,"turns":3},{"damage":0,"enemies":"2 Louse","floor":3,"turns":3},{"damage":6,"enemies":"Jaw Worm","floor":4,"turns":6},{"damage":14,"enemies":"Large Slime","floor":5,"turns":8},{"damage":52,"enemies":"Lagavulin","floor":6,"turns":9},{"damage":34,"enemies":"Gremlin Nob","floor":8,"turns":3}],"seed_played":"-4212532477617619501","potions_obtained":[{"floor":3,"key":"Strength Potion"},{"floor":4,"key":"Explosive Potion"}],"is_trial":false,"path_per_floor":["M","?","M","M","M","E","R","E"],"character_chosen":"IRONCLAD","items_purchased":[],"campfire_rested":1,"item_purchase_floors":[],"current_hp_per_floor":[55,55,61,61,53,9,31,0,0],"gold":183,"neow_bonus":"ONE_RARE_RELIC","is_daily":false,"chose_seed":false,"campfire_upgraded":0,"win_rate":0.0,"timestamp":1610260463,"path_taken":["M","?","M","M","M","E","R","E"],"items_purchased_type":[],"build_version":"2020-12-22","purchased_purges":0,"victory":false,"max_hp_per_floor":[75,75,75,75,75,75,75,75,75],"relic_stats":{"counters":[6,32],"Bird Faced Urn":[4],"obtain_stats":[{"Lantern":6,"Bird Faced Urn":0,"Burning Blood":0},{"Lantern":5,"Bird Faced Urn":0,"Burning Blood":0},{"Lantern":29,"Bird Faced Urn":0,"Burning Blood":0}],"Burning Blood":30},"card_choices":[{"not_picked":["Iron Wave","Flex"],"picked":"Ghostly Armor","floor":1},{"not_picked":["Clothesline","Wild Strike"],"picked":"Shrug It Off","floor":3},{"not_picked":["Iron Wave","Cleave"],"picked":"Evolve","floor":5},{"not_picked":["Intimidate","Sword Boomerang"],"picked":"Hemokinesis","floor":6}],"player_experience":3406135,"relics_obtained":[{"floor":6,"key":"Lantern"}],"event_choices":[{"cards_removed":["Strike_R"],"damage_healed":0,"gold_gain":0,"player_choice":"Purged","damage_taken":0,"max_hp_gain":0,"max_hp_loss":0,"event_name":"Purifier","floor":2,"gold_loss":0}],"is_beta":false,"boss_relics":[],"items_purged_floors":[],"is_endless":false,"potions_floor_spawned":[3,4],"killed_by":"Gremlin Nob","ascension_level":20}}