{"host":"dhv3u8yhd2rnugsp","time":1610315437,"event":{"mods":["BaseMod","Block Reminder","Colored Map","Googly Eyes","Highlight Path","Minty Spire (QoL Compilation)","Permanent Neow","Quick Restart","Random Character Button","StSLib"],"gold_per_floor":[13,24,24,44,44,44,76,76,76,107,119,131,131,149,149,226,226,245,285,265,54,14,71,71,123,123,123,180,195,195,210,210,283,283,320,158,234,278,278,331,369,419,472,472,485,535,69,369,369,369],"floor_reached":51,"playtime":3928,"items_purged":["Strike_P","Defend_P","Strike_P"],"score":1599,"play_id":"79e54e72-de5a-4dd8-8ca0-a22945cff9f3","local_time":"20210110155037","is_ascension_mode":true,"campfire_choices":[{"data":"BowlingBash","floor":6,"key":"SMITH"},{"data":"Conclude","floor":8,"key":"SMITH"},{"data":"Tantrum","floor":15,"key":"SMITH"},{"data":"Halt","floor":24,"key":"SMITH"},{"data":"Eruption","floor":27,"key":"SMITH"},{"floor":30,"key":"REST"},{"floor":32,"key":"REST"},{"data":"1","floor":44,"key":"LIFT"},{"floor":49,"key":"REST"}],"circlet_count":0,"master_deck":["AscendersBane","Strike_P","Defend_P","Defend_P","Defend_P","Eruption+1","Vigilance","BowlingBash+1","Conclude+1","Wireheading","Tantrum+1","FearNoEvil","ThirdEye","Indignation","EmptyBody","Wish","Halt+1","CutThroughFate","MentalFortress+1","InnerPeace+1","Evaluate+1","DevaForm","FlurryOfBlows","CarveReality+1","SandsOfTime+1","Wallop+1","Thinking Ahead","Panacea"],"relics":["PureWater","Mango","TeardropLocket","PreservedInsect","Letter Opener","Toy Ornithopter","Runic Pyramid","Membership Card","Darkstone Periapt","Sundial","Bottled Lightning","Orichalcum","Fusion Hammer","Bag of Preparation","Girya","Gremlin Horn","CaptainsWheel","Pen Nib","Strawberry","Juzu Bracelet","HandDrill"],"acts_visited":["Exordium","TheCity","TheBeyond"],"potions_floor_usage":[7,14,16,23,28,33,37,37,50,50],"damage_taken":[{"damage":0,"enemies":"2 Louse","floor":1,"turns":2},{"damage":0,"enemies":"Cultist","floor":2,"turns":3},{"damage":0,"enemies":"Small Slimes","floor":4,"turns":3},{"damage":8,"enemies":"Gremlin Nob","floor":7,"turns":3},{"damage":0,"enemies":"3 Sentries","floor":10,"turns":1},{"damage":0,"enemies":"2 Fungi Beasts","floor":11,"turns":2},{"damage":0,"enemies":"Exordium Thugs","floor":12,"turns":1},{"damage":16,"enemies":"Large Slime","floor":14,"turns":4},{"damage":33,"enemies":"Hexaghost","floor":16,"turns":7},{"damage":0,"enemies":"Spheric Guardian","floor":18,"turns":1},{"damage":14,"enemies":"Shell Parasite","floor":19,"turns":3},{"damage":16,"enemies":"Book of Stabbing","floor":23,"turns":4},{"damage":9,"enemies":"Gremlin Leader","floor":25,"turns":7},{"damage":12,"enemies":"Slavers","floor":28,"turns":3},{"damage":12,"enemies":"Snake Plant","floor":29,"turns":4},{"damage":2,"enemies":"Shelled Parasite and Fungi","floor":31,"turns":2},{"damage":8,"enemies":"Champ","floor":33,"turns":8},{"damage":0,"enemies":"Orb Walker","floor":35,"turns":3},{"damage":15,"enemies":"2 Orb Walkers","floor":37,"turns":4},{"damage":12,"enemies":"3 Shapes","floor":38,"turns":4},{"damage":4,"enemies":"Giant Head","floor":40,"turns":5},{"damage":3,"enemies":"Sphere and 2 Shapes","floor":41,"turns":8},{"damage":0,"enemies":"Mind Bloom Boss Battle","floor":42,"turns":7},{"damage":25,"enemies":"Writhing Mass","floor":45,"turns":3},{"damage":11,"enemies":"Awakened One","floor":50,"turns":6}],"seed_played":"4926295664388395061","potions_obtained":[{"floor":1,"key":"Block Potion"},{"floor":4,"key":"Strength Potion"},{"floor":7,"key":"GamblersBrew"},{"floor":11,"key":"SkillPotion"},{"floor":19,"key":"Ambrosia"},{"floor":20,"key":"LiquidBronze"},{"floor":25,"key":"Energy Potion"},{"floor":29,"key":"SpeedPotion"},{"floor":31,"key":"BlessingOfTheForge"},{"floor":33,"key":"Weak Potion"},{"floor":37,"key":"PowerPotion"},{"floor":40,"key":"Dexterity Potion"},{"floor":41,"key":"CultistPotion"},{"floor":45,"key":"Strength Potion"}],"is_trial":false,"path_per_floor":["M","M","?","M","?","R","E","R","T","E","M","M","?","M","R","B",null,"M","M","?","$","$","E","R","E","T","R","E","M","R","M","R","B",null,"M","$","?","M","?","E","M","?","T","R","M","?","$","?","R","B",null],"character_chosen":"WATCHER","items_purchased":["Membership Card","CutThroughFate","MentalFortress","FlurryOfBlows","Bag of Preparation","Strawberry","Juzu Bracelet","HandDrill","Thinking Ahead","Panacea"],"campfire_rested":3,"item_purchase_floors":[21,21,22,36,36,47,47,47,47,47],"current_hp_per_floor":[75,75,75,75,75,75,67,67,67,67,67,67,67,56,56,28,69,69,55,55,55,55,44,44,35,35,35,28,16,40,38,62,59,76,76,76,68,56,56,52,49,49,49,49,24,24,31,31,57,56],"gold":369,"neow_bonus":"ONE_RARE_RELIC","is_daily":false,"chose_seed":false,"campfire_upgraded":5,"win_rate":0.0,"timestamp":1610315437,"path_taken":["M","M","?","?","?","R","E","R","T","E","M","?","?","M","R","BOSS","M","M","?","?","$","E","R","E","T","R","E","M","R","M","R","BOSS","M","$","?","M","?","E","?","?","T","R","M","?","$","?","R","BOSS"],"items_purchased_type":["Relic","Card","Card","Card","Relic","Relic","Relic","Relic","Card","Card"],"build_version":"2020-12-22","purchased_purges":3,"victory":true,"max_hp_per_floor":[82,82,82,82,82,82,82,82,82,82,82,82,82,82,82,82,82,82,82,82,82,82,82,82,82,82,82,82,82,82,82,82,82,82,82,82,82,82,82,82,82,82,82,82,82,82,89,89,89,89],"card_choices":[{"not_picked":["ClearTheMind","EmptyBody"],"picked":"BowlingBash","floor":1},{"not_picked":["Crescendo","EmptyFist"],"picked":"Conclude","floor":2},{"not_picked":["Collect","EmptyFist"],"picked":"Wireheading","floor":4},{"not_picked":["Vault","Perseverance"],"picked":"Tantrum","floor":7},{"not_picked":["Pray","EmptyFist"],"picked":"FearNoEvil","floor":10},{"not_picked":["Weave","MentalFortress"],"picked":"ThirdEye","floor":11},{"not_picked":["Prostrate","WindmillStrike"],"picked":"Indignation","floor":12},{"not_picked":["WindmillStrike","EmptyMind"],"picked":"EmptyBody","floor":14},{"not_picked":["MasterReality","Ragnarok"],"picked":"Wish","floor":16},{"not_picked":["FearNoEvil","CarveReality"],"picked":"Halt","floor":18},{"not_picked":["Conclude","Protect","Wireheading"],"picked":"SKIP","floor":19},{"not_picked":["EmptyFist","Devotion","EmptyBody"],"picked":"SKIP","floor":23},{"not_picked":["DeceiveReality","WreathOfFlame","WindmillStrike"],"picked":"SKIP","floor":25},{"not_picked":["FollowUp","JustLucky","EmptyFist"],"picked":"SKIP","floor":28},{"not_picked":["ThirdEye","FearNoEvil"],"picked":"InnerPeace+1","floor":29},{"not_picked":["CrushJoints","BowlingBash"],"picked":"Evaluate+1","floor":31},{"not_picked":["Blasphemy","Judgement"],"picked":"DevaForm","floor":33},{"not_picked":["Prostrate","CutThroughFate","Pray+1"],"picked":"SKIP","floor":35},{"not_picked":["Sanctity","EmptyBody+1"],"picked":"CarveReality+1","floor":37},{"not_picked":["Nirvana","DeceiveReality","BowlingBash"],"picked":"SKIP","floor":38},{"not_picked":["Crescendo","Devotion"],"picked":"SandsOfTime+1","floor":40},{"not_picked":["ReachHeaven","SignatureMove+1"],"picked":"Wallop+1","floor":41},{"not_picked":["Swivel","FollowUp","Protect+1"],"picked":"SKIP","floor":45}],"player_experience":1647274,"relics_obtained":[{"floor":7,"key":"PreservedInsect"},{"floor":9,"key":"Letter Opener"},{"floor":10,"key":"Toy Ornithopter"},{"floor":23,"key":"Darkstone Periapt"},{"floor":25,"key":"Sundial"},{"floor":26,"key":"Bottled Lightning"},{"floor":28,"key":"Orichalcum"},{"floor":37,"key":"Girya"},{"floor":40,"key":"Gremlin Horn"},{"floor":42,"key":"CaptainsWheel"},{"floor":43,"key":"Pen Nib"}],"event_choices":[{"damage_healed":0,"gold_gain":0,"player_choice":"Gave Potion","damage_taken":0,"relics_obtained":["TeardropLocket"],"max_hp_gain":0,"max_hp_loss":0,"event_name":"WeMeetAgain","floor":3,"gold_loss":0},{"cards_removed":["Strike_P"],"damage_healed":0,"gold_gain":0,"player_choice":"Purged","damage_taken":0,"max_hp_gain":0,"max_hp_loss":0,"event_name":"Purifier","floor":5,"gold_loss":0},{"damage_healed":0,"gold_gain":0,"player_choice":"Ignored","damage_taken":0,"max_hp_gain":0,"max_hp_loss":0,"event_name":"Liars Game","floor":13,"gold_loss":0},{"damage_healed":0,"gold_gain":0,"player_choice":"Bought 1 Potion","damage_taken":0,"max_hp_gain":0,"max_hp_loss":0,"event_name":"The Woman in Blue","floor":20,"gold_loss":0},{"damage_healed":0,"gold_gain":0,"player_choice":"Fight","damage_taken":0,"max_hp_gain":0,"max_hp_loss":0,"event_name":"Mysterious Sphere","floor":37,"gold_loss":0},{"damage_healed":0,"gold_gain":0,"player_choice":"Forge","damage_taken":0,"max_hp_gain":0,"max_hp_loss":0,"event_name":"Accursed Blacksmith","floor":39,"gold_loss":0,"cards_upgraded":["MentalFortress"]},{"damage_healed":0,"gold_gain":0,"player_choice":"Fight","damage_taken":0,"max_hp_gain":0,"max_hp_loss":0,"event_name":"MindBloom","floor":42,"gold_loss":0},{"damage_healed":0,"gold_gain":50,"player_choice":"Pray","damage_taken":0,"max_hp_gain":0,"max_hp_loss":0,"event_name":"Golden Shrine","floor":46,"gold_loss":0},{"damage_healed":0,"gold_gain":300,"player_choice":"Gold","damage_taken":0,"max_hp_gain":0,"max_hp_loss":0,"event_name":"Wheel of Change","floor":48,"gold_loss":0}],"is_beta":false,"boss_relics":[{"not_picked":["Coffee Dripper","Black Star"],"picked":"Runic Pyramid"},{"not_picked":["Philosopher\u0027s Stone","VioletLotus"],"picked":"Fusion Hammer"}],"items_purged_floors":[21,36,47],"is_endless":false,"potions_floor_spawned":[1,4,7,11,19,25,29,31,33,37,40,41,42,45],"ascension_level":19}}