{"host":"kig4ty9d1aubg29s","time":1610271046,"event":{"mods":["BaseMod","Minty Spire (QoL Compilation)","READ ME - Guardian Mod","READ ME - Snecko Mod","StSLib","The Cursed","The Gatherer","The Hierophant","The Runesmith"],"gold_per_floor":[112,126,91,91,117,154,176,176,203,203,203,227,227,255,255,255,255],"floor_reached":16,"playtime":419,"items_purged":[],"score":204,"play_id":"2c346d52-2ac4-427e-9b92-0a7d61dbc196","local_time":"20210110183046","is_ascension_mode":true,"campfire_choices":[{"floor":8,"key":"REST"},{"data":"Storm","floor":11,"key":"SMITH"},{"floor":13,"key":"REST"},{"data":"1","floor":15,"key":"LIFT"}],"circlet_count":0,"master_deck":["AscendersBane","Strike_B","Strike_B","Strike_B","Strike_B","Defend_B","Defend_B","Defend_B","Defend_B","Zap","Dualcast","Loop","Storm+1","Rip and Tear","Rip and Tear","Capacitor","Melter","Go for the Eyes"],"relics":["Cracked Core","CeramicFish","Girya","Toy Ornithopter"],"acts_visited":["Exordium"],"potions_floor_usage":[6,16],"damage_taken":[{"damage":2,"enemies":"Jaw Worm","floor":1,"turns":3},{"damage":9,"enemies":"2 Louse","floor":2,"turns":3},{"damage":2,"enemies":"Cultist","floor":5,"turns":4},{"damage":30,"enemies":"3 Sentries","floor":6,"turns":5},{"damage":14,"enemies":"Blue Slaver","floor":7,"turns":4},{"damage":17,"enemies":"2 Fungi Beasts","floor":12,"turns":4},{"damage":11,"enemies":"Exordium Wildlife","floor":14,"turns":3},{"damage":61,"enemies":"The Guardian","floor":16,"turns":9}],"seed_played":"7601329664855063892","potions_obtained":[{"floor":5,"key":"Fire Potion"},{"floor":12,"key":"Dexterity Potion"}],"is_trial":false,"path_per_floor":["M","M","?","T","M","E","M","R","T","?","R","M","R","M","R","B"],"character_chosen":"DEFECT","items_purchased":[],"campfire_rested":2,"item_purchase_floors":[],"current_hp_per_floor":[69,60,78,78,76,46,32,55,55,55,55,38,61,50,50,0,0],"gold":255,"neow_bonus":"TEN_PERCENT_HP_BONUS","is_daily":false,"chose_seed":false,"campfire_upgraded":1,"win_rate":0.0,"timestamp":1610271046,"path_taken":["M","M","?","?","M","E","M","R","T","?","R","M","R","M","R","BOSS"],"items_purchased_type":[],"build_version":"2020-12-22","purchased_purges":0,"victory":false,"max_hp_per_floor":[78,78,78,78,78,78,78,78,78,78,78,78,78,78,78,78,78],"card_choices":[{"not_picked":["Steam","Stack"],"picked":"Loop","floor":1},{"not_picked":["Cold Snap","Go for the Eyes"],"picked":"Storm","floor":2},{"not_picked":["Hologram","Steam"],"picked":"Rip and Tear","floor":5},{"not_picked":["Conserve Battery","Darkness"],"picked":"Rip and Tear","floor":6},{"not_picked":["Rebound","Sweeping Beam"],"picked":"Capacitor","floor":7},{"not_picked":["Sweeping Beam","Scrape"],"picked":"Melter","floor":12},{"not_picked":["Barrage","Hologram"],"picked":"Go for the Eyes","floor":14}],"player_experience":1926623,"relics_obtained":[{"floor":4,"key":"CeramicFish"},{"floor":6,"key":"Girya"},{"floor":9,"key":"Toy Ornithopter"}],"event_choices":[{"damage_healed":19,"gold_gain":0,"player_choice":"Healed","damage_taken":0,"max_hp_gain":0,"max_hp_loss":0,"event_name":"The Cleric","floor":3,"gold_loss":35},{"damage_healed":0,"gold_gain":0,"player_choice":"Ignored","damage_taken":0,"max_hp_gain":0,"max_hp_loss":0,"event_name":"Shining Light","floor":10,"gold_loss":0}],"is_beta":false,"boss_relics":[],"items_purged_floors":[],"is_endless":false,"potions_floor_spawned":[5,12],"killed_by":"The Guardian","ascension_level":20}}