{"host":"vwj4ugm4vbv87wd6","time":1610239863,"event":{"mods":["AchievementEnabler","BaseMod","Bestiary","Minty Spire (QoL Compilation)","Permanent Neow","StSLib"],"gold_per_floor":[117,117,129,15,15,47,61,76,76,107,117,267,279,307,307,386,386,402,402,153,169,188,188,188,188,188,204,204,238,238,248,248,248,248],"floor_reached":33,"playtime":2632,"items_purged":["Strike_P","Strike_P"],"score":574,"play_id":"7badbe98-5c2b-4290-97a8-b976b9cd61dc","local_time":"20210110135103","is_ascension_mode":true,"campfire_choices":[{"floor":15.0,"key":"REST"},{"floor":23.0,"key":"REST"},{"floor":28,"key":"REST"},{"floor":30,"key":"REST"},{"data":"Study","floor":32,"key":"SMITH"}],"circlet_count":0,"master_deck":["AscendersBane","Defend_P","Defend_P","Defend_P","Defend_P","Vigilance","LikeWater","Wallop+1","CutThroughFate","Swivel","Wireheading","PathToVictory","Study+1","Alpha","CutThroughFate+1","LikeWater","Wallop","Ragnarok+1","DeusExMachina+1"],"relics":["SlaversCollar","Singing Bowl","Tiny Chest","The Courier","Omamori","Matryoshka","Sozu","Lantern","Toxic Egg 2","Anchor","Bag of Preparation","Gremlin Horn","Whetstone"],"acts_visited":["Exordium","TheCity"],"potions_floor_usage":[],"damage_taken":[{"damage":7.0,"enemies":"Cultist","floor":1.0,"turns":3.0},{"damage":0.0,"enemies":"Small Slimes","floor":3.0,"turns":4.0},{"damage":6.0,"enemies":"3 Sentries","floor":6.0,"turns":11.0},{"damage":0.0,"enemies":"2 Louse","floor":7.0,"turns":4.0},{"damage":4.0,"enemies":"Large Slime","floor":8.0,"turns":6.0},{"damage":8.0,"enemies":"Lagavulin","floor":10.0,"turns":8.0},{"damage":24.0,"enemies":"3 Louse","floor":11.0,"turns":4.0},{"damage":0.0,"enemies":"Looter","floor":13.0,"turns":4.0},{"damage":5.0,"enemies":"3 Sentries","floor":14.0,"turns":3.0},{"damage":42.0,"enemies":"Hexaghost","floor":16.0,"turns":13.0},{"damage":33.0,"enemies":"Shell Parasite","floor":18.0,"turns":5.0},{"damage":18.0,"enemies":"Chosen","floor":21.0,"turns":5.0},{"damage":2.0,"enemies":"Snecko","floor":22.0,"turns":6.0},{"damage":19,"enemies":"Snake Plant","floor":27,"turns":5},{"damage":26,"enemies":"Gremlin Leader","floor":29,"turns":6},{"damage":13,"enemies":"Centurion and Healer","floor":31,"turns":4},{"damage":46,"enemies":"Automaton","floor":33,"turns":6}],"seed_played":"2742103151237819015","potions_obtained":[{"floor":3.0,"key":"ColorlessPotion"},{"floor":11.0,"key":"ColorlessPotion"},{"floor":13.0,"key":"Swift Potion"},{"floor":14.0,"key":"Regen Potion"}],"is_trial":false,"path_per_floor":["M","?","M","$","?","E","M","M","T","E","M","?","M","E","R","B",null,"M","T","$","M","M","R","?","?","T","M","R","E","R","M","R","B"],"character_chosen":"WATCHER","items_purchased":["Wallop","LikeWater","Anchor"],"campfire_rested":4,"item_purchase_floors":[4,20,20],"current_hp_per_floor":[54,54,54,54,54,48,48,44,44,38,16,16,18,13,35,8,58,25,25,25,9,9,32,32,32,32,15,39,13,37,26,26,0,0],"gold":248,"neow_bonus":"BOSS_RELIC","is_daily":false,"chose_seed":false,"campfire_upgraded":1,"win_rate":0.0,"timestamp":1610239863,"path_taken":["M","?","M","?","?","E","?","?","T","E","M","?","M","E","R","BOSS","M","?","$","M","M","R","?","?","T","M","R","E","R","M","R","BOSS"],"items_purchased_type":["Card","Card","Relic"],"build_version":"2020-12-22","purchased_purges":2,"victory":false,"max_hp_per_floor":[68,68,68,68,68,68,68,68,68,70,72,72,74,74,74,74,74,74,74,74,76,78,78,78,78,78,80,80,80,80,82,82,82,82],"card_choices":[{"not_picked":["Consecrate","Fasting2"],"picked":"Adaptation","floor":1.0},{"not_picked":["EmptyFist","Consecrate"],"picked":"LikeWater","floor":3.0},{"not_picked":["ClearTheMind","Pray"],"picked":"Swivel","floor":6.0},{"not_picked":["CrushJoints","ClearTheMind"],"picked":"Wireheading","floor":7.0},{"not_picked":["ForeignInfluence","Pray"],"picked":"PathToVictory","floor":8.0},{"not_picked":["EmptyBody","CarveReality","Prostrate"],"picked":"Singing Bowl","floor":10.0},{"not_picked":["CrushJoints","Vengeance","ClearTheMind"],"picked":"Singing Bowl","floor":11.0},{"not_picked":["Evaluate","BowlingBash","MentalFortress"],"picked":"Singing Bowl","floor":13.0},{"not_picked":["SandsOfTime","Evaluate"],"picked":"Study","floor":14.0},{"not_picked":["MasterReality","Devotion"],"picked":"Alpha","floor":16.0},{"not_picked":["FlurryOfBlows","EmptyBody"],"picked":"CutThroughFate+1","floor":18.0},{"not_picked":["Crescendo+1","FlurryOfBlows","Sanctity+1"],"picked":"Singing Bowl","floor":21.0},{"not_picked":["FlyingSleeves","Prostrate+1","Wireheading"],"picked":"Singing Bowl","floor":22.0},{"not_picked":["BowlingBash","FollowUp","Wallop"],"picked":"Singing Bowl","floor":27},{"not_picked":["CutThroughFate","Halt+1"],"picked":"DeusExMachina+1","floor":29},{"not_picked":["Perseverance+1","EmptyBody+1","Consecrate"],"picked":"Singing Bowl","floor":31}],"player_experience":1112286,"relics_obtained":[{"floor":6.0,"key":"Tiny Chest"},{"floor":9.0,"key":"The Courier"},{"floor":10.0,"key":"Omamori"},{"floor":14.0,"key":"Matryoshka"},{"floor":19.0,"key":"Lantern"},{"floor":19.0,"key":"Toxic Egg 2"},{"floor":26,"key":"Bag of Preparation"},{"floor":26,"key":"Gremlin Horn"},{"floor":29,"key":"Whetstone"}],"event_choices":[{"cards_removed":["Adaptation"],"damage_healed":0.0,"max_hp_gain":0.0,"max_hp_loss":0.0,"gold_gain":0.0,"event_name":"WeMeetAgain","player_choice":"Gave Card","floor":2.0,"gold_loss":0.0,"damage_taken":0.0,"relics_obtained":["Singing Bowl"]},{"damage_healed":0.0,"max_hp_gain":0.0,"max_hp_loss":0.0,"gold_gain":0.0,"cards_transformed":["Strike_P"],"event_name":"Transmorgrifier","player_choice":"Transformed","floor":5.0,"gold_loss":0.0,"damage_taken":0.0,"cards_obtained":["CutThroughFate"]},{"damage_healed":0.0,"max_hp_gain":0.0,"max_hp_loss":0.0,"gold_gain":150.0,"event_name":"Liars Game","player_choice":"AGREE","floor":12.0,"gold_loss":0.0,"damage_taken":0.0,"cards_obtained":["Doubt"]},{"damage_healed":0.0,"max_hp_gain":0.0,"max_hp_loss":0.0,"gold_gain":0.0,"cards_transformed":["Eruption","Strike_P"],"event_name":"Drug Dealer","player_choice":"Became Test Subject","floor":24.0,"gold_loss":0.0,"damage_taken":0.0,"cards_obtained":["Wallop","Ragnarok"]},{"damage_healed":0,"gold_gain":0,"player_choice":"Ignored","damage_taken":0,"max_hp_gain":0,"max_hp_loss":0,"event_name":"Cursed Tome","floor":25,"gold_loss":0}],"is_beta":false,"boss_relics":[{"not_picked":["Runic Dome","Coffee Dripper"],"picked":"Sozu"}],"items_purged_floors":[4,20],"is_endless":false,"potions_floor_spawned":[3,11,13,14,18,29],"killed_by":"Automaton","ascension_level":20}}