{"host":"r53pw7z744tg3fxg","time":1610318882,"event":{"mods":["AchievementEnabler","BaseMod","Colored Map","Colored Powertips","Highlight Path","Minty Spire (QoL Compilation)","Quick Restart","Transform Curses"],"gold_per_floor":[116,116,131,306,5,5,39,39,85,9,9,9,9,336,336,438,438,450,34,50,67,67,67,85,85,109,109,121,121,121],"floor_reached":29,"playtime":1132,"items_purged":["Doubt"],"score":406,"play_id":"971376cd-4171-4d8a-a750-068e79fa9167","local_time":"20210110154802","is_ascension_mode":true,"campfire_choices":[{"data":"PathToVictory","floor":6,"key":"SMITH"},{"data":"CarveReality","floor":8,"key":"SMITH"},{"data":"LessonLearned","floor":11,"key":"SMITH"},{"floor":13,"key":"REST"},{"floor":15,"key":"REST"},{"floor":23,"key":"REST"},{"floor":25,"key":"REST"},{"floor":27,"key":"REST"}],"circlet_count":0,"master_deck":["AscendersBane","Strike_P","Strike_P","Strike_P+1","Strike_P+1","Defend_P","Defend_P+1","Defend_P+1","Defend_P","Eruption+1","Vigilance+1","PathToVictory+1","CarveReality+1","EmptyBody","LessonLearned+1","Perseverance","BowlingBash","Consecrate","ForeignInfluence","MasterReality","ClearTheMind","Wallop+1"],"relics":["PureWater","Dead Branch","Bag of Preparation","Bag of Marbles","TungstenRod","Old Coin","SlaversCollar","Question Card","WingedGreaves","Dream Catcher"],"acts_visited":["Exordium","TheCity"],"potions_floor_usage":[7,14,24],"damage_taken":[{"damage":0,"enemies":"Jaw Worm","floor":1,"turns":3},{"damage":0,"enemies":"Small Slimes","floor":3,"turns":2},{"damage":0,"enemies":"Lagavulin","floor":7,"turns":2},{"damage":22,"enemies":"3 Sentries","floor":14,"turns":6},{"damage":35,"enemies":"Slime Boss","floor":16,"turns":6},{"damage":4,"enemies":"Chosen","floor":18,"turns":6},{"damage":0,"enemies":"Spheric Guardian","floor":20,"turns":1},{"damage":32,"enemies":"Cultist and Chosen","floor":21,"turns":6},{"damage":27,"enemies":"Shelled Parasite and Fungi","floor":24,"turns":9},{"damage":35,"enemies":"3 Cultists","floor":28,"turns":6},{"damage":29,"enemies":"Snecko","floor":29,"turns":3}],"seed_played":"3980018998669710204","potions_obtained":[{"floor":1,"key":"BlessingOfTheForge"},{"floor":3,"key":"SkillPotion"},{"floor":20,"key":"FearPotion"},{"floor":21,"key":"ColorlessPotion"}],"is_trial":false,"path_per_floor":["M","?","M","?","$","R","E","R","T","$","R","?","R","E","R","B",null,"M","$","M","M","?","R","M","R","T","R","M","M"],"character_chosen":"WATCHER","items_purchased":["Dead Branch","LessonLearned","Question Card","Consecrate","ForeignInfluence"],"campfire_rested":5,"item_purchase_floors":[5,10,19,19,19],"current_hp_per_floor":[65,65,65,65,65,65,65,65,65,65,65,47,68,46,67,32,62,58,58,58,26,26,47,20,41,41,62,27,0,0],"gold":121,"neow_bonus":"UPGRADE_CARD","is_daily":false,"chose_seed":false,"campfire_upgraded":3,"win_rate":0.0,"timestamp":1610318882,"path_taken":["M","?","M","?","$","R","E","R","T","$","R","?","R","E","R","BOSS","M","$","M","M","?","R","?","R","T","R","?","?"],"items_purchased_type":["Relic","Card","Relic","Card","Card"],"build_version":"2020-12-22","purchased_purges":1,"victory":false,"max_hp_per_floor":[72,72,72,72,72,72,72,72,72,72,72,72,72,72,72,72,72,72,72,72,72,72,72,72,72,72,72,72,72,72],"card_choices":[{"not_picked":["WaveOfTheHand","SandsOfTime"],"picked":"PathToVictory","floor":1},{"not_picked":["Crescendo","CrushJoints"],"picked":"CarveReality","floor":3},{"not_picked":["Ragnarok","Halt"],"picked":"EmptyBody","floor":7},{"not_picked":["Prostrate","JustLucky"],"picked":"Perseverance","floor":14},{"not_picked":["Perseverance","Evaluate+1"],"picked":"BowlingBash","floor":18},{"not_picked":["EmptyMind","EmptyBody","Indignation"],"picked":"MasterReality","floor":20},{"not_picked":["Halt","Protect","Weave","Consecrate"],"picked":"SKIP","floor":21},{"not_picked":["SashWhip","Tantrum","CrushJoints"],"picked":"ClearTheMind","floor":24},{"not_picked":["ForeignInfluence","EmptyBody","CutThroughFate"],"picked":"Wallop","floor":27},{"not_picked":["BowlingBash","FlyingSleeves+1","Indignation","SignatureMove+1"],"picked":"SKIP","floor":28}],"player_experience":1228439,"relics_obtained":[{"floor":7,"key":"Bag of Preparation"},{"floor":9,"key":"Bag of Marbles"},{"floor":14,"key":"Old Coin"},{"floor":26,"key":"Dream Catcher"}],"event_choices":[{"damage_healed":0,"gold_gain":0,"player_choice":"Leave","damage_taken":0,"max_hp_gain":0,"max_hp_loss":0,"event_name":"The Cleric","floor":2,"gold_loss":0},{"damage_healed":0,"gold_gain":175,"player_choice":"AGREE","damage_taken":0,"max_hp_gain":0,"max_hp_loss":0,"event_name":"Liars Game","floor":4,"gold_loss":0,"cards_obtained":["Doubt"]},{"damage_healed":0,"gold_gain":0,"player_choice":"Success","damage_taken":18,"relics_obtained":["TungstenRod"],"max_hp_gain":0,"max_hp_loss":0,"event_name":"Scrap Ooze","floor":12,"gold_loss":0},{"damage_healed":0,"gold_gain":0,"player_choice":"Gave Potion","damage_taken":0,"relics_obtained":["WingedGreaves"],"max_hp_gain":0,"max_hp_loss":0,"event_name":"WeMeetAgain","floor":22,"gold_loss":0}],"is_beta":false,"boss_relics":[{"not_picked":["Fusion Hammer","VioletLotus"],"picked":"SlaversCollar"}],"items_purged_floors":[19],"is_endless":false,"potions_floor_spawned":[1,3,20,21],"killed_by":"Snecko","ascension_level":12}}