{"host":"tnsigirk6wurdark","time":1610271530,"event":{"mods":["BaseMod","Colored Map","Colored Powertips","DeckTracker","Highlight Path","Minty Spire (QoL Compilation)","Quick Restart","Relic Sorter","StSLib","SuperFastMode","Synergy Search"],"gold_per_floor":[113,26,40,60,78,78,104,104,104,104,124,124,135,196,196,269,269,279,279,30,47,47,47],"floor_reached":22,"playtime":1319,"items_purged":["Decay"],"score":316,"play_id":"5c2f21fb-9317-4044-aba5-7110455aae5c","local_time":"20210110093850","is_ascension_mode":true,"campfire_choices":[{"data":"Bandage Up","floor":6,"key":"SMITH"},{"data":"Tools of the Trade","floor":10,"key":"SMITH"},{"data":"Slice","floor":12,"key":"SMITH"},{"data":"Footwork","floor":15,"key":"SMITH"}],"circlet_count":0,"master_deck":["AscendersBane","Strike_G","Strike_G","Strike_G","Strike_G","Strike_G","Defend_G","Defend_G","Defend_G","Defend_G","Defend_G","Survivor","Neutralize","Tools of the Trade+1","Flying Knee","Bandage Up+1","Leg Sweep","Flying Knee","Slice+1","Dash","Backflip","Footwork+1","Burst","Night Terror","Finesse","Calculated Gamble"],"relics":["Ring of the Snake","Boot","Potion Belt","Ninja Scroll","Snecko Eye"],"acts_visited":["Exordium","TheCity"],"potions_floor_usage":[7,14,16],"damage_taken":[{"damage":3,"enemies":"Jaw Worm","floor":1,"turns":6},{"damage":1,"enemies":"2 Louse","floor":3,"turns":4},{"damage":1,"enemies":"Small Slimes","floor":4,"turns":5},{"damage":6,"enemies":"3 Louse","floor":5,"turns":7},{"damage":19,"enemies":"3 Sentries","floor":7,"turns":7},{"damage":2,"enemies":"Exordium Wildlife","floor":11,"turns":6},{"damage":0,"enemies":"Blue Slaver","floor":13,"turns":5},{"damage":10,"enemies":"3 Sentries","floor":14,"turns":7},{"damage":29,"enemies":"Hexaghost","floor":16,"turns":17},{"damage":9,"enemies":"Shell Parasite","floor":18,"turns":13},{"damage":37,"enemies":"Spheric Guardian","floor":21,"turns":8},{"damage":20,"enemies":"Cultist and Chosen","floor":22,"turns":5}],"seed_played":"1677504137422331940","potions_obtained":[{"floor":3,"key":"CultistPotion"},{"floor":11,"key":"Ancient Potion"},{"floor":13,"key":"DuplicationPotion"},{"floor":14,"key":"SkillPotion"},{"floor":18,"key":"BlessingOfTheForge"}],"is_trial":false,"path_per_floor":["M","$","M","M","M","R","E","?","T","R","M","R","M","?","R","B",null,"M","?","$","M","M"],"character_chosen":"THE_SILENT","items_purchased":["Bandage Up","Night Terror","Finesse"],"campfire_rested":0,"item_purchase_floors":[2,20,20],"current_hp_per_floor":[41,41,44,47,45,45,32,32,32,32,36,36,42,38,38,15,53,50,50,50,37,23,23],"gold":47,"neow_bonus":"THREE_RARE_CARDS","is_daily":false,"chose_seed":false,"campfire_upgraded":4,"win_rate":0.0,"timestamp":1610271530,"path_taken":["M","$","M","M","M","R","E","?","T","R","M","R","M","?","R","BOSS","M","?","$","M","M"],"items_purchased_type":["Card","Card","Card"],"build_version":"2020-12-22","purchased_purges":1,"victory":false,"max_hp_per_floor":[66,66,66,66,66,66,66,66,66,66,66,66,66,66,66,66,66,66,66,66,66,66,66],"card_choices":[{"not_picked":["Burst","Malaise"],"picked":"Tools of the Trade","floor":0},{"not_picked":["Bane","PiercingWail"],"picked":"Flying Knee","floor":1},{"not_picked":["Quick Slash","Blade Dance"],"picked":"Leg Sweep","floor":3},{"not_picked":["Accuracy","Infinite Blades"],"picked":"Flying Knee","floor":4},{"not_picked":["A Thousand Cuts","Eviscerate"],"picked":"Slice","floor":5},{"not_picked":["Blade Dance","Flying Knee"],"picked":"Dash","floor":7},{"not_picked":["Slice","Bane"],"picked":"Backflip","floor":11},{"not_picked":["Reflex","Dagger Throw","Infinite Blades"],"picked":"SKIP","floor":13},{"not_picked":["Expertise","Blade Dance"],"picked":"Footwork","floor":14},{"not_picked":["Unload","Malaise"],"picked":"Burst","floor":16},{"not_picked":["Dodge and Roll","Reflex","Bane"],"picked":"SKIP","floor":18},{"not_picked":["Dagger Throw","Backflip"],"picked":"Calculated Gamble","floor":21}],"player_experience":656194,"relics_obtained":[{"floor":7,"key":"Boot"},{"floor":9,"key":"Potion Belt"}],"event_choices":[{"damage_healed":0,"gold_gain":0,"player_choice":"Ignored","damage_taken":0,"max_hp_gain":0,"max_hp_loss":0,"event_name":"Shining Light","floor":8,"gold_loss":0},{"damage_healed":0,"gold_gain":0,"player_choice":"Searched \u00272\u0027 times","damage_taken":0,"relics_obtained":["Ninja Scroll"],"max_hp_gain":0,"max_hp_loss":0,"event_name":"Dead Adventurer","floor":14,"gold_loss":0},{"damage_healed":0,"gold_gain":0,"player_choice":"Smashed Altar","damage_taken":0,"max_hp_gain":0,"max_hp_loss":0,"event_name":"Forgotten Altar","floor":19,"gold_loss":0,"cards_obtained":["Decay"]}],"is_beta":false,"boss_relics":[{"not_picked":["Runic Dome","Fusion Hammer"],"picked":"Snecko Eye"}],"items_purged_floors":[20],"is_endless":false,"potions_floor_spawned":[3,11,13,14,18],"killed_by":"Cultist and Chosen","ascension_level":14}}