{"host":"o5jvvi5yapo90aia","time":1610251628,"event":{"mods":["BaseMod","CapriCore","Minty Spire (QoL Compilation)","MostiFishMod","Prisma Mod","Spicy Shops","StSLib","TestMod","The Immortal","Yakumo Yukari mod","【人物mod】游戏王New YuGiOh mod","【功能Mod】Neow奖励"],"gold_per_floor":[119,44,72,93,18,18,63,89,89,139,139,139,154,154],"floor_reached":13,"playtime":302,"items_purged":["Strike_R"],"score":186,"play_id":"df66a012-e1be-4da1-9219-a7d7c192445b","local_time":"20210110120708","is_ascension_mode":true,"campfire_choices":[{"data":"Strike_R","floor":6,"key":"PURGE"}],"circlet_count":0,"master_deck":["AscendersBane","Strike_R","Strike_R","Defend_R","Defend_R","Defend_R+1","Defend_R+1","Bash","Rampage"],"relics":["DaveBox","testmod-TestBox","RhineCircuit","ThornShield","testmod-InfectionSource","testmod-CasingShield","Meat on the Bone","DaCapo"],"acts_visited":["Exordium"],"potions_floor_usage":[],"damage_taken":[{"damage":0,"enemies":"Small Slimes","floor":1,"turns":3},{"damage":2,"enemies":"Jaw Worm","floor":3,"turns":3},{"damage":6,"enemies":"Cultist","floor":4,"turns":3},{"damage":32,"enemies":"Gremlin Nob","floor":7,"turns":4},{"damage":0,"enemies":"Looter","floor":8,"turns":3},{"damage":18,"enemies":"Lagavulin","floor":10,"turns":4},{"damage":10,"enemies":"3 Sentries","floor":13,"turns":4}],"seed_played":"-2044827497704902885","potions_obtained":[{"floor":1,"key":"DistilledChaos"},{"floor":8,"key":"EntropicBrew"}],"is_trial":false,"path_per_floor":["M","?","M","M","$","R","E","M","T","E","?","?","E"],"character_chosen":"IRONCLAD","items_purchased":[],"campfire_rested":0,"item_purchase_floors":[],"current_hp_per_floor":[70,70,70,66,66,66,38,42,42,28,5,5,0,0],"gold":154,"neow_bonus":"BOSS_RELIC","is_daily":false,"chose_seed":false,"campfire_upgraded":0,"win_rate":0.0,"timestamp":1610251628,"path_taken":["M","?","M","M","$","R","E","M","T","E","?","?","E"],"items_purchased_type":[],"build_version":"2020-12-22","purchased_purges":1,"victory":false,"max_hp_per_floor":[75,75,75,75,75,75,75,75,75,75,75,75,75,75],"card_choices":[{"not_picked":["Havoc","Heavy Blade"],"picked":"Rampage","floor":1},{"not_picked":["Disarm","Headbutt","Clothesline"],"picked":"SKIP","floor":3},{"not_picked":["Hemokinesis","Intimidate","Seeing Red"],"picked":"SKIP","floor":4},{"not_picked":["Flex","Headbutt","MostiFishMod:KnuckleDown"],"picked":"SKIP","floor":7},{"not_picked":["Sword Boomerang","Whirlwind","Iron Wave"],"picked":"SKIP","floor":8},{"not_picked":["Wild Strike","Battle Trance","True Grit"],"picked":"SKIP","floor":10}],"player_experience":1409589,"relics_obtained":[{"floor":7,"key":"testmod-CasingShield"},{"floor":10,"key":"Meat on the Bone"}],"event_choices":[{"cards_removed":["Strike_R"],"damage_healed":0,"gold_gain":0,"player_choice":"Card Removal","damage_taken":0,"max_hp_gain":0,"max_hp_loss":0,"event_name":"The Cleric","floor":2,"gold_loss":75},{"damage_healed":0,"gold_gain":0,"player_choice":"Entered Light","damage_taken":23,"max_hp_gain":0,"max_hp_loss":0,"event_name":"Shining Light","floor":11,"gold_loss":0,"cards_upgraded":["Defend_R","Defend_R"]},{"damage_healed":0,"gold_gain":0,"player_choice":"Gave Potion","damage_taken":0,"relics_obtained":["DaCapo"],"max_hp_gain":0,"max_hp_loss":0,"event_name":"WeMeetAgain","floor":12,"gold_loss":0}],"is_beta":false,"boss_relics":[],"items_purged_floors":[5],"is_endless":false,"potions_floor_spawned":[1,8,10],"killed_by":"3 Sentries","ascension_level":20}}