{"host":"s3s7xsmblwiz356v","time":1610295517,"event":{"mods":["AchievementEnabler","BaseMod","Block Reminder","Colored Map","Colored Powertips","Minty Spire (QoL Compilation)"],"gold_per_floor":[112,112,77,90,101,101,126,141,141,169,169,226,2,2,2,76,76,90,90,365,207,218,218,218,229,229,259,279,309,309,309,309,309,309],"floor_reached":33,"playtime":2764,"items_purged":["Regret"],"score":553,"play_id":"f5f2f756-35e6-46ef-9d15-70ea2094fc5e","local_time":"20210110111837","is_ascension_mode":true,"campfire_choices":[{"data":"Neutralize","floor":6.0,"key":"SMITH"},{"data":"Blade Dance","floor":11.0,"key":"SMITH"},{"data":"Footwork","floor":15.0,"key":"SMITH"},{"data":"Ghostly","floor":23,"key":"SMITH"},{"data":"Ghostly","floor":30,"key":"SMITH"},{"data":"Ghostly","floor":32,"key":"SMITH"}],"circlet_count":0,"master_deck":["AscendersBane","Strike_G+1","Strike_G+1","Strike_G+1","Defend_G+1","Defend_G+1","Defend_G+1","Survivor","Neutralize+1","All Out Attack","Dagger Throw","Blade Dance+1","After Image","Backflip","Footwork+1","Blade Dance+1","Burst","Accuracy+1","Escape Plan+1","Deadly Poison+1","Cloak And Dagger","Ghostly+1","Ghostly+1","Ghostly+1","Good Instincts","Backflip","Finisher+1","Blur+1","Wraith Form v2"],"relics":["Empty Cage","StrikeDummy","Gremlin Horn","Potion Belt","WingedGreaves","Orrery","Astrolabe","Kunai","Blue Candle","HornCleat","Question Card"],"acts_visited":["Exordium","TheCity"],"potions_floor_usage":[27,29],"damage_taken":[{"damage":3.0,"enemies":"Jaw Worm","floor":1.0,"turns":6.0},{"damage":0.0,"enemies":"Cultist","floor":4.0,"turns":4.0},{"damage":0.0,"enemies":"2 Louse","floor":5.0,"turns":2.0},{"damage":23.0,"enemies":"Gremlin Nob","floor":7.0,"turns":5.0},{"damage":5.0,"enemies":"2 Fungi Beasts","floor":8.0,"turns":2.0},{"damage":10.0,"enemies":"3 Sentries","floor":10.0,"turns":6.0},{"damage":21.0,"enemies":"3 Sentries","floor":12.0,"turns":7.0},{"damage":1.0,"enemies":"Hexaghost","floor":16.0,"turns":12.0},{"damage":9.0,"enemies":"Spheric Guardian","floor":18.0,"turns":4.0},{"damage":0,"enemies":"3 Byrds","floor":22,"turns":5},{"damage":4,"enemies":"Snake Plant","floor":25,"turns":6},{"damage":6,"enemies":"Slavers","floor":27,"turns":5},{"damage":1,"enemies":"Snecko","floor":28,"turns":5},{"damage":0,"enemies":"Gremlin Leader","floor":29,"turns":7},{"damage":49,"enemies":"Collector","floor":33,"turns":7}],"seed_played":"6148060353710185612","potions_obtained":[{"floor":1.0,"key":"CunningPotion"},{"floor":4.0,"key":"Fruit Juice"},{"floor":7.0,"key":"SmokeBomb"},{"floor":16.0,"key":"ColorlessPotion"},{"floor":25,"key":"Fruit Juice"},{"floor":28,"key":"LiquidMemories"}],"is_trial":false,"path_per_floor":["M","?","$","M","M","R","E","M","T","E","R","?","$","?","R","B",null,"M","?","?","$","M","R","?","M","T","E","M","E","R","T","R","B"],"character_chosen":"THE_SILENT","items_purchased":["All Out Attack","Orrery","Blade Dance","Energy Potion","Good Instincts"],"campfire_rested":0,"item_purchase_floors":[3,13,13,13,21],"current_hp_per_floor":[56,61,61,61,61,61,43,38,38,28,28,7,7,7,7,6,55,46,35,35,35,35,35,35,31,31,25,24,24,24,24,24,0,0],"gold":309,"neow_bonus":"BOSS_RELIC","is_daily":false,"chose_seed":false,"campfire_upgraded":6,"win_rate":0.0,"timestamp":1610295517,"path_taken":["M","?","?","M","M","R","E","?","T","E","R","?","$","?","R","BOSS","M","?","?","$","?","R","?","M","T","E","M","E","R","?","R","BOSS"],"items_purchased_type":["Card","Relic","Card","Potion","Card"],"build_version":"2020-12-22","purchased_purges":1,"victory":false,"max_hp_per_floor":[66,66,66,66,66,66,71,71,71,71,71,71,71,71,71,71,71,71,35,35,35,35,35,35,35,35,35,35,35,35,35,35,35,35],"card_choices":[{"not_picked":["Finisher","Underhanded Strike"],"picked":"Sucker Punch","floor":1.0},{"not_picked":["Caltrops","Concentrate","Acrobatics"],"picked":"SKIP","floor":4.0},{"not_picked":["Underhanded Strike","Cloak And Dagger"],"picked":"Dagger Throw","floor":5.0},{"not_picked":["Leg Sweep","Outmaneuver"],"picked":"Blade Dance","floor":7.0},{"not_picked":["Bane","Sucker Punch","Caltrops"],"picked":"SKIP","floor":8.0},{"not_picked":["Flechettes","Deflect"],"picked":"After Image","floor":10.0},{"not_picked":["Acrobatics","Prepared"],"picked":"Doppelganger","floor":13.0},{"not_picked":["Prepared","PiercingWail"],"picked":"Backflip","floor":13.0},{"not_picked":["Infinite Blades","PiercingWail"],"picked":"Footwork","floor":13.0},{"not_picked":["Doppelganger","A Thousand Cuts"],"picked":"Burst","floor":16.0},{"not_picked":["Prepared","Sucker Punch"],"picked":"Cloak And Dagger","floor":18.0},{"not_picked":["Deflect","PiercingWail"],"picked":"Backflip","floor":22},{"not_picked":["Expertise","All Out Attack"],"picked":"Finisher+1","floor":25},{"not_picked":["Flying Knee","Noxious Fumes"],"picked":"Blur+1","floor":27},{"not_picked":["Bouncing Flask","Choke","Bane"],"picked":"SKIP","floor":28},{"not_picked":["Underhanded Strike","Bane+1"],"picked":"Wraith Form v2","floor":29}],"player_experience":411609,"relics_obtained":[{"floor":7.0,"key":"StrikeDummy"},{"floor":9.0,"key":"Gremlin Horn"},{"floor":10.0,"key":"Potion Belt"},{"floor":12.0,"key":"WingedGreaves"},{"floor":26,"key":"Kunai"},{"floor":27,"key":"Blue Candle"},{"floor":29,"key":"HornCleat"},{"floor":31,"key":"Question Card"}],"event_choices":[{"cards_removed":["Sucker Punch"],"damage_healed":5.0,"max_hp_gain":0.0,"max_hp_loss":0.0,"gold_gain":0.0,"event_name":"Bonfire Elementals","player_choice":"Offered Common","floor":2.0,"gold_loss":0.0,"damage_taken":0.0},{"cards_removed":["Sucker Punch"],"damage_healed":5.0,"max_hp_gain":0.0,"max_hp_loss":0.0,"gold_gain":0.0,"event_name":"Bonfire Elementals","player_choice":"Offered Special","floor":2.0,"gold_loss":0.0,"damage_taken":0.0},{"damage_healed":0.0,"max_hp_gain":0.0,"max_hp_loss":0.0,"gold_gain":0.0,"event_name":"Dead Adventurer","player_choice":"Searched \u00271\u0027 times","floor":12.0,"gold_loss":0.0,"damage_taken":0.0},{"damage_healed":0.0,"max_hp_gain":0.0,"max_hp_loss":0.0,"gold_gain":0.0,"event_name":"Living Wall","player_choice":"Grow","floor":14.0,"gold_loss":0.0,"damage_taken":0.0,"cards_upgraded":["Blade Dance"]},{"damage_healed":0.0,"max_hp_gain":0.0,"max_hp_loss":36.0,"gold_gain":0.0,"event_name":"Ghosts","player_choice":"Became a Ghost","floor":19.0,"gold_loss":0.0,"damage_taken":0.0,"cards_obtained":["Ghostly","Ghostly","Ghostly"]},{"damage_healed":0.0,"max_hp_gain":0.0,"max_hp_loss":0.0,"gold_gain":275.0,"event_name":"Golden Shrine","player_choice":"Desecrate","floor":20.0,"gold_loss":0.0,"damage_taken":0.0,"cards_obtained":["Regret"]},{"damage_healed":0,"gold_gain":0,"player_choice":"Simplicity","damage_taken":0,"max_hp_gain":0,"max_hp_loss":0,"event_name":"Back to Basics","floor":24,"gold_loss":0,"cards_upgraded":["Strike_G","Strike_G","Strike_G","Defend_G","Defend_G","Defend_G"]}],"is_beta":false,"boss_relics":[{"not_picked":["Runic Dome","Fusion Hammer"],"picked":"Astrolabe"}],"items_purged_floors":[21],"is_endless":false,"potions_floor_spawned":[1,4,7,16,25,28],"killed_by":"Collector","ascension_level":15}}