{"host":"vwbv8761kql87467","time":1610240529,"event":{"mods":["100% Spire Juice","BaseMod","Bestiary","Block Reminder","Colored Map","Colored Powertips","Dark Map","DeckTracker","Hubris","KinomotoSakuraMod(????)","Koishi","Marisa????????","Minty Spire (QoL Compilation)","MostiFishMod","Quick Restart","Rare Cards Sparkle","Relic Stats","RumiaBox-????????","StSLib","The Alterego","The Animator","The Blue Laboratory","The Cursed","The Gatherer","The IronCluck","The Marked","The Mystic","The Runesmith","The Servant 0.9.4","TheSwordswoman","Thieving Mod","Uncapped","Waifu the Spire","Yuri Mod","Yuyuko","??????REMEMod"],"gold_per_floor":[109,63,63,78,97,97,110,110,110,126,57,57,75,0,0,120,120,155,155,155,155,172,182,182,192,192,216,70,70,70,141,141,276,276,306,60,71,71,71,71],"floor_reached":39,"playtime":2281,"items_purged":[],"score":421,"play_id":"25749d4f-87ea-48c5-bb87-6b48d1721750","local_time":"20210109180209","is_ascension_mode":false,"campfire_choices":[{"data":"MilkyWay","floor":6.0,"key":"SMITH"},{"data":"EnergyRecoil","floor":8.0,"key":"SMITH"},{"data":"EnergyFlow","floor":12.0,"key":"SMITH"},{"data":"BlazeAway","floor":15.0,"key":"SMITH"},{"floor":24,"key":"REST"},{"floor":29,"key":"REST"},{"data":"EnergyFlow","floor":32,"key":"SMITH"}],"circlet_count":0,"master_deck":["Strike_MRS","Strike_MRS","Strike_MRS","Strike_MRS","Defend_MRS","Defend_MRS","Defend_MRS","MasterSpark","UpSweep","MilkyWay+1","EnergyRecoil+1","BlazeAway+1","PowerUp","MilkyWay","EnergyFlow+1","Parasite","Parasite","PowerUp","GravityBeat","CasketOfStar","AsteroidBelt+1","DoubleSpark+1","Robbery+1","MysteriousBeam+1","Necronomicurse","6A","OrrerysSun+1","RefractionSpark+1","EnergyFlow+1","AsteroidBelt","Decay","FinalSpark","AsteroidBelt","GravityBeat","RefractionSpark"],"relics":["MiniHakkero","REME_ComplimentaryCards","DaveBox","NeowsBlessing","ImprovedEquipment","ShroomBag","Astrolabe","Necronomicon","Toy Ornithopter","MutagenicStrength","Blood Vial","Pen Nib","Nunchaku"],"acts_visited":["Exordium","TheCity","TheBeyond"],"potions_floor_usage":[33,39,39],"damage_taken":[{"damage":0.0,"enemies":"2 Louse","floor":1.0,"turns":1.0},{"damage":0.0,"enemies":"Cultist","floor":4.0,"turns":1.0},{"damage":0.0,"enemies":"Small Slimes","floor":5.0,"turns":1.0},{"damage":1.0,"enemies":"3 Louse","floor":7.0,"turns":3.0},{"damage":6.0,"enemies":"Large Slime","floor":10.0,"turns":3.0},{"damage":0.0,"enemies":"Looter","floor":13.0,"turns":3.0},{"damage":54.0,"enemies":"Slime Boss","floor":16.0,"turns":7.0},{"damage":24,"enemies":"2 Thieves","floor":18,"turns":4},{"damage":7,"enemies":"Spheric Guardian","floor":22,"turns":4},{"damage":3,"enemies":"Snake Plant","floor":23,"turns":4},{"damage":8,"enemies":"Sentry and Sphere","floor":25,"turns":4},{"damage":12,"enemies":"Centurion and Healer","floor":31,"turns":3},{"damage":51,"enemies":"hubris:MusketHawk","floor":33,"turns":7},{"damage":6,"enemies":"Orb Walker","floor":35,"turns":3},{"damage":30,"enemies":"3 Darklings","floor":37,"turns":7},{"damage":96,"enemies":"Time Eater","floor":39,"turns":7}],"seed_played":"6865089465933285184","potions_obtained":[{"floor":3.0,"key":"blueLaboratory:FruitPunch"},{"floor":3.0,"key":"blueLaboratory:RememoryPotion"},{"floor":3.0,"key":"FairyPotion"},{"floor":5.0,"key":"Weak Potion"},{"floor":13.0,"key":"Dexterity Potion"},{"floor":22,"key":"blueLaboratory:ForbiddenFruitJuice"}],"is_trial":false,"path_per_floor":["M","$","?","M","M","R","M","R","T","M","$","R","M","$","R","B",null,"M","?","?","?","M","M","R","M","T","T","$","R","?","M","R","B",null,"M","$","M","?","B"],"character_chosen":"MARISA","items_purchased":["MilkyWay","EnergyFlow","GravityBeat","WitchOfGreed","EnergyFlow","AsteroidBelt","PowerPotion","Nunchaku","GravityBeat","Fire Potion"],"campfire_rested":2,"item_purchase_floors":[2,11,14,14,28,28,28,36,36,36],"current_hp_per_floor":[75,75,75,75,75,75,74,74,74,70,70,70,74,74,74,24,77,55,39,39,39,34,35,58,50,50,50,50,73,73,65,65,25,77,71,71,47,47,0,0],"gold":71,"neow_bonus":"THREE_ENEMY_KILL","is_daily":false,"chose_seed":false,"campfire_upgraded":5,"win_rate":0.0,"timestamp":1610240529,"path_taken":["M","$","?","?","M","R","M","R","T","M","?","R","M","$","R","BOSS","M","?","?","?","M","M","R","M","T","?","$","R","?","M","R","BOSS","M","$","?","?","BOSS"],"items_purchased_type":["Card","Card","Card","Card","Card","Card","Potion","Relic","Card","Potion"],"build_version":"2020-12-22","purchased_purges":0,"victory":false,"max_hp_per_floor":[75,75,75,75,75,75,75,75,75,77,77,77,77,77,77,77,77,77,77,77,77,77,77,77,77,77,77,77,77,77,77,77,77,77,77,77,77,77,77,77],"relic_stats":{"Blood Vial":8,"Nunchaku":[2],"counters":[16,62],"Astrolabe":["AsteroidBelt","DoubleSpark","Robbery"],"Pen Nib":[7],"Necronomicon":[12],"obtain_stats":[{"DaveBox":0,"NeowsBlessing":0,"ImprovedEquipment":9,"Astrolabe":17,"Pen Nib":27,"Blood Vial":26,"ShroomBag":11,"Nunchaku":36,"MutagenicStrength":21,"Necronomicon":19,"MiniHakkero":0,"Toy Ornithopter":20,"REME_ComplimentaryCards":0},{"DaveBox":0,"NeowsBlessing":0,"ImprovedEquipment":4,"Astrolabe":7,"Pen Nib":11,"Blood Vial":11,"ShroomBag":5,"Nunchaku":14,"MutagenicStrength":8,"Necronomicon":8,"MiniHakkero":0,"Toy Ornithopter":8,"REME_ComplimentaryCards":0},{"DaveBox":0,"NeowsBlessing":0,"ImprovedEquipment":6,"Astrolabe":19,"Pen Nib":35,"Blood Vial":35,"ShroomBag":9,"Nunchaku":48,"MutagenicStrength":23,"Necronomicon":23,"MiniHakkero":0,"Toy Ornithopter":23,"REME_ComplimentaryCards":0}],"Toy Ornithopter":15},"card_choices":[{"not_picked":["WitchOfGreed","ShootingEcho"],"picked":"LuminesStrike","floor":1.0},{"not_picked":["BlazeAway","ChargingUp"],"picked":"EnergyRecoil","floor":4.0},{"not_picked":["IllusionStar","MeteoricShower"],"picked":"BlazeAway","floor":5.0},{"not_picked":["ShootTheMoon","OpenUniverse"],"picked":"PowerUp","floor":7.0},{"not_picked":["DoubleSpark","Acceleration"],"picked":"MilkyWay","floor":10.0},{"not_picked":["WitchOfGreed","DoubleSpark"],"picked":"PowerUp","floor":13.0},{"not_picked":["BinaryStars","EscapeVelocity"],"picked":"CasketOfStar","floor":16.0},{"not_picked":["IllusionStar","SuperPerseids"],"picked":"MysteriousBeam+1","floor":18},{"not_picked":["UnstableBomb","Acceleration+1"],"picked":"6A","floor":22},{"not_picked":["MaximisePower","NonDirectionalLaser"],"picked":"OrrerysSun+1","floor":23},{"not_picked":["GrandCross","SuperPerseids"],"picked":"RefractionSpark+1","floor":25},{"not_picked":["GrandCross+1","Occultation+1","IllusionStar"],"picked":"SKIP","floor":31},{"not_picked":["CasketOfStar","CollectingQuirk"],"picked":"FinalSpark","floor":33},{"not_picked":["GalacticHalo","DragonMeteor"],"picked":"AsteroidBelt","floor":35},{"not_picked":["SporeBomb","IllusionStar"],"picked":"RefractionSpark","floor":37}],"player_experience":138798,"relics_obtained":[{"floor":9.0,"key":"ImprovedEquipment"},{"floor":19,"key":"Necronomicon"},{"floor":26,"key":"Blood Vial"},{"floor":27,"key":"Pen Nib"}],"event_choices":[{"damage_healed":0.0,"max_hp_gain":0.0,"max_hp_loss":0.0,"gold_gain":0.0,"event_name":"Lab","player_choice":"Got Potions","floor":3.0,"gold_loss":0.0,"damage_taken":0.0},{"damage_healed":0,"gold_gain":0,"player_choice":"Obtained Book","damage_taken":16,"max_hp_gain":0,"max_hp_loss":0,"event_name":"Cursed Tome","floor":19,"gold_loss":0},{"damage_healed":0,"gold_gain":0,"player_choice":"Opened","damage_taken":0,"relics_obtained":["Toy Ornithopter"],"max_hp_gain":0,"max_hp_loss":0,"event_name":"The Mausoleum","floor":20,"gold_loss":0},{"damage_healed":0,"gold_gain":0,"player_choice":"Inject Mutagens","damage_taken":0,"relics_obtained":["MutagenicStrength"],"max_hp_gain":0,"max_hp_loss":0,"event_name":"Drug Dealer","floor":21,"gold_loss":0},{"damage_healed":0,"gold_gain":0,"player_choice":"Cursed","damage_taken":0,"max_hp_gain":0,"max_hp_loss":0,"event_name":"Wheel of Change","floor":30,"gold_loss":0,"cards_obtained":["Decay"]},{"damage_healed":0,"gold_gain":0,"player_choice":"Took Portal","damage_taken":0,"max_hp_gain":0,"max_hp_loss":0,"event_name":"SecretPortal","floor":38,"gold_loss":0}],"is_beta":false,"boss_relics":[{"not_picked":["DiscerningMonocle","Runic Dome"],"picked":"Astrolabe"},{"not_picked":["REME_DemonsWealth","REME_DuelDisc","hubris:VirtuousBlindfold"]}],"items_purged_floors":[],"is_endless":false,"potions_floor_spawned":[5,13,22,31,37],"killed_by":"Time Eater","ascension_level":0}}