{"host":"Ian","time":1610315520,"event":{"mods":["BaseMod","Bestiary","Block Reminder","Colored Map","Highlight Path","Key Reminder","Minty Spire (QoL Compilation)","Relic Stats"],"gold_per_floor":[110,110,110,130,147,178,253,253,253,253,253],"floor_reached":10,"playtime":271,"items_purged":[],"score":132,"play_id":"b38726f9-6bda-4e92-9a04-eac8f2179e34","local_time":"20210110215200","is_ascension_mode":true,"campfire_choices":[{"floor":8,"key":"REST"}],"circlet_count":0,"master_deck":["AscendersBane","Strike_R","Strike_R","Strike_R","Strike_R","Strike_R","Defend_R","Defend_R","Defend_R","Defend_R","Bash","Cleave","Uppercut","True Grit","Body Slam"],"relics":["Mark of Pain","Matryoshka","Smiling Mask","The Courier"],"acts_visited":["Exordium"],"potions_floor_usage":[6],"damage_taken":[{"damage":29,"enemies":"Jaw Worm","floor":1,"turns":4},{"damage":1,"enemies":"2 Louse","floor":4,"turns":3},{"damage":6,"enemies":"Small Slimes","floor":5,"turns":2},{"damage":35,"enemies":"Lagavulin","floor":6,"turns":6},{"damage":40,"enemies":"3 Sentries","floor":10,"turns":5}],"seed_played":"8519799818247115020","potions_obtained":[{"floor":4,"key":"SpeedPotion"}],"is_trial":false,"path_per_floor":["M","?","?","M","M","E","?","R","T","E"],"character_chosen":"IRONCLAD","items_purchased":[],"campfire_rested":1,"item_purchase_floors":[],"current_hp_per_floor":[39,39,64,63,57,22,11,33,33,0,0],"gold":253,"neow_bonus":"BOSS_RELIC","is_daily":false,"chose_seed":false,"campfire_upgraded":0,"win_rate":0.0,"timestamp":1610315520,"path_taken":["M","?","?","M","M","E","?","R","T","E"],"items_purchased_type":[],"build_version":"2020-12-18","purchased_purges":0,"victory":false,"max_hp_per_floor":[75,75,75,75,75,75,75,75,75,75,75],"relic_stats":{"counters":[5,20],"Smiling Mask":0,"obtain_stats":[{"Matryoshka":6,"Mark of Pain":0,"The Courier":9,"Smiling Mask":9,"Burning Blood":0},{"Matryoshka":4,"Mark of Pain":0,"The Courier":4,"Smiling Mask":4,"Burning Blood":0},{"Matryoshka":15,"Mark of Pain":0,"The Courier":15,"Smiling Mask":15,"Burning Blood":0}]},"card_choices":[{"not_picked":["Anger","Blood for Blood"],"picked":"Cleave","floor":1},{"not_picked":["Perfected Strike","Clash"],"picked":"Uppercut","floor":4},{"not_picked":["Clothesline","Entrench"],"picked":"True Grit","floor":5},{"not_picked":["Exhume","Warcry"],"picked":"Body Slam","floor":6}],"player_experience":2669658,"relics_obtained":[{"floor":6,"key":"Matryoshka"},{"floor":9,"key":"Smiling Mask"},{"floor":9,"key":"The Courier"}],"event_choices":[{"damage_healed":0,"gold_gain":0,"player_choice":"Fled","damage_taken":0,"max_hp_gain":0,"max_hp_loss":0,"event_name":"Scrap Ooze","floor":2,"gold_loss":0},{"damage_healed":25,"gold_gain":0,"player_choice":"Banana","damage_taken":0,"max_hp_gain":0,"max_hp_loss":0,"event_name":"Big Fish","floor":3,"gold_loss":0},{"damage_healed":0,"gold_gain":75,"player_choice":"Gather Gold","damage_taken":11,"max_hp_gain":0,"max_hp_loss":0,"event_name":"World of Goop","floor":7,"gold_loss":0}],"is_beta":true,"boss_relics":[],"items_purged_floors":[],"is_endless":false,"potions_floor_spawned":[4],"killed_by":"3 Sentries","ascension_level":20}}