{"host":"ud5ysmac0cli0vv5","time":1610246445,"event":{"mods":["AchievementEnabler","Aspiration","BaseMod","Minty Spire (QoL Compilation)","StSLib"],"gold_per_floor":[111,128,128,139,139,169,169,194,194,194,209,229,246,260,260,358,358,373,390,410,423,435,435,468,468,468,497,497,497,249,283,283,385,385,395,395,1394,801,711,711,728,758,758,788,799,812,812,10,10,10,10,10,10,40,40,40],"floor_reached":55,"playtime":3825,"items_purged":["Normality"],"score":866,"play_id":"11df7486-9a72-472e-8b37-799d5a1488ba","local_time":"20210109214045","is_ascension_mode":true,"campfire_choices":[{"floor":7,"key":"REST"},{"floor":10,"key":"REST"},{"floor":15,"key":"REST"},{"floor":23,"key":"REST"},{"floor":25,"key":"REST"},{"floor":28,"key":"REST"},{"floor":32,"key":"REST"},{"floor":40,"key":"RECALL"},{"floor":47,"key":"REST"},{"floor":49,"key":"REST"},{"data":"Alpha","floor":52,"key":"SMITH"}],"circlet_count":0,"master_deck":["Strike_P","Strike_P","Defend_P+1","Defend_P+1","Defend_P","Defend_P+1","Eruption","Vigilance","WindmillStrike","FollowUp","EmptyBody","FlurryOfBlows","Crescendo","Consecrate","DeusExMachina","SandsOfTime","Alpha+1","CurseOfTheBell","FollowUp","WreathOfFlame+1","Wallop+1","EmptyFist","LikeWater+1","FlyingSleeves","ThirdEye","DeceiveReality","Apotheosis","Prostrate+1","Establishment","Tantrum+1","Halt+1","BowlingBash+1","Indignation","Protect","Pray","Protect+1","EmptyFist+1","CrushJoints+1","ThirdEye+1"],"relics":["PureWater","Akabeko","aspiration:ChemicalBlood","Calling Bell","Happy Flower","White Beast Statue","Calipers","Red Mask","HornCleat","aspiration:Stabinomicon","Nunchaku","Astrolabe","Sling","Ginger","Mummified Hand","The Courier","Blood Vial","aspiration:FetidBarrel","Bottled Flame","Kunai","Letter Opener","Vajra"],"acts_visited":["Exordium","TheCity","TheBeyond","TheEnding"],"potions_floor_usage":[13,16,16,16,16,16,19,20,21,22,24,24,24,24,31,31,33,33,42,44,44,45,46,46,50,50,50,50,50,50,54,54,55,55,55,55,55],"damage_taken":[{"damage":0,"enemies":"Small Slimes","floor":1,"turns":2},{"damage":3,"enemies":"Jaw Worm","floor":2,"turns":4},{"damage":1,"enemies":"2 Louse","floor":4,"turns":2},{"damage":12,"enemies":"3 Sentries","floor":6,"turns":8},{"damage":56,"enemies":"Gremlin Nob","floor":8,"turns":4},{"damage":4,"enemies":"Looter","floor":11,"turns":3},{"damage":0,"enemies":"Blue Slaver","floor":12,"turns":3},{"damage":0,"enemies":"Large Slime","floor":13,"turns":2},{"damage":2,"enemies":"Exordium Thugs","floor":14,"turns":2},{"damage":51,"enemies":"Hexaghost","floor":16,"turns":4},{"damage":24,"enemies":"Spheric Guardian","floor":18,"turns":5},{"damage":4,"enemies":"Shell Parasite","floor":19,"turns":4},{"damage":16,"enemies":"Snake Plant","floor":20,"turns":3},{"damage":16,"enemies":"Shelled Parasite and Fungi","floor":21,"turns":3},{"damage":17,"enemies":"Snecko","floor":22,"turns":5},{"damage":31,"enemies":"Masked Bandits","floor":24,"turns":5},{"damage":14,"enemies":"Book of Stabbing","floor":27,"turns":5},{"damage":35,"enemies":"Gremlin Leader","floor":31,"turns":8},{"damage":0,"enemies":"Automaton","floor":33,"turns":6},{"damage":0,"enemies":"3 Shapes","floor":35,"turns":6},{"damage":0,"enemies":"Orb Walker","floor":41,"turns":4},{"damage":4,"enemies":"Giant Head","floor":42,"turns":3},{"damage":16,"enemies":"Reptomancer","floor":44,"turns":5},{"damage":20,"enemies":"3 Darklings","floor":45,"turns":6},{"damage":12,"enemies":"4 Shapes","floor":46,"turns":3},{"damage":7,"enemies":"Donu and Deca","floor":50,"turns":6},{"damage":57,"enemies":"Shield and Spear","floor":54,"turns":5},{"damage":138,"enemies":"The Heart","floor":55,"turns":6}],"seed_played":"-193295863509457102","potions_obtained":[{"floor":1,"key":"BottledMiracle"},{"floor":8,"key":"Fire Potion"},{"floor":12,"key":"ColorlessPotion"},{"floor":13,"key":"CultistPotion"},{"floor":18,"key":"SteroidPotion"},{"floor":19,"key":"DuplicationPotion"},{"floor":21,"key":"Regen Potion"},{"floor":22,"key":"EssenceOfSteel"},{"floor":24,"key":"Fire Potion"},{"floor":27,"key":"Ancient Potion"},{"floor":31,"key":"CultistPotion"},{"floor":33,"key":"Dexterity Potion"},{"floor":35,"key":"Ambrosia"},{"floor":41,"key":"DuplicationPotion"},{"floor":42,"key":"Explosive Potion"},{"floor":44,"key":"Explosive Potion"},{"floor":45,"key":"ColorlessPotion"},{"floor":46,"key":"Strength Potion"},{"floor":54,"key":"Explosive Potion"},{"floor":55,"key":"Ancient Potion"}],"is_trial":false,"path_per_floor":["M","M","?","M","?","E","R","E","T","R","M","M","M","M","R","B",null,"M","M","M","M","M","R","?","R","T","E","R","?","$","E","R","B",null,"M","?","?","$","?","R","M","E","T","E","M","M","R","$","R","B",null,"R","$","E","B"],"character_chosen":"WATCHER","items_purchased":["DeceiveReality","Apotheosis","Sling","Protect","Ginger","aspiration:FetidBarrel","Bottled Flame","Kunai","Letter Opener"],"campfire_rested":9,"item_purchase_floors":[30,30,38,38,38,48,48,48,48],"current_hp_per_floor":[79,76,76,75,59,47,70,14,14,37,33,33,33,31,54,3,79,55,51,35,19,16,39,8,31,31,17,40,40,40,5,28,28,79,79,79,79,79,79,79,79,75,75,59,41,31,54,54,77,72,79,79,79,22,0,0],"gold":40,"neow_bonus":"TEN_PERCENT_HP_BONUS","is_daily":false,"chose_seed":false,"campfire_upgraded":1,"win_rate":0.0,"timestamp":1610246445,"path_taken":["M","M","?","M","?","E","R","E","T","R","M","M","?","M","R","BOSS","M","M","M","M","M","R","?","R","T","E","R","?","$","E","R","BOSS","M","?","?","$","?","R","M","E","T","E","?","M","R","$","R","BOSS","R","$","E","BOSS"],"items_purchased_type":["Card","Card","Relic","Card","Relic","Relic","Relic","Relic","Relic"],"build_version":"2020-12-22","purchased_purges":1,"victory":false,"max_hp_per_floor":[79,79,79,79,79,79,79,79,79,79,79,79,79,79,79,79,79,79,79,79,79,79,79,79,79,79,79,79,79,79,79,79,79,79,79,79,79,79,79,79,79,79,79,79,79,79,79,79,79,79,79,79,79,79,79,79],"card_choices":[{"not_picked":["Worship","Crescendo"],"picked":"WindmillStrike","floor":1},{"not_picked":["Consecrate","Crescendo"],"picked":"FollowUp","floor":2},{"not_picked":["WheelKick","JustLucky"],"picked":"EmptyBody","floor":4},{"not_picked":["ThirdEye","WheelKick"],"picked":"Weave","floor":6},{"not_picked":["Sanctity","Ragnarok"],"picked":"FlurryOfBlows","floor":8},{"not_picked":["Wireheading","Halt"],"picked":"Crescendo","floor":11},{"not_picked":["SashWhip","WindmillStrike"],"picked":"Consecrate","floor":12},{"not_picked":["ThirdEye","SashWhip"],"picked":"DeusExMachina","floor":13},{"not_picked":["Wireheading","Weave"],"picked":"SandsOfTime","floor":14},{"not_picked":["Ragnarok","DeusExMachina"],"picked":"Alpha","floor":16},{"not_picked":["SignatureMove+1","Worship+1"],"picked":"FollowUp","floor":18},{"not_picked":["Weave","Pray"],"picked":"WreathOfFlame+1","floor":19},{"not_picked":["Vengeance","InnerPeace"],"picked":"Wallop+1","floor":20},{"not_picked":["CutThroughFate","Adaptation"],"picked":"EmptyFist","floor":21},{"not_picked":["Weave","FlurryOfBlows"],"picked":"LikeWater+1","floor":22},{"not_picked":["SashWhip","EmptyFist"],"picked":"FlyingSleeves","floor":24},{"not_picked":["Collect","WaveOfTheHand"],"picked":"ThirdEye","floor":27},{"not_picked":["Evaluate","FlurryOfBlows"],"picked":"Prostrate+1","floor":31},{"not_picked":["Alpha","SpiritShield"],"picked":"Establishment","floor":33},{"not_picked":["FlyingSleeves","WaveOfTheHand+1"],"picked":"Indignation","floor":35},{"not_picked":["Vengeance+1","WreathOfFlame","InnerPeace+1"],"picked":"SKIP","floor":41},{"not_picked":["Fasting2","Nirvana"],"picked":"Pray","floor":42},{"not_picked":["Halt","BowlingBash+1"],"picked":"Protect+1","floor":44},{"not_picked":["SashWhip+1","LikeWater"],"picked":"EmptyFist+1","floor":45},{"not_picked":["FlyingSleeves+1","Wallop"],"picked":"CrushJoints+1","floor":46},{"not_picked":["EmptyFist","WaveOfTheHand+1"],"picked":"ThirdEye+1","floor":54}],"player_experience":318653,"relics_obtained":[{"floor":6,"key":"Akabeko"},{"floor":8,"key":"aspiration:ChemicalBlood"},{"floor":17,"key":"Happy Flower"},{"floor":17,"key":"White Beast Statue"},{"floor":17,"key":"Calipers"},{"floor":24,"key":"Red Mask"},{"floor":26,"key":"HornCleat"},{"floor":27,"key":"aspiration:Stabinomicon"},{"floor":31,"key":"Nunchaku"},{"floor":42,"key":"Mummified Hand"},{"floor":43,"key":"The Courier"},{"floor":44,"key":"Blood Vial"},{"floor":54,"key":"Vajra"}],"event_choices":[{"damage_healed":0,"gold_gain":0,"player_choice":"Leave","damage_taken":0,"max_hp_gain":0,"max_hp_loss":0,"event_name":"The Cleric","floor":3,"gold_loss":0},{"damage_healed":0,"gold_gain":0,"player_choice":"Entered Light","damage_taken":16,"max_hp_gain":0,"max_hp_loss":0,"event_name":"Shining Light","floor":5,"gold_loss":0,"cards_upgraded":["Defend_P","Defend_P"]},{"damage_healed":0,"gold_gain":0,"player_choice":"Fought Bandits","damage_taken":0,"max_hp_gain":0,"max_hp_loss":0,"event_name":"Masked Bandits","floor":24,"gold_loss":0},{"damage_healed":0,"gold_gain":0,"player_choice":"Ignored","damage_taken":0,"max_hp_gain":0,"max_hp_loss":0,"event_name":"Cursed Tome","floor":29,"gold_loss":0},{"damage_healed":0,"gold_gain":999,"player_choice":"Gold","damage_taken":0,"max_hp_gain":0,"max_hp_loss":0,"event_name":"MindBloom","floor":37,"gold_loss":0,"cards_obtained":["Normality","Normality"]},{"cards_removed":["Normality"],"damage_healed":0,"gold_gain":0,"player_choice":"Upgrade and Remove","damage_taken":0,"max_hp_gain":0,"max_hp_loss":0,"event_name":"Designer","floor":39,"gold_loss":90,"cards_upgraded":["Defend_P"]}],"is_beta":false,"boss_relics":[{"not_picked":["aspiration:SilentSkillbook","SlaversCollar"],"picked":"Calling Bell"},{"not_picked":["aspiration:PoetsPen_weak","Snecko Eye"],"picked":"Astrolabe"}],"items_purged_floors":[38],"is_endless":false,"potions_floor_spawned":[1,8,12,13,14,18,19,20,21,22,24,27,31,33,35,41,42,44,45,46,54],"killed_by":"The Heart","ascension_level":1}}