{"host":"vlqejv0notyktumz","time":1610239555,"event":{"mods":["AchievementEnabler","BaseMod","Googly Eyes","Minty Spire (QoL Compilation)"],"gold_per_floor":[111,111,34,34,54,87,87,87,133,215,215,240,260,68,68,206,206,239,21,45,45,119,119,171,199,199,262,15,65,79,93,93,233,233,257,114,497,547,576,576,614,110,135,135,185,185,335,345,345,345],"floor_reached":51,"playtime":1399,"items_purged":["Strike_P","Strike_P","Strike_P"],"score":872,"play_id":"cb8d16ef-2c0b-40a9-9c26-e06eb1ae8ded","local_time":"20210109184555","is_ascension_mode":true,"campfire_choices":[{"data":"Study","floor":7,"key":"SMITH"},{"floor":11,"key":"REST"},{"data":"Eruption","floor":15,"key":"SMITH"},{"floor":23,"key":"REST"},{"floor":32,"key":"REST"},{"data":"Halt","floor":40,"key":"SMITH"},{"data":"Devotion","floor":44,"key":"SMITH"},{"data":"Protect","floor":46,"key":"SMITH"},{"data":"SashWhip","floor":49,"key":"SMITH"}],"circlet_count":0,"master_deck":["Defend_P","Defend_P","Defend_P","Defend_P","Eruption+1","Vigilance","Meditate","SashWhip+1","Devotion+1","WindmillStrike+1","Protect+1","CutThroughFate+1","Halt+1","Brilliance+1","Halt+1","Tantrum+1","FollowUp+1","FearNoEvil+1","Judgement","ReachHeaven+1","FlurryOfBlows+1","Sanctity+1","FlurryOfBlows+1","Flash of Steel+1"],"relics":["PureWater","Molten Egg 2","InkBottle","Orichalcum","CeramicFish","Damaru","Runic Pyramid","Bronze Scales","SsserpentHead","Potion Belt","Gremlin Horn","Pen Nib","Art of War","Sozu","Anchor","MealTicket","Sundial","Juzu Bracelet"],"acts_visited":["Exordium","TheCity","TheBeyond"],"potions_floor_usage":[10,10,10,16,18,20,22,24,30,33],"damage_taken":[{"damage":0,"enemies":"2 Louse","floor":1,"turns":3},{"damage":6,"enemies":"Cultist","floor":5,"turns":3},{"damage":4,"enemies":"Gremlin Nob","floor":6,"turns":3},{"damage":38,"enemies":"Lagavulin Event","floor":10,"turns":6},{"damage":0,"enemies":"Jaw Worm","floor":12,"turns":3},{"damage":5,"enemies":"Looter","floor":13,"turns":4},{"damage":10,"enemies":"Hexaghost","floor":16,"turns":6},{"damage":26,"enemies":"2 Thieves","floor":18,"turns":3},{"damage":7,"enemies":"3 Byrds","floor":20,"turns":4},{"damage":22,"enemies":"3 Cultists","floor":22,"turns":4},{"damage":10,"enemies":"Book of Stabbing","floor":24,"turns":4},{"damage":8,"enemies":"Snecko","floor":25,"turns":3},{"damage":24,"enemies":"Centurion and Healer","floor":27,"turns":4},{"damage":10,"enemies":"Shelled Parasite and Fungi","floor":30,"turns":3},{"damage":0,"enemies":"Sentry and Sphere","floor":31,"turns":3},{"damage":21,"enemies":"Champ","floor":33,"turns":7},{"damage":17,"enemies":"3 Darklings","floor":35,"turns":3},{"damage":0,"enemies":"Orb Walker","floor":39,"turns":2},{"damage":0,"enemies":"Giant Head","floor":41,"turns":4},{"damage":0,"enemies":"Jaw Worm Horde","floor":48,"turns":3},{"damage":17,"enemies":"Awakened One","floor":50,"turns":7}],"seed_played":"3170726367065493109","potions_obtained":[{"floor":2,"key":"AttackPotion"},{"floor":2,"key":"BottledMiracle"},{"floor":2,"key":"LiquidBronze"},{"floor":10,"key":"AttackPotion"},{"floor":12,"key":"GamblersBrew"},{"floor":16,"key":"SteroidPotion"},{"floor":18,"key":"Regen Potion"},{"floor":22,"key":"Regen Potion"},{"floor":25,"key":"Dexterity Potion"},{"floor":30,"key":"FearPotion"},{"floor":33,"key":"StancePotion"}],"is_trial":false,"path_per_floor":["M","?","$","T","M","E","R","?","T","?","R","M","M","$","R","B",null,"M","$","M","?","M","R","E","M","T","M","$","?","M","M","R","B",null,"M","$","?","?","M","R","E","$","T","R","?","R","?","M","R","B",null],"character_chosen":"WATCHER","items_purchased":["Devotion","Damaru","Halt","Bronze Scales","Pen Nib","Anchor","Sundial","FlurryOfBlows+1","Flash of Steel+1"],"campfire_rested":3,"item_purchase_floors":[3,14,14,19,28,36,42,42,42],"current_hp_per_floor":[72,72,72,72,66,62,62,62,62,24,44,44,39,39,39,29,67,41,41,46,46,24,44,46,38,38,14,14,14,4,4,24,3,67,50,50,50,50,50,50,50,65,65,65,65,65,65,65,65,48],"gold":345,"neow_bonus":"TRANSFORM_CARD","is_daily":false,"chose_seed":false,"campfire_upgraded":6,"win_rate":0.0,"timestamp":1610239555,"path_taken":["M","?","?","?","M","E","R","?","T","?","R","M","M","$","R","BOSS","M","$","M","?","?","R","E","M","T","?","$","?","M","M","R","BOSS","M","$","?","?","M","R","E","$","T","R","?","R","?","M","R","BOSS"],"items_purchased_type":["Card","Relic","Card","Relic","Relic","Relic","Relic","Card","Card"],"build_version":"2020-12-22","purchased_purges":3,"victory":true,"max_hp_per_floor":[72,72,72,72,72,72,72,67,67,67,67,67,67,67,67,67,67,67,67,67,67,67,67,67,67,67,67,67,67,67,67,67,67,67,67,67,67,67,67,67,67,67,67,67,67,67,67,67,67,67],"card_choices":[{"not_picked":["FlurryOfBlows","BowlingBash"],"picked":"SashWhip","floor":1},{"not_picked":["Wireheading","Wallop+1"],"picked":"WindmillStrike+1","floor":5},{"not_picked":["Collect","EmptyMind"],"picked":"Study","floor":6},{"not_picked":["ForeignInfluence","SashWhip+1"],"picked":"Protect","floor":10},{"not_picked":["WreathOfFlame","Alpha"],"picked":"CutThroughFate+1","floor":12},{"not_picked":["WreathOfFlame","ForeignInfluence","Consecrate+1"],"picked":"SKIP","floor":13},{"not_picked":["Establishment","SpiritShield"],"picked":"Brilliance+1","floor":16},{"not_picked":["LikeWater","ThirdEye"],"picked":"Halt+1","floor":18},{"not_picked":["BowlingBash+1","Fasting2","LikeWater"],"picked":"SKIP","floor":20},{"not_picked":["PathToVictory","EmptyFist+1"],"picked":"Tantrum+1","floor":22},{"not_picked":["FlyingSleeves+1","ThirdEye"],"picked":"FollowUp+1","floor":24},{"not_picked":["FlurryOfBlows+1","Adaptation"],"picked":"FearNoEvil+1","floor":25},{"not_picked":["Crescendo","LikeWater","FearNoEvil+1"],"picked":"SKIP","floor":27},{"not_picked":["CutThroughFate+1","Fasting2","JustLucky+1"],"picked":"SKIP","floor":30},{"not_picked":["ThirdEye+1","BowlingBash+1","CarveReality+1"],"picked":"SKIP","floor":31},{"not_picked":["Omniscience","LessonLearned+1"],"picked":"Judgement","floor":33},{"not_picked":["FollowUp+1","Nirvana+1"],"picked":"ReachHeaven+1","floor":35},{"not_picked":["Collect","Tantrum+1"],"picked":"FlurryOfBlows+1","floor":39},{"not_picked":["Protect","FollowUp+1"],"picked":"Sanctity+1","floor":41},{"not_picked":["SashWhip+1","ForeignInfluence+1","FlyingSleeves+1"],"picked":"SKIP","floor":48}],"player_experience":318322,"relics_obtained":[{"floor":4,"key":"Molten Egg 2"},{"floor":6,"key":"InkBottle"},{"floor":9,"key":"Orichalcum"},{"floor":10,"key":"CeramicFish"},{"floor":24,"key":"Potion Belt"},{"floor":26,"key":"Gremlin Horn"},{"floor":29,"key":"Art of War"},{"floor":41,"key":"MealTicket"},{"floor":43,"key":"Juzu Bracelet"}],"event_choices":[{"damage_healed":0,"gold_gain":0,"player_choice":"Got Potions","damage_taken":0,"max_hp_gain":0,"max_hp_loss":0,"event_name":"Lab","floor":2,"gold_loss":0},{"damage_healed":0,"gold_gain":0,"player_choice":"Lose Max HP","damage_taken":0,"relics_obtained":["Golden Idol"],"max_hp_gain":0,"max_hp_loss":5,"event_name":"Golden Idol","floor":8,"gold_loss":0},{"damage_healed":0,"gold_gain":30,"player_choice":"Searched \u00272\u0027 times","damage_taken":0,"max_hp_gain":0,"max_hp_loss":0,"event_name":"Dead Adventurer","floor":10,"gold_loss":0},{"damage_healed":0,"gold_gain":0,"player_choice":"Trade","damage_taken":0,"relics_obtained":["SsserpentHead"],"max_hp_gain":0,"max_hp_loss":0,"event_name":"FaceTrader","floor":21,"gold_loss":0},{"damage_healed":0,"gold_gain":0,"player_choice":"Relic","damage_taken":0,"max_hp_gain":0,"max_hp_loss":0,"event_name":"Wheel of Change","floor":29,"gold_loss":0},{"damage_healed":0,"gold_gain":333,"player_choice":"Gave Idol","damage_taken":0,"max_hp_gain":0,"max_hp_loss":0,"event_name":"The Moai Head","floor":37,"relics_lost":["Golden Idol"],"gold_loss":0},{"cards_removed":["Study"],"damage_healed":0,"gold_gain":0,"player_choice":"Removed Power","damage_taken":0,"max_hp_gain":0,"max_hp_loss":0,"event_name":"Falling","floor":38,"gold_loss":0},{"damage_healed":0,"gold_gain":0,"player_choice":"Ignored","damage_taken":0,"max_hp_gain":0,"max_hp_loss":0,"event_name":"Mysterious Sphere","floor":45,"gold_loss":0},{"damage_healed":0,"gold_gain":100,"player_choice":"Pray","damage_taken":0,"max_hp_gain":0,"max_hp_loss":0,"event_name":"Golden Shrine","floor":47,"gold_loss":0}],"is_beta":false,"boss_relics":[{"not_picked":["Empty Cage","Astrolabe"],"picked":"Runic Pyramid"},{"not_picked":["Fusion Hammer","Cursed Key"],"picked":"Sozu"}],"items_purged_floors":[19,28,42],"is_endless":false,"potions_floor_spawned":[5,10,12,16,18,22,25,30,33,48],"ascension_level":3}}