{"host":"z42sc0n2dozsmk72","time":1610267160,"event":{"mods":["AchievementEnabler","BaseMod","Better Third Choice","Colored Map","Curses Come First","Googly Eyes","Highlight Path","Minty Spire (QoL Compilation)","Permanent Neow","Quick Restart","Relic Stats","Shop Mod","StSLib","egg","slay the spire mod where everything is the same but ironclad has a cowboy hat"],"gold_per_floor":[114,129,129,144,159,189,189,204,229,229,244,203,218,248,248,348,348,363,363,363,378,393,393,423,423,423],"floor_reached":25,"playtime":1190,"items_purged":[],"score":310,"play_id":"7e7f5a64-f415-483d-a116-4e419795781f","local_time":"20210110212600","daily_mods":["Specialized","Diverse","Night Terrors"],"is_ascension_mode":false,"campfire_choices":[{"floor":7.0,"key":"REST"},{"data":"Deflect","floor":10.0,"key":"SMITH"},{"data":"Buffer","floor":15.0,"key":"SMITH"},{"data":"Sunder","floor":23,"key":"SMITH"}],"circlet_count":0,"master_deck":["Strike_P","Strike_P","Defend_P","Defend_P","Defend_P","Defend_P","Eruption","Vigilance+1","Accuracy","Accuracy","Accuracy","Accuracy","Accuracy","Crippling Poison","Halt","Deflect+1","ReachHeaven","Capacitor","Buffer+1","Corpse Explosion","Sunder+1","WaveOfTheHand","Grand Finale","True Grit+1","Shockwave+1"],"relics":["PureWater","Mummified Hand","Strawberry","Pear","Runic Pyramid","Enchiridion","Boot"],"acts_visited":["Exordium","TheCity"],"potions_floor_usage":[],"damage_taken":[{"damage":4.0,"enemies":"2 Louse","floor":1.0,"turns":3.0},{"damage":14.0,"enemies":"Cultist","floor":2.0,"turns":4.0},{"damage":0.0,"enemies":"Small Slimes","floor":4.0,"turns":4.0},{"damage":18.0,"enemies":"2 Fungi Beasts","floor":5.0,"turns":4.0},{"damage":27.0,"enemies":"Lagavulin","floor":6.0,"turns":7.0},{"damage":9.0,"enemies":"3 Louse","floor":8.0,"turns":5.0},{"damage":11.0,"enemies":"Blue Slaver","floor":11.0,"turns":6.0},{"damage":8.0,"enemies":"Exordium Thugs","floor":13.0,"turns":5.0},{"damage":24.0,"enemies":"Gremlin Nob","floor":14.0,"turns":5.0},{"damage":0.0,"enemies":"Slime Boss","floor":16.0,"turns":10.0},{"damage":1.0,"enemies":"2 Thieves","floor":18.0,"turns":2.0},{"damage":0.0,"enemies":"Chosen","floor":21.0,"turns":7.0},{"damage":19,"enemies":"Snake Plant","floor":22,"turns":5},{"damage":32,"enemies":"Slavers","floor":24,"turns":5},{"damage":17,"enemies":"Cultist and Chosen","floor":25,"turns":4}],"seed_played":"-956745095108410897","potions_obtained":[{"floor":1.0,"key":"Fire Potion"},{"floor":4.0,"key":"DuplicationPotion"},{"floor":8.0,"key":"DuplicationPotion"},{"floor":14.0,"key":"Explosive Potion"},{"floor":16.0,"key":"Weak Potion"},{"floor":22,"key":"GamblersBrew"},{"floor":24,"key":"SneckoOil"}],"is_trial":false,"path_per_floor":["M","M","?","M","M","E","R","M","T","R","M","?","M","E","R","B",null,"M","?","?","M","M","R","E","M"],"character_chosen":"WATCHER","items_purchased":[],"campfire_rested":1,"item_purchase_floors":[],"current_hp_per_floor":[68,54,54,54,36,9,67,58,65,65,54,54,46,32,32,32,84,83,83,67,67,48,48,16,0,0],"gold":423,"neow_bonus":"","is_daily":true,"chose_seed":false,"campfire_upgraded":3,"win_rate":0.0,"timestamp":1610267160,"path_taken":["M","M","?","M","?","E","R","M","T","R","M","?","M","E","R","BOSS","M","?","?","M","M","R","E","M"],"items_purchased_type":[],"build_version":"2020-12-22","purchased_purges":0,"victory":false,"max_hp_per_floor":[72,72,72,72,72,72,67,67,74,74,74,74,74,84,84,84,84,84,84,84,84,84,84,84,84,84],"relic_stats":{"counters":[15,76],"Mummified Hand":[56],"Boot":[0],"obtain_stats":[{"Pear":14,"Mummified Hand":6,"Strawberry":9,"Enchiridion":20,"PureWater":0,"Boot":24,"Runic Pyramid":17},{"Pear":9,"Mummified Hand":5,"Strawberry":6,"Enchiridion":11,"PureWater":0,"Boot":14,"Runic Pyramid":10},{"Pear":43,"Mummified Hand":22,"Strawberry":27,"Enchiridion":55,"PureWater":0,"Boot":72,"Runic Pyramid":53}]},"card_choices":[{"not_picked":["Finisher","Flechettes","Clothesline"],"picked":"SKIP","floor":1.0},{"not_picked":["Poisoned Stab","Steam"],"picked":"Crippling Poison","floor":2.0},{"not_picked":["Underhanded Strike","Havoc","Fission"],"picked":"SKIP","floor":4.0},{"not_picked":["Sever Soul","Riddle With Holes"],"picked":"Halt","floor":5.0},{"not_picked":["Setup","SashWhip"],"picked":"Deflect","floor":6.0},{"not_picked":["SignatureMove","Wireheading"],"picked":"ReachHeaven","floor":8.0},{"not_picked":["Acrobatics","Twin Strike","Prostrate"],"picked":"SKIP","floor":11.0},{"not_picked":["Hemokinesis","Worship"],"picked":"Capacitor","floor":13.0},{"not_picked":["Coolheaded","Flechettes"],"picked":"Buffer","floor":14.0},{"not_picked":["Brilliance","Double Tap"],"picked":"Corpse Explosion","floor":16.0},{"not_picked":["Dagger Throw","FlyingSleeves"],"picked":"Sunder","floor":18.0},{"not_picked":["Cold Snap","Rip and Tear+1"],"picked":"True Grit+1","floor":21.0},{"not_picked":["Pray","Sword Boomerang","Twin Strike"],"picked":"SKIP","floor":22},{"not_picked":["EmptyBody+1","Scrape"],"picked":"Shockwave+1","floor":24}],"player_experience":812144,"relics_obtained":[{"floor":6.0,"key":"Mummified Hand"},{"floor":9.0,"key":"Strawberry"},{"floor":14.0,"key":"Pear"},{"floor":20.0,"key":"Enchiridion"},{"floor":24,"key":"Boot"}],"event_choices":[{"damage_healed":0.0,"max_hp_gain":0.0,"max_hp_loss":0.0,"gold_gain":0.0,"event_name":"Upgrade Shrine","player_choice":"Upgraded","floor":3.0,"gold_loss":0.0,"damage_taken":0.0,"cards_upgraded":["Vigilance"]},{"damage_healed":0.0,"max_hp_gain":0.0,"max_hp_loss":0.0,"gold_gain":0.0,"event_name":"betterThird:BetterGoop","player_choice":"Left","floor":12.0,"gold_loss":41.0,"damage_taken":0.0},{"damage_healed":0.0,"max_hp_gain":0.0,"max_hp_loss":0.0,"gold_gain":0.0,"cards_transformed":["Strike_P","Strike_P"],"event_name":"Drug Dealer","player_choice":"Became Test Subject","floor":19.0,"gold_loss":0.0,"damage_taken":0.0,"cards_obtained":["WaveOfTheHand","Grand Finale"]},{"damage_healed":0.0,"max_hp_gain":0.0,"max_hp_loss":0.0,"gold_gain":0.0,"event_name":"Cursed Tome","player_choice":"Obtained Book","floor":20.0,"gold_loss":0.0,"damage_taken":16.0}],"is_beta":false,"boss_relics":[{"not_picked":["Fusion Hammer","Velvet Choker"],"picked":"Runic Pyramid"}],"items_purged_floors":[],"is_endless":false,"potions_floor_spawned":[1,4,8,14,16,22,24],"killed_by":"Cultist and Chosen","ascension_level":0}}