{"host":"j52et761x96jb9xs","time":1610258775,"event":{"mods":["BaseMod","Downfall","Minty Spire (QoL Compilation)","StSLib"],"gold_per_floor":[99,99,99,99,99,111,156,65,82,7,18,3,103,117,130,231,231,231,247,262,329,379,398,470,470,470,470],"floor_reached":25,"playtime":1644,"items_purged":[],"score":193,"play_id":"bae320a4-e495-43a4-9fbd-5b1a99e75f0d","local_time":"20210110140615","is_ascension_mode":false,"campfire_choices":[{"floor":1,"key":"RECALL"},{"data":"Guardian:ExploitGems","floor":10,"key":"SMITH"},{"data":"Guardian:PolyBeam","floor":18,"key":"SMITH"}],"circlet_count":0,"master_deck":["Guardian:Strike_Guardian","Guardian:Strike_Guardian","Guardian:Strike_Guardian","Guardian:Defend_Guardian","Guardian:Defend_Guardian","Guardian:Defend_Guardian","Guardian:CurlUp","Guardian:TwinSlam","Guardian:DonusPower","Guardian:PolyBeam+1","Guardian:DecasProtection","Guardian:Preprogram","Guardian:ExploitGems+1","Guardian:SpikerProtocol","Guardian:Recover","Guardian:StasisField","Guardian:AncientConstruct","Guardian:TemporalShield+1","Guardian:Emergency","Guardian:Gem_Green","Guardian:Gem_Lightblue"],"relics":["Guardian:ModeShifter","downfall:HeartsMalice","MealTicket","downfall:HeartBlessingRed","downfall:CloakOfManyFaces","CultistMask","FaceOfCleric","NlothsMask","GremlinMask","SsserpentHead","Empty Cage"],"acts_visited":["Exordium","TheCity"],"potions_floor_usage":[13,16,21,23,25],"damage_taken":[{"damage":0,"enemies":"2 Louse","floor":2,"turns":1},{"damage":0,"enemies":"Cultist","floor":3,"turns":1},{"damage":0,"enemies":"Small Slimes","floor":5,"turns":1},{"damage":23,"enemies":"Gremlin Gang","floor":6,"turns":6},{"damage":4,"enemies":"downfall:FleeingMerchant","floor":8,"turns":4},{"damage":12,"enemies":"Blue Slaver","floor":9,"turns":4},{"damage":18,"enemies":"Exordium Thugs","floor":11,"turns":4},{"damage":0,"enemies":"downfall:FleeingMerchant","floor":12,"turns":4},{"damage":13,"enemies":"downfall:FaceTrader","floor":13,"turns":7},{"damage":8,"enemies":"Large Slime","floor":14,"turns":4},{"damage":4,"enemies":"2 Fungi Beasts","floor":15,"turns":3},{"damage":23,"enemies":"downfall:Ironclad","floor":16,"turns":9},{"damage":23,"enemies":"Spheric Guardian","floor":19,"turns":6},{"damage":6,"enemies":"3 Byrds","floor":20,"turns":3},{"damage":13,"enemies":"Centurion and Healer","floor":21,"turns":9},{"damage":10,"enemies":"3 Cultists","floor":23,"turns":5},{"damage":22,"enemies":"Gremlin Leader","floor":25,"turns":2}],"seed_played":"838505300435163499","potions_obtained":[{"floor":9,"key":"AttackPotion"},{"floor":11,"key":"BlessingOfTheForge"},{"floor":14,"key":"SteroidPotion"},{"floor":15,"key":"DistilledChaos"},{"floor":16,"key":"SpeedPotion"}],"is_trial":false,"path_per_floor":["R","M","M","?","M","M","T","$","M","R","M","$","?","M","M","B",null,"R","M","M","M","?","M","T","E"],"character_chosen":"GUARDIAN","items_purchased":["Guardian:SpikerProtocol"],"campfire_rested":0,"item_purchase_floors":[8],"current_hp_per_floor":[80,80,80,80,80,57,57,68,56,56,38,53,40,33,30,8,83,83,61,56,44,27,18,18,0,0,0],"gold":470,"neow_bonus":"THREE_ENEMY_KILL","is_daily":false,"chose_seed":false,"campfire_upgraded":2,"win_rate":0.0,"timestamp":1610258775,"path_taken":["R","M","M","?","?","M","T","$","M","R","M","$","?","M","M","BOSS","R","M","M","?","?","M","T","E"],"items_purchased_type":["Card"],"build_version":"2020-12-22","purchased_purges":0,"victory":false,"max_hp_per_floor":[80,80,80,80,80,80,80,80,80,80,80,80,80,81,82,83,83,83,84,85,86,91,92,92,92,92,92],"card_choices":[{"not_picked":["Guardian:PrimingBeam","Guardian:CrystalBeam"],"picked":"Guardian:DonusPower","floor":2},{"not_picked":["Guardian:TemporalStrike","Guardian:ChargeCore"],"picked":"Guardian:PolyBeam","floor":3},{"not_picked":["Guardian:GuardianWhirl","Guardian:PrimingBeam"],"picked":"Guardian:DecasProtection","floor":5},{"not_picked":["Guardian:BronzeOrb","Guardian:ShieldCharger"],"picked":"Guardian:Preprogram","floor":6},{"not_picked":["Guardian:Gem_Blue","Guardian:TimeCapacitor"],"picked":"Guardian:ExploitGems","floor":8},{"not_picked":["Guardian:WalkerClaw","Guardian:DonusPower","Guardian:PrimingBeam"],"picked":"SKIP","floor":9},{"not_picked":["Guardian:ChargeUp","Guardian:Planning","Guardian:CrystalBeam"],"picked":"SKIP","floor":11},{"not_picked":["Guardian:RollAttack","Guardian:Gem_Lightblue"],"picked":"Guardian:Gem_Purple","floor":12},{"not_picked":["Guardian:MultiBeam","Guardian:VentSteam"],"picked":"Guardian:Recover","floor":13},{"not_picked":["Guardian:Recover","Guardian:DecasProtection"],"picked":"Guardian:StasisField","floor":14},{"not_picked":["Guardian:TemporalStrike","Guardian:Incinerate"],"picked":"Guardian:Gem_Cyan","floor":15},{"not_picked":["Guardian:Gem_Orange","Guardian:StasisStrike"],"picked":"Guardian:AncientConstruct","floor":16},{"not_picked":["Guardian:PrimingBeam","Guardian:Preprogram"],"picked":"Guardian:TemporalShield+1","floor":19},{"not_picked":["Guardian:Incinerate","Guardian:SpikerProtocol"],"picked":"Guardian:Emergency","floor":20},{"not_picked":["Guardian:Gem_Cyan","Guardian:ShieldCharger"],"picked":"Guardian:Gem_Green","floor":21},{"not_picked":["Guardian:MultiBeam","Guardian:ChargeCore"],"picked":"Guardian:Gem_Lightblue","floor":23}],"player_experience":1433,"relics_obtained":[{"floor":7,"key":"MealTicket"},{"floor":13,"key":"downfall:CloakOfManyFaces"}],"event_choices":[],"is_beta":false,"boss_relics":[{"not_picked":["Runic Dome","SlaversCollar"],"picked":"Empty Cage"}],"items_purged_floors":[],"is_endless":false,"potions_floor_spawned":[9,11,14,15,16,19],"killed_by":"Gremlin Leader","ascension_level":0}}