{"host":"q9szs7qndgdlcq24","time":1610299258,"event":{"mods":["2.2 Compatiblity","AchievementEnabler","BaseMod","Bestiary","Colored Map","Colored Powertips","Dark Map","DeckTracker","Displayed Cursed Tome","Highlight Path","Minty Spire (QoL Compilation)","Random Character Button","StSLib","Unknown Chances"],"gold_per_floor":[110,126,137,149,149,149,174,199,199,199,214,238,254,288,288,413,413,426,447,196,237,258,258,183,183,229,248,272,272,16,35,35,154,217,232,232,253,253,58,58,58],"floor_reached":40,"playtime":2753,"items_purged":["Defend_B","Strike_B","Writhe"],"score":417,"play_id":"6d4d29c1-9727-4e57-a556-46d5c0d7f332","local_time":"20210110202058","is_ascension_mode":false,"campfire_choices":[{"data":"Barrage","floor":6,"key":"SMITH"},{"floor":15,"key":"REST"},{"data":"Barrage","floor":23,"key":"SMITH"},{"data":"Streamline","floor":25,"key":"SMITH"},{"data":"Streamline","floor":29,"key":"SMITH"},{"floor":32,"key":"REST"}],"circlet_count":0,"master_deck":["Strike_B","Strike_B","Defend_B","Defend_B","Defend_B","Zap","Dualcast","Rebound","Streamline+1","Barrage+1","Leap","Injury","Leap","Rebound+1","Creative AI","Redo","Leap","Thunder Strike","Ball Lightning","Barrage+1","Streamline+1","Echo Form","Ball Lightning","White Noise+1","FTL+1","Rebound+1","Melter","Leap+1","Aggregate"],"relics":["Cracked Core","Golden Idol","Odd Mushroom","Meat on the Bone","HornCleat","Runic Dome","Red Mask","Regal Pillow","Vajra","Tiny House"],"acts_visited":["Exordium","TheCity","TheBeyond"],"potions_floor_usage":[16,16,16,28,33,33,40],"damage_taken":[{"damage":7,"enemies":"Small Slimes","floor":1,"turns":3},{"damage":0,"enemies":"2 Louse","floor":2,"turns":3},{"damage":6,"enemies":"Jaw Worm","floor":3,"turns":2},{"damage":5,"enemies":"2 Fungi Beasts","floor":4,"turns":3},{"damage":28,"enemies":"The Mushroom Lair","floor":7,"turns":5},{"damage":10,"enemies":"Looter","floor":8,"turns":3},{"damage":1,"enemies":"3 Louse","floor":11,"turns":3},{"damage":14,"enemies":"Exordium Wildlife","floor":12,"turns":6},{"damage":0,"enemies":"2 Fungi Beasts","floor":13,"turns":4},{"damage":18,"enemies":"3 Sentries","floor":14,"turns":6},{"damage":26,"enemies":"Hexaghost","floor":16,"turns":9},{"damage":0,"enemies":"Spheric Guardian","floor":18,"turns":3},{"damage":1,"enemies":"Chosen","floor":19,"turns":4},{"damage":53,"enemies":"Masked Bandits","floor":21,"turns":6},{"damage":18,"enemies":"Snecko","floor":22,"turns":5},{"damage":1,"enemies":"Snake Plant","floor":27,"turns":3},{"damage":10,"enemies":"Sentry and Sphere","floor":28,"turns":4},{"damage":0,"enemies":"Centurion and Healer","floor":31,"turns":4},{"damage":44,"enemies":"Automaton","floor":33,"turns":8},{"damage":12,"enemies":"3 Shapes","floor":35,"turns":5},{"damage":71,"enemies":"3 Darklings","floor":37,"turns":7},{"damage":49,"enemies":"Writhing Mass","floor":40,"turns":4}],"seed_played":"-1641738358363940224","potions_obtained":[{"floor":3,"key":"PotionOfCapacity"},{"floor":7,"key":"SmokeBomb"},{"floor":11,"key":"BlessingOfTheForge"},{"floor":14,"key":"Energy Potion"},{"floor":19,"key":"AttackPotion"},{"floor":22,"key":"SkillPotion"},{"floor":28,"key":"Dexterity Potion"},{"floor":34,"key":"Weak Potion"},{"floor":35,"key":"Energy Potion"},{"floor":37,"key":"SteroidPotion"}],"is_trial":false,"path_per_floor":["M","M","M","M","?","R","?","M","T","?","M","M","M","E","R","B",null,"M","M","$","?","M","R","?","R","T","M","M","R","$","M","R","B",null,"M","?","M","?","$","M"],"character_chosen":"DEFECT","items_purchased":["Streamline","Echo Form","Vajra","Aggregate"],"campfire_rested":2,"item_purchase_floors":[20,20,30,39],"current_hp_per_floor":[75,75,69,64,64,64,36,26,26,53,52,50,50,44,68,42,82,82,81,81,40,34,34,34,34,34,45,47,47,47,47,82,50,87,75,87,28,28,28,0,0],"gold":58,"neow_bonus":"TEN_PERCENT_HP_BONUS","is_daily":false,"chose_seed":false,"campfire_upgraded":4,"win_rate":0.0,"timestamp":1610299258,"path_taken":["M","M","M","M","?","R","?","?","T","?","M","M","M","E","R","BOSS","M","M","$","?","M","R","?","R","T","M","M","R","$","M","R","BOSS","M","?","M","?","?","M"],"items_purchased_type":["Card","Card","Relic","Card"],"build_version":"2020-12-22","purchased_purges":3,"victory":false,"max_hp_per_floor":[82,82,82,82,82,82,82,82,82,82,82,82,82,82,82,82,82,82,82,82,82,82,82,82,82,82,82,82,82,82,82,82,82,87,87,87,87,87,87,87,87],"card_choices":[{"not_picked":["Coolheaded","Heatsinks"],"picked":"Rebound","floor":1},{"not_picked":["Cold Snap","Go for the Eyes"],"picked":"Streamline","floor":2},{"not_picked":["Auto Shields","Turbo"],"picked":"Barrage","floor":3},{"not_picked":["Storm","Glacier"],"picked":"Leap","floor":4},{"not_picked":["Go for the Eyes","Hologram"],"picked":"Leap","floor":7},{"not_picked":["Sweeping Beam","Chaos"],"picked":"Rebound","floor":8},{"not_picked":["Barrage","Capacitor"],"picked":"Creative AI","floor":11},{"not_picked":["Sweeping Beam","Darkness","Coolheaded"],"picked":"SKIP","floor":12},{"not_picked":["Sweeping Beam","Doom and Gloom"],"picked":"Redo","floor":13},{"not_picked":["Chill","Undo"],"picked":"Leap","floor":14},{"not_picked":["Amplify","Reboot"],"picked":"Thunder Strike","floor":16},{"not_picked":["Barrage","Redo"],"picked":"Ball Lightning","floor":18},{"not_picked":["Chill","Redo"],"picked":"Barrage","floor":19},{"not_picked":["Gash+1","Barrage"],"picked":"Ball Lightning","floor":21},{"not_picked":["Skim+1","Steam"],"picked":"White Noise+1","floor":22},{"not_picked":["Undo+1","Stack"],"picked":"FTL+1","floor":27},{"not_picked":["Cold Snap","Scrape"],"picked":"Rebound+1","floor":28},{"not_picked":["Buffer","Go for the Eyes"],"picked":"Leap+1","floor":31},{"not_picked":["Steam Power","Gash"],"picked":"Melter","floor":34},{"not_picked":["Auto Shields","Coolheaded"],"picked":"Leap+1","floor":35},{"not_picked":["Steam","Lockon","Cold Snap+1"],"picked":"SKIP","floor":37}],"player_experience":41097,"relics_obtained":[{"floor":7,"key":"Odd Mushroom"},{"floor":9,"key":"Meat on the Bone"},{"floor":14,"key":"HornCleat"},{"floor":21,"key":"Red Mask"},{"floor":26,"key":"Regal Pillow"}],"event_choices":[{"damage_healed":0,"gold_gain":0,"player_choice":"Take Wound","damage_taken":0,"relics_obtained":["Golden Idol"],"max_hp_gain":0,"max_hp_loss":0,"event_name":"Golden Idol","floor":5,"gold_loss":0,"cards_obtained":["Injury"]},{"damage_healed":0,"gold_gain":0,"player_choice":"Fought Mushrooms","damage_taken":0,"max_hp_gain":0,"max_hp_loss":0,"event_name":"Mushrooms","floor":7,"gold_loss":0},{"damage_healed":27,"gold_gain":0,"player_choice":"Banana","damage_taken":0,"max_hp_gain":0,"max_hp_loss":0,"event_name":"Big Fish","floor":10,"gold_loss":0},{"damage_healed":0,"gold_gain":0,"player_choice":"Fought Bandits","damage_taken":0,"max_hp_gain":0,"max_hp_loss":0,"event_name":"Masked Bandits","floor":21,"gold_loss":0},{"cards_removed":["Strike_B"],"damage_healed":0,"gold_gain":0,"player_choice":"Gave Gold","damage_taken":0,"max_hp_gain":0,"max_hp_loss":0,"event_name":"Beggar","floor":24,"gold_loss":75},{"damage_healed":22,"gold_gain":0,"player_choice":"Writhe","damage_taken":0,"max_hp_gain":0,"max_hp_loss":0,"event_name":"Winding Halls","floor":36,"gold_loss":0,"cards_obtained":["Writhe"]},{"cards_removed":["Leap"],"damage_healed":0,"gold_gain":0,"player_choice":"Removed Skill","damage_taken":0,"max_hp_gain":0,"max_hp_loss":0,"event_name":"Falling","floor":38,"gold_loss":0}],"is_beta":false,"boss_relics":[{"not_picked":["Fusion Hammer","Velvet Choker"],"picked":"Runic Dome"},{"not_picked":["Runic Pyramid","Coffee Dripper"],"picked":"Tiny House"}],"items_purged_floors":[20,30,39],"is_endless":false,"potions_floor_spawned":[3,7,11,14,16,19,22,28,35,37],"killed_by":"Writhing Mass","ascension_level":0}}