{"host":"25fn74ijs2305xd4","time":1610276846,"event":{"mods":["AchievementEnabler","BaseMod","Colored Map","Colored Powertips","Minty Spire (QoL Compilation)","Relic Stats","StSLib"],"gold_per_floor":[113,124,136,153,169,169,195,195,195,3,22,35,35,50,50,150,200,184,195,208,0,0,0],"floor_reached":22,"playtime":1232,"items_purged":[],"score":230,"play_id":"f30b2faf-245d-4bd2-bf1b-ac83c1f68055","local_time":"20210110120726","is_ascension_mode":true,"campfire_choices":[{"data":"Hologram","floor":6,"key":"SMITH"},{"data":"Power Through","floor":13,"key":"SMITH"},{"data":"Go for the Eyes","floor":15,"key":"SMITH"}],"circlet_count":0,"master_deck":["Strike_B","Strike_B","Strike_B","Strike_B","Defend_B","Defend_B+1","Defend_B","Defend_B","Zap","Dualcast","Gash","Gash","Hologram+1","Gash","Reinforced Body","Chill","Coolheaded","Zap","Go for the Eyes+1","Reprogram","Power Through+1","Good Instincts","Doppelganger","Protect","Calculated Gamble","Scrape"],"relics":["Cracked Core","Regal Pillow","Shuriken","PrismaticShard","Tiny House"],"acts_visited":["Exordium","TheCity"],"potions_floor_usage":[7,16,18,20],"damage_taken":[{"damage":0,"enemies":"2 Louse","floor":1,"turns":2},{"damage":0,"enemies":"Cultist","floor":2,"turns":3},{"damage":4,"enemies":"Jaw Worm","floor":3,"turns":2},{"damage":9,"enemies":"Red Slaver","floor":4,"turns":3},{"damage":0,"enemies":"Large Slime","floor":5,"turns":5},{"damage":12,"enemies":"Gremlin Nob","floor":7,"turns":5},{"damage":4,"enemies":"Exordium Wildlife","floor":11,"turns":3},{"damage":5,"enemies":"Looter","floor":12,"turns":3},{"damage":0,"enemies":"Lots of Slimes","floor":14,"turns":4},{"damage":22,"enemies":"Hexaghost","floor":16,"turns":9},{"damage":20,"enemies":"2 Thieves","floor":18,"turns":4},{"damage":15,"enemies":"3 Byrds","floor":19,"turns":9},{"damage":28,"enemies":"3 Cultists","floor":20,"turns":8},{"damage":4,"enemies":"Shelled Parasite and Fungi","floor":22,"turns":4}],"seed_played":"-2493642145212794780","potions_obtained":[{"floor":2,"key":"EssenceOfSteel"},{"floor":7,"key":"Dexterity Potion"},{"floor":12,"key":"FairyPotion"},{"floor":14,"key":"PowerPotion"},{"floor":17,"key":"ColorlessPotion"}],"is_trial":false,"path_per_floor":["M","M","M","M","M","R","E","?","T","$","M","M","R","M","R","B",null,"M","M","M","?","M"],"character_chosen":"DEFECT","items_purchased":["PrismaticShard","Go for the Eyes"],"campfire_rested":0,"item_purchase_floors":[10,10],"current_hp_per_floor":[75,75,71,62,62,62,50,50,50,50,46,41,41,41,41,19,80,60,45,17,17,13,13],"gold":0,"neow_bonus":"THREE_CARDS","is_daily":false,"chose_seed":false,"campfire_upgraded":3,"win_rate":0.0,"timestamp":1610276846,"path_taken":["M","M","M","M","M","R","E","?","T","$","M","?","R","M","R","BOSS","M","M","M","?","M"],"items_purchased_type":["Relic","Card"],"build_version":"2020-12-22","purchased_purges":0,"victory":false,"max_hp_per_floor":[75,75,75,75,75,75,75,75,75,75,75,75,75,75,75,75,80,80,80,80,80,80,80],"relic_stats":{"Regal Pillow":0,"counters":[14,64],"Shuriken":[12],"obtain_stats":[{"Regal Pillow":7,"Tiny House":17,"Shuriken":9,"Cracked Core":0,"PrismaticShard":10},{"Regal Pillow":6,"Tiny House":10,"Shuriken":6,"Cracked Core":0,"PrismaticShard":6},{"Regal Pillow":20,"Tiny House":39,"Shuriken":20,"Cracked Core":0,"PrismaticShard":20}]},"card_choices":[{"not_picked":["Sweeping Beam","Leap"],"picked":"Gash","floor":0},{"not_picked":["Rebound","Hologram"],"picked":"Gash","floor":1},{"not_picked":["BootSequence","Beam Cell"],"picked":"Hologram","floor":2},{"not_picked":["Rebound","Compile Driver"],"picked":"Gash","floor":3},{"not_picked":["Streamline","Thunder Strike"],"picked":"Reinforced Body","floor":4},{"not_picked":["Rebound","Stack"],"picked":"Chill","floor":5},{"not_picked":["Static Discharge","Ball Lightning"],"picked":"Coolheaded","floor":7},{"not_picked":["Outmaneuver","Flying Knee"],"picked":"Reprogram","floor":11},{"not_picked":["PathToVictory","Crippling Poison"],"picked":"Power Through","floor":12},{"not_picked":["Perfected Strike","Carnage"],"picked":"Good Instincts","floor":14},{"not_picked":["Thunder Strike","Buffer"],"picked":"Doppelganger","floor":16},{"not_picked":["Cold Snap","Reinforced Body"],"picked":"Protect","floor":17},{"not_picked":["SignatureMove","Ball Lightning+1","Sever Soul"],"picked":"SKIP","floor":18},{"not_picked":["Compile Driver+1","Wild Strike"],"picked":"Calculated Gamble","floor":19},{"not_picked":["Bane+1","Slice"],"picked":"Scrape","floor":20}],"player_experience":41099,"relics_obtained":[{"floor":7,"key":"Regal Pillow"},{"floor":9,"key":"Shuriken"}],"event_choices":[{"damage_healed":0,"gold_gain":0,"player_choice":"1 cards matched","damage_taken":0,"max_hp_gain":0,"max_hp_loss":0,"event_name":"Match and Keep!","floor":8,"gold_loss":0,"cards_obtained":["Zap"]},{"damage_healed":0,"gold_gain":0,"player_choice":"Paid Fearfully","damage_taken":0,"max_hp_gain":0,"max_hp_loss":0,"event_name":"Masked Bandits","floor":21,"gold_loss":208}],"is_beta":false,"boss_relics":[{"not_picked":["SacredBark","Runic Pyramid"],"picked":"Tiny House"}],"items_purged_floors":[],"is_endless":false,"potions_floor_spawned":[2,7,12,14],"killed_by":"Shelled Parasite and Fungi","ascension_level":4}}