{"host":"ty2cix8xj6r3ad26","time":1610311358,"event":{"mods":["AchievementEnabler","BaseMod","BetterRewards","Minty Spire (QoL Compilation)","StSLib","SuperFastMode","The Servant 0.9.4"],"gold_per_floor":[120,120,140,165,185,185,260,260,260,19,59,59,84,6,6,118,118,145,145,13,23,32,61,61,61,61,61,61,61,170,183,183,317,317,332,112,127,140,140,184,184,243,243,255,255,279,298,210,210,210,210,210,8,43,43],"floor_reached":56,"playtime":4530,"items_purged":["Strike_S","Defend_S","Defend_S","Strike_S","Strike_S","Strike_S"],"score":1791,"play_id":"b0a3048e-c1ab-461b-963c-33b318f3a521","local_time":"20210110224238","is_ascension_mode":false,"campfire_choices":[{"data":"PendulumOfEternity","floor":6,"key":"SMITH"},{"data":"GearUp","floor":8,"key":"SMITH"},{"data":"Starlight","floor":12,"key":"SMITH"},{"data":"KidneyShot","floor":15,"key":"SMITH"},{"data":"LightFlow","floor":24,"key":"SMITH"},{"data":"DoubleEdge","floor":27,"key":"SMITH"},{"data":"InstantArmor","floor":29,"key":"SMITH"},{"floor":32,"key":"REST"},{"floor":41,"key":"RECALL"},{"data":"Defend_S","floor":49,"key":"SMITH"},{"data":"Exchange","floor":52,"key":"SMITH"}],"circlet_count":0,"master_deck":["Defend_S+1","KidneyShot+1","Exchange+1","GearUp+1","InstantArmor+1","StarChef+1","PendulumOfEternity+1","SurpressingFire+1","Magnetism+1","Starlight+1","FlawlessForm+1","DoubleEdge+1","LightFlow+1","SilverBlades+1","Luminosity+1","FloweringNight+1","Dilation+1","SpecialFormula+1"],"relics":["SplendidAttire","Membership Card","Oddly Smooth Stone","Omamori","CeramicFish","Thread and Needle","Shuriken","Frozen Egg 2","Pocketwatch","Anchor","Toxic Egg 2","Mercury Hourglass","Lizard Tail","Bottled Flame","Calling Bell","Tiny Chest","Ornamental Fan","Bird Faced Urn","ClockworkSouvenir","Ancient Tea Set","Bottled Tornado","Unceasing Top","PreservedInsect","Vajra","Bronze Scales","Nunchaku"],"acts_visited":["Exordium","TheCity","TheBeyond","TheEnding"],"potions_floor_usage":[11,13,18,23,23,33,40,40,47,54,55,55,55],"damage_taken":[{"damage":0,"enemies":"Cultist","floor":1,"turns":5},{"damage":0,"enemies":"Small Slimes","floor":3,"turns":3},{"damage":0,"enemies":"Jaw Worm","floor":4,"turns":2},{"damage":0,"enemies":"Large Slime","floor":5,"turns":6},{"damage":0,"enemies":"Lagavulin","floor":11,"turns":7},{"damage":0,"enemies":"Lots of Slimes","floor":13,"turns":1},{"damage":0,"enemies":"Hexaghost","floor":16,"turns":7},{"damage":0,"enemies":"3 Byrds","floor":18,"turns":5},{"damage":0,"enemies":"Chosen","floor":21,"turns":5},{"damage":45,"enemies":"Slavers","floor":23,"turns":6},{"damage":0,"enemies":"Colosseum Slavers","floor":30,"turns":4},{"damage":0,"enemies":"Colosseum Nobs","floor":30,"turns":4},{"damage":14,"enemies":"Snake Plant","floor":31,"turns":4},{"damage":0,"enemies":"Automaton","floor":33,"turns":8},{"damage":0,"enemies":"Orb Walker","floor":35,"turns":3},{"damage":0,"enemies":"3 Shapes","floor":37,"turns":4},{"damage":0,"enemies":"Maw","floor":38,"turns":6},{"damage":4,"enemies":"Reptomancer","floor":40,"turns":5},{"damage":0,"enemies":"Mind Bloom Boss Battle","floor":42,"turns":4},{"damage":0,"enemies":"Jaw Worm Horde","floor":44,"turns":5},{"damage":0,"enemies":"4 Shapes","floor":47,"turns":5},{"damage":0,"enemies":"Donu and Deca","floor":50,"turns":7},{"damage":0,"enemies":"Shield and Spear","floor":54,"turns":4},{"damage":26,"enemies":"The Heart","floor":55,"turns":9}],"seed_played":"-5436693976378292452","potions_obtained":[{"floor":1,"key":"PowerPotion"},{"floor":13,"key":"EssenceOfSteel"},{"floor":16,"key":"Regen Potion"},{"floor":31,"key":"BlessingOfTheForge"},{"floor":33,"key":"LiquidMemories"},{"floor":37,"key":"AttackPotion"},{"floor":42,"key":"SpeedPotion"},{"floor":44,"key":"Swift Potion"},{"floor":47,"key":"Ancient Potion"},{"floor":54,"key":"Dexterity Potion"}],"is_trial":false,"path_per_floor":["M","?","M","M","M","R","?","R","T","$","E","R","M","$","R","B",null,"M","?","$","M","?","E","R","?","T","R","$","R","?","M","R","B",null,"M","$","M","M","?","E","R","?","T","M","?","T","M","$","R","B",null,"R","$","E","B",null],"character_chosen":"THE_SERVANT","items_purchased":["Membership Card","Oddly Smooth Stone","Omamori","CeramicFish","GearUp","BlessingOfTheForge","Explosive Potion","Frozen Egg 2","SurpressingFire+1","Magnetism+1","Anchor","LightFlow","ClockworkSouvenir","Ancient Tea Set","Bronze Scales","Strength Potion"],"campfire_rested":1,"item_purchase_floors":[0,0,0,0,0,0,0,10,10,10,14,20,36,36,53,53],"current_hp_per_floor":[34,34,34,34,34,34,23,23,23,23,23,23,23,23,23,23,65,65,65,65,65,65,29,29,29,29,29,29,29,29,15,34,34,65,65,65,65,65,65,61,61,65,65,65,65,65,65,65,65,65,65,65,65,65,45],"gold":43,"neow_bonus":"","is_daily":false,"chose_seed":false,"campfire_upgraded":9,"win_rate":0.0,"timestamp":1610311358,"path_taken":["M","?","M","?","M","R","?","R","T","$","E","R","M","?","R","BOSS","M","?","$","?","?","E","R","?","T","R","$","R","?","?","R","BOSS","M","$","M","M","?","E","R","?","T","M","?","?","?","$","R","BOSS","R","$","E","BOSS"],"items_purchased_type":["Relic","Relic","Relic","Relic","Card","Potion","Potion","Relic","Card","Card","Relic","Card","Relic","Relic","Relic","Potion"],"build_version":"2020-12-22","purchased_purges":6,"victory":true,"max_hp_per_floor":[65,65,65,65,65,65,65,65,65,65,65,65,65,65,65,65,65,65,65,65,65,65,65,65,65,65,65,65,65,65,65,65,65,65,65,65,65,65,65,65,65,65,65,65,65,65,65,65,65,65,65,65,65,65,65],"card_choices":[{"not_picked":["ShatteredReality","Replace"],"picked":"InstantArmor","floor":1},{"not_picked":["Replace","Ricochet","Rewind"],"picked":"SKIP","floor":3},{"not_picked":["TimeWarp","Unruled"],"picked":"StarChef","floor":4},{"not_picked":["Sabotage","MoonPhase"],"picked":"PendulumOfEternity","floor":5},{"not_picked":["StarChef+1","Hightail"],"picked":"Starlight","floor":11},{"not_picked":["Replace","Rewind"],"picked":"BottledTime","floor":13},{"not_picked":["Dilation","SoulSculpture"],"picked":"FlawlessForm+1","floor":16},{"not_picked":["FanOfKnives","Read+1"],"picked":"DoubleEdge","floor":18},{"not_picked":["TimeWarp+1","ShatteredReality","Misdirection"],"picked":"SKIP","floor":21},{"not_picked":["SilverBlades+1","MoonPhase+1","DualDimension+1"],"picked":"SKIP","floor":23},{"not_picked":["Starlight","Ricochet+1"],"picked":"Luminosity+1","floor":30},{"not_picked":["Gouge","Rearm+1","Luminosity+1"],"picked":"SKIP","floor":31},{"not_picked":["KillingDoll","LightFlow"],"picked":"FloweringNight+1","floor":33},{"not_picked":["BestPractice+1","Starlight+1","Defy+1"],"picked":"SKIP","floor":35},{"not_picked":["Potential","Spin","Unruled+1"],"picked":"SKIP","floor":37},{"not_picked":["StarChef+1","Rearm+1","DoubleEdge"],"picked":"SKIP","floor":38},{"not_picked":["Starlight+1","Snipe+1"],"picked":"Dilation+1","floor":40},{"not_picked":["Spin+1","BestPractice+1"],"picked":"SpecialFormula+1","floor":42},{"not_picked":["Rewind+1","Sabotage+1","FastForward+1"],"picked":"SKIP","floor":44},{"not_picked":["Spin","TimeWarp","Deny+1"],"picked":"SKIP","floor":47},{"not_picked":["Contraction+1","FastForward+1","Potential"],"picked":"SKIP","floor":54}],"player_experience":467446,"relics_obtained":[{"floor":9,"key":"Shuriken"},{"floor":11,"key":"Pocketwatch"},{"floor":23,"key":"Toxic Egg 2"},{"floor":26,"key":"Mercury Hourglass"},{"floor":30,"key":"Lizard Tail"},{"floor":30,"key":"Bottled Flame"},{"floor":34,"key":"Tiny Chest"},{"floor":34,"key":"Ornamental Fan"},{"floor":34,"key":"Bird Faced Urn"},{"floor":40,"key":"Bottled Tornado"},{"floor":42,"key":"Unceasing Top"},{"floor":43,"key":"PreservedInsect"},{"floor":54,"key":"Nunchaku"}],"event_choices":[{"cards_removed":["Defend_S"],"damage_healed":0,"gold_gain":0,"player_choice":"Purged","damage_taken":0,"max_hp_gain":0,"max_hp_loss":0,"event_name":"Purifier","floor":2,"gold_loss":0},{"damage_healed":0,"gold_gain":75,"player_choice":"Gather Gold","damage_taken":11,"max_hp_gain":0,"max_hp_loss":0,"event_name":"World of Goop","floor":7,"gold_loss":0},{"damage_healed":0,"gold_gain":0,"player_choice":"Upgraded","damage_taken":0,"max_hp_gain":0,"max_hp_loss":0,"event_name":"Upgrade Shrine","floor":19,"gold_loss":0,"cards_upgraded":["StarChef"]},{"damage_healed":0,"gold_gain":0,"player_choice":"Read","damage_taken":0,"max_hp_gain":0,"max_hp_loss":0,"event_name":"The Library","floor":22,"gold_loss":0,"cards_obtained":["SilverBlades"]},{"damage_healed":0,"gold_gain":0,"player_choice":"Ignored","damage_taken":0,"max_hp_gain":0,"max_hp_loss":0,"event_name":"Cursed Tome","floor":25,"gold_loss":0},{"damage_healed":0,"gold_gain":0,"player_choice":"Fight","damage_taken":0,"max_hp_gain":0,"max_hp_loss":0,"event_name":"Colosseum","floor":30,"gold_loss":0},{"damage_healed":0,"gold_gain":0,"player_choice":"Fought Nobs","damage_taken":0,"max_hp_gain":0,"max_hp_loss":0,"event_name":"Colosseum","floor":30,"gold_loss":0},{"damage_healed":0,"gold_gain":0,"player_choice":"Ignored","damage_taken":0,"max_hp_gain":0,"max_hp_loss":0,"event_name":"Tomb of Lord Red Mask","floor":39,"gold_loss":0},{"damage_healed":0,"gold_gain":0,"player_choice":"Fight","damage_taken":0,"max_hp_gain":0,"max_hp_loss":0,"event_name":"MindBloom","floor":42,"gold_loss":0},{"cards_removed":["BottledTime"],"damage_healed":0,"gold_gain":0,"player_choice":"Gave Card","damage_taken":0,"relics_obtained":["Vajra"],"max_hp_gain":0,"max_hp_loss":0,"event_name":"WeMeetAgain","floor":45,"gold_loss":0}],"is_beta":false,"boss_relics":[{"not_picked":["StoneMask","MysterySword"],"picked":"SplendidAttire"},{"not_picked":["Pandora\u0027s Box","Snecko Eye"],"picked":"Calling Bell"}],"items_purged_floors":[0,0,20,36,48,53],"is_endless":false,"potions_floor_spawned":[1,4,5,13,16,31,33,37,42,44,47,54],"ascension_level":0}}