{"host":"lscclmekr4yt2ohr","time":1610302136,"event":{"mods":["BaseMod","Better Debug","Minty Spire (QoL Compilation)","StSLib","The Hydrologist"],"gold_per_floor":[118,131,142,142,74,74,91,23,23,38,63,121,121,121],"floor_reached":13,"playtime":2208,"items_purged":[],"score":85,"play_id":"b4b709b1-2037-43d6-9ebf-9ce5a4e6bdec","local_time":"20210110190856","is_ascension_mode":false,"campfire_choices":[{"data":"hydrologistmod:ScaldingGeyser","floor":6,"key":"SMITH"}],"circlet_count":0,"master_deck":["hydrologistmod:Strike_Hydrologist","hydrologistmod:Strike_Hydrologist","hydrologistmod:Strike_Hydrologist","hydrologistmod:FrostWhip","hydrologistmod:Hydraulics","hydrologistmod:Defend_Hydrologist","hydrologistmod:Defend_Hydrologist","hydrologistmod:Defend_Hydrologist","hydrologistmod:UnstableDefend","hydrologistmod:UnstableDefend","hydrologistmod:HeatBlast","hydrologistmod:TidalWave","hydrologistmod:Hail","hydrologistmod:ScaldingGeyser+1","hydrologistmod:JetPropulsion","hydrologistmod:DeepFreeze","hydrologistmod:SearingSynthesis"],"relics":["hydrologistmod:WaterPouch","Centennial Puzzle","Matryoshka","Anchor"],"acts_visited":["Exordium"],"potions_floor_usage":[13,13],"damage_taken":[{"damage":5,"enemies":"Cultist","floor":1,"turns":4},{"damage":12,"enemies":"Small Slimes","floor":2,"turns":7},{"damage":0,"enemies":"Jaw Worm","floor":3,"turns":6},{"damage":7,"enemies":"Large Slime","floor":7,"turns":3},{"damage":4,"enemies":"3 Louse","floor":10,"turns":6},{"damage":31,"enemies":"Gremlin Nob","floor":11,"turns":5},{"damage":23,"enemies":"Lagavulin Event","floor":12,"turns":5},{"damage":11,"enemies":"Lagavulin","floor":13,"turns":2}],"seed_played":"8735081722614612833","potions_obtained":[{"floor":1,"key":"hydrologistmod:FilteredWater"},{"floor":3,"key":"EssenceOfSteel"},{"floor":12,"key":"Explosive Potion"}],"is_trial":false,"path_per_floor":["M","M","M","?","$","R","M","$","T","M","E","?","E"],"character_chosen":"HYDROLOGIST_CLASS","items_purchased":["hydrologistmod:ScaldingGeyser","hydrologistmod:DeepFreeze"],"campfire_rested":0,"item_purchase_floors":[5,8],"current_hp_per_floor":[79,67,67,67,67,67,60,60,60,56,25,2,0,0],"gold":121,"neow_bonus":"TEN_PERCENT_HP_BONUS","is_daily":false,"chose_seed":false,"campfire_upgraded":1,"win_rate":0.0,"timestamp":1610302136,"path_taken":["M","M","?","?","$","R","M","?","T","M","E","?","E"],"items_purchased_type":["Card","Card"],"build_version":"2020-12-22","purchased_purges":0,"victory":false,"max_hp_per_floor":[84,84,84,84,84,84,84,84,84,84,84,84,84,84],"card_choices":[{"not_picked":["hydrologistmod:BlockOfIce","hydrologistmod:Liquidation"],"picked":"hydrologistmod:HeatBlast","floor":1},{"not_picked":["hydrologistmod:Upstream","hydrologistmod:PressureCycle"],"picked":"hydrologistmod:TidalWave","floor":2},{"not_picked":["hydrologistmod:ResonantCrystal","hydrologistmod:FrozenDomain"],"picked":"hydrologistmod:Hail","floor":3},{"not_picked":["hydrologistmod:HighTide","hydrologistmod:LayeredShell"],"picked":"hydrologistmod:JetPropulsion","floor":7},{"not_picked":["hydrologistmod:TidalWave","hydrologistmod:GlacialSynthesis","hydrologistmod:ViscousShell"],"picked":"SKIP","floor":10},{"not_picked":["hydrologistmod:SoggySynthesis","hydrologistmod:Crystallization"],"picked":"hydrologistmod:SearingSynthesis","floor":11}],"player_experience":511,"relics_obtained":[{"floor":9,"key":"Centennial Puzzle"},{"floor":11,"key":"Matryoshka"},{"floor":12,"key":"Anchor"}],"event_choices":[{"damage_healed":0,"gold_gain":0,"player_choice":"Ignored","damage_taken":0,"max_hp_gain":0,"max_hp_loss":0,"event_name":"Golden Wing","floor":4,"gold_loss":0},{"damage_healed":0,"gold_gain":0,"player_choice":"Searched \u00271\u0027 times","damage_taken":0,"max_hp_gain":0,"max_hp_loss":0,"event_name":"Dead Adventurer","floor":12,"gold_loss":0}],"is_beta":false,"boss_relics":[],"items_purged_floors":[],"is_endless":false,"potions_floor_spawned":[1,3,12],"killed_by":"Lagavulin","ascension_level":0}}