{"host":"dfyfjscm69glluav","time":1610256345,"event":{"mods":["BaseMod","Marisa£¨Ùöéë¡¡Øª×âÞÞ£©","Minty Spire (QoL Compilation)","Replay The Spire","StSLib","The Cursed","The Hierophant","The Runesmith"],"gold_per_floor":[118,8765,8783,8783,8802,8842,8842,8842,8842,8913,8145,8195,8230,8280,8280,8378,8378,8398,7601,7626,6710,6727,6727,6759,6759,6759,6777,6850,6888,6878,6928,6928,7038,7038,7066,7091,6459,6485,6535,6604,6604,6641,6641,6641,6663,5836,5886,5936,5936,5938],"floor_reached":51,"playtime":2514,"items_purged":["Strike_R","Combust+1","Strike_R","Defend_R","Languid","Strike_R"],"score":1029,"play_id":"5493fe10-1529-4c55-88d8-b7b4538ff3c9","local_time":"20210110142545","is_ascension_mode":true,"campfire_choices":[{"data":"Armaments","floor":8,"key":"SMITH"},{"data":"Entrench","floor":15,"key":"SMITH"},{"data":"Body Slam","floor":23,"key":"SMITH"},{"data":"Panacea","floor":25,"key":"SMITH"},{"floor":32,"key":"REST"},{"data":"ReplayReversal","floor":41,"key":"SMITH"},{"data":"Exhume","floor":44,"key":"SMITH"},{"data":"Apotheosis","floor":49,"key":"SMITH"}],"circlet_count":0,"master_deck":["Strike_R","Defend_R","Defend_R","Bash","Defy Death+1","Mayhem+1","Armaments+1","Panache+1","Specialist+1","Finesse+1","Barricade+1","ReplayTheSpireMod:Stacked+1","Entrench+1","Fire Breathing+1","Reaper","Metallicize+1","Shrug It Off","Berserk+1","Exhume+1","Panacea+1","Body Slam+1","Dark Embrace+1","Ghostly Armor","Impervious","Dark Embrace+1","ReplayReversal+1","Inflame+1","ReplayReversal+1","Apotheosis+1","Panacea","Metallicize+1","Voices"],"relics":["ReplayTheSpireMod:DimensionalGlitch","Frozen Egg 2","Thread and Needle","ReplayTheSpireMod:ShopPack","Replay:Bandana","Strawberry","SsserpentHead","Chameleon Ring","Replay:Ringing Soul","Sundial","Guide Book","Darkstone Periapt","Replay:Baseball","Sozu","Peace Pipe","MealTicket","Strange Spoon","Iron Hammer","Blood Vial","ReplayTheSpireMod:Ninjato","Gremlin Horn","Ice Cream","Dream Catcher","Red Skull","Boot","Sling","Replay:WaspNest","Onion Ring","Calipers","Juzu Bracelet","ReplayTheSpireMod:Spearhead","ReplayTheSpireMod:Ring of Exchange","Ring of Chaos"],"acts_visited":["Exordium","TheCity","TheBeyond"],"potions_floor_usage":[6,13,16,16],"damage_taken":[{"damage":12.0,"enemies":"2 Louse","floor":1.0,"turns":2.0},{"damage":4,"enemies":"Cultist","floor":3,"turns":3},{"damage":9,"enemies":"Small Slimes","floor":5,"turns":4},{"damage":6,"enemies":"3 Sentries","floor":6,"turns":10},{"damage":0,"enemies":"2 Fungi Beasts","floor":10,"turns":6},{"damage":0,"enemies":"Gremlin Nob","floor":13,"turns":4},{"damage":14,"enemies":"The Guardian","floor":16,"turns":12},{"damage":0,"enemies":"Chosen","floor":18,"turns":7},{"damage":0,"enemies":"3 Byrds","floor":20,"turns":5},{"damage":0,"enemies":"3 Cultists","floor":22,"turns":8},{"damage":40,"enemies":"Slavers","floor":24,"turns":6},{"damage":0,"enemies":"Cultist and Chosen","floor":27,"turns":6},{"damage":16,"enemies":"Snake Plant","floor":28,"turns":5},{"damage":4,"enemies":"Gremlin Leader","floor":29,"turns":6},{"damage":20,"enemies":"Pondfish","floor":33,"turns":9},{"damage":6,"enemies":"Orb Walker","floor":35,"turns":6},{"damage":9,"enemies":"3 Darklings","floor":36,"turns":5},{"damage":65,"enemies":"Writhing Mass","floor":38,"turns":5},{"damage":8,"enemies":"R_Hoarder","floor":40,"turns":8},{"damage":31,"enemies":"Nemesis","floor":42,"turns":8},{"damage":0,"enemies":"Maw","floor":45,"turns":5},{"damage":0,"enemies":"Replay:Hell Engine","floor":50,"turns":8}],"seed_played":"-2268911258894543141","potions_obtained":[{"floor":5,"key":"Dexterity Potion"},{"floor":13,"key":"Swift Potion"},{"floor":16,"key":"BloodPotion"}],"is_trial":false,"path_per_floor":["M","$","M","?","M","E","?","R","T","M","$","T","E","?","R","B",null,"M","$","M","$","M","R","E","R","T","M","M","E","?","?","R","B",null,"M","M","$","M","?","E","R","E","T","R","M","$","?","?","R","B",null],"character_chosen":"IRONCLAD","items_purchased":["Defy Death+1","Frozen Egg 2","Thread and Needle","ReplayTheSpireMod:ShopPack","PowerPotion","Strength Potion","Ancient Potion","Mayhem+1","Combust+1","Armaments","Replay:Ringing Soul","Sundial","Armaments","Guide Book","Peace Pipe","MealTicket","Strange Spoon","Metallicize+1","Berserk+1","Exhume","Panacea","Iron Hammer","Blood Vial","Red Skull","Boot","Sling","Apotheosis","Panacea","Metallicize+1","Juzu Bracelet","ReplayTheSpireMod:Spearhead"],"campfire_rested":1,"item_purchase_floors":[2,2,2,2,2,2,2,2,2,2,11,11,11,11,19,19,19,19,21,21,21,21,21,37,37,37,46,46,46,46,46],"current_hp_per_floor":[68,68,64,52,43,44,44,44,44,44,47,47,50,50,50,39,96,96,99,102,105,108,108,78,78,78,84,74,84,84,93,126,117,126,125,122,129,71,71,75,75,57,57,57,66,84,84,93,93,106],"gold":5938,"neow_bonus":"BOSS_RELIC","is_daily":false,"chose_seed":false,"campfire_upgraded":7,"win_rate":0.0,"timestamp":1610256345,"path_taken":["M","$","M","?","M","E","?","R","T","?","$","?","E","?","R","BOSS","M","$","M","$","M","R","E","R","T","M","?","E","?","?","R","BOSS","M","M","$","M","?","E","R","E","T","R","M","$","?","?","R","BOSS"],"items_purchased_type":["Card","Relic","Relic","Relic","Potion","Potion","Potion","Card","Card","Card","Relic","Relic","Card","Relic","Relic","Relic","Relic","Card","Card","Card","Card","Relic","Relic","Relic","Relic","Relic","Card","Card","Card","Relic","Relic"],"build_version":"2020-12-22","purchased_purges":6,"victory":true,"max_hp_per_floor":[80,80,80,80,80,87,87,87,87,87,90,90,93,93,93,96,96,96,99,102,105,108,108,111,111,111,111,114,117,117,126,126,126,126,129,129,129,132,132,135,135,135,135,135,138,141,141,150,150,150],"card_choices":[{"not_picked":["Headbutt","Life Link","Warcry"],"picked":"SKIP","floor":1.0},{"not_picked":["ReplayTheSpireMod:Brewmster","Metamorphosis"],"picked":"Panache","floor":2},{"not_picked":["PanicButton","Dark Shackles"],"picked":"Specialist","floor":2},{"not_picked":["Swift Strike","Good Instincts"],"picked":"Finesse","floor":2},{"not_picked":["Feel No Pain+1","Shrug It Off"],"picked":"Barricade+1","floor":3},{"not_picked":["True Grit","Flex"],"picked":"ReplayTheSpireMod:Stacked","floor":5},{"not_picked":["Warcry","Massacre","Abandon"],"picked":"SKIP","floor":6},{"not_picked":["Havoc","True Grit"],"picked":"Entrench","floor":10},{"not_picked":["ReplayTheSpireMod:LeadingStrike","ReplayTheSpireMod:Strike From Hell"],"picked":"Fire Breathing+1","floor":13},{"not_picked":["Feed","Immolate"],"picked":"Reaper","floor":16},{"not_picked":["Perfected Strike","True Grit","ReplayTheSpireMod:Strike From Hell+1"],"picked":"SKIP","floor":18},{"not_picked":["Anger+1","Dropkick+1"],"picked":"Shrug It Off","floor":20},{"not_picked":["Perfected Strike","Metallicize+1"],"picked":"Body Slam","floor":22},{"not_picked":["Rupture+1","True Grit+1"],"picked":"Dark Embrace+1","floor":24},{"not_picked":["Run Through+1","Double Tap","Infernal Blade+1"],"picked":"SKIP","floor":27},{"not_picked":["Perfected Strike","Second Wind"],"picked":"Ghostly Armor","floor":28},{"not_picked":["Sever Soul","Hemokinesis"],"picked":"Impervious","floor":29},{"not_picked":["Pommel Strike+1","Flame Barrier"],"picked":"Dark Embrace+1","floor":35},{"not_picked":["Dropkick","True Grit","Shrug It Off+1"],"picked":"SKIP","floor":36},{"not_picked":["Thunderclap+1","Rupture+1"],"picked":"ReplayReversal","floor":38},{"not_picked":["Heavy Blade+1","Dropkick+1"],"picked":"Inflame+1","floor":40},{"not_picked":["Sever Soul+1","Thunderclap+1","Havoc"],"picked":"SKIP","floor":42},{"not_picked":["Rampage+1","Searing Blow"],"picked":"ReplayReversal+1","floor":45}],"player_experience":152905,"relics_obtained":[{"floor":6,"key":"Strawberry"},{"floor":9,"key":"Chameleon Ring"},{"floor":12,"key":"Darkstone Periapt"},{"floor":13,"key":"Replay:Baseball"},{"floor":24,"key":"ReplayTheSpireMod:Ninjato"},{"floor":26,"key":"Gremlin Horn"},{"floor":29,"key":"Ice Cream"},{"floor":40,"key":"Replay:WaspNest"},{"floor":42,"key":"Onion Ring"},{"floor":43,"key":"Calipers"},{"floor":48,"key":"ReplayTheSpireMod:Ring of Exchange"},{"floor":48,"key":"Ring of Chaos"}],"event_choices":[{"damage_healed":0,"gold_gain":0,"player_choice":"Success","damage_taken":12,"relics_obtained":["Replay:Bandana"],"max_hp_gain":0,"max_hp_loss":0,"event_name":"Scrap Ooze","floor":4,"gold_loss":0},{"damage_healed":0,"gold_gain":0,"player_choice":"Trade","damage_taken":0,"relics_obtained":["SsserpentHead"],"max_hp_gain":0,"max_hp_loss":0,"event_name":"FaceTrader","floor":7,"gold_loss":0},{"cards_removed":["Strike_R"],"damage_healed":0,"gold_gain":0,"player_choice":"Purged","damage_taken":0,"max_hp_gain":0,"max_hp_loss":0,"event_name":"Purifier","floor":14,"gold_loss":0},{"cards_removed":["Armaments"],"damage_healed":0,"gold_gain":0,"player_choice":"Removed Skill","damage_taken":0,"max_hp_gain":0,"max_hp_loss":0,"event_name":"Falling","floor":39,"gold_loss":0},{"cards_removed":["Defend_R"],"damage_healed":0,"gold_gain":0,"player_choice":"Purged","damage_taken":0,"max_hp_gain":0,"max_hp_loss":0,"event_name":"Purifier","floor":47,"gold_loss":0}],"is_beta":false,"boss_relics":[{"not_picked":["Electric Blood","Runic Cube"],"picked":"Sozu"},{"not_picked":["Snecko Eye","Runesmith:UraniumAnvil","Mark of Pain"]}],"items_purged_floors":[2,11,19,21,37,46],"is_endless":false,"potions_floor_spawned":[5,13,16,18,22,27,28,33,36,38,42],"ascension_level":2}}