{"host":"c97twqu0op5dg8i4","time":1610259041,"event":{"mods":["BaseMod","Minty Spire (QoL Compilation)","Permanent Neow"],"gold_per_floor":[366,366,366,366,58,58,69,69,95,107,107,124,151,6,6,106,106,120,120,120,120,0,0,25,56,104,118,137,137,21,21,21],"floor_reached":31,"playtime":444,"items_purged":[],"score":374,"play_id":"b3e51646-29ce-46b2-b64e-5f449c1377a5","local_time":"20210110011041","is_ascension_mode":true,"campfire_choices":[{"data":"Storm","floor":6,"key":"SMITH"},{"data":"Static Discharge","floor":8,"key":"SMITH"},{"data":"Lockon","floor":15,"key":"SMITH"},{"data":"Machine Learning","floor":23,"key":"SMITH"}],"circlet_count":0,"master_deck":["Strike_B+1","Strike_B+1","Defend_B","Defend_B","Defend_B","Defend_B","Zap","Dualcast","Static Discharge+1","Static Discharge","Storm+1","Doom and Gloom","Lockon+1","Tempest","Leap","Lockon","Machine Learning+1","Beam Cell+1","Conserve Battery+1","Ball Lightning","Coolheaded"],"relics":["Cracked Core","Lantern","Vajra","Letter Opener","Pear","Membership Card","Philosopher\u0027s Stone","Blue Candle","MutagenicStrength","Art of War","Darkstone Periapt","Bag of Marbles","Blood Vial"],"acts_visited":["Exordium","TheCity"],"potions_floor_usage":[13,25,28],"damage_taken":[{"damage":2,"enemies":"Jaw Worm","floor":1,"turns":3},{"damage":0,"enemies":"2 Louse","floor":7,"turns":3},{"damage":6,"enemies":"Cultist","floor":10,"turns":2},{"damage":13,"enemies":"Large Slime","floor":12,"turns":3},{"damage":4,"enemies":"Gremlin Nob","floor":13,"turns":3},{"damage":0,"enemies":"Slime Boss","floor":16,"turns":5},{"damage":12,"enemies":"Spheric Guardian","floor":18,"turns":3},{"damage":35,"enemies":"Book of Stabbing","floor":25,"turns":4},{"damage":23,"enemies":"Shell Parasite","floor":27,"turns":3},{"damage":0,"enemies":"Snecko","floor":28,"turns":3},{"damage":9,"enemies":"Snake Plant","floor":31,"turns":2}],"seed_played":"9138299899962821501","potions_obtained":[{"floor":10,"key":"FearPotion"},{"floor":12,"key":"Block Potion"},{"floor":16,"key":"GamblersBrew"},{"floor":18,"key":"ColorlessPotion"},{"floor":27,"key":"Energy Potion"}],"is_trial":false,"path_per_floor":["M","?","?","?","$","R","M","R","T","M","?","M","E","$","R","B",null,"M","?","T","?","?","R","T","E","T","M","M","?","$","M"],"character_chosen":"DEFECT","items_purchased":["Storm","Doom and Gloom","Lantern","Membership Card","Blood Vial","Ball Lightning","Coolheaded"],"campfire_rested":0,"item_purchase_floors":[5,5,5,14,30,30,30],"current_hp_per_floor":[66,52,57,57,57,57,57,57,57,51,48,35,41,41,41,41,73,61,61,61,61,61,61,61,26,26,3,3,3,3,0,0],"gold":21,"neow_bonus":"TWO_FIFTY_GOLD","is_daily":false,"chose_seed":false,"campfire_upgraded":4,"win_rate":0.0,"timestamp":1610259041,"path_taken":["M","?","?","?","$","R","?","R","T","M","?","M","E","$","R","BOSS","M","?","?","?","?","R","?","E","T","M","M","?","$","M"],"items_purchased_type":["Card","Card","Relic","Relic","Relic","Card","Card"],"build_version":"2020-12-22","purchased_purges":0,"victory":false,"max_hp_per_floor":[68,68,73,73,73,73,73,73,73,73,73,73,83,83,83,83,83,83,83,83,83,83,83,83,83,83,83,83,83,83,83,83],"card_choices":[{"not_picked":["Streamline","Gash"],"picked":"Static Discharge","floor":1},{"not_picked":["Stack","Steam Power"],"picked":"Lockon","floor":7},{"not_picked":["Force Field","Reprogram"],"picked":"Tempest","floor":10},{"not_picked":["Sweeping Beam","Darkness"],"picked":"Leap","floor":12},{"not_picked":["Chill","Multi-Cast"],"picked":"Lockon","floor":13},{"not_picked":["Seek","Multi-Cast"],"picked":"Machine Learning","floor":16},{"not_picked":["Scrape","Aggregate"],"picked":"Beam Cell+1","floor":18},{"not_picked":["Scrape","Sunder"],"picked":"Conserve Battery+1","floor":25},{"not_picked":["Barrage","Gash","Turbo"],"picked":"SKIP","floor":27},{"not_picked":["Turbo","Steam","White Noise"],"picked":"SKIP","floor":28}],"player_experience":282450,"relics_obtained":[{"floor":9,"key":"Vajra"},{"floor":13,"key":"Pear"},{"floor":20,"key":"Blue Candle"},{"floor":24,"key":"Art of War"},{"floor":25,"key":"Darkstone Periapt"},{"floor":26,"key":"Bag of Marbles"}],"event_choices":[{"damage_healed":0,"gold_gain":0,"player_choice":"Entered Light","damage_taken":14,"max_hp_gain":0,"max_hp_loss":0,"event_name":"Shining Light","floor":2,"gold_loss":0,"cards_upgraded":["Strike_B","Strike_B"]},{"damage_healed":0,"gold_gain":0,"player_choice":"Donut","damage_taken":0,"max_hp_gain":5,"max_hp_loss":0,"event_name":"Big Fish","floor":3,"gold_loss":0},{"damage_healed":0,"gold_gain":0,"cards_transformed":["Strike_B"],"player_choice":"Transformed","damage_taken":0,"max_hp_gain":0,"max_hp_loss":0,"event_name":"Transmorgrifier","floor":4,"gold_loss":0,"cards_obtained":["Static Discharge"]},{"damage_healed":0,"gold_gain":0,"player_choice":"Success","damage_taken":3,"relics_obtained":["Letter Opener"],"max_hp_gain":0,"max_hp_loss":0,"event_name":"Scrap Ooze","floor":11,"gold_loss":0},{"cards_removed":["Strike_B"],"damage_healed":0,"gold_gain":0,"player_choice":"Elegance","damage_taken":0,"max_hp_gain":0,"max_hp_loss":0,"event_name":"Back to Basics","floor":19,"gold_loss":0},{"damage_healed":0,"gold_gain":0,"player_choice":"Inject Mutagens","damage_taken":0,"relics_obtained":["MutagenicStrength"],"max_hp_gain":0,"max_hp_loss":0,"event_name":"Drug Dealer","floor":21,"gold_loss":0},{"damage_healed":0,"gold_gain":0,"player_choice":"Paid Fearfully","damage_taken":0,"max_hp_gain":0,"max_hp_loss":0,"event_name":"Masked Bandits","floor":22,"gold_loss":120},{"damage_healed":0,"gold_gain":0,"player_choice":"Ignored","damage_taken":0,"max_hp_gain":0,"max_hp_loss":0,"event_name":"Ghosts","floor":29,"gold_loss":0}],"is_beta":false,"boss_relics":[{"not_picked":["Busted Crown","Fusion Hammer"],"picked":"Philosopher\u0027s Stone"}],"items_purged_floors":[],"is_endless":false,"potions_floor_spawned":[10,12,16,18,27],"killed_by":"Snake Plant","ascension_level":5}}