{"host":"dltylvoep9h5hx7e","time":1610239824,"event":{"mods":["AchievementEnabler","BaseMod","Colored Map","Downfall","Minty Spire (QoL Compilation)","StSLib"],"gold_per_floor":[19,37,37,37,37,78,103,28,28,69,82,157,197,220,220,220,220],"floor_reached":16,"playtime":772,"items_purged":["Decay"],"score":126,"play_id":"18cb3de7-e3d8-4943-9fd0-2ddc019a8eb1","local_time":"20210110005024","is_ascension_mode":true,"campfire_choices":[{"data":"Armaments","floor":15,"key":"SMITH"}],"circlet_count":0,"master_deck":["Strike_R","Strike_R+1","Strike_R","Strike_R","Strike_R","Defend_R","Defend_R","Defend_R","Defend_R+1","Bash","Clothesline","Anger","Injury","Thunderclap","Cleave","Iron Wave","Armaments+1","Twin Strike"],"relics":["Burning Blood","Peace Pipe","Golden Idol","Mango","FossilizedHelix","Eternal Feather","Centennial Puzzle"],"acts_visited":["Exordium"],"potions_floor_usage":[10,16],"damage_taken":[{"damage":0,"enemies":"2 Louse","floor":1,"turns":3},{"damage":3,"enemies":"Jaw Worm","floor":2,"turns":4},{"damage":37,"enemies":"3 Sentries","floor":6,"turns":10},{"damage":2,"enemies":"Small Slimes","floor":7,"turns":3},{"damage":13,"enemies":"Lagavulin","floor":10,"turns":9},{"damage":0,"enemies":"Red Slaver","floor":11,"turns":3},{"damage":13,"enemies":"Gremlin Nob","floor":13,"turns":5},{"damage":0,"enemies":"Large Slime","floor":14,"turns":5},{"damage":49,"enemies":"Hexaghost","floor":16,"turns":10}],"seed_played":"-4962918057221233408","potions_obtained":[{"floor":6,"key":"Ancient Potion"},{"floor":14,"key":"PowerPotion"}],"is_trial":false,"path_per_floor":["M","M","?","?","?","E","M","$","T","E","M","?","E","M","R","B"],"character_chosen":"IRONCLAD","items_purchased":[],"campfire_rested":0,"item_purchase_floors":[],"current_hp_per_floor":[80,80,64,64,64,47,51,51,51,44,50,39,32,38,47,0,0],"gold":220,"neow_bonus":"ONE_RARE_RELIC","is_daily":false,"chose_seed":false,"campfire_upgraded":1,"win_rate":0.0,"timestamp":1610239824,"path_taken":["M","M","?","?","?","E","M","$","T","E","?","?","E","M","R","BOSS"],"items_purchased_type":[],"build_version":"2020-12-22","purchased_purges":1,"victory":false,"max_hp_per_floor":[80,80,80,80,80,94,94,94,94,94,94,94,94,94,94,94,94],"card_choices":[{"not_picked":["Feel No Pain","Warcry"],"picked":"Clothesline","floor":1},{"not_picked":["Reckless Charge","Rupture"],"picked":"Anger","floor":2},{"not_picked":["Shrug It Off","Clothesline"],"picked":"Thunderclap","floor":6},{"not_picked":["Corruption","Dual Wield"],"picked":"Cleave","floor":7},{"not_picked":["Clothesline","Dark Embrace"],"picked":"Iron Wave","floor":10},{"not_picked":["Pummel","Metallicize"],"picked":"Armaments","floor":11},{"not_picked":["Hemokinesis","Clash"],"picked":"Twin Strike","floor":13},{"not_picked":["True Grit","Intimidate","Heavy Blade"],"picked":"SKIP","floor":14}],"player_experience":11180,"relics_obtained":[{"floor":6,"key":"Mango"},{"floor":9,"key":"FossilizedHelix"},{"floor":10,"key":"Eternal Feather"},{"floor":13,"key":"Centennial Puzzle"}],"event_choices":[{"damage_healed":0,"gold_gain":0,"player_choice":"Entered Light","damage_taken":16,"max_hp_gain":0,"max_hp_loss":0,"event_name":"Shining Light","floor":3,"gold_loss":0,"cards_upgraded":["Defend_R","Strike_R"]},{"damage_healed":0,"gold_gain":0,"player_choice":"Take Wound","damage_taken":0,"relics_obtained":["Golden Idol"],"max_hp_gain":0,"max_hp_loss":0,"event_name":"Golden Idol","floor":4,"gold_loss":0,"cards_obtained":["Injury"]},{"damage_healed":0,"gold_gain":0,"player_choice":"Cursed","damage_taken":0,"max_hp_gain":0,"max_hp_loss":0,"event_name":"Wheel of Change","floor":5,"gold_loss":0,"cards_obtained":["Decay"]},{"damage_healed":0,"gold_gain":75,"player_choice":"Gather Gold","damage_taken":11,"max_hp_gain":0,"max_hp_loss":0,"event_name":"World of Goop","floor":12,"gold_loss":0}],"is_beta":false,"boss_relics":[],"items_purged_floors":[8],"is_endless":false,"potions_floor_spawned":[6,14],"killed_by":"Hexaghost","ascension_level":1}}