{"host":"ypphcgdomtfqpc2w","time":1610280116,"event":{"mods":["BaseMod","Minty Spire (QoL Compilation)","StSLib"],"gold_per_floor":[110,120,120,139,7,7,36,51,51,82,82,113,113,188,188,188,188],"floor_reached":16,"playtime":670,"items_purged":["Pain"],"score":236,"play_id":"16ef53a0-caa8-485e-9797-42eb88bae284","local_time":"20210110210156","is_ascension_mode":true,"campfire_choices":[{"data":"Clash","floor":6.0,"key":"SMITH"},{"data":"Corruption","floor":11.0,"key":"SMITH"},{"data":"Disarm","floor":13.0,"key":"SMITH"},{"data":"Bash","floor":15.0,"key":"SMITH"}],"circlet_count":0,"master_deck":["AscendersBane","Strike_R","Strike_R","Strike_R","Strike_R","Strike_R","Defend_R","Defend_R","Defend_R","Bash+1","Clash+1","Disarm+1","Burning Pact","Cleave","Corruption+1","Ghostly Armor","Rampage","Burning Pact"],"relics":["Burning Blood","WarpedTongs","Ancient Tea Set","Question Card","Torii","Bottled Tornado"],"acts_visited":["Exordium"],"potions_floor_usage":[16],"damage_taken":[{"damage":4.0,"enemies":"Small Slimes","floor":1.0,"turns":3.0},{"damage":4.0,"enemies":"Cultist","floor":2.0,"turns":4.0},{"damage":9.0,"enemies":"Jaw Worm","floor":4.0,"turns":3.0},{"damage":8.0,"enemies":"Gremlin Nob","floor":7.0,"turns":3.0},{"damage":6.0,"enemies":"2 Fungi Beasts","floor":8.0,"turns":3.0},{"damage":37.0,"enemies":"3 Sentries","floor":10.0,"turns":8.0},{"damage":1.0,"enemies":"Lagavulin","floor":12.0,"turns":6.0},{"damage":32,"enemies":"The Guardian","floor":16,"turns":7}],"seed_played":"3967971690111599165","potions_obtained":[{"floor":4.0,"key":"DuplicationPotion"},{"floor":8.0,"key":"Weak Potion"},{"floor":12.0,"key":"ColorlessPotion"}],"is_trial":false,"path_per_floor":["M","M","?","M","$","R","E","M","T","E","R","E","R","?","R","B"],"character_chosen":"IRONCLAD","items_purchased":["ColorlessPotion"],"campfire_rested":0,"item_purchase_floors":[5],"current_hp_per_floor":[70,72,72,69,69,69,67,67,67,36,36,41,41,30,30,0,0],"gold":188,"neow_bonus":"TRANSFORM_CARD","is_daily":false,"chose_seed":false,"campfire_upgraded":4,"win_rate":0.0,"timestamp":1610280116,"path_taken":["M","M","?","?","$","R","E","M","T","E","R","E","R","?","R","BOSS"],"items_purchased_type":["Potion"],"build_version":"2020-12-22","purchased_purges":1,"victory":false,"max_hp_per_floor":[75,75,75,75,75,75,75,75,75,75,75,75,75,75,75,75,75],"card_choices":[{"not_picked":["Sword Boomerang","Clash"],"picked":"Disarm","floor":1.0},{"not_picked":["Flame Barrier","Seeing Red"],"picked":"Burning Pact","floor":2.0},{"not_picked":["Havoc","Warcry"],"picked":"Cleave","floor":4.0},{"not_picked":["Ghostly Armor","Brutality"],"picked":"Corruption","floor":7.0},{"not_picked":["Fire Breathing","Sword Boomerang"],"picked":"Ghostly Armor","floor":8.0},{"not_picked":["Rupture","Dark Embrace","Clothesline"],"picked":"Rampage","floor":10.0},{"not_picked":["Second Wind","Blood for Blood","Warcry"],"picked":"Burning Pact","floor":12.0}],"player_experience":2014576,"relics_obtained":[{"floor":7.0,"key":"Ancient Tea Set"},{"floor":9.0,"key":"Question Card"},{"floor":10.0,"key":"Torii"},{"floor":12.0,"key":"Bottled Tornado"}],"event_choices":[{"damage_healed":0.0,"max_hp_gain":0.0,"max_hp_loss":0.0,"gold_gain":0.0,"event_name":"Accursed Blacksmith","player_choice":"Rummage","floor":3.0,"gold_loss":0.0,"damage_taken":0.0,"relics_obtained":["WarpedTongs"],"cards_obtained":["Pain"]},{"damage_healed":0.0,"max_hp_gain":0.0,"max_hp_loss":0.0,"gold_gain":75.0,"event_name":"World of Goop","player_choice":"Gather Gold","floor":14.0,"gold_loss":0.0,"damage_taken":11.0}],"is_beta":false,"boss_relics":[],"items_purged_floors":[5],"is_endless":false,"potions_floor_spawned":[4,8,12],"killed_by":"The Guardian","ascension_level":20}}