{"host":"cg4v982k2u4fkmak","time":1610250344,"event":{"mods":["BaseMod","Colored Map","Marisa£®ÏF”Í°°ƒß¿Ì…≥£©","Minty Spire (QoL Compilation)","Shop Mod","StSLib","The Servant 0.9.4","UnlockEverythingMod"],"gold_per_floor":[110,128,128,148,165,165,178,178,178,67,67,83,99,174,174,174,174],"floor_reached":16,"playtime":1979,"items_purged":[],"score":94,"play_id":"f63a06e9-e533-4a83-bb25-392989972559","local_time":"20210110114544","is_ascension_mode":false,"campfire_choices":[{"data":"ShatteredReality","floor":6,"key":"SMITH"},{"data":"Exchange","floor":8,"key":"SMITH"},{"floor":15,"key":"REST"}],"circlet_count":0,"master_deck":["Strike_S","Strike_S","Strike_S","Strike_S","Defend_S","Defend_S","Defend_S","Defend_S","KidneyShot","Exchange+1","Starlight","Defy","ShatteredReality+1","Rearm","Replace","Contraction+1","SurpressingFire","FastForward+1","KillingDoll"],"relics":["Uniform","Lantern","Toxic Egg 2"],"acts_visited":["Exordium"],"potions_floor_usage":[16,16],"damage_taken":[{"damage":5,"enemies":"Small Slimes","floor":1,"turns":4},{"damage":0,"enemies":"Cultist","floor":2,"turns":3},{"damage":19,"enemies":"2 Louse","floor":4,"turns":3},{"damage":12,"enemies":"Exordium Wildlife","floor":5,"turns":5},{"damage":0,"enemies":"Blue Slaver","floor":7,"turns":3},{"damage":14,"enemies":"Large Slime","floor":12,"turns":8},{"damage":3,"enemies":"Exordium Wildlife","floor":13,"turns":9},{"damage":67,"enemies":"Hexaghost","floor":16,"turns":21}],"seed_played":"9105409730042622956","potions_obtained":[{"floor":1,"key":"PowerPotion"},{"floor":2,"key":"GamblersBrew"},{"floor":7,"key":"Regen Potion"},{"floor":12,"key":"FairyPotion"}],"is_trial":false,"path_per_floor":["M","M","?","M","M","R","M","R","T","$","?","M","M","?","R","B"],"character_chosen":"THE_SERVANT","items_purchased":["Contraction+1","SurpressingFire"],"campfire_rested":1,"item_purchase_floors":[10,10],"current_hp_per_floor":[66,66,66,47,35,35,35,35,35,35,35,21,18,7,28,0,0],"gold":174,"neow_bonus":"TEN_PERCENT_HP_BONUS","is_daily":false,"chose_seed":false,"campfire_upgraded":2,"win_rate":0.0,"timestamp":1610250344,"path_taken":["M","M","?","M","?","R","M","R","T","$","?","M","M","?","R","BOSS"],"items_purchased_type":["Card","Card"],"build_version":"2020-12-22","purchased_purges":0,"victory":false,"max_hp_per_floor":[71,71,71,71,71,71,71,71,71,71,71,71,71,71,71,71,71],"card_choices":[{"not_picked":["Ricochet","TimeWarp"],"picked":"Starlight","floor":1},{"not_picked":["Alleviate","Spin"],"picked":"Defy","floor":2},{"not_picked":["Misdirection","Starlight"],"picked":"ShatteredReality","floor":4},{"not_picked":["DoubleEdge","BottledTime"],"picked":"Rearm","floor":5},{"not_picked":["Ricochet","Moonlight"],"picked":"Replace","floor":7},{"not_picked":["Collapse","TimeWarp"],"picked":"FastForward+1","floor":12},{"not_picked":["Luminosity","Snipe"],"picked":"KillingDoll","floor":13}],"player_experience":23539,"relics_obtained":[{"floor":9,"key":"Toxic Egg 2"}],"event_choices":[{"damage_healed":0,"gold_gain":0,"player_choice":"Gave Potion","damage_taken":0,"relics_obtained":["Lantern"],"max_hp_gain":0,"max_hp_loss":0,"event_name":"WeMeetAgain","floor":3,"gold_loss":0},{"damage_healed":0,"gold_gain":0,"player_choice":"Ignored","damage_taken":0,"max_hp_gain":0,"max_hp_loss":0,"event_name":"Golden Idol","floor":11,"gold_loss":0},{"damage_healed":0,"gold_gain":75,"player_choice":"Gather Gold","damage_taken":11,"max_hp_gain":0,"max_hp_loss":0,"event_name":"World of Goop","floor":14,"gold_loss":0}],"is_beta":false,"boss_relics":[],"items_purged_floors":[],"is_endless":false,"potions_floor_spawned":[1,2,7,12],"killed_by":"Hexaghost","ascension_level":0}}