{"host":"uv231blk40vjdojr","time":1610280389,"event":{"mods":["AchievementEnabler","BaseMod","Bestiary","Minty Spire (QoL Compilation)","Relic Stats"],"gold_per_floor":[117,134,134,134,37,37,37,37,37,54,69,80,106,119,119,215,215,234,234,246,3,21,21,21,47,71,71,82,82,82,99,99,195,195,208,208,30,48,68,68,79,79,79,79,92,92,111,140,140,140],"floor_reached":51,"playtime":1927,"items_purged":["Normality","Strike_R","Pain"],"score":774,"play_id":"5d62aa0f-31d6-475a-b426-1632aacfa39c","local_time":"20210110130629","is_ascension_mode":false,"campfire_choices":[{"data":"Anger","floor":6.0,"key":"SMITH"},{"data":"Cleave","floor":8.0,"key":"SMITH"},{"data":"Bash","floor":15.0,"key":"SMITH"},{"floor":23.0,"key":"REST"},{"data":"Armaments","floor":29.0,"key":"SMITH"},{"floor":32.0,"key":"REST"},{"floor":40,"key":"REST"},{"floor":42,"key":"REST"},{"data":"Demon Form","floor":49,"key":"SMITH"}],"circlet_count":0,"master_deck":["Strike_R+1","Strike_R","Strike_R+1","Defend_R","Defend_R","Defend_R","Bash+1","Pommel Strike","Anger+1","Cleave+1","Entrench","Barricade","Armaments+1","True Grit+1","Spot Weakness+1","Feed","True Grit","Flame Barrier+1","Demon Form+1","Flame Barrier","Whirlwind+1","Pummel+1"],"relics":["Burning Blood","Bird Faced Urn","Ginger","Incense Burner","Charon\u0027s Ashes","Mark of Pain","OrangePellets","WarpedTongs","Vajra","Potion Belt","Runic Cube","Happy Flower","Regal Pillow","Smiling Mask"],"acts_visited":["Exordium","TheCity","TheBeyond"],"potions_floor_usage":[35,39,41,50,50,50,50,50,50,50],"damage_taken":[{"damage":10.0,"enemies":"Cultist","floor":1.0,"turns":4.0},{"damage":6.0,"enemies":"Jaw Worm","floor":2.0,"turns":4.0},{"damage":1.0,"enemies":"2 Louse","floor":10.0,"turns":2.0},{"damage":0.0,"enemies":"Lots of Slimes","floor":11.0,"turns":2.0},{"damage":3.0,"enemies":"Blue Slaver","floor":12.0,"turns":3.0},{"damage":22.0,"enemies":"3 Sentries","floor":13.0,"turns":6.0},{"damage":25.0,"enemies":"Exordium Thugs","floor":14.0,"turns":3.0},{"damage":18.0,"enemies":"Hexaghost","floor":16.0,"turns":6.0},{"damage":17.0,"enemies":"2 Thieves","floor":18.0,"turns":5.0},{"damage":8.0,"enemies":"Chosen","floor":20.0,"turns":5.0},{"damage":22.0,"enemies":"Snecko","floor":22.0,"turns":7.0},{"damage":30.0,"enemies":"Slavers","floor":25.0,"turns":6.0},{"damage":22.0,"enemies":"Shelled Parasite and Fungi","floor":28.0,"turns":5.0},{"damage":8.0,"enemies":"Centurion and Healer","floor":31.0,"turns":8.0},{"damage":1.0,"enemies":"Champ","floor":33.0,"turns":13.0},{"damage":31,"enemies":"Orb Walker","floor":35,"turns":7},{"damage":6,"enemies":"3 Shapes","floor":38,"turns":5},{"damage":50,"enemies":"Spire Growth","floor":39,"turns":6},{"damage":36,"enemies":"Jaw Worm Horde","floor":41,"turns":6},{"damage":7,"enemies":"4 Shapes","floor":45,"turns":7},{"damage":13,"enemies":"Spire Growth","floor":47,"turns":6},{"damage":7,"enemies":"Nemesis","floor":48,"turns":13},{"damage":29,"enemies":"Time Eater","floor":50,"turns":10}],"seed_played":"-2712194931773279000","potions_obtained":[{"floor":2.0,"key":"SkillPotion"},{"floor":10.0,"key":"Block Potion"},{"floor":11.0,"key":"LiquidMemories"},{"floor":12.0,"key":"CultistPotion"},{"floor":18.0,"key":"ElixirPotion"},{"floor":25.0,"key":"EntropicBrew"},{"floor":31.0,"key":"AttackPotion"},{"floor":38,"key":"Energy Potion"},{"floor":41,"key":"Block Potion"},{"floor":45,"key":"SpeedPotion"}],"is_trial":false,"path_per_floor":["M","M","T","?","$","R","$","R","T","M","M","M","E","M","R","B",null,"M","?","M","$","M","R","?","E","T","$","M","R","$","M","R","B",null,"M","?","$","M","M","R","M","R","T","?","M","T","M","E","R","B",null],"character_chosen":"IRONCLAD","items_purchased":["Cleave","OrangePellets","True Grit"],"campfire_rested":4,"item_purchase_floors":[5,21,37],"current_hp_per_floor":[76,76,76,60,60,60,60,60,60,65,71,74,58,39,39,27,80,69,69,69,69,55,79,79,55,55,55,41,41,41,41,65,72,80,59,59,59,64,26,53,31,59,59,59,65,65,65,68,68,49],"gold":140,"neow_bonus":"ONE_RARE_RELIC","is_daily":false,"chose_seed":false,"campfire_upgraded":5,"win_rate":0.0,"timestamp":1610280389,"path_taken":["M","?","?","?","$","R","?","R","T","M","M","M","E","M","R","BOSS","M","?","?","$","M","R","?","E","T","?","M","R","$","M","R","BOSS","M","?","$","M","M","R","M","R","T","?","M","?","M","E","R","BOSS"],"items_purchased_type":["Card","Relic","Card"],"build_version":"2020-12-22","purchased_purges":3,"victory":true,"max_hp_per_floor":[80,80,80,80,80,80,80,80,80,80,80,80,80,80,80,80,80,80,80,80,80,80,80,80,80,80,80,80,80,80,80,80,80,80,84,84,84,87,91,91,95,95,95,90,93,93,96,96,96,96],"relic_stats":{"OrangePellets":[1],"Regal Pillow":0,"Happy Flower":[12],"counters":[23,139],"Bird Faced Urn":[34],"Charon\u0027s Ashes":[147],"Ginger":[12],"Smiling Mask":0,"obtain_stats":[{"Potion Belt":26,"Regal Pillow":46,"Happy Flower":43,"Vajra":25,"Charon\u0027s Ashes":13,"Incense Burner":9,"Ginger":3,"Smiling Mask":48,"Burning Blood":0,"WarpedTongs":24,"OrangePellets":21,"Bird Faced Urn":0,"Mark of Pain":17,"Runic Cube":34},{"Potion Belt":12,"Regal Pillow":20,"Happy Flower":19,"Vajra":12,"Charon\u0027s Ashes":6,"Incense Burner":2,"Ginger":2,"Smiling Mask":22,"Burning Blood":0,"WarpedTongs":11,"OrangePellets":10,"Bird Faced Urn":0,"Mark of Pain":8,"Runic Cube":15},{"Potion Belt":53,"Regal Pillow":110,"Happy Flower":103,"Vajra":53,"Charon\u0027s Ashes":21,"Incense Burner":8,"Ginger":8,"Smiling Mask":129,"Burning Blood":0,"WarpedTongs":47,"OrangePellets":40,"Bird Faced Urn":0,"Mark of Pain":30,"Runic Cube":79}],"Burning Blood":138,"WarpedTongs":[73],"Runic Cube":[21]},"card_choices":[{"not_picked":["Heavy Blade","Armaments"],"picked":"Pommel Strike","floor":1.0},{"not_picked":["Havoc","Rupture"],"picked":"Anger","floor":2.0},{"not_picked":["Rage","Wild Strike","Perfected Strike"],"picked":"SKIP","floor":10.0},{"not_picked":["Perfected Strike","Burning Pact","Rampage"],"picked":"SKIP","floor":11.0},{"not_picked":["Cleave","Twin Strike","Heavy Blade"],"picked":"SKIP","floor":12.0},{"not_picked":["Pommel Strike","Shrug It Off"],"picked":"Entrench","floor":13.0},{"not_picked":["Anger","Combust","Bludgeon"],"picked":"SKIP","floor":14.0},{"not_picked":["Corruption","Fiend Fire"],"picked":"Barricade","floor":16.0},{"not_picked":["Dark Embrace","Cleave"],"picked":"Armaments","floor":18.0},{"not_picked":["Flex+1","Body Slam"],"picked":"True Grit+1","floor":20.0},{"not_picked":["Hemokinesis","Wild Strike"],"picked":"Spot Weakness+1","floor":22.0},{"not_picked":["Shrug It Off","Rampage+1","Anger"],"picked":"SKIP","floor":25.0},{"not_picked":["Anger","Brutality","Second Wind"],"picked":"SKIP","floor":28.0},{"not_picked":["Power Through+1","Infernal Blade","Pommel Strike"],"picked":"SKIP","floor":31.0},{"not_picked":["Demon Form","Juggernaut"],"picked":"Feed","floor":33.0},{"not_picked":["Clash+1","Cleave+1","Headbutt"],"picked":"SKIP","floor":35},{"not_picked":["Clash","Body Slam+1"],"picked":"Flame Barrier+1","floor":38},{"not_picked":["Dropkick","Twin Strike+1"],"picked":"Demon Form","floor":39},{"not_picked":["Cleave","Iron Wave"],"picked":"Flame Barrier","floor":41},{"not_picked":["Armaments+1","Flex+1","Uppercut"],"picked":"SKIP","floor":45},{"not_picked":["Hemokinesis+1","Searing Blow+1"],"picked":"Whirlwind+1","floor":47},{"not_picked":["Headbutt","Seeing Red+1"],"picked":"Pummel+1","floor":48}],"player_experience":646658,"relics_obtained":[{"floor":3.0,"key":"Ginger"},{"floor":9.0,"key":"Incense Burner"},{"floor":13.0,"key":"Charon\u0027s Ashes"},{"floor":25.0,"key":"Vajra"},{"floor":26.0,"key":"Potion Belt"},{"floor":43,"key":"Happy Flower"},{"floor":46,"key":"Regal Pillow"},{"floor":48,"key":"Smiling Mask"}],"event_choices":[{"damage_healed":0.0,"max_hp_gain":0.0,"max_hp_loss":0.0,"gold_gain":0.0,"event_name":"Shining Light","player_choice":"Entered Light","floor":4.0,"gold_loss":0.0,"damage_taken":16.0,"cards_upgraded":["Strike_R","Strike_R"]},{"cards_removed":["Strike_R"],"damage_healed":0.0,"max_hp_gain":0.0,"max_hp_loss":0.0,"gold_gain":0.0,"event_name":"Bonfire Elementals","player_choice":"Offered Basic","floor":19.0,"gold_loss":0.0,"damage_taken":0.0},{"damage_healed":0.0,"max_hp_gain":0.0,"max_hp_loss":0.0,"gold_gain":0.0,"event_name":"Accursed Blacksmith","player_choice":"Rummage","floor":24.0,"gold_loss":0.0,"damage_taken":0.0,"relics_obtained":["WarpedTongs"],"cards_obtained":["Pain"]},{"cards_removed":["Defend_R"],"damage_healed":0,"gold_gain":0,"player_choice":"Removed Skill","damage_taken":0,"max_hp_gain":0,"max_hp_loss":0,"event_name":"Falling","floor":36,"gold_loss":0},{"damage_healed":0,"gold_gain":0,"player_choice":"Max HP","damage_taken":0,"max_hp_gain":0,"max_hp_loss":5,"event_name":"Winding Halls","floor":44,"gold_loss":0}],"is_beta":false,"boss_relics":[{"not_picked":["Black Blood","Coffee Dripper"],"picked":"Mark of Pain"},{"not_picked":["Cursed Key","Velvet Choker"],"picked":"Runic Cube"}],"items_purged_floors":[5,21,37],"is_endless":false,"potions_floor_spawned":[2,10,11,12,18,25,31,38,41,45],"ascension_level":0}}