{"host":"ig7tc0uedzltt2sr","time":1610261905,"event":{"mods":["BaseMod","Better Twitch Integration","Block Reminder","Colored Map","Colored Powertips","Communication Mod","Current Relic Mod","GifTheSpireLib","HexUI Lib","Minty Spire (QoL Compilation)","Quick Restart","Random Character Button","Rare Cards Sparkle","Relic Sorter","Relic Stats","Slay the Relics Exporter","StSLib","SuperFastMode","Synergy Search","Twitch Decklist","Twitch Utils","everything is the same but u backflip on backflip","slay the spire mod where everything is the same but ironclad has a cowboy hat"],"gold_per_floor":[111,126,145,145,115,115,132,132,201,216,216,216,229,248,248,248,248],"floor_reached":16,"playtime":64,"items_purged":[],"score":94,"play_id":"4abe32df-149a-4983-95c7-f4a6723b0f61","local_time":"20210109225825","is_ascension_mode":false,"campfire_choices":[{"data":"Defend_R","floor":6,"key":"SMITH"},{"floor":8,"key":"REST"},{"data":"Defend_R","floor":11,"key":"SMITH"},{"data":"Strike_R","floor":15,"key":"SMITH"}],"circlet_count":0,"master_deck":["Strike_R+1","Strike_R","Strike_R","Strike_R","Strike_R","Defend_R+1","Defend_R+1","Defend_R","Defend_R","Bash","Havoc","Body Slam","Combust"],"relics":["Burning Blood","NeowsBlessing","StrikeDummy"],"acts_visited":["Exordium"],"potions_floor_usage":[],"damage_taken":[{"damage":0,"enemies":"Cultist","floor":1,"turns":1},{"damage":0,"enemies":"2 Louse","floor":2,"turns":1},{"damage":0,"enemies":"Jaw Worm","floor":3,"turns":1},{"damage":15,"enemies":"Looter","floor":5,"turns":4},{"damage":33,"enemies":"Blue Slaver","floor":7,"turns":5},{"damage":12,"enemies":"2 Fungi Beasts","floor":10,"turns":3},{"damage":33,"enemies":"Red Slaver","floor":13,"turns":4},{"damage":0,"enemies":"Large Slime","floor":14,"turns":5},{"damage":38,"enemies":"The Guardian","floor":16,"turns":4}],"seed_played":"-8997048609699491726","potions_obtained":[{"floor":1,"key":"Energy Potion"},{"floor":2,"key":"Energy Potion"},{"floor":13,"key":"BloodPotion"}],"is_trial":false,"path_per_floor":["M","M","M","$","M","R","M","R","T","M","R","?","M","M","R","B"],"character_chosen":"IRONCLAD","items_purchased":[],"campfire_rested":1,"item_purchase_floors":[],"current_hp_per_floor":[80,80,80,80,71,71,44,68,68,62,62,59,32,38,38,0,0],"gold":248,"neow_bonus":"THREE_ENEMY_KILL","is_daily":false,"chose_seed":false,"campfire_upgraded":3,"win_rate":0.0,"timestamp":1610261905,"path_taken":["M","M","M","$","M","R","M","R","T","M","R","?","M","M","R","BOSS"],"items_purchased_type":[],"build_version":"2020-12-22","purchased_purges":0,"victory":false,"max_hp_per_floor":[80,80,80,80,80,80,80,80,80,80,80,80,80,80,80,80,80],"relic_stats":{"counters":[9,28],"obtain_stats":[{"NeowsBlessing":0,"StrikeDummy":9,"Burning Blood":0},{"NeowsBlessing":0,"StrikeDummy":5,"Burning Blood":0},{"NeowsBlessing":0,"StrikeDummy":12,"Burning Blood":0}],"Burning Blood":30},"card_choices":[{"not_picked":["Seeing Red","Combust","Body Slam"],"picked":"SKIP","floor":1},{"not_picked":["True Grit","Headbutt"],"picked":"Havoc","floor":2},{"not_picked":["Twin Strike","Wild Strike"],"picked":"Body Slam","floor":3},{"not_picked":["Warcry","Spot Weakness","True Grit"],"picked":"SKIP","floor":5},{"not_picked":["Iron Wave","Perfected Strike","Clash"],"picked":"SKIP","floor":7},{"not_picked":["Rage","Spot Weakness","Headbutt"],"picked":"SKIP","floor":10},{"not_picked":["Bludgeon","Twin Strike","Seeing Red"],"picked":"SKIP","floor":13},{"not_picked":["Clash","Body Slam"],"picked":"Combust","floor":14}],"player_experience":1497740,"relics_obtained":[{"floor":9,"key":"StrikeDummy"}],"event_choices":[{"damage_healed":0,"gold_gain":0,"player_choice":"Fled","damage_taken":3,"max_hp_gain":0,"max_hp_loss":0,"event_name":"Scrap Ooze","floor":12,"gold_loss":0}],"is_beta":false,"boss_relics":[],"items_purged_floors":[],"is_endless":false,"potions_floor_spawned":[1,2,13],"killed_by":"The Guardian","ascension_level":0}}