{"host":"3hmbl3ngp1w6m17c","time":1610294089,"event":{"mods":["ATMod(°¢èªMod)","Arknights The Spire","BaseMod","Colored Powertips","Dota2Spire","KinomotoSakuraMod(Ä¾Ö®±¾Ó£)","Lobotomy","LobotomyExtend","Marisa£¨ìFÓê¡¡Ä§ÀíÉ³£©","Minty Spire (QoL Compilation)","Replay The Spire","StSLib","The Cursed","The Hierophant","Waifu the Spire","Yakumo Yukari mod","¡¾ÒÅÎï¿¨ÅÆ¡¿REMEMod","²ÐÁôÖ®Îï"],"gold_per_floor":[119,137,153,172,172,172,197,162,162,175,194,212,262,274,274,372,372,384,384,395,395,412,412,439,1,1,30,45,76,92,300,300,399,399,417,434,434,434,434,462,462,462],"floor_reached":41,"playtime":2828,"items_purged":[],"score":585,"play_id":"916bf519-0ee8-4d54-8f15-d44c07dbb0ba","local_time":"20210110235449","is_ascension_mode":false,"campfire_choices":[{"floor":6.0,"key":"REST"},{"floor":15.0,"key":"REST"},{"floor":23.0,"key":"REST"},{"floor":32.0,"key":"REST"}],"circlet_count":0,"master_deck":["PlaceholderMod:BaseStrike+1","PlaceholderMod:BaseStrike","PlaceholderMod:BaseStrike+1","PlaceholderMod:BaseStrike","PlaceholderMod:BaseStrike","PlaceholderMod:BaseDefend","PlaceholderMod:BaseDefend","PlaceholderMod:BaseDefend","PlaceholderMod:Crystal","PlaceholderMod:PoisonWhip","PlaceholderMod:DiffusionPoison","AT_ChampionStep","PlaceholderMod:ProliferateStrike","PlaceholderMod:TriggerStrike","PlaceholderMod:SpinBlade","PlaceholderMod:RadicalHit","PlaceholderMod:ParasiteChange","PlaceholderMod:HighConcentration","PlaceholderMod:HardStinger","PlaceholderMod:AbsorbTouch","PlaceholderMod:SpinBlade","PlaceholderMod:Eat","PlaceholderMod:DiffusionChemical+1","PlaceholderMod:UnpureUse","PlaceholderMod:InnerSoften","PlaceholderMod:AttackAsDefend","Looming Evil","PlaceholderMod:EvolutionSpray","PlaceholderMod:HardStinger+1","PlaceholderMod:Stable","PlaceholderMod:ProliferateStrike+1","PlaceholderMod:HornyCollision","PlaceholderMod:Polyp+1","PlaceholderMod:StrongAcid","PlaceholderMod:DoublePoint","PlaceholderMod:PoisonExcitation+1","PlaceholderMod:PoisonAbsorb+1","Replay:Bootleg Shield Generator","Panache","Enlightenment","PlaceholderMod:TriggerStrike","PlaceholderMod:HornyCollision","PlaceholderMod:Sweep+1"],"relics":["AT_ATBox","REME_ComplimentaryCards","Black Star","LetterFromLob","Dota2Spire:Vanguard","Divine Protection","Bottled Flame","Simple Rune","ChewingGum","Ring of Misfortune","Ring of Fury","Dota2Spire:Mjollnir","REME_HourglassOfDeath","Dota2Spire:ArcaneBoots","Dota2Spire:HeartOfTarrasque","Blood Vial","CaptainsWheel","Snack Pack","Vajra","Juzu Bracelet","REME_ChargedStone","REME_IWantAll","Dota2Spire:Dagon"],"acts_visited":["Exordium","TheCity","TheBeyond"],"potions_floor_usage":[],"damage_taken":[{"damage":9.0,"enemies":"Cultist","floor":1.0,"turns":5.0},{"damage":1.0,"enemies":"2 Louse","floor":2.0,"turns":3.0},{"damage":11.0,"enemies":"Jaw Worm","floor":3.0,"turns":3.0},{"damage":10.0,"enemies":"Exordium Wildlife","floor":4.0,"turns":4.0},{"damage":9.0,"enemies":"Replay:BlueRogue","floor":7.0,"turns":5.0},{"damage":2.0,"enemies":"Looter","floor":10.0,"turns":3.0},{"damage":5.0,"enemies":"3 Louse","floor":11.0,"turns":2.0},{"damage":0.0,"enemies":"Large Slime","floor":12.0,"turns":5.0},{"damage":16.0,"enemies":"2 Fungi Beasts","floor":14.0,"turns":4.0},{"damage":74.0,"enemies":"Slime Boss","floor":16.0,"turns":9.0},{"damage":2.0,"enemies":"Shell Parasite","floor":18.0,"turns":4.0},{"damage":23.0,"enemies":"2 Thieves","floor":20.0,"turns":4.0},{"damage":17.0,"enemies":"Centurion and Healer","floor":22.0,"turns":5.0},{"damage":10.0,"enemies":"Replay:Snechameleon","floor":24.0,"turns":7.0},{"damage":0.0,"enemies":"Book of Stabbing","floor":27.0,"turns":5.0},{"damage":2.0,"enemies":"Cultist and Chosen","floor":28.0,"turns":3.0},{"damage":29.0,"enemies":"Slavers","floor":29.0,"turns":4.0},{"damage":0.0,"enemies":"Snake Plant","floor":30.0,"turns":3.0},{"damage":15.0,"enemies":"Automaton","floor":33.0,"turns":7.0},{"damage":7.0,"enemies":"3 Shapes","floor":35.0,"turns":2.0},{"damage":2.0,"enemies":"Orb Walker","floor":36.0,"turns":2.0},{"damage":0.0,"enemies":"Giant Head","floor":40.0,"turns":8.0},{"damage":126,"enemies":"Giant Head","floor":41,"turns":18}],"seed_played":"2996444581276550691","potions_obtained":[{"floor":1.0,"key":"Dota2Spire:HealingSalve"},{"floor":4.0,"key":"Death Potion"},{"floor":10.0,"key":"ColorlessPotion"},{"floor":14.0,"key":"Adrenaline Potion"},{"floor":30.0,"key":"LifebloodPotion"}],"is_trial":false,"path_per_floor":["M","M","M","M","?","R","E","?","T","M","M","M","T","M","R","B",null,"M","?","M","?","M","R","E","$","T","E","M","E","M","?","R","B",null,"M","M","?","?","?","E","?"],"character_chosen":"THE_PLACEHOLDER","items_purchased":["Dota2Spire:ArcaneBoots","Dota2Spire:HeartOfTarrasque"],"campfire_rested":4,"item_purchase_floors":[25,25],"current_hp_per_floor":[69,68,57,47,52,76,67,83,83,81,76,76,76,60,83,9,83,83,83,64,64,51,75,69,77,77,87,89,64,68,32,59,66,91,86,88,85,75,75,94,0,0],"gold":462,"neow_bonus":"BOSS_RELIC","is_daily":false,"chose_seed":false,"campfire_upgraded":0,"win_rate":0.0,"timestamp":1610294089,"path_taken":["M","M","M","?","?","R","E","?","T","M","?","M","?","M","R","BOSS","M","?","M","?","M","R","E","$","T","E","M","E","M","?","R","BOSS","M","M","?","?","?","E","?"],"items_purchased_type":["Relic","Relic"],"build_version":"2020-12-22","purchased_purges":0,"victory":false,"max_hp_per_floor":[78,78,78,78,83,83,83,83,83,83,83,83,83,83,83,83,83,83,83,83,83,83,83,83,91,91,91,91,91,91,91,91,91,91,91,91,91,91,91,94,94,94],"card_choices":[{"not_picked":["PlaceholderMod:HornyBlast","PlaceholderMod:PoisonExcitation"],"picked":"PlaceholderMod:ProliferateStrike","floor":1.0},{"not_picked":["PlaceholderMod:ParasiteChange","PlaceholderMod:HealingAttack"],"picked":"PlaceholderMod:TriggerStrike","floor":2.0},{"not_picked":["PlaceholderMod:ProliferateStrike","PlaceholderMod:HardStinger"],"picked":"PlaceholderMod:SpinBlade","floor":3.0},{"not_picked":["PlaceholderMod:Colorful","PlaceholderMod:Internalization"],"picked":"PlaceholderMod:RadicalHit","floor":4.0},{"not_picked":["PlaceholderMod:OHStrongAttack","PlaceholderMod:HornyBlast"],"picked":"PlaceholderMod:ParasiteChange","floor":7.0},{"not_picked":["PlaceholderMod:Sweep","PlaceholderMod:UnpureUse"],"picked":"PlaceholderMod:HighConcentration","floor":10.0},{"not_picked":["PlaceholderMod:FastReaction","PlaceholderMod:AngryAttack"],"picked":"PlaceholderMod:HardStinger","floor":11.0},{"not_picked":["PlaceholderMod:FastReaction","PlaceholderMod:Colorful"],"picked":"PlaceholderMod:AbsorbTouch","floor":12.0},{"not_picked":["PlaceholderMod:ParasiteChange","PlaceholderMod:OHStrongAttack"],"picked":"PlaceholderMod:SpinBlade","floor":14.0},{"not_picked":["PlaceholderMod:BlastSpray","PlaceholderMod:MultiReaction"],"picked":"PlaceholderMod:Eat","floor":16.0},{"not_picked":["PlaceholderMod:SprayAttack","PlaceholderMod:PoisonBlast+1"],"picked":"PlaceholderMod:DiffusionChemical+1","floor":18.0},{"not_picked":["PlaceholderMod:NearChange+1","PlaceholderMod:SevereHeat"],"picked":"PlaceholderMod:AttackAsDefend","floor":20.0},{"not_picked":["PlaceholderMod:Polyp","PlaceholderMod:ThreeBenzyolStart"],"picked":"PlaceholderMod:EvolutionSpray","floor":22.0},{"not_picked":["PlaceholderMod:DissolvingSpikes","PlaceholderMod:SprayAttack"],"picked":"PlaceholderMod:HardStinger+1","floor":24.0},{"not_picked":["PlaceholderMod:RadicalHit","PlaceholderMod:Turn"],"picked":"PlaceholderMod:Stable","floor":27.0},{"not_picked":["PlaceholderMod:Colorful","PlaceholderMod:Turn"],"picked":"PlaceholderMod:ProliferateStrike+1","floor":28.0},{"not_picked":["PlaceholderMod:Stable","PlaceholderMod:StrongAcid"],"picked":"PlaceholderMod:HornyCollision","floor":29.0},{"not_picked":["PlaceholderMod:SprayAttack+1","PlaceholderMod:ProliferateStrike"],"picked":"PlaceholderMod:Polyp+1","floor":30.0},{"not_picked":["PlaceholderMod:HornyBlast+1","PlaceholderMod:ChainPoly"],"picked":"PlaceholderMod:StrongAcid","floor":31.0},{"not_picked":["PlaceholderMod:PericyclicReaction","PlaceholderMod:HornyCollision"],"picked":"PlaceholderMod:DoublePoint","floor":33.0},{"not_picked":["PlaceholderMod:SprayAttack","PlaceholderMod:DirectingGroup"],"picked":"PlaceholderMod:PoisonExcitation+1","floor":35.0},{"not_picked":["PlaceholderMod:SeverePoisonStrike+1","PlaceholderMod:ChainPoly"],"picked":"PlaceholderMod:PoisonAbsorb+1","floor":36.0},{"not_picked":["Survey Options","Secret Weapon"],"picked":"Replay:Bootleg Shield Generator","floor":38.0},{"not_picked":["Jack Of All Trades","AT_CelerityRune"],"picked":"Panache","floor":38.0},{"not_picked":["Dark Shackles","Impatience"],"picked":"Enlightenment","floor":38.0},{"not_picked":["PlaceholderMod:TriggerStrike","PlaceholderMod:HornyCollision","PlaceholderMod:Sweep+1"],"picked":"Singing Bowl","floor":40.0}],"player_experience":39293,"relics_obtained":[{"floor":4.0,"key":"LetterFromLob"},{"floor":7.0,"key":"Dota2Spire:Vanguard"},{"floor":7.0,"key":"Divine Protection"},{"floor":9.0,"key":"Bottled Flame"},{"floor":13.0,"key":"Simple Rune"},{"floor":21.0,"key":"Ring of Misfortune"},{"floor":21.0,"key":"Ring of Fury"},{"floor":24.0,"key":"Dota2Spire:Mjollnir"},{"floor":24.0,"key":"REME_HourglassOfDeath"},{"floor":26.0,"key":"Blood Vial"},{"floor":27.0,"key":"CaptainsWheel"},{"floor":27.0,"key":"Snack Pack"},{"floor":29.0,"key":"Vajra"},{"floor":29.0,"key":"Juzu Bracelet"},{"floor":40.0,"key":"REME_IWantAll"},{"floor":40.0,"key":"Dota2Spire:Dagon"}],"event_choices":[{"damage_healed":0.0,"max_hp_gain":5.0,"max_hp_loss":0.0,"gold_gain":0.0,"event_name":"Big Fish","player_choice":"Donut","floor":5.0,"gold_loss":0.0,"damage_taken":0.0},{"damage_healed":20.0,"max_hp_gain":0.0,"max_hp_loss":0.0,"gold_gain":0.0,"event_name":"The Cleric","player_choice":"Healed","floor":8.0,"gold_loss":35.0,"damage_taken":0.0},{"damage_healed":0.0,"max_hp_gain":0.0,"max_hp_loss":0.0,"gold_gain":0.0,"cards_transformed":["PlaceholderMod:BaseDefend","PlaceholderMod:BaseDefend"],"event_name":"Drug Dealer","player_choice":"Became Test Subject","floor":19.0,"gold_loss":0.0,"damage_taken":0.0,"cards_obtained":["PlaceholderMod:UnpureUse","PlaceholderMod:InnerSoften"]},{"damage_healed":0.0,"max_hp_gain":0.0,"max_hp_loss":0.0,"gold_gain":0.0,"event_name":"Designer","player_choice":"Punched","floor":37.0,"gold_loss":0.0,"damage_taken":3.0},{"damage_healed":0.0,"max_hp_gain":0.0,"max_hp_loss":0.0,"gold_gain":0.0,"event_name":"SensoryStone","player_choice":"Memory 3","floor":38.0,"gold_loss":0.0,"damage_taken":10.0}],"is_beta":false,"boss_relics":[{"not_picked":["Snecko Eye","Replay:Ancient Bell"],"picked":"ChewingGum"},{"not_picked":["REME_DuelDisc","AT_MortalBlade"],"picked":"REME_ChargedStone"}],"items_purged_floors":[],"is_endless":false,"potions_floor_spawned":[1,4,10,12,14,22,28,29,30,33,35,40],"killed_by":"Giant Head","ascension_level":0}}