{"host":"dnvpprmy3abbf89m","time":1610263873,"event":{"mods":["BaseMod","Colored Map","Minty Spire (QoL Compilation)","StSLib"],"gold_per_floor":[112,112,124,89,15,15,38,54,54,54,88,104,104,124,124,222,222,235,215,67,94,106,153,176,188,250,262,290,302,364,396,408,517,529,552,580,592,604,629,641,684,714,726,738,750,773,785,815,827,839,839],"floor_reached":50,"playtime":3516,"items_purged":[],"score":841,"play_id":"763b56d1-e1a2-41be-895c-ed9eb933e1de","local_time":"20210110083113","is_ascension_mode":true,"campfire_choices":[{"data":"Caltrops","floor":6,"key":"SMITH"},{"data":"Distraction","floor":10,"key":"SMITH"},{"data":"Crippling Poison","floor":15,"key":"SMITH"},{"data":"Noxious Fumes","floor":25,"key":"SMITH"},{"data":"Bouncing Flask","floor":27,"key":"SMITH"},{"data":"Catalyst","floor":29,"key":"SMITH"},{"floor":32,"key":"REST"},{"floor":40,"key":"REST"},{"floor":44,"key":"REST"},{"data":"Malaise","floor":47,"key":"SMITH"},{"floor":49,"key":"REST"}],"circlet_count":0,"master_deck":["Strike_G","Strike_G+1","Strike_G","Strike_G","Defend_G","Defend_G","Defend_G","Defend_G","Defend_G","Survivor+1","Neutralize+1","Caltrops+1","Catalyst+1","Distraction+1","Outmaneuver","Dash","Crippling Poison+1","Glass Knife","Corpse Explosion","Malaise+1","Deadly Poison","Bouncing Flask+1","Noxious Fumes+1","Dodge and Roll","Backstab+1","Burst+1","Catalyst+1","Parasite","Deadly Poison+1","Wraith Form v2","Shame","Blur+1"],"relics":["Ring of the Snake","Whetstone","Art of War","PreservedInsect","Omamori","Cursed Key","MawBank","Snake Skull","Bag of Marbles","Sozu","Toxic Egg 2","The Specimen"],"acts_visited":["Exordium","TheCity","TheBeyond"],"potions_floor_usage":[12,16,23,23,33,33],"damage_taken":[{"damage":0.0,"enemies":"Cultist","floor":1.0,"turns":4.0},{"damage":5.0,"enemies":"Jaw Worm","floor":3.0,"turns":4.0},{"damage":2,"enemies":"2 Louse","floor":8,"turns":3},{"damage":15,"enemies":"3 Sentries","floor":11,"turns":8},{"damage":0,"enemies":"Red Slaver","floor":12,"turns":4},{"damage":0,"enemies":"Exordium Thugs","floor":14,"turns":3},{"damage":25,"enemies":"Slime Boss","floor":16,"turns":10},{"damage":2,"enemies":"3 Byrds","floor":18,"turns":2},{"damage":0,"enemies":"Slavers","floor":23,"turns":1},{"damage":0,"enemies":"Chosen","floor":24,"turns":4},{"damage":5,"enemies":"Snake Plant","floor":28,"turns":4},{"damage":18,"enemies":"Shelled Parasite and Fungi","floor":31,"turns":3},{"damage":40,"enemies":"Automaton","floor":33,"turns":7},{"damage":0,"enemies":"3 Shapes","floor":35,"turns":3},{"damage":0,"enemies":"3 Darklings","floor":36,"turns":2},{"damage":53,"enemies":"Writhing Mass","floor":39,"turns":6},{"damage":0,"enemies":"Nemesis","floor":41,"turns":3},{"damage":4,"enemies":"Jaw Worm Horde","floor":42,"turns":3},{"damage":6,"enemies":"4 Shapes","floor":46,"turns":4},{"damage":7,"enemies":"3 Darklings","floor":48,"turns":2},{"damage":49,"enemies":"Time Eater","floor":50,"turns":4}],"seed_played":"-2987817508120917818","potions_obtained":[{"floor":8,"key":"Weak Potion"},{"floor":11,"key":"Fire Potion"},{"floor":16,"key":"Explosive Potion"},{"floor":19,"key":"Explosive Potion"},{"floor":24,"key":"Block Potion"},{"floor":31,"key":"Poison Potion"}],"is_trial":false,"path_per_floor":["M","?","M","?","$","R","T","M","T","R","E","M","?","M","R","B",null,"M","?","$","T","$","E","M","R","T","R","M","R","?","M","R","B",null,"M","M","?","?","M","R","E","M","T","R","?","M","R","M","R","B"],"character_chosen":"THE_SILENT","items_purchased":["Distraction","Bouncing Flask","Noxious Fumes"],"campfire_rested":4,"item_purchase_floors":[5,20,20],"current_hp_per_floor":[63,49,44,61,61,61,61,59,59,59,44,44,44,44,44,19,57,55,55,55,55,55,55,55,55,55,55,50,50,50,32,53,13,56,56,56,56,56,3,22,22,18,18,37,37,31,31,24,43,0,0],"gold":839,"neow_bonus":"RANDOM_COMMON_RELIC","is_daily":false,"chose_seed":false,"campfire_upgraded":7,"win_rate":0.0,"timestamp":1610263873,"path_taken":["M","?","M","?","$","R","?","M","T","R","E","M","?","?","R","BOSS","M","?","?","?","?","E","M","R","T","R","M","R","?","?","R","BOSS","M","?","?","?","M","R","E","M","T","R","?","M","R","?","R","BOSS"],"items_purchased_type":["Card","Card","Card"],"build_version":"2020-12-22","purchased_purges":0,"victory":false,"max_hp_per_floor":[70,70,70,70,70,70,70,70,70,70,70,70,70,70,70,70,70,70,70,70,70,70,70,70,70,70,70,70,70,70,70,70,70,70,70,70,66,66,66,66,66,66,66,66,66,66,66,66,66,66,66],"card_choices":[{"not_picked":["Acrobatics","Concentrate"],"picked":"Caltrops","floor":1.0},{"not_picked":["Predator","Expertise"],"picked":"Catalyst","floor":3.0},{"not_picked":["Underhanded Strike","Finisher"],"picked":"Outmaneuver","floor":8},{"not_picked":["Dagger Spray","Tactician"],"picked":"Dash","floor":11},{"not_picked":["Tactician","Bane"],"picked":"Crippling Poison","floor":12},{"not_picked":["Poisoned Stab","Quick Slash"],"picked":"Corpse Explosion","floor":14},{"not_picked":["Grand Finale","Storm of Steel"],"picked":"Malaise","floor":16},{"not_picked":["Well Laid Plans","All Out Attack"],"picked":"Deadly Poison","floor":18},{"not_picked":["Acrobatics","Blade Dance"],"picked":"Dodge and Roll","floor":23},{"not_picked":["All Out Attack+1","Accuracy"],"picked":"Backstab+1","floor":24},{"not_picked":["Acrobatics","Cloak And Dagger","Blade Dance"],"picked":"SKIP","floor":28},{"not_picked":["Dagger Spray","Well Laid Plans","Finisher+1"],"picked":"SKIP","floor":31},{"not_picked":["Bullet Time","Malaise"],"picked":"Burst","floor":33},{"not_picked":["Endless Agony","Cloak And Dagger+1","Bane+1"],"picked":"SKIP","floor":35},{"not_picked":["Blade Dance","Cloak And Dagger"],"picked":"Catalyst+1","floor":36},{"not_picked":["Outmaneuver+1","Underhanded Strike"],"picked":"Deadly Poison+1","floor":39},{"not_picked":["Cloak And Dagger+1","Reflex+1"],"picked":"Wraith Form v2","floor":41},{"not_picked":["Slice+1","Sucker Punch","All Out Attack"],"picked":"SKIP","floor":42},{"not_picked":["Sucker Punch+1","Quick Slash"],"picked":"Blur+1","floor":46},{"not_picked":["Finisher","Prepared+1","Deadly Poison+1"],"picked":"SKIP","floor":48}],"player_experience":774258,"relics_obtained":[{"floor":7,"key":"Art of War"},{"floor":9,"key":"PreservedInsect"},{"floor":11,"key":"Omamori"},{"floor":21,"key":"MawBank"},{"floor":23,"key":"Snake Skull"},{"floor":26,"key":"Bag of Marbles"},{"floor":41,"key":"Toxic Egg 2"},{"floor":43,"key":"The Specimen"}],"event_choices":[{"damage_healed":0.0,"max_hp_gain":0.0,"max_hp_loss":0.0,"gold_gain":0.0,"event_name":"Shining Light","player_choice":"Entered Light","floor":2.0,"gold_loss":0.0,"damage_taken":14.0,"cards_upgraded":["Strike_G","Survivor"]},{"damage_healed":17,"gold_gain":0,"player_choice":"Healed","damage_taken":0,"max_hp_gain":0,"max_hp_loss":0,"event_name":"The Cleric","floor":4,"gold_loss":35},{"damage_healed":0,"gold_gain":0,"player_choice":"1 cards matched","damage_taken":0,"max_hp_gain":0,"max_hp_loss":0,"event_name":"Match and Keep!","floor":13,"gold_loss":0,"cards_obtained":["Glass Knife"]},{"damage_healed":0,"gold_gain":0,"player_choice":"Bought 1 Potion","damage_taken":0,"max_hp_gain":0,"max_hp_loss":0,"event_name":"The Woman in Blue","floor":19,"gold_loss":0},{"damage_healed":0,"gold_gain":100,"player_choice":"Bet on Murderer","damage_taken":0,"max_hp_gain":0,"max_hp_loss":0,"event_name":"The Joust","floor":30,"gold_loss":50},{"damage_healed":0,"gold_gain":0,"player_choice":"Max HP","damage_taken":0,"max_hp_gain":0,"max_hp_loss":4,"event_name":"Winding Halls","floor":37,"gold_loss":0},{"cards_removed":["Strike_G"],"damage_healed":0,"gold_gain":0,"player_choice":"Removed Attack","damage_taken":0,"max_hp_gain":0,"max_hp_loss":0,"event_name":"Falling","floor":38,"gold_loss":0},{"damage_healed":0,"gold_gain":0,"player_choice":"Forge","damage_taken":0,"max_hp_gain":0,"max_hp_loss":0,"event_name":"Accursed Blacksmith","floor":45,"gold_loss":0,"cards_upgraded":["Burst"]}],"is_beta":false,"boss_relics":[{"not_picked":["Ectoplasm","SlaversCollar"],"picked":"Cursed Key"},{"not_picked":["Coffee Dripper","Philosopher\u0027s Stone"],"picked":"Sozu"}],"items_purged_floors":[],"is_endless":false,"potions_floor_spawned":[8,11,16,24,31,35,39],"killed_by":"Time Eater","ascension_level":8}}