{"host":"d739yreqm0rh30t5","time":1610248211,"event":{"mods":["BaseMod","BetterRewards","Colored Powertips","Downfall","Googly Eyes","Hermit","Minty Spire (QoL Compilation)","Replay The Spire","Shop Mod","StSLib","The Cursed"],"gold_per_floor":[99,117,128,128,143,157,157,189,189,639,639,639,658,726,742,742,742,742],"floor_reached":16,"playtime":1124,"items_purged":[],"score":202,"play_id":"dbf89af3-cc29-4e83-b9c4-8bc13ae2dd2c","local_time":"20210110041011","is_ascension_mode":false,"campfire_choices":[{"data":"hexamod:Sear","floor":1,"key":"SMITH"}],"circlet_count":0,"master_deck":["hexamod:Strike","hexamod:Strike+1","hexamod:Strike+1","hexamod:Defend+1","hexamod:Defend","hexamod:Defend","hexamod:Defend","hexamod:Sear+1","hexamod:Float","hexamod:HeatCrush","hexamod:ThirdSeal","hexamod:ChargedBarrage","hexamod:BurningTouch","hexamod:InspiringFlames","hexamod:GhostflameBarrier","Voices","Slimebound:Icky","Slimebound:Icky","Slimebound:Icky","Regret","Parasite","hexamod:WildfireWeapon","hexamod:Incineration","hexamod:BurningTouch"],"relics":["hexamod:SpiritBrand","InkBottle","Replay:PocketPolymizer","Ring of Peace","Ring of Fury","Sundial"],"acts_visited":["Exordium"],"potions_floor_usage":[16,16],"damage_taken":[{"damage":6,"enemies":"Small Slimes","floor":2,"turns":5},{"damage":6,"enemies":"Jaw Worm","floor":3,"turns":3},{"damage":0,"enemies":"Cultist","floor":5,"turns":4},{"damage":18,"enemies":"Exordium Thugs","floor":6,"turns":4},{"damage":25,"enemies":"Lagavulin","floor":8,"turns":7},{"damage":2,"enemies":"Gremlin Gang","floor":13,"turns":7},{"damage":10,"enemies":"2 Fungi Beasts","floor":15,"turns":5},{"damage":35,"enemies":"downfall:Silent","floor":16,"turns":4}],"seed_played":"7471372959847644945","potions_obtained":[{"floor":2,"key":"PowerPotion"},{"floor":5,"key":"Toxic Potion"},{"floor":6,"key":"SmokeBomb"}],"is_trial":false,"path_per_floor":["R","M","M","?","M","M","T","E","?","?","?","?","M","T","M","B"],"character_chosen":"THE_SPIRIT","items_purchased":[],"campfire_rested":0,"item_purchase_floors":[],"current_hp_per_floor":[77,71,65,65,65,47,47,22,22,22,22,41,39,39,29,0,0,0],"gold":742,"neow_bonus":"TEN_PERCENT_HP_BONUS","is_daily":false,"chose_seed":false,"campfire_upgraded":1,"win_rate":0.0,"timestamp":1610248211,"path_taken":["R","M","M","?","M","M","T","E","?","?","?","?","M","?","M","BOSS"],"items_purchased_type":[],"build_version":"2020-12-22","purchased_purges":0,"victory":false,"max_hp_per_floor":[77,77,77,77,77,77,77,77,77,77,77,77,77,77,77,77,77,77],"card_choices":[{"not_picked":["hexamod:Again","hexamod:BurningTouch"],"picked":"hexamod:HeatCrush","floor":2},{"not_picked":["hexamod:DynamicBlow","hexamod:Hexaguard"],"picked":"hexamod:ThirdSeal","floor":3},{"not_picked":["hexamod:SwordOfDarkness","hexamod:ThirdSeal"],"picked":"hexamod:ChargedBarrage","floor":5},{"not_picked":["hexamod:GhostOfSpirePast","hexamod:DynamicBlow"],"picked":"hexamod:BurningTouch","floor":6},{"not_picked":["hexamod:Again","hexamod:NightmareGuise"],"picked":"hexamod:InspiringFlames","floor":8},{"not_picked":["hexamod:SwordOfDarkness","hexamod:BacktrackSmack"],"picked":"hexamod:GhostflameBarrier","floor":8},{"not_picked":["hexamod:ThirdSeal","hexamod:SkipABeat"],"picked":"hexamod:WildfireWeapon","floor":13},{"not_picked":["hexamod:ShieldOfDarkness","hexamod:DynamicBlow"],"picked":"hexamod:Incineration","floor":13},{"not_picked":["hexamod:AdvancingGuard","hexamod:InspiringFlames"],"picked":"hexamod:BurningTouch","floor":15},{"not_picked":["hexamod:SpectersWail","hexamod:SwordOfDarkness","hexamod:GhostLash"],"picked":"SKIP","floor":15}],"player_experience":127831,"relics_obtained":[{"floor":7,"key":"InkBottle"},{"floor":8,"key":"Replay:PocketPolymizer"},{"floor":9,"key":"Ring of Peace"},{"floor":9,"key":"Ring of Fury"},{"floor":14,"key":"Sundial"}],"event_choices":[{"damage_healed":19,"gold_gain":0,"player_choice":"Healed and dodged fight","damage_taken":0,"max_hp_gain":0,"max_hp_loss":0,"event_name":"Mushrooms","floor":12,"gold_loss":0,"cards_obtained":["Parasite"]}],"is_beta":false,"boss_relics":[],"items_purged_floors":[],"is_endless":false,"potions_floor_spawned":[2,5,6,13,15],"killed_by":"downfall:Silent","ascension_level":0}}