{"host":"bf9sa99gaumonoeu","time":1610244969,"event":{"mods":["AchievementEnabler","Act Like it!","BaseMod","Better Sensory Stone","Colored Map","Colored Powertips","Friendly Minions","Gensokyo","GifTheSpireLib","Googly Eyes","Hallownest","Hermit","Hubris","Jorbs\u0027s Wanderer Trilogy","KinomotoSakuraMod(????)","Koishi","Lobotomy","Marisa????????","Minty Spire (QoL Compilation)","Rare Cards Sparkle","Reimu??????","Relic Stats","Remilia??????","Replay The Spire","StSLib","The Administrix","The Alterego","The Animator","The Bug Knight","The Construct","The Cursed","The Disciple","The Hierophant","The Mystic","The Necromancer","The Poker Player","The Runesmith","The Senshi","The Servant 0.9.4","TheLocksmith","Yakumo Yukari mod","thorton"],"gold_per_floor":[118,132,149,169,187,222,222,35,35,35,52,67,67,92,92,92,92],"floor_reached":16,"playtime":1266,"items_purged":["Strike_G"],"score":222,"play_id":"d6639114-d232-483f-816c-f7d1a0b0d544","local_time":"20210110001609","is_ascension_mode":true,"campfire_choices":[{"floor":7,"key":"REST"},{"floor":10,"key":"REST"},{"floor":15,"key":"REST"}],"circlet_count":0,"master_deck":["AscendersBane","Strike_G","Strike_G","Strike_G","Defend_G","Defend_G","Defend_G","Defend_G","Defend_G","Survivor","Neutralize","Riddle With Holes","Cloak And Dagger","hubris:TrickCloak","Deflect","Underhanded Strike","Crippling Poison","Prepared","Catalyst","Leg Sweep"],"relics":["Fusion Hammer","hubris:PeanutButter","hubris:Reverence","hubris:DeckOfHolding"],"acts_visited":["Exordium"],"potions_floor_usage":[4,5,11,12,14],"damage_taken":[{"damage":7,"enemies":"Jaw Worm","floor":1,"turns":4},{"damage":3,"enemies":"Small Slimes","floor":2,"turns":3},{"damage":0,"enemies":"2 Louse","floor":3,"turns":2},{"damage":7,"enemies":"Exordium Wildlife","floor":4,"turns":7},{"damage":3,"enemies":"3 Louse","floor":5,"turns":6},{"damage":32,"enemies":"Replay:BlueRogue","floor":6,"turns":11},{"damage":0,"enemies":"Red Slaver","floor":11,"turns":4},{"damage":0,"enemies":"Looter","floor":12,"turns":1},{"damage":16,"enemies":"Lagavulin","floor":14,"turns":6},{"damage":41,"enemies":"The Guardian","floor":16,"turns":24}],"seed_played":"-8058673104632024274","potions_obtained":[{"floor":1,"key":"DistilledChaos"},{"floor":2,"key":"Dexterity Potion"},{"floor":6,"key":"Strength Potion"},{"floor":11,"key":"PowerPotion"},{"floor":14,"key":"Weak Potion"}],"is_trial":false,"path_per_floor":["M","M","M","M","M","E","R","$","T","R","M","M","?","E","R","B"],"character_chosen":"THE_SILENT","items_purchased":["Flashbang"],"campfire_rested":3,"item_purchase_floors":[8],"current_hp_per_floor":[52,49,49,42,39,7,26,26,26,45,45,45,38,22,41,0,0],"gold":92,"neow_bonus":"BOSS_RELIC","is_daily":false,"chose_seed":false,"campfire_upgraded":0,"win_rate":0.0,"timestamp":1610244969,"path_taken":["M","M","M","M","M","E","R","$","T","R","M","M","?","E","R","BOSS"],"items_purchased_type":["Potion"],"build_version":"2020-12-22","purchased_purges":1,"victory":false,"max_hp_per_floor":[66,66,66,66,66,66,66,66,66,66,66,66,66,66,66,66,66],"relic_stats":{"counters":[10,68],"obtain_stats":[{"hubris:PeanutButter":6,"hubris:DeckOfHolding":14,"Fusion Hammer":0,"Ring of the Snake":0,"hubris:Reverence":9},{"hubris:PeanutButter":6,"hubris:DeckOfHolding":9,"Fusion Hammer":0,"Ring of the Snake":0,"hubris:Reverence":6},{"hubris:PeanutButter":33,"hubris:DeckOfHolding":44,"Fusion Hammer":0,"Ring of the Snake":0,"hubris:Reverence":33}]},"card_choices":[{"not_picked":["Hidden Blade","Underhanded Strike"],"picked":"Riddle With Holes","floor":1},{"not_picked":["Outmaneuver","Expertise"],"picked":"Cloak And Dagger","floor":2},{"not_picked":["Hidden Blade","Infinite Blades"],"picked":"hubris:TrickCloak","floor":3},{"not_picked":["Catalyst","Setup"],"picked":"Deflect","floor":4},{"not_picked":["Accuracy","PiercingWail"],"picked":"Underhanded Strike","floor":5},{"not_picked":["Deflect","hubris:Counter"],"picked":"Crippling Poison","floor":6},{"not_picked":["Fluid Movement","Backstab"],"picked":"Prepared","floor":11},{"not_picked":["Riddle With Holes","Underhanded Strike"],"picked":"Catalyst","floor":12},{"not_picked":["hubris:TrickCloak","Masterful Stab"],"picked":"Leg Sweep","floor":14}],"player_experience":868641,"relics_obtained":[{"floor":6,"key":"hubris:PeanutButter"},{"floor":9,"key":"hubris:Reverence"},{"floor":14,"key":"hubris:DeckOfHolding"}],"event_choices":[{"cards_removed":["Strike_G"],"damage_healed":0,"gold_gain":0,"player_choice":"Card Removal","damage_taken":7,"max_hp_gain":0,"max_hp_loss":0,"event_name":"Golden Wing","floor":13,"gold_loss":0}],"is_beta":false,"boss_relics":[],"items_purged_floors":[8],"is_endless":false,"potions_floor_spawned":[1,2,6,11,14],"killed_by":"The Guardian","ascension_level":19}}