{"host":"s638sc7ff92s54vg","time":1610270859,"event":{"mods":["BaseMod","Colored Map","Colored Powertips","Highlight Path","Infinite Spire","Jorbs\u0027s Wanderer Trilogy","Minty Spire (QoL Compilation)","StSLib","The Cursed","The Servant 0.9.4"],"gold_per_floor":[112,125,125,48,61,101,101,124,124,138,138,172,137,173,173,173,173],"floor_reached":16,"playtime":1451,"items_purged":[],"score":120,"play_id":"3fbd865b-2244-4523-82e0-99a3bb2af2ed","local_time":"20210110012739","is_ascension_mode":false,"campfire_choices":[{"data":"TheCursedMod:CursedMace","floor":15,"key":"SMITH"}],"circlet_count":0,"master_deck":["TheCursedMod:Strike_TheCursed","TheCursedMod:Strike_TheCursed","TheCursedMod:Strike_TheCursed","TheCursedMod:Strike_TheCursed","TheCursedMod:Defend_TheCursed","TheCursedMod:Defend_TheCursed","TheCursedMod:Defend_TheCursed","TheCursedMod:Defend_TheCursed","TheCursedMod:CursedWand","TheCursedMod:CleanUpWorkshop","TheCursedMod:Dregs","TheCursedMod:CursedMace+1","TheCursedMod:SpitefulPray","Injury","TheCursedMod:Neurasthenia","TheCursedMod:Grudge","TheCursedMod:ManaBullet","TheCursedMod:BlessingInDisguise","TheCursedMod:CircleOfFlame","TheCursedMod:NeowsMight","TheCursedMod:RavingStaff"],"relics":["TheCursedMod:BlackMagic101","Golden Idol","Art of War","FaceOfCleric","Orichalcum","Question Card","MealTicket"],"acts_visited":["Exordium"],"potions_floor_usage":[6,10,12],"damage_taken":[{"damage":2,"enemies":"Small Slimes","floor":1,"turns":3},{"damage":7,"enemies":"Cultist","floor":2,"turns":4},{"damage":0,"enemies":"2 Louse","floor":5,"turns":3},{"damage":41,"enemies":"Lagavulin","floor":6,"turns":8},{"damage":5,"enemies":"Looter","floor":8,"turns":2},{"damage":13,"enemies":"Exordium Thugs","floor":10,"turns":8},{"damage":13,"enemies":"3 Sentries","floor":12,"turns":11},{"damage":22,"enemies":"Lagavulin","floor":14,"turns":8},{"damage":37,"enemies":"Slime Boss","floor":16,"turns":13}],"seed_played":"8292902634661412190","potions_obtained":[{"floor":2,"key":"SpeedPotion"},{"floor":8,"key":"Swift Potion"},{"floor":10,"key":"Dexterity Potion"}],"is_trial":false,"path_per_floor":["M","M","?","$","M","E","?","M","T","M","?","E","?","E","R","B"],"character_chosen":"THE_CURSED","items_purchased":["TheCursedMod:Neurasthenia"],"campfire_rested":0,"item_purchase_floors":[4],"current_hp_per_floor":[80,73,73,73,73,32,32,28,28,16,44,32,53,32,32,0,0],"gold":173,"neow_bonus":"TEN_PERCENT_HP_BONUS","is_daily":false,"chose_seed":false,"campfire_upgraded":1,"win_rate":0.0,"timestamp":1610270859,"path_taken":["M","M","?","$","M","E","?","?","T","M","?","E","?","E","R","BOSS"],"items_purchased_type":["Card"],"build_version":"2020-12-22","purchased_purges":0,"victory":false,"max_hp_per_floor":[82,82,82,82,82,82,82,83,83,84,84,85,85,86,86,86,86],"card_choices":[{"not_picked":["TheCursedMod:Stigma","TheCursedMod:Obscuration"],"picked":"TheCursedMod:CursedMace","floor":1},{"not_picked":["TheCursedMod:SaltUponWound","TheCursedMod:Obscuration"],"picked":"TheCursedMod:SpitefulPray","floor":2},{"not_picked":["TheCursedMod:Torture","TheCursedMod:CursedMace"],"picked":"TheCursedMod:Grudge","floor":5},{"not_picked":["TheCursedMod:ShockAndAwe","TheCursedMod:CircleOfFlame"],"picked":"TheCursedMod:ManaBullet","floor":6},{"not_picked":["TheCursedMod:DoubleShield","TheCursedMod:TroublousMinions"],"picked":"TheCursedMod:BlessingInDisguise","floor":8},{"not_picked":["TheCursedMod:Stretching","TheCursedMod:Wield"],"picked":"TheCursedMod:CircleOfFlame","floor":10},{"not_picked":["TheCursedMod:SmokeScreen","TheCursedMod:SpitefulStrike"],"picked":"TheCursedMod:NeowsMight","floor":12},{"not_picked":["TheCursedMod:Obscuration","TheCursedMod:CircleOfFocus","TheCursedMod:Grudge"],"picked":"TheCursedMod:RavingStaff","floor":14}],"player_experience":936915,"relics_obtained":[{"floor":6,"key":"Art of War"},{"floor":9,"key":"Orichalcum"},{"floor":12,"key":"Question Card"},{"floor":14,"key":"MealTicket"}],"event_choices":[{"damage_healed":0,"gold_gain":0,"player_choice":"Take Wound","damage_taken":0,"relics_obtained":["Golden Idol"],"max_hp_gain":0,"max_hp_loss":0,"event_name":"Golden Idol","floor":3,"gold_loss":0,"cards_obtained":["Injury"]},{"damage_healed":0,"gold_gain":0,"player_choice":"Trade","damage_taken":0,"relics_obtained":["FaceOfCleric"],"max_hp_gain":0,"max_hp_loss":0,"event_name":"FaceTrader","floor":7,"gold_loss":0},{"damage_healed":28,"gold_gain":0,"player_choice":"Banana","damage_taken":0,"max_hp_gain":0,"max_hp_loss":0,"event_name":"Big Fish","floor":11,"gold_loss":0},{"damage_healed":21,"gold_gain":0,"player_choice":"Healed","damage_taken":0,"max_hp_gain":0,"max_hp_loss":0,"event_name":"The Cleric","floor":13,"gold_loss":35}],"is_beta":false,"boss_relics":[],"items_purged_floors":[],"is_endless":false,"potions_floor_spawned":[2,8,10],"killed_by":"Slime Boss","ascension_level":0}}