{"host":"61r95uy0hn86b9iu","time":1610314545,"event":{"mods":["AchievementEnabler","BaseMod","Better Vampires","BetterRewards","Colored Powertips","Hubris","Minty Spire (QoL Compilation)","Shop Mod","StSLib"],"gold_per_floor":[16,16,16,32,45,71,71,89,89,103,103,4,17,30,30,30,30],"floor_reached":16,"playtime":605,"items_purged":[],"score":308,"play_id":"88fb1936-9bed-402f-976e-f4f04cbe2ff9","local_time":"20210110153545","is_ascension_mode":true,"campfire_choices":[{"floor":7.0,"key":"REST"},{"floor":11.0,"key":"REST"},{"floor":15.0,"key":"REST"}],"circlet_count":0,"master_deck":["AscendersBane","Strike_R","Strike_R","Strike_R","Strike_R","Defend_R","Defend_R","Defend_R","Defend_R","Bash","Inflame","hubris:EnhanceAbility","Spot Weakness","Shockwave","Seeing Red","Cleave","The Bomb","Feed","Iron Wave"],"relics":["Burning Blood","hubris:64BitClover","hubris:BottledRain","Membership Card","hubris:ChampionShield","MerchantsRug","Toy Ornithopter"],"acts_visited":["Exordium"],"potions_floor_usage":[],"damage_taken":[{"damage":6.0,"enemies":"2 Louse","floor":1.0,"turns":2.0},{"damage":0.0,"enemies":"Cultist","floor":4.0,"turns":4.0},{"damage":11.0,"enemies":"Jaw Worm","floor":5.0,"turns":5.0},{"damage":55.0,"enemies":"3 Sentries","floor":6.0,"turns":9.0},{"damage":13.0,"enemies":"3 Louse","floor":8.0,"turns":3.0},{"damage":9.0,"enemies":"Red Slaver","floor":10.0,"turns":4.0},{"damage":16.0,"enemies":"Lots of Slimes","floor":13.0,"turns":3.0},{"damage":28.0,"enemies":"Exordium Thugs","floor":14.0,"turns":5.0},{"damage":60,"enemies":"The Guardian","floor":16,"turns":9}],"seed_played":"-8876715887066304928","potions_obtained":[{"floor":4.0,"key":"Strength Potion"},{"floor":6.0,"key":"Strength Potion"},{"floor":10.0,"key":"SkillPotion"}],"is_trial":false,"path_per_floor":["M","$","?","M","M","E","R","M","T","M","R","$","M","M","R","B"],"character_chosen":"IRONCLAD","items_purchased":["Inflame","hubris:64BitClover","Lee\u0027s Waffle","hubris:EnhanceAbility","hubris:BottledRain","Membership Card","AttackPotion","MerchantsRug","The Bomb"],"campfire_rested":3,"item_purchase_floors":[0,0,0,0,0,0,0,12,12],"current_hp_per_floor":[82,82,82,82,77,28,52,45,45,42,66,66,56,34,58,0,0],"gold":30,"neow_bonus":"","is_daily":false,"chose_seed":false,"campfire_upgraded":0,"win_rate":0.0,"timestamp":1610314545,"path_taken":["M","$","?","M","?","E","R","M","T","M","R","$","M","?","R","BOSS"],"items_purchased_type":["Card","Relic","Relic","Card","Relic","Relic","Potion","Relic","Card"],"build_version":"2020-12-22","purchased_purges":0,"victory":false,"max_hp_per_floor":[82,82,82,82,82,82,82,82,82,82,82,82,82,82,82,82,82],"card_choices":[{"not_picked":["Evolve","Sentinel","Dark Embrace"],"picked":"SKIP","floor":1.0},{"not_picked":["Heavy Blade","Sword Boomerang"],"picked":"Spot Weakness","floor":4.0},{"not_picked":["Havoc","Pummel","Warcry"],"picked":"SKIP","floor":5.0},{"not_picked":["Perfected Strike","Flex"],"picked":"Shockwave","floor":6.0},{"not_picked":["Clothesline","Pommel Strike"],"picked":"Seeing Red","floor":8.0},{"not_picked":["Sword Boomerang","Armaments"],"picked":"Cleave","floor":10.0},{"not_picked":["Sentinel","Clash"],"picked":"Feed","floor":13.0},{"not_picked":["Seeing Red","Wild Strike"],"picked":"Iron Wave","floor":14.0}],"player_experience":3258781,"relics_obtained":[{"floor":6.0,"key":"hubris:ChampionShield"},{"floor":9.0,"key":"Centennial Puzzle"},{"floor":14.0,"key":"Toy Ornithopter"}],"event_choices":[{"cards_removed":["Strike_R"],"damage_healed":0.0,"max_hp_gain":0.0,"max_hp_loss":0.0,"gold_gain":0.0,"event_name":"Purifier","player_choice":"Purged","floor":3.0,"gold_loss":0.0,"damage_taken":0.0}],"is_beta":false,"boss_relics":[],"items_purged_floors":[],"is_endless":false,"potions_floor_spawned":[4,6,10],"killed_by":"The Guardian","ascension_level":20}}