{"host":"ijmqth23a408ytzh","time":1610266063,"event":{"mods":["BaseMod","Curses Come First","Downfall","Minty Spire (QoL Compilation)","StSLib"],"gold_per_floor":[99,119,130,7,7,7,54,115,115,165,175,175,175,175,188,291,291,291,301,319,319,59,78,127,127,127,139,139,139],"floor_reached":28,"playtime":1803,"items_purged":[],"score":237,"play_id":"bb1153d5-f095-4f9d-956a-5fa8fca265e1","local_time":"20210110000743","is_ascension_mode":true,"campfire_choices":[{"floor":1,"key":"REST"},{"floor":9,"key":"REST"},{"floor":12,"key":"REST"},{"data":"Die Die Die","floor":18,"key":"SMITH"},{"data":"Noxious Fumes","floor":25,"key":"SMITH"}],"circlet_count":0,"master_deck":["Strike_G","Strike_G","Strike_G","Strike_G+1","Defend_G","Defend_G","Defend_G","Defend_G","Defend_G","Survivor","Neutralize","Dagger Throw","Noxious Fumes+1","Deadly Poison","Catalyst","Noxious Fumes+1","Backstab","Envenom","Cloak And Dagger+1","Die Die Die+1","Blade Dance+1","Footwork","Infinite Blades","Acrobatics+1","Writhe","Bane"],"relics":["Ring of the Snake","Toxic Egg 2","Ancient Tea Set","Boot","The Courier","Busted Crown","Nloth\u0027s Gift","MealTicket","Centennial Puzzle","Tiny Chest"],"acts_visited":["Exordium","TheCity"],"potions_floor_usage":[8],"damage_taken":[{"damage":0,"enemies":"2 Louse","floor":2,"turns":3},{"damage":0,"enemies":"Jaw Worm","floor":3,"turns":4},{"damage":0,"enemies":"downfall:FleeingMerchant","floor":4,"turns":4},{"damage":19,"enemies":"3 Sentries","floor":8,"turns":6},{"damage":1,"enemies":"Cultist","floor":11,"turns":3},{"damage":10,"enemies":"Exordium Wildlife","floor":15,"turns":3},{"damage":27,"enemies":"The Guardian","floor":16,"turns":9},{"damage":20,"enemies":"Spheric Guardian","floor":19,"turns":4},{"damage":0,"enemies":"Chosen","floor":20,"turns":4},{"damage":0,"enemies":"downfall:FleeingMerchant","floor":22,"turns":4},{"damage":24,"enemies":"Snake Plant","floor":23,"turns":3},{"damage":31,"enemies":"Centurion and Healer","floor":27,"turns":4},{"damage":14,"enemies":"Shelled Parasite and Fungi","floor":28,"turns":1}],"seed_played":"6995682009166031998","potions_obtained":[{"floor":3,"key":"DuplicationPotion"},{"floor":15,"key":"Energy Potion"},{"floor":16,"key":"Dexterity Potion"},{"floor":27,"key":"sneckomod:MuddlingPotion"}],"is_trial":false,"path_per_floor":["R","M","M","$","?","?","T","?","R","T","M","R","?","T","M","B",null,"R","M","M","?","$","M","T","R","?","M","M"],"character_chosen":"THE_SILENT","items_purchased":["Catalyst","Noxious Fumes","Footwork","Infinite Blades","MealTicket"],"campfire_rested":3,"item_purchase_floors":[4,4,22,22,22],"current_hp_per_floor":[84,84,84,84,67,60,60,41,66,66,65,84,77,77,67,40,84,84,64,64,64,64,40,40,40,40,9,0,0],"gold":139,"neow_bonus":"TWENTY_PERCENT_HP_BONUS","is_daily":false,"chose_seed":false,"campfire_upgraded":2,"win_rate":0.0,"timestamp":1610266063,"path_taken":["R","M","M","$","?","?","T","?","R","?","?","R","?","?","M","BOSS","R","M","M","?","?","M","T","R","?","M","M"],"items_purchased_type":["Card","Card","Card","Card","Relic"],"build_version":"2020-12-22","purchased_purges":0,"victory":false,"max_hp_per_floor":[84,84,84,84,84,84,84,84,84,84,84,84,84,84,84,84,84,84,84,84,84,84,84,84,84,84,84,84,84],"card_choices":[{"not_picked":["Underhanded Strike","Outmaneuver"],"picked":"Dagger Throw","floor":2},{"not_picked":["Sucker Punch","Blade Dance"],"picked":"Noxious Fumes","floor":3},{"not_picked":["Well Laid Plans","Underhanded Strike"],"picked":"Deadly Poison","floor":4},{"not_picked":["Backflip+1","Cloak And Dagger+1"],"picked":"Backstab","floor":8},{"not_picked":["Footwork","Cloak And Dagger+1"],"picked":"Envenom","floor":11},{"not_picked":["Blade Dance+1","Choke"],"picked":"Cloak And Dagger+1","floor":15},{"not_picked":["Venomology+1","Wraith Form v2"],"picked":"Die Die Die","floor":16},{"not_picked":["Backflip+1"],"picked":"SKIP","floor":19},{"not_picked":[],"picked":"Blade Dance+1","floor":20},{"not_picked":["Glass Knife"],"picked":"SKIP","floor":22},{"not_picked":[],"picked":"Acrobatics+1","floor":23},{"not_picked":[],"picked":"Bane","floor":27}],"player_experience":777585,"relics_obtained":[{"floor":7,"key":"Ancient Tea Set"},{"floor":8,"key":"Boot"},{"floor":10,"key":"Lantern"},{"floor":14,"key":"The Courier"},{"floor":24,"key":"Centennial Puzzle"}],"event_choices":[{"damage_healed":0,"gold_gain":0,"player_choice":"Entered Light","damage_taken":17,"max_hp_gain":0,"max_hp_loss":0,"event_name":"Shining Light","floor":5,"gold_loss":0,"cards_upgraded":["Noxious Fumes","Strike_G"]},{"damage_healed":0,"gold_gain":0,"player_choice":"Success","damage_taken":7,"relics_obtained":["Toxic Egg 2"],"max_hp_gain":0,"max_hp_loss":0,"event_name":"Scrap Ooze","floor":6,"gold_loss":0},{"damage_healed":0,"gold_gain":30,"player_choice":"Searched \u00272\u0027 times","damage_taken":0,"max_hp_gain":0,"max_hp_loss":0,"event_name":"Dead Adventurer","floor":8,"gold_loss":0},{"cards_removed":["Strike_G"],"damage_healed":0,"gold_gain":0,"player_choice":"Card Removal","damage_taken":7,"max_hp_gain":0,"max_hp_loss":0,"event_name":"Golden Wing","floor":13,"gold_loss":0}],"is_beta":false,"boss_relics":[{"not_picked":["Coffee Dripper","Cursed Key"],"picked":"Busted Crown"}],"items_purged_floors":[],"is_endless":false,"potions_floor_spawned":[3,15,16,27],"killed_by":"Shelled Parasite and Fungi","ascension_level":3}}