{"host":"byizzf0lry06owoh","time":1610274681,"event":{"mods":["Act Like it!","Aspiration","BaseMod","BetterRewards","Card Forge","Conspire","Downfall","Friendly Minions","GifTheSpireLib","Hallownest","Hubris","Infinite Spire","Minty Spire (QoL Compilation)","Relic Sorter","Replay The Spire","SIMod","StSLib","Wandering Minibosses"],"gold_per_floor":[109,120,168,168,168,168,196,216,216,216,216,216,251,262,262,360,360,372,372,396,416,416,416,444,444,444,476,510,522,522,554,554,649,649,668,668,684,684,696,725,737,737,737,737,737,737,78,105,105,105,105,105,30,59,59],"floor_reached":56,"playtime":3797,"items_purged":[],"score":1447,"play_id":"b0bdf62e-2031-41bc-ba0d-e61c4876cf52","local_time":"20210110023121","is_ascension_mode":true,"campfire_choices":[{"data":"Neutralize","floor":6,"key":"SMITH"},{"floor":10,"key":"REST"},{"floor":15,"key":"REST"},{"data":"infinitespire:TheBestDefense","floor":23,"key":"SMITH"},{"floor":25,"key":"REST"},{"floor":30,"key":"REST"},{"floor":32,"key":"REST"},{"floor":44,"key":"RECALL"},{"data":"After Image","floor":46,"key":"SMITH"},{"data":"Redo","floor":49,"key":"SMITH"},{"data":"Replay:Bag of Tricks","floor":52,"key":"SMITH"}],"circlet_count":0,"master_deck":["Survivor","Neutralize+1","Adrenaline+1","Deadly Poison","Prepared","Sucker Punch","Adrenaline+1","Dodge and Roll","Poison Darts+1","Ball Lightning","Conserve Battery","Redo+1","infinitespire:TheBestDefense+1","aspiration:Polymerization","FTL","Escape Plan+1","Bane+1","Dodge and Roll+1","Corpse Explosion","Rebound","After Image+1","BasicCrystalCard+1","Go for the Eyes+1","BootSequence","Replay:Bag of Tricks+1"],"relics":["m_BurningSludge","Seething Fire","Hammer of Thor","Anvil of the Gods","Juzu Bracelet","Replay:Mystery Machine","hubris:CrystalStatue","infinitespire:Cubic Diamond","Chameleon Ring","Iron Hammer","aspiration:DefectSkillbook","Guide Book","hubris:KleinBottle","Replay:Bottled Snecko","HornCleat","Red Mask","conspire:Dentures","WristBlade","hubris:SphereOfDissonance","infinitespire:WardingShard","Mummified Hand","conspire:Boomerang","Kunai","aspiration:FaultyCoupler","hubris:TinFlute"],"acts_visited":[],"potions_floor_usage":[13,16,27,27,27,31,33,40,50,55],"damage_taken":[{"damage":0,"enemies":"Cultist","floor":1,"turns":3},{"damage":0,"enemies":"Small Slimes","floor":2,"turns":2},{"damage":30,"enemies":"Lagavulin","floor":7,"turns":8},{"damage":0,"enemies":"2 Louse","floor":8,"turns":2},{"damage":4,"enemies":"Gremlin Nob","floor":13,"turns":4},{"damage":0,"enemies":"Exordium Wildlife","floor":14,"turns":3},{"damage":1,"enemies":"Hexaghost","floor":16,"turns":7},{"damage":0,"enemies":"Spheric Guardian","floor":18,"turns":2},{"damage":0,"enemies":"Shell Parasite","floor":21,"turns":3},{"damage":0,"enemies":"conspire:Head Lice","floor":24,"turns":4},{"damage":0,"enemies":"Book of Stabbing","floor":27,"turns":4},{"damage":12,"enemies":"Masked Bandits","floor":28,"turns":4},{"damage":1,"enemies":"Centurion and Healer","floor":29,"turns":4},{"damage":4,"enemies":"Slavers","floor":31,"turns":4},{"damage":9,"enemies":"hubris:MusketHawk","floor":33,"turns":6},{"damage":0,"enemies":"3 Shapes","floor":35,"turns":4},{"damage":0,"enemies":"3 Darklings","floor":37,"turns":2},{"damage":0,"enemies":"Sphere and 2 Shapes","floor":39,"turns":3},{"damage":7,"enemies":"R_Hoarder","floor":40,"turns":8},{"damage":0,"enemies":"Spire Growth","floor":41,"turns":4},{"damage":0,"enemies":"Reptomancer","floor":48,"turns":6},{"damage":54,"enemies":"conspire:OrnateMirror","floor":50,"turns":5},{"damage":0,"enemies":"Shield and Spear","floor":54,"turns":5},{"damage":64,"enemies":"The Heart","floor":55,"turns":10}],"seed_played":"8121416666705145270","potions_obtained":[{"floor":8,"key":"Swift Potion"},{"floor":14,"key":"Adrenaline Potion"},{"floor":20,"key":"Block Potion"},{"floor":20,"key":"Milkshake"},{"floor":20,"key":"Energy Potion"},{"floor":27,"key":"Adrenaline Potion"},{"floor":28,"key":"Elixir"},{"floor":31,"key":"ColorlessPotion"},{"floor":37,"key":"Poison Potion"},{"floor":41,"key":"DuplicationPotion"}],"is_trial":false,"path_per_floor":["M","M","T","?","?","R","E","M","T","R","?","T","E","M","R","B",null,"M","?","?","M","$","R","E","R","T","E","?","M","R","E","R","B",null,"M","?","M","?","M","E","M","T","T","R","?","R","$","E","R","B",null,"R","$","E","B",null],"character_chosen":"THE_SILENT","items_purchased":["Guide Book","hubris:KleinBottle","conspire:Boomerang","Kunai","FairyPotion","CunningPotion"],"campfire_rested":5,"item_purchase_floors":[22,22,47,47,47,53],"current_hp_per_floor":[70,70,70,70,56,56,26,26,26,47,47,47,43,43,64,63,70,70,70,53,53,24,24,24,45,45,45,33,32,53,49,70,61,70,70,70,70,70,70,63,63,66,66,66,69,69,69,69,69,15,70,70,70,70,6],"gold":59,"neow_bonus":"ONE_RANDOM_RARE_CARD","is_daily":false,"chose_seed":false,"campfire_upgraded":5,"win_rate":0.0,"timestamp":1610274681,"path_taken":["M","M","?","?","?","R","E","M","T","R","?","?","E","M","R","BOSS","M","?","?","M","?","R","E","R","T","E","?","M","R","E","R","BOSS","M","?","M","?","M","E","M","?","T","R","?","R","$","E","R","BOSS","R","$","E","BOSS"],"items_purchased_type":["Relic","Relic","Relic","Relic","Potion","Potion"],"build_version":"2020-12-22","purchased_purges":0,"victory":true,"max_hp_per_floor":[70,70,70,70,70,70,70,70,70,70,70,70,70,70,70,70,70,70,70,70,70,70,70,70,70,70,70,70,70,70,70,70,70,70,70,70,70,70,70,70,70,70,70,70,70,70,70,70,70,70,70,70,70,70,70],"card_choices":[{"not_picked":["Flechettes","Calculated Gamble"],"picked":"Deadly Poison","floor":1},{"not_picked":["ReplayTheSpireMod:Tripwire","Sucker Punch"],"picked":"Prepared","floor":2},{"not_picked":["Quick Slash","Deadly Poison"],"picked":"Sucker Punch","floor":7},{"not_picked":["Dodge and Roll","Prepared"],"picked":"Adrenaline","floor":8},{"not_picked":["Malaise","PiercingWail"],"picked":"Dodge and Roll","floor":13},{"not_picked":["Outmaneuver","Masterful Stab"],"picked":"Deadly Poison","floor":14},{"not_picked":["Replay:Bag of Tricks","Hemogenesis"],"picked":"Poison Darts","floor":16},{"not_picked":["Sucker Punch","Conserve Battery+1","Blade Dance+1"],"picked":"Ball Lightning","floor":18},{"not_picked":["Hologram+1","Coolheaded","Blizzard"],"picked":"Conserve Battery","floor":20},{"not_picked":["ReplayTheSpireMod:GoodbyeWorld+1","hubris:SlightOfHand","Crippling Poison"],"picked":"Redo","floor":21},{"not_picked":["infinitespire:Menacing","Replay:Fractal Strike"],"picked":"infinitespire:TheBestDefense","floor":22},{"not_picked":["conspire:PoisonWeapons","Compile Driver","Force Field+1"],"picked":"aspiration:Polymerization","floor":24},{"not_picked":["Slice","Glass Knife","Backflip"],"picked":"FTL","floor":27},{"not_picked":["Recycle","hubris:TrickCloak","Go for the Eyes"],"picked":"Escape Plan+1","floor":28},{"not_picked":["Backflip","Dagger Spray","Crippling Poison"],"picked":"Bane+1","floor":29},{"not_picked":["Dagger Throw","Outmaneuver","Prepared+1"],"picked":"Dodge and Roll+1","floor":31},{"not_picked":["Bullet Time","A Thousand Cuts","Hyperbeam"],"picked":"Corpse Explosion","floor":33},{"not_picked":["All Out Attack","Deflect","Hidden Blade"],"picked":"Rebound","floor":35},{"not_picked":["Acrobatics","Rebound","hubris:PowerSurge+1"],"picked":"After Image","floor":37},{"not_picked":["Beam Cell","Panic Button+1","Rebound"],"picked":"BasicCrystalCard+1","floor":39},{"not_picked":["Sucker Punch+1","Barrage+1","Sunder"],"picked":"Go for the Eyes+1","floor":40},{"not_picked":["Crippling Poison+1","Rebound+1","Bane"],"picked":"BootSequence","floor":41},{"not_picked":["Coolheaded+1","Compile Driver","Skewer"],"picked":"Replay:Bag of Tricks","floor":48},{"not_picked":["Conserve Battery+1","ReplayTheSpireMod:GoodbyeWorld","Deadly Poison+1","Gash"],"picked":"SKIP","floor":54}],"player_experience":48764,"relics_obtained":[{"floor":3,"key":"Juzu Bracelet"},{"floor":7,"key":"Replay:Mystery Machine"},{"floor":9,"key":"hubris:CrystalStatue"},{"floor":12,"key":"Chameleon Ring"},{"floor":13,"key":"Iron Hammer"},{"floor":24,"key":"Replay:Bottled Snecko"},{"floor":27,"key":"HornCleat"},{"floor":28,"key":"Red Mask"},{"floor":31,"key":"conspire:Dentures"},{"floor":40,"key":"hubris:SphereOfDissonance"},{"floor":42,"key":"infinitespire:WardingShard"},{"floor":43,"key":"Mummified Hand"},{"floor":48,"key":"aspiration:FaultyCoupler"},{"floor":54,"key":"hubris:TinFlute"}],"event_choices":[{"damage_healed":0,"gold_gain":0,"player_choice":"Grow","damage_taken":0,"max_hp_gain":0,"max_hp_loss":0,"event_name":"Living Wall","floor":4,"gold_loss":0,"cards_upgraded":["Adrenaline"]},{"damage_healed":0,"gold_gain":0,"player_choice":"Entered Light","damage_taken":14,"max_hp_gain":0,"max_hp_loss":0,"event_name":"Shining Light","floor":5,"gold_loss":0,"cards_upgraded":["Defend_G","Strike_G"]},{"damage_healed":0,"gold_gain":0,"player_choice":"Ignored","damage_taken":0,"max_hp_gain":0,"max_hp_loss":0,"event_name":"Beggar","floor":19,"gold_loss":0},{"damage_healed":0,"gold_gain":0,"player_choice":"Fought Bandits","damage_taken":0,"max_hp_gain":0,"max_hp_loss":0,"event_name":"Masked Bandits","floor":28,"gold_loss":0},{"damage_healed":0,"gold_gain":0,"player_choice":"Ignored","damage_taken":0,"max_hp_gain":0,"max_hp_loss":0,"event_name":"SecretPortal","floor":36,"gold_loss":0},{"cards_removed":["Deadly Poison"],"damage_healed":5,"gold_gain":0,"player_choice":"Offered Common","damage_taken":0,"max_hp_gain":0,"max_hp_loss":0,"event_name":"Bonfire Elementals","floor":38,"gold_loss":0},{"cards_removed":["Deadly Poison"],"damage_healed":5,"gold_gain":0,"player_choice":"Offered Special","damage_taken":0,"max_hp_gain":0,"max_hp_loss":0,"event_name":"Bonfire Elementals","floor":38,"gold_loss":0},{"damage_healed":0,"gold_gain":0,"player_choice":"Ignored","damage_taken":0,"max_hp_gain":0,"max_hp_loss":0,"event_name":"Purifier","floor":45,"gold_loss":0}],"is_beta":false,"boss_relics":[{"not_picked":["Replay:Grab Bag","hubris:VirtuousBlindfold"],"picked":"aspiration:DefectSkillbook"},{"not_picked":["Replay:Drink Me","Sozu"],"picked":"WristBlade"}],"items_purged_floors":[],"is_endless":false,"potions_floor_spawned":[8,14,27,28,31,37,41,54],"ascension_level":1}}