{"host":"9l4mw5jqza9qz9hr","time":1610270575,"event":{"mods":["AchievementEnabler","Always Whale","BaseMod","Colored Map","Minty Spire (QoL Compilation)","StSLib","SuperFastMode"],"gold_per_floor":[114,289,289,188,41,41,59,59,86,86,99,99,109,121,121,225,225,236,236,236,22,36,36,48,80,80,80,80,5,5,5],"floor_reached":30,"playtime":497,"items_purged":["Strike_B","Strike_B","Strike_B"],"score":354,"play_id":"595e6324-7016-4b2f-80c5-d6618cef70f8","local_time":"20210110182255","is_ascension_mode":true,"campfire_choices":[{"data":"Gash","floor":6.0,"key":"SMITH"},{"data":"Beam Cell","floor":8.0,"key":"SMITH"},{"floor":15.0,"key":"REST"},{"data":"Scrape","floor":23.0,"key":"SMITH"}],"circlet_count":0,"master_deck":["AscendersBane","Defend_B","Defend_B+1","Defend_B","Defend_B","Zap","Dualcast","Compile Driver","Gash+1","Compile Driver+1","Beam Cell+1","BootSequence","Scrape+1","Leap","Turbo","Hyperbeam","Sweeping Beam","Flash of Steel","Gash+1","Turbo+1","Scrape","Self Repair"],"relics":["Cracked Core","TungstenRod","Regal Pillow","Cursed Key","Dream Catcher","Shovel"],"acts_visited":["Exordium","TheCity"],"potions_floor_usage":[30],"damage_taken":[{"damage":8.0,"enemies":"Small Slimes","floor":1.0,"turns":4.0},{"damage":1.0,"enemies":"Jaw Worm","floor":7.0,"turns":4.0},{"damage":5.0,"enemies":"2 Louse","floor":11.0,"turns":3.0},{"damage":0.0,"enemies":"2 Fungi Beasts","floor":13.0,"turns":3.0},{"damage":0.0,"enemies":"Large Slime","floor":14.0,"turns":2.0},{"damage":44.0,"enemies":"Slime Boss","floor":16.0,"turns":10.0},{"damage":0.0,"enemies":"2 Thieves","floor":18.0,"turns":2.0},{"damage":2.0,"enemies":"Spheric Guardian","floor":22.0,"turns":3.0},{"damage":7.0,"enemies":"Centurion and Healer","floor":24.0,"turns":3.0},{"damage":38.0,"enemies":"Book of Stabbing","floor":25.0,"turns":5.0},{"damage":12,"enemies":"Snecko","floor":30,"turns":3}],"seed_played":"-6559741564625816618","potions_obtained":[{"floor":13.0,"key":"Fire Potion"},{"floor":16.0,"key":"SteroidPotion"},{"floor":18.0,"key":"DuplicationPotion"},{"floor":25.0,"key":"EssenceOfDarkness"},{"floor":28,"key":"DistilledChaos"},{"floor":28,"key":"CultistPotion"}],"is_trial":false,"path_per_floor":["M","?","?","$","$","R","M","R","T","?","M","?","M","M","R","B",null,"M","?","?","$","M","R","M","E","T","?","?","$","M"],"character_chosen":"DEFECT","items_purchased":["Compile Driver","Beam Cell","Flash of Steel","Self Repair"],"campfire_rested":1,"item_purchase_floors":[4,5,21,29],"current_hp_per_floor":[60,60,35,35,35,35,34,34,34,20,15,15,15,15,52,8,58,58,58,58,58,56,56,49,11,11,11,11,11,0,0],"gold":5,"neow_bonus":"TRANSFORM_CARD","is_daily":false,"chose_seed":false,"campfire_upgraded":3,"win_rate":0.0,"timestamp":1610270575,"path_taken":["M","?","?","?","$","R","M","R","T","?","M","?","M","M","R","BOSS","M","?","?","$","?","R","M","E","T","?","?","$","?"],"items_purchased_type":["Card","Card","Card","Card"],"build_version":"2020-12-22","purchased_purges":3,"victory":false,"max_hp_per_floor":[75,75,75,75,75,75,75,75,75,75,75,75,75,75,75,75,75,75,75,75,75,75,75,75,75,75,75,75,75,75,75],"card_choices":[{"not_picked":["Redo","Compile Driver"],"picked":"Gash","floor":1.0},{"not_picked":["Turbo","Double Energy"],"picked":"BootSequence","floor":7.0},{"not_picked":["Recycle","Steam Power"],"picked":"Scrape","floor":11.0},{"not_picked":["Sweeping Beam","Amplify"],"picked":"Leap","floor":13.0},{"not_picked":["Ball Lightning","Stack"],"picked":"Turbo","floor":14.0},{"not_picked":["Fission","Meteor Strike"],"picked":"Hyperbeam","floor":16.0},{"not_picked":["Blizzard","Compile Driver"],"picked":"Sweeping Beam","floor":18.0},{"not_picked":["Hello World","Go for the Eyes"],"picked":"Gash+1","floor":22.0},{"not_picked":["Blizzard","Heatsinks"],"picked":"Turbo+1","floor":24.0},{"not_picked":["Consume","Sweeping Beam","Beam Cell"],"picked":"SKIP","floor":25.0}],"player_experience":204255,"relics_obtained":[{"floor":9.0,"key":"Regal Pillow"},{"floor":25.0,"key":"Shovel"}],"event_choices":[{"damage_healed":0.0,"max_hp_gain":0.0,"max_hp_loss":0.0,"gold_gain":175.0,"event_name":"Liars Game","player_choice":"AGREE","floor":2.0,"gold_loss":0.0,"damage_taken":0.0,"cards_obtained":["Doubt"]},{"damage_healed":0.0,"max_hp_gain":0.0,"max_hp_loss":0.0,"gold_gain":0.0,"event_name":"Scrap Ooze","player_choice":"Success","floor":3.0,"gold_loss":0.0,"damage_taken":25.0,"relics_obtained":["TungstenRod"]},{"damage_healed":0.0,"max_hp_gain":0.0,"max_hp_loss":0.0,"gold_gain":0.0,"event_name":"Shining Light","player_choice":"Entered Light","floor":10.0,"gold_loss":0.0,"damage_taken":15.0,"cards_upgraded":["Compile Driver","Defend_B"]},{"cards_removed":["Doubt"],"damage_healed":0.0,"max_hp_gain":0.0,"max_hp_loss":0.0,"gold_gain":0.0,"event_name":"Living Wall","player_choice":"Forget","floor":12.0,"gold_loss":0.0,"damage_taken":0.0},{"damage_healed":0.0,"max_hp_gain":0.0,"max_hp_loss":0.0,"gold_gain":0.0,"event_name":"Vampires","player_choice":"Ignored","floor":19.0,"gold_loss":0.0,"damage_taken":0.0},{"damage_healed":0.0,"max_hp_gain":0.0,"max_hp_loss":0.0,"gold_gain":0.0,"event_name":"WeMeetAgain","player_choice":"Gave Potion","floor":20.0,"gold_loss":0.0,"damage_taken":0.0,"relics_obtained":["Dream Catcher"]},{"damage_healed":0,"gold_gain":0,"player_choice":"Read","damage_taken":0,"max_hp_gain":0,"max_hp_loss":0,"event_name":"The Library","floor":27,"gold_loss":0,"cards_obtained":["Scrape"]},{"damage_healed":0,"gold_gain":0,"player_choice":"Got Potions","damage_taken":0,"max_hp_gain":0,"max_hp_loss":0,"event_name":"Lab","floor":28,"gold_loss":0}],"is_beta":false,"boss_relics":[{"not_picked":["Runic Pyramid","Black Star"],"picked":"Cursed Key"}],"items_purged_floors":[4,5,21],"is_endless":false,"potions_floor_spawned":[13,16,18,25],"killed_by":"Snecko","ascension_level":10}}