{"host":"y3h3n3f7seyagppx","time":1610322139,"event":{"mods":["AlwaysNeverKeys","BaseMod","Better Vampires","Colored Powertips","DeckTracker","Emptier Cage","Minty Spire (QoL Compilation)","Permanent Neow","Quick Restart","Rare Cards Sparkle","Relic Sorter","Relic Stats","StSLib","Transform Curses"],"gold_per_floor":[110,110,130,130,36,69,69,69,69],"floor_reached":8,"playtime":736,"items_purged":[],"score":108,"play_id":"5f97f145-1b79-4a8e-8471-7faa75d3a7da","local_time":"20210110184219","is_ascension_mode":true,"campfire_choices":[{"floor":7,"key":"REST"}],"circlet_count":0,"master_deck":["AscendersBane","Strike_P","Strike_P","Strike_P","Strike_P","Defend_P","Defend_P+1","Defend_P","Defend_P","Eruption+1","Vigilance+1","EmptyFist","MentalFortress","Wallop","BowlingBash"],"relics":["VioletLotus","Matryoshka"],"acts_visited":["Exordium"],"potions_floor_usage":[6],"damage_taken":[{"damage":12,"enemies":"Cultist","floor":1,"turns":5},{"damage":0,"enemies":"2 Louse","floor":3,"turns":3},{"damage":26,"enemies":"3 Sentries","floor":6,"turns":12},{"damage":34,"enemies":"Gremlin Nob","floor":8,"turns":3}],"seed_played":"4224797978787500135","potions_obtained":[],"is_trial":false,"path_per_floor":["M","?","M","?","$","E","R","E"],"character_chosen":"WATCHER","items_purchased":["Wallop","SkillPotion"],"campfire_rested":1,"item_purchase_floors":[5,5],"current_hp_per_floor":[49,29,29,29,29,3,23,0,0],"gold":69,"neow_bonus":"BOSS_RELIC","is_daily":false,"chose_seed":false,"campfire_upgraded":0,"win_rate":0.0,"timestamp":1610322139,"path_taken":["M","?","M","?","$","E","R","E"],"items_purchased_type":["Card","Potion"],"build_version":"2020-12-22","purchased_purges":0,"victory":false,"max_hp_per_floor":[68,68,68,68,68,68,68,68,68],"relic_stats":{"counters":[4,23],"VioletLotus":[4],"obtain_stats":[{"Matryoshka":6,"VioletLotus":0,"PureWater":0},{"Matryoshka":3,"VioletLotus":0,"PureWater":0},{"Matryoshka":20,"VioletLotus":0,"PureWater":0}]},"card_choices":[{"not_picked":["EmptyBody","JustLucky"],"picked":"EmptyFist","floor":1},{"not_picked":["Prostrate","Fasting2"],"picked":"MentalFortress","floor":3},{"not_picked":["Crescendo","WaveOfTheHand"],"picked":"BowlingBash","floor":6}],"player_experience":20652706,"relics_obtained":[{"floor":6,"key":"Matryoshka"}],"event_choices":[{"damage_healed":0,"gold_gain":0,"player_choice":"Entered Light","damage_taken":20,"max_hp_gain":0,"max_hp_loss":0,"event_name":"Shining Light","floor":2,"gold_loss":0,"cards_upgraded":["Vigilance","Defend_P"]},{"damage_healed":0,"gold_gain":0,"player_choice":"Upgraded","damage_taken":0,"max_hp_gain":0,"max_hp_loss":0,"event_name":"Upgrade Shrine","floor":4,"gold_loss":0,"cards_upgraded":["Eruption"]}],"is_beta":false,"boss_relics":[],"items_purged_floors":[],"is_endless":false,"potions_floor_spawned":[],"killed_by":"Gremlin Nob","ascension_level":20}}