{"host":"Connor","time":1610303578,"event":{"mods":["Aspiration","BaseMod","Downfall","Hubris","Marisa????????","Minty Spire (QoL Compilation)","Replay The Spire","StSLib","The Cursed","The Jungle","The Servant 0.9.4"],"gold_per_floor":[117,192,192,202,202,236,248,290,302,314,343,371,396,15,15,88,88,106,106,106,117,135,135,135],"floor_reached":23,"playtime":742,"items_purged":["Strike_R"],"score":429,"play_id":"e3d6aab1-2dc0-4310-bf90-e7e8dab72ffa","local_time":"20210110103258","is_ascension_mode":true,"campfire_choices":[{"data":"Eclipse","floor":7,"key":"SMITH"},{"floor":10,"key":"RECALL"},{"data":"Neutralize","floor":15,"key":"SMITH"},{"data":"Shrug It Off","floor":15,"key":"SMITH"}],"circlet_count":0,"master_deck":["AscendersBane","Barricade+1","Strike_R","Strike_R","Strike_R","Strike_R","Defend_R","Defend_R","Defend_R","Defend_R","Shrug It Off+1","Survivor","Neutralize+1","Pommel Strike","Eclipse+1","Twin Strike","Body Slam","Immolate","Ghostly Armor","Body Slam"],"relics":["Burning Blood","NeowsBlessing","MawBank","ReplayTheSpireMod:TigerMarble","Replay:Arrowhead","aspiration:RunicSpoon","aspiration:RitualStick"],"acts_visited":["Exordium","TheCity"],"potions_floor_usage":[8,16,22],"damage_taken":[{"damage":0,"enemies":"Small Slimes","floor":1,"turns":1},{"damage":0,"enemies":"Jaw Worm","floor":4,"turns":1},{"damage":0,"enemies":"Lagavulin","floor":6,"turns":2},{"damage":41,"enemies":"Gremlin Nob","floor":8,"turns":5},{"damage":0,"enemies":"2 Louse","floor":11,"turns":3},{"damage":0,"enemies":"2 Fungi Beasts","floor":12,"turns":4},{"damage":4,"enemies":"Exordium Thugs","floor":13,"turns":5},{"damage":12,"enemies":"Hexaghost","floor":16,"turns":16},{"damage":0,"enemies":"Chosen","floor":18,"turns":5},{"damage":28,"enemies":"Shell Parasite","floor":21,"turns":8},{"damage":1,"enemies":"3 Cultists","floor":22,"turns":4},{"damage":63,"enemies":"Book of Stabbing","floor":23,"turns":5}],"seed_played":"4321170249748419239","potions_obtained":[{"floor":6,"key":"AttackPotion"},{"floor":13,"key":"DistilledChaos"},{"floor":16,"key":"FairyPotion"},{"floor":18,"key":"BlessingOfTheForge"}],"is_trial":false,"path_per_floor":["M","?","?","M","?","E","R","E","T","R","M","M","M","$","R","B",null,"M","?","?","M","M","E"],"character_chosen":"IRONCLAD","items_purchased":["Replay:Arrowhead"],"campfire_rested":0,"item_purchase_floors":[14],"current_hp_per_floor":[74,63,63,69,69,75,75,40,40,40,46,52,54,54,54,48,68,74,55,51,29,34,0,0],"gold":135,"neow_bonus":"THREE_ENEMY_KILL","is_daily":false,"chose_seed":false,"campfire_upgraded":3,"win_rate":0.0,"timestamp":1610303578,"path_taken":["M","?","?","M","?","E","R","E","T","R","?","M","M","$","R","BOSS","M","?","?","?","M","E"],"items_purchased_type":["Relic"],"build_version":"2020-12-18","purchased_purges":1,"victory":false,"max_hp_per_floor":[75,75,75,75,75,75,75,75,75,75,75,75,75,75,75,75,75,75,75,75,75,75,75,75],"card_choices":[{"not_picked":["Clothesline","hubris:ReadiedAction"],"picked":"Shrug It Off","floor":1},{"not_picked":["Warcry","Headbutt"],"picked":"Pommel Strike","floor":4},{"not_picked":["Infernal Blade","Iron Wave"],"picked":"Eclipse","floor":6},{"not_picked":["ReplayReversal","hubris:SharpeningStone","Heavy Blade"],"picked":"SKIP","floor":8},{"not_picked":["Sword Boomerang","Warcry","hubris:ReadiedAction"],"picked":"SKIP","floor":11},{"not_picked":["Dropkick","Clothesline"],"picked":"Twin Strike","floor":12},{"not_picked":["Clash","ReplayTheSpireMod:Corrosion Curse"],"picked":"Body Slam","floor":13},{"not_picked":["Replay:Many Hands","Bludgeon"],"picked":"Immolate","floor":16},{"not_picked":["Shrug It Off","Abandon+1"],"picked":"Ghostly Armor","floor":18},{"not_picked":["Second Wind","Cleave","Wild Strike"],"picked":"SKIP","floor":21},{"not_picked":["hubris:ReadiedAction","Clothesline"],"picked":"Body Slam","floor":22}],"player_experience":593828,"relics_obtained":[{"floor":6,"key":"MawBank"},{"floor":8,"key":"ReplayTheSpireMod:TigerMarble"}],"event_choices":[{"damage_healed":0,"gold_gain":75,"player_choice":"Gather Gold","damage_taken":11,"max_hp_gain":0,"max_hp_loss":0,"event_name":"World of Goop","floor":2,"gold_loss":0},{"damage_healed":0,"gold_gain":0,"player_choice":"Bought 0 Potions","damage_taken":0,"max_hp_gain":0,"max_hp_loss":0,"event_name":"The Woman in Blue","floor":20,"gold_loss":0}],"is_beta":true,"boss_relics":[{"not_picked":["Kintsugi","SacredBark"],"picked":"aspiration:RunicSpoon"}],"items_purged_floors":[14],"is_endless":false,"potions_floor_spawned":[6,13,16,18],"killed_by":"Book of Stabbing","ascension_level":18}}