{"host":"40f49r155zsx8eqk","time":1610254898,"event":{"mods":["AchievementEnabler","Aspiration","BaseMod","Better Note","Better Sensory Stone","Better Skull","Better Third Choice","Better Vampires","Colored Powertips","Curses Come First","Dota2Spire","Evolution","GifTheSpireLib","Googly Eyes","Gremlin Skip","Halation","Hubris","Infinite Spire","Minty Spire (QoL Compilation)","Relic Sorter","Replay The Spire","Spikes Relics","StSLib","Stuff the Spire","The Gatherer","Uncapped","Unceasing Turn Reminder"],"gold_per_floor":[115,115,126,126,144,144,179,194,194,210,245,245,245,274,274,371,371,385,5,18,18,28,28,28,28,82,82,112,112,147,157,157,253,253,267,267,267,267,267],"floor_reached":38,"playtime":2015,"items_purged":["Defend_P","hubris:Wrath"],"score":473,"play_id":"04a6d36a-f334-480a-95a4-6353a01e0878","local_time":"20210110080138","is_ascension_mode":true,"campfire_choices":[{"data":"PathToVictory","floor":6,"key":"SMITH"},{"floor":15,"key":"REST"},{"floor":23,"key":"REST"},{"data":"Replay:Battleflow","floor":27,"key":"SMITH"},{"floor":29,"key":"REST"},{"floor":32,"key":"REST"}],"circlet_count":0,"master_deck":["BowlingBash","SashWhip","Strike_P","Strike_P","Defend_P","Defend_P","Defend_P","Eruption","Vigilance","PathToVictory+1","ClearTheMind","EmptyBody","WaveOfTheHand","Protect","Replay:Vibes","EmptyFist+1","hubris:Fate","MasterReality","DevaForm","Crescendo+1","Replay:AtTheReady+1","Replay:Battleflow+1","Discovery+1","Replay:AtTheReady+1","DevaForm","DeusExMachina","Languid","Spreading Infection","TalkToTheHand+1"],"relics":["PureWater","EVO:Axolotl","infinitespire:Beetle Shell","NlothsMask","Sundial","Molten Egg 2","Dota2Spire:LotusOrb","hubris:Backtick","hubris:Zylophone","Dota2Spire:CrimsonGuard","Nilry\u0027s Codex","Bag of Marbles","infinitespire:CheckeredPen","hubris:ToyBattleship","Replay:Ancient Bell","Ancient Tea Set","aspiration:SeaSaltIceCream","aspiration:Nostalgia","Iron Core","Dota2Spire:AssaultCuirass","Busted Crown","infinitespire:PuzzleCube"],"acts_visited":["Exordium","TheCity","TheBeyond"],"potions_floor_usage":[11,14,14,18,22,28,33,33],"damage_taken":[{"damage":2,"enemies":"Jaw Worm","floor":1,"turns":3},{"damage":0,"enemies":"Cultist","floor":3,"turns":3},{"damage":6,"enemies":"2 Louse","floor":5,"turns":2},{"damage":5,"enemies":"Gremlin Nob","floor":7,"turns":3},{"damage":11,"enemies":"Large Slime","floor":8,"turns":5},{"damage":0,"enemies":"Exordium Wildlife","floor":10,"turns":3},{"damage":2,"enemies":"Lagavulin","floor":11,"turns":8},{"damage":16,"enemies":"Gremlin Nob","floor":14,"turns":5},{"damage":4,"enemies":"The Guardian","floor":16,"turns":13},{"damage":11,"enemies":"3 Byrds","floor":18,"turns":5},{"damage":15,"enemies":"2 Thieves","floor":20,"turns":2},{"damage":10,"enemies":"Sentry and Sphere","floor":22,"turns":5},{"damage":5,"enemies":"Book of Stabbing","floor":28,"turns":4},{"damage":29,"enemies":"Slavers","floor":30,"turns":6},{"damage":9,"enemies":"Centurion and Healer","floor":31,"turns":6},{"damage":21,"enemies":"Collector","floor":33,"turns":8},{"damage":71,"enemies":"3 Darklings","floor":35,"turns":7},{"damage":4,"enemies":"Orb Walker","floor":38,"turns":2}],"seed_played":"-7204241782916575234","potions_obtained":[{"floor":5,"key":"Explosive Potion"},{"floor":8,"key":"StancePotion"},{"floor":11,"key":"ColorlessPotion"},{"floor":16,"key":"LiquidBronze"},{"floor":18,"key":"SneckoOil"},{"floor":22,"key":"BottledMiracle"},{"floor":30,"key":"BlessingOfTheForge"},{"floor":31,"key":"Elixir"}],"is_trial":false,"path_per_floor":["M","?","M","$","M","R","E","M","T","M","E","?","?","E","R","B",null,"M","$","M","?","M","R","?","?","T","R","E","R","E","M","R","B",null,"M","AVR","?","M"],"character_chosen":"WATCHER","items_purchased":["Dota2Spire:CrimsonGuard","Energy Potion"],"campfire_rested":4,"item_purchase_floors":[19,19],"current_hp_per_floor":[70,70,70,70,64,64,59,48,48,48,46,28,28,12,33,29,72,61,61,46,46,36,57,57,41,41,41,36,57,28,19,40,19,72,1,1,1,0,0],"gold":267,"neow_bonus":"RANDOM_COMMON_RELIC","is_daily":false,"chose_seed":false,"campfire_upgraded":2,"win_rate":0.0,"timestamp":1610254898,"path_taken":["M","?","?","$","?","R","E","M","T","M","E","?","?","E","R","BOSS","M","$","M","?","?","R","?","?","T","R","E","R","E","M","R","BOSS","M","AVR","?","M"],"items_purchased_type":["Relic","Potion"],"build_version":"2020-12-22","purchased_purges":2,"victory":false,"max_hp_per_floor":[72,72,72,72,72,72,72,72,72,72,72,72,72,72,72,72,72,72,72,72,72,72,72,72,72,72,72,72,72,72,72,72,72,72,72,72,72,72,72],"card_choices":[{"not_picked":["Nirvana","Replay:Cycle"],"picked":"PathToVictory","floor":1},{"not_picked":["Evaluate","Crescendo"],"picked":"ClearTheMind","floor":3},{"not_picked":["Fasting2","Replay:ManipulateFuture"],"picked":"EmptyBody","floor":5},{"not_picked":["Crescendo","Replay:DivineShield"],"picked":"WaveOfTheHand","floor":7},{"not_picked":["Fasting2","BowlingBash"],"picked":"Protect","floor":8},{"not_picked":["JustLucky","BowlingBash"],"picked":"Replay:Vibes","floor":10},{"not_picked":["Meditate","Replay:DivineShield"],"picked":"EmptyFist+1","floor":11},{"not_picked":["Replay:Fractal Strike","infinitespire:UltimateForm"],"picked":"hubris:Fate","floor":12},{"not_picked":["MentalFortress","Weave+1"],"picked":"MasterReality","floor":14},{"not_picked":["Blasphemy","MasterReality"],"picked":"DevaForm","floor":16},{"not_picked":["Wallop+1","EmptyMind"],"picked":"Crescendo+1","floor":18},{"not_picked":["FollowUp+1","CutThroughFate+1"],"picked":"Replay:AtTheReady","floor":20},{"not_picked":["BowlingBash+1","Adaptation+1"],"picked":"Replay:Battleflow","floor":22},{"not_picked":["Consecrate+1","JustLucky+1"],"picked":"Replay:AtTheReady+1","floor":28},{"not_picked":["Replay:Hum","DeceiveReality","Fasting2"],"picked":"SKIP","floor":30},{"not_picked":["SashWhip+1","Wallop+1"],"picked":"DevaForm","floor":31},{"not_picked":["LessonLearned+1","Blasphemy"],"picked":"DeusExMachina","floor":33},{"not_picked":["Notoriety","Decay"],"picked":"Languid","floor":34},{"not_picked":["Writhe","hubris:Compulsion"],"picked":"hubris:Wrath","floor":34},{"not_picked":["Notoriety","ReplayTheSpireMod:Restless Dread"],"picked":"Spreading Infection","floor":34},{"not_picked":["ConjureBlade","Glacier+1"],"picked":"TalkToTheHand+1","floor":35}],"player_experience":182204,"relics_obtained":[{"floor":7,"key":"Sundial"},{"floor":11,"key":"Molten Egg 2"},{"floor":14,"key":"Dota2Spire:LotusOrb"},{"floor":25,"key":"Nilry\u0027s Codex"},{"floor":26,"key":"Bag of Marbles"},{"floor":28,"key":"infinitespire:CheckeredPen"},{"floor":30,"key":"hubris:ToyBattleship"}],"event_choices":[{"damage_healed":0,"gold_gain":0,"player_choice":"Trade","damage_taken":0,"relics_obtained":["NlothsMask"],"max_hp_gain":0,"max_hp_loss":0,"event_name":"FaceTrader","floor":2,"gold_loss":0},{"damage_healed":0,"gold_gain":0,"player_choice":"Ignored","damage_taken":245,"max_hp_gain":0,"max_hp_loss":0,"event_name":"betterThird:BetterSerpent","floor":13,"gold_loss":0},{"damage_healed":0,"gold_gain":0,"player_choice":"Upgraded","damage_taken":0,"max_hp_gain":0,"max_hp_loss":0,"event_name":"Upgrade Shrine","floor":21,"gold_loss":0,"cards_upgraded":["Replay:AtTheReady"]},{"cards_removed":["hubris:Fate"],"damage_healed":0,"gold_gain":0,"player_choice":"Take \u0026 Give","damage_taken":0,"max_hp_gain":0,"max_hp_loss":0,"event_name":"betterNote:BetterNote","floor":24,"gold_loss":0,"cards_obtained":["Discovery"]},{"damage_healed":0,"gold_gain":0,"player_choice":"Obtained Book","damage_taken":16,"max_hp_gain":0,"max_hp_loss":0,"event_name":"Cursed Tome","floor":25,"gold_loss":0}],"is_beta":false,"boss_relics":[{"not_picked":["halation:MonkeysPaw","ChewingGum"],"picked":"hubris:Backtick"},{"not_picked":["aspiration:IroncladSkillbook","halation:Yufonium"],"picked":"Replay:Ancient Bell"},{"not_picked":["Dota2Spire:PhaseBoots","Bag of Preparation"],"picked":"Ancient Tea Set"},{"not_picked":["hubris:CrystalStatue","RetroEgg"],"picked":"aspiration:SeaSaltIceCream"},{"not_picked":["halation:BlackBeret","WingedGreaves"],"picked":"Dota2Spire:AssaultCuirass"}],"items_purged_floors":[19,36],"is_endless":false,"potions_floor_spawned":[5,8,11,16,18,22,30,31],"killed_by":"Orb Walker","ascension_level":2}}