{"host":"sc0o2qwpf9j16a4i","time":1610278181,"event":{"mods":["AchievementEnabler","BaseMod","BetterRewards","Block Reminder","Colored Map","Colored Powertips","Custom Start","Highlight Path","Minty Spire (QoL Compilation)","Relic Stats"],"gold_per_floor":[115,129,143,143,158,158,178,178,178,192,222,222,232,232,232],"floor_reached":14,"playtime":322,"items_purged":[],"score":188,"play_id":"21d34f3c-2777-4832-87ce-1d7a7de9a4cb","local_time":"20210110132941","is_ascension_mode":true,"campfire_choices":[{"floor":6,"key":"REST"},{"data":"Spot Weakness","floor":8,"key":"SMITH"}],"circlet_count":0,"master_deck":["AscendersBane","Strike_R","Strike_R","Strike_R","Strike_R","Strike_R","Defend_R","Defend_R","Defend_R","Defend_R","Bash","Spot Weakness+1","Pommel Strike","Combust","Shockwave","Battle Trance","Headbutt"],"relics":["Burning Blood","Bag of Preparation","Mummified Hand","Kunai","Dead Branch"],"acts_visited":["Exordium"],"potions_floor_usage":[5,14],"damage_taken":[{"damage":7,"enemies":"Cultist","floor":1,"turns":4},{"damage":14,"enemies":"Jaw Worm","floor":2,"turns":4},{"damage":7,"enemies":"Small Slimes","floor":3,"turns":3},{"damage":13,"enemies":"Blue Slaver","floor":5,"turns":3},{"damage":8,"enemies":"Exordium Wildlife","floor":7,"turns":3},{"damage":22,"enemies":"Gremlin Gang","floor":10,"turns":3},{"damage":29,"enemies":"3 Sentries","floor":11,"turns":7},{"damage":7,"enemies":"Looter","floor":13,"turns":3},{"damage":17,"enemies":"Lagavulin","floor":14,"turns":6}],"seed_played":"-2258989451431276220","potions_obtained":[{"floor":2,"key":"FearPotion"},{"floor":3,"key":"AttackPotion"},{"floor":10,"key":"SpeedPotion"}],"is_trial":false,"path_per_floor":["M","M","M","?","M","R","M","R","T","M","E","?","M","E"],"character_chosen":"IRONCLAD","items_purchased":["Bag of Preparation","Mummified Hand"],"campfire_rested":1,"item_purchase_floors":[0,0],"current_hp_per_floor":[52,44,43,43,36,58,56,56,56,40,17,17,16,0,0],"gold":232,"neow_bonus":"","is_daily":false,"chose_seed":false,"campfire_upgraded":1,"win_rate":0.0,"timestamp":1610278181,"path_taken":["M","M","M","?","M","R","M","R","T","?","E","?","M","E"],"items_purchased_type":["Relic","Relic"],"build_version":"2020-12-22","purchased_purges":0,"victory":false,"max_hp_per_floor":[75,75,75,75,75,75,75,75,75,75,75,75,75,75,75],"relic_stats":{"counters":[20,98],"Mummified Hand":[3],"Dead Branch":[3],"Bag of Preparation":[18],"Kunai":[2],"obtain_stats":[{"Gremlin Horn":20,"Mummified Hand":0,"Pantograph":14,"Dead Branch":11,"Tiny Chest":8,"The Courier":9,"Bag of Preparation":0,"Kunai":9,"Cursed Key":0,"Burning Blood":0,"Runic Pyramid":17},{"Gremlin Horn":10,"Mummified Hand":11,"Pantograph":7,"Dead Branch":18,"Tiny Chest":5,"The Courier":5,"Bag of Preparation":11,"Kunai":16,"Cursed Key":0,"Burning Blood":0,"Runic Pyramid":8},{"Gremlin Horn":55,"Mummified Hand":62,"Pantograph":30,"Dead Branch":89,"Tiny Chest":22,"The Courier":22,"Bag of Preparation":62,"Kunai":79,"Cursed Key":0,"Burning Blood":0,"Runic Pyramid":41}],"Burning Blood":48},"card_choices":[{"not_picked":["Sword Boomerang","Heavy Blade"],"picked":"Spot Weakness","floor":1},{"not_picked":["Heavy Blade","Inflame"],"picked":"Pommel Strike","floor":2},{"not_picked":["Seeing Red","Wild Strike"],"picked":"Combust","floor":3},{"not_picked":["Intimidate","Dark Embrace","Anger"],"picked":"SKIP","floor":5},{"not_picked":["Evolve","Anger"],"picked":"Shockwave","floor":7},{"not_picked":["Clothesline","Searing Blow"],"picked":"Battle Trance","floor":10},{"not_picked":["Iron Wave","Twin Strike"],"picked":"Headbutt","floor":11},{"not_picked":["Sentinel","Thunderclap","Wild Strike"],"picked":"SKIP","floor":13}],"player_experience":584140,"relics_obtained":[{"floor":9,"key":"Kunai"},{"floor":11,"key":"Dead Branch"}],"event_choices":[{"damage_healed":0,"gold_gain":0,"player_choice":"0 cards matched","damage_taken":0,"max_hp_gain":0,"max_hp_loss":0,"event_name":"Match and Keep!","floor":4,"gold_loss":0,"cards_obtained":[]},{"damage_healed":0,"gold_gain":0,"player_choice":"Ignored","damage_taken":0,"max_hp_gain":0,"max_hp_loss":0,"event_name":"Shining Light","floor":12,"gold_loss":0}],"is_beta":false,"boss_relics":[],"items_purged_floors":[],"is_endless":false,"potions_floor_spawned":[2,3,10],"killed_by":"Lagavulin","ascension_level":20}}