{"host":"skvwuvqqk8x6jusd","time":1610293441,"event":{"mods":["AchievementEnabler","BaseMod","Colored Map","Colored Powertips","Highlight Path","Minty Spire (QoL Compilation)","Relic Stats","Slay-I"],"gold_per_floor":[112,132,151,168,187,187,218,228,254,274,274,288,18,32,32,136,136,154,54,74,74,21,21,21,36,113,113,113,125,0,13,13,13,13],"floor_reached":33,"playtime":1749,"items_purged":["Strike_R","Strike_R","Strike_R"],"score":298,"play_id":"92d47dc9-7ac4-4b3e-8410-558c8f9208f7","local_time":"20210110154401","is_ascension_mode":false,"campfire_choices":[{"data":"Heavy Blade","floor":6.0,"key":"SMITH"},{"data":"Heavy Blade","floor":11.0,"key":"SMITH"},{"data":"Mayhem","floor":15.0,"key":"SMITH"},{"data":"Armaments","floor":23.0,"key":"SMITH"},{"floor":32,"key":"REST"}],"circlet_count":0,"master_deck":["Strike_R","Strike_R","Defend_R","Defend_R","Defend_R","Defend_R","Bash","Heavy Blade+1","Heavy Blade+1","Inflame","Clash","Rampage","Flex","Wild Strike","Clash","Cleave","Mayhem+1","Clash","Offering","Anger","Headbutt","RitualDagger","Armaments+1","Shrug It Off","Headbutt","Armaments+1"],"relics":["Burning Blood"],"acts_visited":["Exordium","TheCity"],"potions_floor_usage":[],"damage_taken":[{"damage":6.0,"enemies":"Cultist","floor":1.0,"turns":3.0},{"damage":1.0,"enemies":"Small Slimes","floor":2.0,"turns":3.0},{"damage":1.0,"enemies":"Jaw Worm","floor":3.0,"turns":3.0},{"damage":7.0,"enemies":"3 Louse","floor":4.0,"turns":3.0},{"damage":0.0,"enemies":"Large Slime","floor":5.0,"turns":4.0},{"damage":11.0,"enemies":"Lagavulin","floor":7.0,"turns":5.0},{"damage":5.0,"enemies":"Looter","floor":8.0,"turns":2.0},{"damage":1.0,"enemies":"2 Fungi Beasts","floor":10.0,"turns":2.0},{"damage":11.0,"enemies":"Exordium Wildlife","floor":12.0,"turns":2.0},{"damage":11.0,"enemies":"Large Slime","floor":14.0,"turns":4.0},{"damage":20.0,"enemies":"Slime Boss","floor":16.0,"turns":7.0},{"damage":0.0,"enemies":"Chosen","floor":18.0,"turns":3.0},{"damage":30.0,"enemies":"Shell Parasite","floor":20.0,"turns":4.0},{"damage":0.0,"enemies":"Slavers","floor":24.0,"turns":1.0},{"damage":6.0,"enemies":"Cultist and Chosen","floor":25.0,"turns":4.0},{"damage":21,"enemies":"3 Cultists","floor":29,"turns":5},{"damage":18,"enemies":"Centurion and Healer","floor":31,"turns":3},{"damage":54,"enemies":"Champ","floor":33,"turns":6}],"seed_played":"-5414448845187047033","potions_obtained":[{"floor":4.0,"key":"Fruit Juice"},{"floor":5.0,"key":"Weak Potion"},{"floor":10.0,"key":"CultistPotion"},{"floor":14.0,"key":"Regen Potion"},{"floor":18.0,"key":"SmokeBomb"}],"is_trial":false,"path_per_floor":["M","M","M","M","M","R","E","M","T","M","R","M","$","M","R","B",null,"M","$","M","?","$","R","E","M","T","?","?","M","$","M","R","B"],"character_chosen":"IRONCLAD","items_purchased":["Mayhem","Armaments"],"campfire_rested":1,"item_purchase_floors":[13,22],"current_hp_per_floor":[88,88,88,87,93,93,88,89,89,93,93,88,88,83,83,69,93,93,93,78,72,72,72,78,78,78,60,60,45,45,33,62,8,8],"gold":13,"neow_bonus":"TEN_PERCENT_HP_BONUS","is_daily":false,"chose_seed":false,"campfire_upgraded":4,"win_rate":0.0,"timestamp":1610293441,"path_taken":["M","M","M","M","M","R","E","M","T","M","R","M","$","M","R","BOSS","M","$","?","?","?","R","E","M","T","?","?","M","$","M","R","BOSS"],"items_purchased_type":["Card","Card"],"build_version":"2020-12-22","purchased_purges":3,"victory":false,"max_hp_per_floor":[88,88,88,88,93,93,93,93,93,93,93,93,93,93,93,93,93,93,93,93,93,93,93,93,93,93,98,98,98,98,98,98,98,98],"relic_stats":{"counters":[18,64],"obtain_stats":[{"Burning Blood":0},{"Burning Blood":0},{"Burning Blood":0}],"Burning Blood":80},"card_choices":[{"not_picked":["Thunderclap","Havoc"],"picked":"Heavy Blade","floor":1.0},{"not_picked":["Corruption","Combust"],"picked":"Heavy Blade","floor":2.0},{"not_picked":["Armaments","Body Slam"],"picked":"Inflame","floor":3.0},{"not_picked":["Cleave","Wild Strike"],"picked":"Clash","floor":4.0},{"not_picked":["Pommel Strike","Warcry"],"picked":"Rampage","floor":5.0},{"not_picked":["Iron Wave","Second Wind"],"picked":"Flex","floor":7.0},{"not_picked":["Warcry","Ghostly Armor"],"picked":"Wild Strike","floor":8.0},{"not_picked":["Anger","Heavy Blade"],"picked":"Clash","floor":10.0},{"not_picked":["Havoc","Dark Embrace"],"picked":"Cleave","floor":12.0},{"not_picked":["Burning Pact","Armaments"],"picked":"Clash","floor":14.0},{"not_picked":["Brutality","Fiend Fire"],"picked":"Offering","floor":16.0},{"not_picked":["Rampage","Warcry"],"picked":"Anger","floor":18.0},{"not_picked":["Wild Strike","Feel No Pain"],"picked":"Headbutt","floor":20.0},{"not_picked":["Feel No Pain+1","Twin Strike"],"picked":"Shrug It Off","floor":25.0},{"not_picked":["Seeing Red+1","Cleave"],"picked":"Headbutt","floor":29},{"not_picked":["Power Through+1","Pommel Strike"],"picked":"Armaments+1","floor":31}],"player_experience":597716,"relics_obtained":[],"event_choices":[{"damage_healed":0.0,"max_hp_gain":0.0,"max_hp_loss":0.0,"gold_gain":0.0,"event_name":"Nest","player_choice":"Joined the Cult","floor":21.0,"gold_loss":0.0,"damage_taken":6.0,"cards_obtained":["RitualDagger"]},{"damage_healed":0.0,"max_hp_gain":5.0,"max_hp_loss":0.0,"gold_gain":0.0,"event_name":"Forgotten Altar","player_choice":"Shed Blood","floor":27.0,"gold_loss":0.0,"damage_taken":23.0}],"is_beta":false,"boss_relics":[{"not_picked":["Black Blood","SacredBark","Snecko Eye"]}],"items_purged_floors":[13,19,30],"is_endless":false,"potions_floor_spawned":[4,5,10,14,18,24],"killed_by":"Champ","ascension_level":0}}