{"host":"foq4mrde4mssg7vt","time":1610295988,"event":{"mods":["AchievementEnabler","BaseMod","Colored Map","Colored Powertips","Highlight Path","Minty Spire (QoL Compilation)","Relic Stats","everything is the same but u backflip on backflip"],"gold_per_floor":[110,110,7,27,43,43,78,93,170,170,186,206,206,241,241,315,315,332,332,343,19,30,58,58,58,58,58,71,100,112,146,146,221,221,233,233,233,249,261,290,290,316,328,353,214,247,247,257,257,257,257,257,5,40,40],"floor_reached":56,"playtime":3176,"items_purged":["Pain","Strike_B","Doubt"],"score":2158,"play_id":"87cbeee7-2525-44aa-a3bb-374d149b8897","local_time":"20210111002628","is_ascension_mode":true,"campfire_choices":[{"data":"Streamline","floor":6.0,"key":"SMITH"},{"data":"Sweeping Beam","floor":10.0,"key":"SMITH"},{"data":"Loop","floor":13.0,"key":"SMITH"},{"data":"Self Repair","floor":15.0,"key":"SMITH"},{"data":"Recycle","floor":25.0,"key":"SMITH"},{"data":"Hologram","floor":27.0,"key":"SMITH"},{"data":"Consume","floor":32.0,"key":"SMITH"},{"data":"Seek","floor":41.0,"key":"SMITH"},{"floor":49,"key":"RECALL"},{"data":"Loop","floor":52,"key":"SMITH"}],"circlet_count":0,"master_deck":["AscendersBane","Strike_B","Strike_B","Defend_B","Defend_B","Defend_B","Defend_B","Zap","Dualcast","CurseOfTheBell","Streamline+1","Sweeping Beam+1","Ball Lightning","Leap","Self Repair+1","Chill","Loop+1","Electrodynamics","Machine Learning","Reinforced Body","Hologram+1","Recycle+1","Barrage","Glacier","Genetic Algorithm","Consume+1","Biased Cognition","Redo","Force Field","Steam Power","Seek+1","Rainbow","Go for the Eyes+1","Coolheaded","Loop+1"],"relics":["Calling Bell","PreservedInsect","Question Card","Gambling Chip","WarpedTongs","Bird Faced Urn","Symbiotic Virus","Nunchaku","Cursed Key","Akabeko","Boot","Eternal Feather","Inserter","DataDisk","MawBank","MealTicket","Frozen Eye","FossilizedHelix"],"acts_visited":["Exordium","TheCity","TheBeyond","TheEnding"],"potions_floor_usage":[55,55],"damage_taken":[{"damage":10.0,"enemies":"2 Louse","floor":1.0,"turns":4.0},{"damage":1.0,"enemies":"Cultist","floor":4.0,"turns":3.0},{"damage":7.0,"enemies":"Jaw Worm","floor":5.0,"turns":3.0},{"damage":17.0,"enemies":"3 Sentries","floor":7.0,"turns":6.0},{"damage":5.0,"enemies":"Blue Slaver","floor":8.0,"turns":4.0},{"damage":14.0,"enemies":"Exordium Thugs","floor":11.0,"turns":4.0},{"damage":0.0,"enemies":"Gremlin Gang","floor":12.0,"turns":5.0},{"damage":0.0,"enemies":"Lagavulin","floor":14.0,"turns":4.0},{"damage":22.0,"enemies":"Hexaghost","floor":16.0,"turns":6.0},{"damage":10.0,"enemies":"3 Byrds","floor":18.0,"turns":3.0},{"damage":10.0,"enemies":"Chosen","floor":20.0,"turns":5.0},{"damage":12.0,"enemies":"Sentry and Sphere","floor":22.0,"turns":5.0},{"damage":27.0,"enemies":"Book of Stabbing","floor":23.0,"turns":5.0},{"damage":46.0,"enemies":"Shelled Parasite and Fungi","floor":28.0,"turns":4.0},{"damage":10.0,"enemies":"Slavers","floor":29.0,"turns":5.0},{"damage":10.0,"enemies":"Centurion and Healer","floor":30.0,"turns":7.0},{"damage":4.0,"enemies":"Book of Stabbing","floor":31.0,"turns":5.0},{"damage":14.0,"enemies":"Champ","floor":33.0,"turns":10.0},{"damage":4.0,"enemies":"3 Darklings","floor":35.0,"turns":5.0},{"damage":11.0,"enemies":"Orb Walker","floor":38.0,"turns":4.0},{"damage":20.0,"enemies":"3 Darklings","floor":39.0,"turns":7.0},{"damage":11.0,"enemies":"Nemesis","floor":40.0,"turns":11.0},{"damage":4,"enemies":"Reptomancer","floor":42,"turns":7},{"damage":0,"enemies":"4 Shapes","floor":44,"turns":2},{"damage":9,"enemies":"Nemesis","floor":46,"turns":5},{"damage":15,"enemies":"Jaw Worm Horde","floor":48,"turns":4},{"damage":33,"enemies":"Time Eater","floor":50,"turns":18},{"damage":33,"enemies":"Shield and Spear","floor":54,"turns":10},{"damage":11,"enemies":"The Heart","floor":55,"turns":14}],"seed_played":"-9086053340119002074","potions_obtained":[{"floor":4.0,"key":"GamblersBrew"},{"floor":7.0,"key":"Swift Potion"},{"floor":19.0,"key":"PotionOfCapacity"},{"floor":30.0,"key":"DistilledChaos"},{"floor":33.0,"key":"Energy Potion"},{"floor":35.0,"key":"PowerPotion"}],"is_trial":false,"path_per_floor":["M","?","$","M","M","R","E","M","T","R","M","M","R","E","R","B",null,"M","?","M","$","M","E","?","R","T","R","M","E","M","E","R","B",null,"M","?","?","M","M","E","R","E","T","M","$","E","T","M","R","B",null,"R","$","E","B",null],"character_chosen":"DEFECT","items_purchased":["Sweeping Beam","Akabeko","Hologram","Coolheaded","Frozen Eye","Ancient Potion"],"campfire_rested":0,"item_purchase_floors":[3,21,21,45,53,53],"current_hp_per_floor":[54,54,54,53,46,46,29,33,33,33,19,31,31,42,42,36,62,68,68,71,71,69,60,60,60,60,60,32,38,46,58,71,71,71,71,71,67,67,67,67,67,67,67,67,67,67,67,67,67,50,63,67,67,50,61],"gold":40,"neow_bonus":"BOSS_RELIC","is_daily":false,"chose_seed":false,"campfire_upgraded":9,"win_rate":0.0,"timestamp":1610295988,"path_taken":["M","?","$","M","M","R","E","M","T","R","?","M","R","E","R","BOSS","M","?","?","?","M","E","?","R","T","R","M","E","?","E","R","BOSS","M","?","?","M","M","E","R","E","T","M","$","E","?","M","R","BOSS","R","$","E","BOSS"],"items_purchased_type":["Card","Relic","Card","Card","Relic","Potion"],"build_version":"2020-12-22","purchased_purges":3,"victory":true,"max_hp_per_floor":[71,71,71,71,71,71,71,71,71,71,71,71,71,71,71,71,71,71,71,71,71,71,71,71,71,71,71,71,71,71,71,71,71,71,71,71,67,67,67,67,67,67,67,67,67,67,67,67,67,67,67,67,67,67,67],"relic_stats":{"Inserter":[43],"counters":[29,175],"Eternal Feather":17,"PreservedInsect":428,"Question Card":27,"Cursed Key":1,"Boot":[106],"MawBank":36,"WarpedTongs":[170],"Nunchaku":[11],"Gambling Chip":[95],"Bird Faced Urn":[129],"MealTicket":0,"obtain_stats":[{"Inserter":34,"Eternal Feather":31,"PreservedInsect":0,"Question Card":0,"Cursed Key":17,"Boot":29,"MawBank":42,"Akabeko":21,"WarpedTongs":2,"Calling Bell":0,"Frozen Eye":53,"Nunchaku":14,"DataDisk":40,"Gambling Chip":0,"Bird Faced Urn":7,"MealTicket":46,"Cracked Core":0,"Symbiotic Virus":9,"FossilizedHelix":54},{"Inserter":18,"Eternal Feather":17,"PreservedInsect":0,"Question Card":0,"Cursed Key":9,"Boot":15,"MawBank":23,"Akabeko":11,"WarpedTongs":1,"Calling Bell":0,"Frozen Eye":27,"Nunchaku":8,"DataDisk":22,"Gambling Chip":0,"Bird Faced Urn":4,"MealTicket":25,"Cracked Core":0,"Symbiotic Virus":5,"FossilizedHelix":28},{"Inserter":88,"Eternal Feather":78,"PreservedInsect":0,"Question Card":0,"Cursed Key":39,"Boot":66,"MawBank":122,"Akabeko":47,"WarpedTongs":4,"Calling Bell":0,"Frozen Eye":151,"Nunchaku":33,"DataDisk":115,"Gambling Chip":0,"Bird Faced Urn":16,"MealTicket":129,"Cracked Core":0,"Symbiotic Virus":20,"FossilizedHelix":161}]},"card_choices":[{"not_picked":["Rebound","Coolheaded","Sunder"],"picked":"Streamline","floor":1.0},{"not_picked":["Hologram","Redo","Steam Power"],"picked":"Ball Lightning","floor":4.0},{"not_picked":["Redo","Turbo","Thunder Strike"],"picked":"Leap","floor":5.0},{"not_picked":["Force Field","Sunder","Compile Driver"],"picked":"Self Repair","floor":7.0},{"not_picked":["Sweeping Beam","Steam Power","Ball Lightning","Chaos"],"picked":"SKIP","floor":8.0},{"not_picked":["Sunder","Stack","Go for the Eyes"],"picked":"Chill","floor":11.0},{"not_picked":["Go for the Eyes","Consume","Blizzard"],"picked":"Loop","floor":12.0},{"not_picked":["Auto Shields","Thunder Strike","Steam"],"picked":"Electrodynamics","floor":14.0},{"not_picked":["Creative AI","Buffer","Thunder Strike"],"picked":"Machine Learning","floor":16.0},{"not_picked":["Chill","Ball Lightning","Stack"],"picked":"Reinforced Body","floor":18.0},{"not_picked":["Ball Lightning","Sunder","Turbo+1","Leap"],"picked":"SKIP","floor":20.0},{"not_picked":["Storm","Streamline","Gash+1"],"picked":"Recycle","floor":22.0},{"not_picked":["Streamline","Fusion","Steam","Blizzard"],"picked":"SKIP","floor":23.0},{"not_picked":["Thunder Strike","Streamline","Beam Cell"],"picked":"Barrage","floor":28.0},{"not_picked":["Beam Cell","Gash+1","FTL"],"picked":"Glacier","floor":29.0},{"not_picked":["Sweeping Beam","Beam Cell","Cold Snap"],"picked":"Genetic Algorithm","floor":30.0},{"not_picked":["Redo","Steam Power","Recycle"],"picked":"Consume","floor":31.0},{"not_picked":["Machine Learning","Reboot","Core Surge"],"picked":"Biased Cognition","floor":33.0},{"not_picked":["Darkness","Ball Lightning","Reprogram"],"picked":"Redo","floor":35.0},{"not_picked":["Blizzard","Rebound","Recycle"],"picked":"Force Field","floor":38.0},{"not_picked":["Stack","Storm+1","Beam Cell"],"picked":"Steam Power","floor":39.0},{"not_picked":["Stack","Aggregate","Conserve Battery"],"picked":"Seek","floor":40.0},{"not_picked":["Leap","Coolheaded","Gash+1"],"picked":"Rainbow","floor":42},{"not_picked":["Defragment","Barrage+1","Tempest"],"picked":"Go for the Eyes+1","floor":44},{"not_picked":["Leap","Creative AI","Steam+1","Heatsinks"],"picked":"SKIP","floor":46},{"not_picked":["Leap","Creative AI","Steam+1","Heatsinks"],"picked":"SKIP","floor":46},{"not_picked":["Leap","Creative AI","Steam+1","Heatsinks"],"picked":"SKIP","floor":46},{"not_picked":["Reinforced Body","Coolheaded","Turbo"],"picked":"Loop","floor":48},{"not_picked":["Skim","Force Field","Heatsinks+1","Biased Cognition"],"picked":"SKIP","floor":54}],"player_experience":441029,"relics_obtained":[{"floor":0.0,"key":"PreservedInsect"},{"floor":0.0,"key":"Question Card"},{"floor":0.0,"key":"Gambling Chip"},{"floor":7.0,"key":"Bird Faced Urn"},{"floor":9.0,"key":"Symbiotic Virus"},{"floor":14.0,"key":"Nunchaku"},{"floor":29.0,"key":"Boot"},{"floor":31.0,"key":"Eternal Feather"},{"floor":40.0,"key":"DataDisk"},{"floor":42,"key":"MawBank"},{"floor":46,"key":"MealTicket"},{"floor":54,"key":"FossilizedHelix"}],"event_choices":[{"damage_healed":0.0,"max_hp_gain":0.0,"max_hp_loss":0.0,"gold_gain":0.0,"event_name":"Accursed Blacksmith","player_choice":"Rummage","floor":2.0,"gold_loss":0.0,"damage_taken":0.0,"relics_obtained":["WarpedTongs"],"cards_obtained":["Pain"]},{"damage_healed":0.0,"max_hp_gain":0.0,"max_hp_loss":0.0,"gold_gain":0.0,"event_name":"Lab","player_choice":"Got Potions","floor":19.0,"gold_loss":0.0,"damage_taken":0.0},{"cards_removed":["Strike_B"],"damage_healed":0.0,"max_hp_gain":0.0,"max_hp_loss":0.0,"gold_gain":0.0,"event_name":"Bonfire Elementals","player_choice":"Offered Basic","floor":24.0,"gold_loss":0.0,"damage_taken":0.0},{"damage_healed":0.0,"max_hp_gain":0.0,"max_hp_loss":0.0,"gold_gain":0.0,"event_name":"Mysterious Sphere","player_choice":"Ignored","floor":36.0,"gold_loss":0.0,"damage_taken":0.0},{"damage_healed":0.0,"max_hp_gain":0.0,"max_hp_loss":4.0,"gold_gain":0.0,"event_name":"Winding Halls","player_choice":"Max HP","floor":37.0,"gold_loss":0.0,"damage_taken":0.0}],"is_beta":false,"boss_relics":[{"not_picked":["Black Star","SlaversCollar"],"picked":"Cursed Key"},{"not_picked":["Nuclear Battery","Philosopher\u0027s Stone"],"picked":"Inserter"}],"items_purged_floors":[3,21,45],"is_endless":false,"potions_floor_spawned":[4,7,14,22,30,33,35,42,48],"ascension_level":16}}