{"host":"97k5lqmr6aaz1p9r","time":1610272446,"event":{"mods":["BaseMod","Colored Map","Downfall","Jorbs\u0027s Wanderer Trilogy","Minty Spire (QoL Compilation)","StSLib"],"gold_per_floor":[99,115,126,126,140,160,160,160,195,24,24,43,61,71,90,195,195,195,223,223,331,249,199,199,234,234,258,33,33,33,54,77,189,189,189,189,174,193,219,242,269,319,419,419,419,454,477,77,95,95,95,95,95,95],"floor_reached":52,"playtime":7881,"items_purged":["hexamod:Sear"],"score":831,"play_id":"e904637c-f063-45a3-9ac8-1f2178194816","local_time":"20210110095406","is_ascension_mode":false,"campfire_choices":[{"data":"hexamod:Float","floor":1,"key":"SMITH"},{"data":"hexamod:Incineration","floor":8,"key":"SMITH"},{"floor":18,"key":"RECALL"},{"data":"hexamod:GiftsFromTheDead","floor":28,"key":"SMITH"},{"data":"hexamod:GiftsFromTheDead","floor":35,"key":"SMITH"},{"data":"hexamod:RecurringNightmare","floor":44,"key":"SMITH"}],"circlet_count":0,"master_deck":["hexamod:Defend+1","hexamod:Defend+1","hexamod:Defend","hexamod:Float+1","hexamod:ThirdSeal","hexamod:SwordOfDarkness+1","hexamod:PowerFromBeyond","hexamod:FourthSeal","hexamod:GhostShield","hexamod:RadiantFlame","hexamod:Hexaguard","hexamod:RecurringNightmare+1","hexamod:Incineration+1","hexamod:NightmareStrike+1","hexamod:ThermalTransfer+1","hexamod:GhostLash+1","hexamod:FirstSeal","hexamod:FlamesFromBeyond","hexamod:HeatMetal+1","hexamod:RainOfEmbers+1","hexamod:GhostflameBarrier","hexamod:FastForward","hexamod:ChargedBarrage","hexamod:SecondSeal","hexamod:TimeWarp+1","hexamod:RadiantFlame+1","hexamod:RetreatToShadows+1","hexamod:GhostShield","hexamod:PhantomCloak+1","hexamod:SoulSteal","hexamod:GhostLash+1","hexamod:Hexaguard+1","hexamod:Rewind","hexamod:NightmareGuise+1","hexamod:GhostShield","hexamod:GiftsFromTheDead+1","hexamod:Hexaguard+1","hexamod:GhostOfSpirePast","hexamod:BacktrackSmack+1","hexamod:AdvancingGuard","hexamod:GiftsFromTheDead+1","hexamod:HexaLevel","hexamod:InspiringFlames+1","hexamod:Hexaguard+1","hexamod:DynamicBlow+1","hexamod:Hexaguard+1","hexamod:BurningTouch+1","hexamod:SwordOfDarkness+1","hexamod:HauntingEcho+1","hexamod:TimeWarp+1","hexamod:SpectersWail+1","hexamod:GhostflameBarrier+1","expansioncontent:CaCaw","Pain","hexamod:HeatShield+1","hexamod:TimeWarp+1","hexamod:ExtraCrispy+1","hexamod:Hexaguard+1","hexamod:GhostShield+1"],"relics":["hexamod:SpiritBrand","Blood Vial","Molten Egg 2","War Paint","Astrolabe","MutagenicStrength","Bag of Marbles","downfall:HeartBlessingRed","downfall:HeartBlessingBlue","downfall:HeartBlessingGreen","Anchor","Coffee Dripper","Boot","StoneCalendar","Whetstone","WarpedTongs","Omamori","Shuriken","Happy Flower"],"acts_visited":["Exordium","TheCity","TheBeyond","TheEnding"],"potions_floor_usage":[10,16,19,21,22,32,33,33,37,42,43,50],"damage_taken":[{"damage":0,"enemies":"2 Louse","floor":2,"turns":3},{"damage":0,"enemies":"Cultist","floor":3,"turns":3},{"damage":1,"enemies":"Small Slimes","floor":5,"turns":3},{"damage":3,"enemies":"Exordium Wildlife","floor":6,"turns":4},{"damage":8,"enemies":"Gremlin Nob","floor":9,"turns":4},{"damage":0,"enemies":"downfall:FleeingMerchant","floor":10,"turns":4},{"damage":7,"enemies":"2 Fungi Beasts","floor":12,"turns":3},{"damage":2,"enemies":"Large Slime","floor":13,"turns":6},{"damage":6,"enemies":"Exordium Thugs","floor":14,"turns":5},{"damage":8,"enemies":"3 Louse","floor":15,"turns":4},{"damage":24,"enemies":"downfall:Ironclad","floor":16,"turns":7},{"damage":14,"enemies":"Spheric Guardian","floor":19,"turns":5},{"damage":34,"enemies":"downfall:Augmenter","floor":21,"turns":6},{"damage":3,"enemies":"downfall:FleeingMerchant","floor":22,"turns":4},{"damage":25,"enemies":"Slavers","floor":25,"turns":9},{"damage":2,"enemies":"3 Byrds","floor":26,"turns":3},{"damage":0,"enemies":"Shelled Parasite and Fungi","floor":27,"turns":5},{"damage":0,"enemies":"Chosen and Byrds","floor":31,"turns":6},{"damage":14,"enemies":"Cultist and Chosen","floor":32,"turns":7},{"damage":28,"enemies":"downfall:Watcher","floor":33,"turns":8},{"damage":3,"enemies":"downfall:FleeingMerchant","floor":37,"turns":4},{"damage":0,"enemies":"3 Darklings","floor":38,"turns":4},{"damage":0,"enemies":"3 Shapes","floor":39,"turns":6},{"damage":0,"enemies":"3 Darklings","floor":40,"turns":5},{"damage":14,"enemies":"Mind Bloom Boss Battle","floor":42,"turns":6},{"damage":5,"enemies":"downfall:FleeingMerchant","floor":43,"turns":3},{"damage":18,"enemies":"Reptomancer","floor":46,"turns":5},{"damage":26,"enemies":"Spire Growth","floor":47,"turns":5},{"damage":0,"enemies":"Sphere and 2 Shapes","floor":49,"turns":4},{"damage":50,"enemies":"downfall:Silent","floor":50,"turns":9},{"damage":96,"enemies":"downfall:CharBossMerchant","floor":52,"turns":8}],"seed_played":"-2991931034174835517","potions_obtained":[{"floor":6,"key":"CultistPotion"},{"floor":6,"key":"Fire Potion"},{"floor":9,"key":"BlessingOfTheForge"},{"floor":10,"key":"hexamod:EctoCoolerPotion"},{"floor":15,"key":"Guardian:BlockOnCardUsePotion"},{"floor":16,"key":"Fire Potion"},{"floor":19,"key":"SpeedPotion"},{"floor":21,"key":"LiquidMemories"},{"floor":21,"key":"Energy Potion"},{"floor":25,"key":"CultistPotion"},{"floor":27,"key":"hexamod:EctoCoolerPotion"},{"floor":32,"key":"Ancient Potion"},{"floor":33,"key":"Fire Potion"},{"floor":33,"key":"SteroidPotion"},{"floor":37,"key":"PowerPotion"},{"floor":42,"key":"LiquidBronze"},{"floor":46,"key":"DuplicationPotion"},{"floor":47,"key":"Ancient Potion"}],"is_trial":false,"path_per_floor":["R","M","M","?","M","M","T","R","E","$","?","M","M","M","M","B",null,"R","M","?","?","$","?","T","E","M","M","R","?","?","M","M","B",null,"R","?","$","M","M","M","T","?","$","R","?","E","M","$","M","B",null,"E"],"character_chosen":"THE_SPIRIT","items_purchased":["War Paint","Whetstone","expansioncontent:CaCaw","Shuriken","Happy Flower"],"campfire_rested":0,"item_purchase_floors":[10,43,43,48,48],"current_hp_per_floor":[70,70,70,70,69,66,66,66,60,62,55,57,64,67,68,46,70,70,63,63,38,44,70,70,52,52,61,71,71,71,80,73,54,80,80,80,77,79,80,80,80,73,77,77,77,68,44,44,53,12,80,0,0,0],"gold":95,"neow_bonus":"TRANSFORM_CARD","is_daily":false,"chose_seed":false,"campfire_upgraded":5,"win_rate":0.0,"timestamp":1610272446,"path_taken":["R","M","M","?","M","M","T","R","E","?","?","?","M","M","M","BOSS","R","M","?","?","$","?","T","E","?","M","R","?","?","?","M","BOSS","R","?","?","M","M","M","T","?","$","R","?","E","?","$","M","BOSS","E"],"items_purchased_type":["Relic","Relic","Card","Relic","Relic"],"build_version":"2020-12-22","purchased_purges":1,"victory":false,"max_hp_per_floor":[70,70,70,70,70,70,70,70,70,70,70,70,70,70,70,70,70,70,70,70,70,70,70,70,70,70,70,80,80,80,80,80,80,80,80,80,80,80,80,80,80,80,80,80,80,80,80,80,80,80,80,80,80,80],"card_choices":[{"not_picked":["hexamod:InspiringFlames","hexamod:ThermalTransfer"],"picked":"hexamod:SwordOfDarkness","floor":2},{"not_picked":["hexamod:ThermalTransfer","hexamod:NightmareStrike"],"picked":"hexamod:PowerFromBeyond","floor":2},{"not_picked":["hexamod:HeatShield","hexamod:BurningTouch"],"picked":"hexamod:FourthSeal","floor":3},{"not_picked":["hexamod:Firestarter","hexamod:RainOfEmbers"],"picked":"hexamod:GhostShield","floor":3},{"not_picked":["hexamod:PowerFromBeyond","hexamod:NightmareStrike"],"picked":"hexamod:RadiantFlame","floor":5},{"not_picked":["hexamod:PhantomFireball","hexamod:SwordOfDarkness"],"picked":"hexamod:Hexaguard","floor":5},{"not_picked":["hexamod:FastForward","hexamod:UnleashSpirits"],"picked":"hexamod:RecurringNightmare","floor":6},{"not_picked":["hexamod:GhostOfSpirePresent","hexamod:HauntingEcho"],"picked":"hexamod:Incineration","floor":6},{"not_picked":["hexamod:CatchUp","hexamod:SwordOfDarkness+1"],"picked":"hexamod:NightmareStrike+1","floor":9},{"not_picked":["hexamod:ShieldOfDarkness","hexamod:PowerFromBeyond"],"picked":"hexamod:ThermalTransfer+1","floor":9},{"not_picked":["hexamod:SwordOfDarkness+1","hexamod:PowerFromBeyond"],"picked":"hexamod:GhostLash+1","floor":10},{"not_picked":["hexamod:PowerFromBeyond","hexamod:GhostLash+1"],"picked":"hexamod:FlamesFromBeyond","floor":12},{"not_picked":["hexamod:BurningTouch","hexamod:AdvancingGuard"],"picked":"hexamod:HeatMetal+1","floor":12},{"not_picked":["hexamod:Hexaguard","hexamod:ExtraCrispy"],"picked":"hexamod:RainOfEmbers+1","floor":13},{"not_picked":["hexamod:NecessarySacrifice","hexamod:RecurringNightmare"],"picked":"hexamod:GhostflameBarrier","floor":13},{"not_picked":["hexamod:Hexaguard","hexamod:ShieldOfDarkness"],"picked":"hexamod:FastForward","floor":14},{"not_picked":["hexamod:SkipABeat","hexamod:PhantomFireball+1"],"picked":"hexamod:ChargedBarrage","floor":14},{"not_picked":["hexamod:DynamicBlow+1","hexamod:ThermalTransfer+1"],"picked":"hexamod:SecondSeal","floor":15},{"not_picked":["hexamod:Rewind","hexamod:NightmareStrike+1","hexamod:SpectersWail+1"],"picked":"SKIP","floor":15},{"not_picked":["hexamod:ParanormalForm","hexamod:TurnItUp"],"picked":"hexamod:TimeWarp+1","floor":16},{"not_picked":["hexamod:RainOfEmbers+1","hexamod:NightmareStrike+1"],"picked":"hexamod:GhostShield","floor":19},{"not_picked":["hexamod:HeatShield","hexamod:SpectralAdrenaline"],"picked":"hexamod:PhantomCloak+1","floor":19},{"not_picked":["hexamod:FirstSeal","hexamod:RadiantFlame"],"picked":"hexamod:Hexaguard+1","floor":21},{"not_picked":["hexamod:TurnItUp","hexamod:NightmareGuise"],"picked":"hexamod:Rewind","floor":21},{"not_picked":["hexamod:FirstSeal","hexamod:NightmareStrike+1"],"picked":"hexamod:NightmareGuise+1","floor":22},{"not_picked":["hexamod:PhantomCloak","hexamod:GhostShield","hexamod:NightmareStrike+1"],"picked":"SKIP","floor":22},{"not_picked":["hexamod:BurningTouch","hexamod:CrushingStance+1","hexamod:SoulSteal"],"picked":"SKIP","floor":25},{"not_picked":["hexamod:FastForward","hexamod:GhostShield","hexamod:FourthSeal"],"picked":"SKIP","floor":25},{"not_picked":["hexamod:HeatCrush+1","hexamod:RecurringNightmare"],"picked":"hexamod:GhostShield","floor":26},{"not_picked":["hexamod:SwordOfDarkness+1","hexamod:Again+1","hexamod:RainOfEmbers+1"],"picked":"SKIP","floor":26},{"not_picked":["hexamod:FlamesFromBeyond+1","hexamod:HauntingEcho+1"],"picked":"hexamod:GiftsFromTheDead","floor":27},{"not_picked":["hexamod:ChargedBarrage","hexamod:SpectersWail+1","hexamod:NightmareStrike+1"],"picked":"SKIP","floor":27},{"not_picked":["hexamod:UnleashSpirits+1","hexamod:Again+1"],"picked":"hexamod:Hexaguard+1","floor":31},{"not_picked":["hexamod:GhostLash+1","hexamod:RadiantFlame"],"picked":"hexamod:GhostOfSpirePast","floor":31},{"not_picked":["hexamod:NightmareStrike+1","hexamod:ThermalTransfer+1"],"picked":"hexamod:BacktrackSmack+1","floor":32},{"not_picked":["hexamod:RadiantFlame+1","hexamod:ThirdSeal"],"picked":"hexamod:AdvancingGuard","floor":32},{"not_picked":["hexamod:GhostflameInferno","hexamod:ParanormalForm"],"picked":"hexamod:GiftsFromTheDead","floor":33},{"not_picked":["hexamod:TimeOfNeed","hexamod:TimeWarp+1"],"picked":"hexamod:HexaLevel","floor":33},{"not_picked":["hexamod:RainOfEmbers+1","hexamod:GhostLash+1","hexamod:UnleashSpirits+1"],"picked":"SKIP","floor":37},{"not_picked":["hexamod:BurningTouch+1","hexamod:ThirdSeal"],"picked":"hexamod:InspiringFlames+1","floor":38},{"not_picked":["hexamod:ThermalTransfer+1","hexamod:FourthSeal"],"picked":"hexamod:Hexaguard+1","floor":38},{"not_picked":["hexamod:GhostOfSpireFuture","hexamod:ThermalTransfer+1"],"picked":"hexamod:DynamicBlow+1","floor":39},{"not_picked":["hexamod:InspiringFlames","hexamod:ParanormalForm"],"picked":"hexamod:Hexaguard+1","floor":39},{"not_picked":["hexamod:FourthSeal","hexamod:NightmareStrike+1"],"picked":"hexamod:BurningTouch+1","floor":40},{"not_picked":["hexamod:RetreatToShadows","hexamod:BurningTouch"],"picked":"hexamod:SwordOfDarkness+1","floor":40},{"not_picked":["hexamod:FourthSeal","hexamod:Hexaguard"],"picked":"hexamod:HauntingEcho+1","floor":42},{"not_picked":["hexamod:PhantomCloak+1","hexamod:RainOfEmbers+1"],"picked":"hexamod:TimeWarp+1","floor":42},{"not_picked":["hexamod:Hexaguard","hexamod:SwordOfDarkness+1"],"picked":"hexamod:SpectersWail+1","floor":43},{"not_picked":["hexamod:NecessarySacrifice+1","hexamod:PhantomFireball+1"],"picked":"hexamod:GhostflameBarrier+1","floor":43},{"not_picked":["hexamod:ShieldOfDarkness","hexamod:Hexaguard"],"picked":"hexamod:HeatShield+1","floor":46},{"not_picked":["hexamod:GhostShield","hexamod:GhostOfSpirePast"],"picked":"hexamod:TimeWarp+1","floor":46},{"not_picked":["hexamod:InspiringFlames","hexamod:GhostOfSpirePresent"],"picked":"hexamod:ExtraCrispy+1","floor":47},{"not_picked":["hexamod:Haunt","hexamod:ShieldOfDarkness"],"picked":"hexamod:Hexaguard+1","floor":47},{"not_picked":["hexamod:EmpoweredFlame","hexamod:SwordOfDarkness+1"],"picked":"hexamod:GhostShield+1","floor":49}],"player_experience":637360,"relics_obtained":[{"floor":7,"key":"Blood Vial"},{"floor":9,"key":"Molten Egg 2"},{"floor":21,"key":"MutagenicStrength"},{"floor":25,"key":"Bag of Marbles"},{"floor":41,"key":"Boot"},{"floor":42,"key":"StoneCalendar"},{"floor":46,"key":"Omamori"}],"event_choices":[{"damage_healed":0,"gold_gain":0,"player_choice":"Ignored","damage_taken":0,"max_hp_gain":0,"max_hp_loss":0,"event_name":"NoteForYourself","floor":4,"gold_loss":0},{"cards_removed":["Writhe"],"damage_healed":0,"gold_gain":0,"player_choice":"Card Removal","damage_taken":0,"max_hp_gain":0,"max_hp_loss":0,"event_name":"Wheel of Change","floor":30,"gold_loss":0},{"damage_healed":0,"gold_gain":0,"player_choice":"Rummage","damage_taken":0,"relics_obtained":["WarpedTongs"],"max_hp_gain":0,"max_hp_loss":0,"event_name":"Accursed Blacksmith","floor":45,"gold_loss":0,"cards_obtained":["Pain"]}],"is_beta":false,"boss_relics":[{"not_picked":["Tiny House","Calling Bell"],"picked":"Astrolabe"},{"not_picked":["Runic Pyramid","Sozu"],"picked":"Coffee Dripper"}],"items_purged_floors":[22],"is_endless":false,"potions_floor_spawned":[6,12,13,14,15,19,27,31,32,33,40,42,46,47],"killed_by":"downfall:CharBossMerchant","ascension_level":0}}