{"host":"h26iowzi6bk5r55d","time":1610289312,"event":{"mods":["ATMod(阿瑾Mod)","Arknights The Spire","Aspiration","BaseMod","Colored Powertips","Conspire","Downfall","Hermit","Minty Spire (QoL Compilation)","Relic Stats","Replay The Spire","Robot Space Explorer","RumiaBox-露米娅的神秘盒子","StSLib","The Alterego","[地精首领爬塔]The Maniac","vexMod","【遗物卡牌】REMEMod"],"gold_per_floor":[99,99,109,127,37,56,56,74,84,84,95,135,135,148,168,269,269,269,286,303,314,131,148,148,148,148,148,158,219,219,219,219],"floor_reached":30,"playtime":1653,"items_purged":["Slimebound:Defend_Slimebound","Slimebound:Strike_Slimebound"],"score":248,"play_id":"286541c7-411d-427b-9513-424da249389b","local_time":"20210110223512","is_ascension_mode":false,"campfire_choices":[{"data":"Slimebound:Split","floor":1.0,"key":"SMITH"},{"data":"ats:Thorns","floor":10.0,"key":"SMITH"},{"data":"Iron Wave","floor":13.0,"key":"SMITH"},{"floor":18,"key":"DIG"},{"data":"Slimebound:Overexert","floor":25,"key":"SMITH"}],"circlet_count":0,"master_deck":["Slimebound:Strike_Slimebound","Slimebound:Strike_Slimebound","Slimebound:Defend_Slimebound","Slimebound:Defend_Slimebound","Slimebound:Defend_Slimebound","Slimebound:Split+1","Slimebound:CorrosiveSpit","ats:Thorns+1","Iron Wave+1","Slimebound:GoopSpray","Slimebound:Repurpose","Slimebound:LeechEnergy","Slimebound:MegaLick+1","Slimebound:SplitLeeching+1","Slimebound:Overexert+1","Slimebound:SamplingLick+1","Slimebound:SlimeBarrage","Slimebound:SlimeBarrage","Slimebound:LeadByExample","Slimebound:PressTheAttack+1","Shame","Slimebound:SplitBruiser+1"],"relics":["REME_ComplimentaryCards","AT_ATBox","Busted Crown","Toxic Egg 2","Philosopher\u0027s Stone","AT_DeathDance","Onion Ring","aspiration:RitualStick","Tiny Chest","Eternal Feather"],"acts_visited":["Exordium","TheCity"],"potions_floor_usage":[29,29,29],"damage_taken":[{"damage":8.0,"enemies":"Jaw Worm","floor":3.0,"turns":3.0},{"damage":8.0,"enemies":"Cultist","floor":4.0,"turns":3.0},{"damage":8.0,"enemies":"downfall:FleeingMerchant","floor":5.0,"turns":4.0},{"damage":12.0,"enemies":"2 Louse","floor":6.0,"turns":3.0},{"damage":11.0,"enemies":"Blue Slaver","floor":8.0,"turns":3.0},{"damage":0.0,"enemies":"2 Fungi Beasts","floor":9.0,"turns":3.0},{"damage":19.0,"enemies":"3 Louse","floor":11.0,"turns":3.0},{"damage":12.0,"enemies":"Red Slaver","floor":12.0,"turns":3.0},{"damage":13.0,"enemies":"Exordium Wildlife","floor":14.0,"turns":3.0},{"damage":17.0,"enemies":"Exordium Thugs","floor":15.0,"turns":4.0},{"damage":30.0,"enemies":"downfall:Ironclad","floor":16.0,"turns":7.0},{"damage":14,"enemies":"Chosen","floor":19,"turns":3},{"damage":14,"enemies":"Shell Parasite","floor":20,"turns":3},{"damage":13,"enemies":"conspire:HollyBat","floor":21,"turns":5},{"damage":16,"enemies":"downfall:FleeingMerchant","floor":22,"turns":4},{"damage":17,"enemies":"Centurion and Healer","floor":23,"turns":5},{"damage":8,"enemies":"Snake Plant","floor":28,"turns":2},{"damage":36,"enemies":"Slavers","floor":29,"turns":4},{"damage":25,"enemies":"downfall:FleeingMerchant","floor":30,"turns":3}],"seed_played":"1049988933003899453","potions_obtained":[{"floor":4.0,"key":"SpeedPotion"},{"floor":6.0,"key":"REME_GoldPotion"},{"floor":11.0,"key":"Dexterity Potion"},{"floor":12.0,"key":"GamblersBrew"},{"floor":16.0,"key":"Death Potion"},{"floor":20,"key":"Dexterity Potion"},{"floor":23,"key":"LifebloodPotion"},{"floor":28,"key":"REME_GoldPotion"},{"floor":29,"key":"Fire Potion"}],"is_trial":false,"path_per_floor":["R","?","M","M","$","M","T","M","M","R","M","M","R","M","M","B",null,"R","M","M","M","$","M","T","R","?","?","M","E","$"],"character_chosen":"SLIMEBOUND","items_purchased":["Slimebound:LeadByExample"],"campfire_rested":0,"item_purchase_floors":[22],"current_hp_per_floor":[60,60,60,60,60,56,56,55,55,55,46,44,44,39,32,16,60,60,58,56,55,53,50,50,50,38,38,38,20,0,0,0],"gold":219,"neow_bonus":"BOSS_RELIC","is_daily":false,"chose_seed":false,"campfire_upgraded":4,"win_rate":0.0,"timestamp":1610289312,"path_taken":["R","?","M","M","$","M","T","M","M","R","M","?","R","M","M","BOSS","R","M","M","M","?","M","T","R","?","?","M","E","$"],"items_purchased_type":["Card"],"build_version":"2020-12-22","purchased_purges":2,"victory":false,"max_hp_per_floor":[60,60,60,60,60,60,60,60,60,60,60,60,60,60,60,60,60,60,60,60,60,60,60,60,60,60,60,60,60,60,60,60],"relic_stats":{"Busted Crown":36,"counters":[19,66],"Tiny Chest":0,"Eternal Feather":0,"obtain_stats":[{"AT_ATBox":0,"Busted Crown":0,"Philosopher\u0027s Stone":17,"Onion Ring":24,"Tiny Chest":27,"Eternal Feather":29,"Slimebound:AbsorbEndCombat":0,"Toxic Egg 2":7,"AT_DeathDance":18,"aspiration:RitualStick":26,"REME_ComplimentaryCards":0},{"AT_ATBox":0,"Busted Crown":0,"Philosopher\u0027s Stone":11,"Onion Ring":16,"Tiny Chest":16,"Eternal Feather":18,"Slimebound:AbsorbEndCombat":0,"Toxic Egg 2":4,"AT_DeathDance":11,"aspiration:RitualStick":16,"REME_ComplimentaryCards":0},{"AT_ATBox":0,"Busted Crown":0,"Philosopher\u0027s Stone":37,"Onion Ring":57,"Tiny Chest":57,"Eternal Feather":63,"Slimebound:AbsorbEndCombat":0,"Toxic Egg 2":12,"AT_DeathDance":37,"aspiration:RitualStick":57,"REME_ComplimentaryCards":0}],"aspiration:RitualStick":[0]},"card_choices":[{"not_picked":[],"picked":"Slimebound:GoopSpray","floor":3.0},{"not_picked":["Slimebound:DisruptingSlam"],"picked":"SKIP","floor":4.0},{"not_picked":["Slimebound:FormOfPuddle"],"picked":"SKIP","floor":5.0},{"not_picked":[],"picked":"Slimebound:Repurpose","floor":6.0},{"not_picked":["Slimebound:RollThrough"],"picked":"SKIP","floor":8.0},{"not_picked":[],"picked":"Slimebound:LeechEnergy","floor":9.0},{"not_picked":["Slimebound:TongueLash"],"picked":"SKIP","floor":11.0},{"not_picked":[],"picked":"Slimebound:MegaLick+1","floor":12.0},{"not_picked":["Slimebound:BestDefense"],"picked":"SKIP","floor":14.0},{"not_picked":[],"picked":"Slimebound:SplitLeeching+1","floor":15.0},{"not_picked":[],"picked":"Slimebound:Overexert","floor":16.0},{"not_picked":[],"picked":"Slimebound:SamplingLick+1","floor":19},{"not_picked":[],"picked":"Slimebound:SlimeBarrage","floor":20},{"not_picked":["Slimebound:ComboTackle"],"picked":"SKIP","floor":21},{"not_picked":[],"picked":"Slimebound:SlimeBarrage","floor":22},{"not_picked":[],"picked":"Slimebound:PressTheAttack+1","floor":23},{"not_picked":[],"picked":"Slimebound:SplitBruiser+1","floor":28},{"not_picked":["Slimebound:TongueLash"],"picked":"SKIP","floor":29}],"player_experience":294312,"relics_obtained":[{"floor":7.0,"key":"Toxic Egg 2"},{"floor":18,"key":"AT_DeathDance"},{"floor":24,"key":"Onion Ring"},{"floor":29,"key":"Eternal Feather"}],"event_choices":[{"cards_removed":["Slimebound:Tackle"],"damage_healed":0.0,"max_hp_gain":0.0,"max_hp_loss":0.0,"gold_gain":0.0,"event_name":"NoteForYourself","player_choice":"Took Card","floor":2.0,"gold_loss":0.0,"damage_taken":0.0,"cards_obtained":["Iron Wave"]},{"damage_healed":0,"gold_gain":0,"player_choice":"Stole Relic","damage_taken":0,"relics_obtained":["Tiny Chest"],"max_hp_gain":0,"max_hp_loss":0,"event_name":"Addict","floor":27,"gold_loss":0,"cards_obtained":["Shame"]}],"is_beta":false,"boss_relics":[{"not_picked":["Calling Bell","Snecko Eye"],"picked":"Philosopher\u0027s Stone"}],"items_purged_floors":[5,22],"is_endless":false,"potions_floor_spawned":[4,6,11,12,16,20,23,28,29],"killed_by":"downfall:FleeingMerchant","ascension_level":0}}