{"host":"Connor","time":1610301707,"event":{"mods":["Aspiration","BaseMod","Downfall","Hubris","Marisa????????","Minty Spire (QoL Compilation)","Replay The Spire","StSLib","The Cursed","The Jungle","The Servant 0.9.4"],"gold_per_floor":[118,132,147,147,40,68,68,86,112,139,23,43,60,75,75,146,146,161,61,84,84,102,137,137,137,184,184,203,203,203,203],"floor_reached":30,"playtime":1170,"items_purged":["Strike_R","Strike_R"],"score":494,"play_id":"4ac250ec-a921-4409-8636-d65f5203a7c9","local_time":"20210110100147","is_ascension_mode":true,"campfire_choices":[{"floor":7.0,"key":"REST"},{"floor":15.0,"key":"REST"},{"floor":24,"key":"REST"},{"floor":27,"key":"RECALL"}],"circlet_count":0,"master_deck":["AscendersBane","Strike_R","Defend_R","Defend_R","Defend_R","Defend_R","Bash","Eclipse","Cleave","Sentinel","Slice","Poisoned Stab","Neutralize","Discovery","Brutality","Armaments","hubris:StunningStrike","Seeing Red","Pommel Strike","Pummel","Demon Form","Rampage","ReplayTheSpireMod:Speed Training","Havoc","Sentinel"],"relics":["Burning Blood","Vajra","ReplayTheSpireMod:Lightbulb","Busted Crown","Anchor","hubris:AstralHammer","Replay:Mystery Machine","aspiration:VileToxins"],"acts_visited":["Exordium","TheCity"],"potions_floor_usage":[23,28],"damage_taken":[{"damage":6.0,"enemies":"Cultist","floor":1.0,"turns":3.0},{"damage":12.0,"enemies":"Jaw Worm","floor":2.0,"turns":2.0},{"damage":21.0,"enemies":"Small Slimes","floor":3.0,"turns":4.0},{"damage":31.0,"enemies":"Replay:BlueRogue","floor":6.0,"turns":6.0},{"damage":0.0,"enemies":"Looter","floor":8.0,"turns":1.0},{"damage":38.0,"enemies":"3 Sentries","floor":10.0,"turns":11.0},{"damage":7.0,"enemies":"Large Slime","floor":12.0,"turns":4.0},{"damage":2.0,"enemies":"2 Fungi Beasts","floor":13.0,"turns":3.0},{"damage":0.0,"enemies":"Exordium Wildlife","floor":14.0,"turns":4.0},{"damage":33.0,"enemies":"The Guardian","floor":16.0,"turns":10.0},{"damage":13.0,"enemies":"3 Byrds","floor":18.0,"turns":5.0},{"damage":25,"enemies":"Spheric Guardian","floor":22,"turns":5},{"damage":27,"enemies":"Replay:Snechameleon","floor":23,"turns":8},{"damage":6,"enemies":"Snake Plant","floor":28,"turns":4},{"damage":40,"enemies":"Cultist and Chosen","floor":30,"turns":5}],"seed_played":"4955022474847135534","potions_obtained":[{"floor":6.0,"key":"LiquidMemories"},{"floor":8.0,"key":"AttackPotion"},{"floor":12.0,"key":"Toxic Potion"},{"floor":13.0,"key":"champ:CounterPotion"},{"floor":18.0,"key":"DuplicationPotion"},{"floor":23,"key":"champ:CounterPotion"}],"is_trial":false,"path_per_floor":["M","M","M","?","$","E","R","M","T","E","$","M","M","M","R","B",null,"M","$","T","?","M","E","R","?","T","R","M","T","M"],"character_chosen":"IRONCLAD","items_purchased":["Discovery","Seeing Red"],"campfire_rested":3,"item_purchase_floors":[5,11],"current_hp_per_floor":[68,62,47,47,47,22,42,48,48,16,16,15,19,25,45,18,56,49,49,49,49,30,9,29,29,29,29,29,29,0,0],"gold":203,"neow_bonus":"THREE_RARE_CARDS","is_daily":false,"chose_seed":false,"campfire_upgraded":0,"win_rate":0.0,"timestamp":1610301707,"path_taken":["M","?","M","?","?","E","R","M","T","E","$","M","M","M","R","BOSS","M","$","?","?","M","E","R","?","T","R","M","?","M"],"items_purchased_type":["Card","Card"],"build_version":"2020-12-18","purchased_purges":2,"victory":false,"max_hp_per_floor":[68,68,68,68,68,68,68,68,68,68,68,68,68,68,68,68,68,68,68,68,68,68,68,68,68,68,68,68,68,68,68],"card_choices":[{"not_picked":["Corruption","Fiend Fire"],"picked":"Eclipse","floor":0.0},{"not_picked":["Carnage","hubris:ReadiedAction"],"picked":"Cleave","floor":1.0},{"not_picked":["ReplayReversal","Pummel"],"picked":"Sentinel","floor":2.0},{"not_picked":["Wild Strike","hubris:ReadiedAction"],"picked":"Hemokinesis","floor":3.0},{"not_picked":["Havoc","Replay:Undeath\u0027s Touch"],"picked":"Brutality","floor":6.0},{"not_picked":["Perfected Strike","Clothesline"],"picked":"Armaments","floor":8.0},{"not_picked":["Pommel Strike","Flex"],"picked":"hubris:StunningStrike","floor":10.0},{"not_picked":["Havoc","Heavy Blade","Massacre"],"picked":"SKIP","floor":12.0},{"not_picked":["Wild Strike","Burning Pact"],"picked":"Pommel Strike","floor":13.0},{"not_picked":["Warcry","Sword Boomerang"],"picked":"Pummel","floor":14.0},{"not_picked":["Barricade","Fiend Fire"],"picked":"Demon Form","floor":16.0},{"not_picked":[],"picked":"Rampage","floor":18.0},{"not_picked":[],"picked":"Havoc","floor":22},{"not_picked":["Abandon"],"picked":"SKIP","floor":23},{"not_picked":[],"picked":"Sentinel","floor":28}],"player_experience":591581,"relics_obtained":[{"floor":6.0,"key":"Vajra"},{"floor":10.0,"key":"ReplayTheSpireMod:Lightbulb"},{"floor":20,"key":"Anchor"},{"floor":23,"key":"hubris:AstralHammer"},{"floor":26,"key":"Replay:Mystery Machine"},{"floor":29,"key":"aspiration:VileToxins"}],"event_choices":[{"damage_healed":0,"gold_gain":0,"player_choice":"Read","damage_taken":0,"max_hp_gain":0,"max_hp_loss":0,"event_name":"The Library","floor":21,"gold_loss":0,"cards_obtained":["ReplayTheSpireMod:Speed Training"]},{"damage_healed":0,"gold_gain":0,"player_choice":"Ignored","damage_taken":0,"max_hp_gain":0,"max_hp_loss":0,"event_name":"Ghosts","floor":25,"gold_loss":0}],"is_beta":true,"boss_relics":[{"not_picked":["aspiration:FutureDiary","Replay:Ancient Bell"],"picked":"Busted Crown"}],"items_purged_floors":[11,19],"is_endless":false,"potions_floor_spawned":[6,8,12,13,18,23],"killed_by":"Cultist and Chosen","ascension_level":18}}