{"host":"qhd5m7ak4qaao2fj","time":1610302319,"event":{"mods":["AchievementEnabler","BaseMod","Bestiary","Block Reminder","Colored Map","Colored Powertips","DeckTracker","Highlight Path","Minty Spire (QoL Compilation)","Quick Restart","Relic Stats"],"gold_per_floor":[113,124,135,135,145,174,174,203,203,203,203],"floor_reached":10,"playtime":1189,"items_purged":[],"score":82,"play_id":"4d423b6e-5d93-4ec8-9fdd-cd21503817ac","local_time":"20210110191159","is_ascension_mode":true,"campfire_choices":[{"data":"Aggregate","floor":7,"key":"SMITH"}],"circlet_count":0,"master_deck":["Strike_B","Strike_B","Strike_B","Strike_B","Defend_B","Defend_B","Defend_B","Defend_B","Zap","Dualcast","Aggregate+1","Ball Lightning","Conserve Battery","Redo","Redo"],"relics":["Cracked Core","MealTicket","Torii","Incense Burner"],"acts_visited":["Exordium"],"potions_floor_usage":[8],"damage_taken":[{"damage":0,"enemies":"Small Slimes","floor":1,"turns":3},{"damage":1,"enemies":"Cultist","floor":2,"turns":3},{"damage":1,"enemies":"Jaw Worm","floor":3,"turns":3},{"damage":4,"enemies":"Exordium Thugs","floor":5,"turns":4},{"damage":22,"enemies":"Lagavulin","floor":6,"turns":8},{"damage":32,"enemies":"3 Sentries","floor":8,"turns":8},{"damage":34,"enemies":"Lagavulin","floor":10,"turns":7}],"seed_played":"-4145633950816185431","potions_obtained":[{"floor":1,"key":"SneckoOil"},{"floor":4,"key":"AttackPotion"},{"floor":4,"key":"Fire Potion"},{"floor":4,"key":"Regen Potion"},{"floor":8,"key":"Dexterity Potion"}],"is_trial":false,"path_per_floor":["M","M","M","?","M","E","R","E","T","E"],"character_chosen":"DEFECT","items_purchased":[],"campfire_rested":0,"item_purchase_floors":[],"current_hp_per_floor":[82,81,80,80,76,54,54,34,34,0,0],"gold":203,"neow_bonus":"TEN_PERCENT_HP_BONUS","is_daily":false,"chose_seed":false,"campfire_upgraded":1,"win_rate":0.0,"timestamp":1610302319,"path_taken":["M","M","M","?","M","E","R","E","T","E"],"items_purchased_type":[],"build_version":"2020-12-22","purchased_purges":0,"victory":false,"max_hp_per_floor":[82,82,82,82,82,82,82,82,82,82,82],"relic_stats":{"Torii":0,"counters":[7,36],"MealTicket":0,"obtain_stats":[{"Torii":8,"MealTicket":6,"Incense Burner":9,"Cracked Core":0},{"Torii":6,"MealTicket":5,"Incense Burner":6,"Cracked Core":0},{"Torii":29,"MealTicket":21,"Incense Burner":29,"Cracked Core":0}]},"card_choices":[{"not_picked":["Reprogram","Sweeping Beam"],"picked":"Aggregate","floor":1},{"not_picked":["Cold Snap","Rebound"],"picked":"Ball Lightning","floor":2},{"not_picked":["Steam Power","Stack"],"picked":"Conserve Battery","floor":3},{"not_picked":["Rebound","Coolheaded","Double Energy"],"picked":"SKIP","floor":5},{"not_picked":["Hologram","Hello World"],"picked":"Redo","floor":6},{"not_picked":["Force Field","Stack"],"picked":"Redo","floor":8}],"player_experience":244406,"relics_obtained":[{"floor":6,"key":"MealTicket"},{"floor":8,"key":"Torii"},{"floor":9,"key":"Incense Burner"}],"event_choices":[{"damage_healed":0,"gold_gain":0,"player_choice":"Got Potions","damage_taken":0,"max_hp_gain":0,"max_hp_loss":0,"event_name":"Lab","floor":4,"gold_loss":0}],"is_beta":false,"boss_relics":[],"items_purged_floors":[],"is_endless":false,"potions_floor_spawned":[1,8],"killed_by":"Lagavulin","ascension_level":1}}