{"host":"i19jjmeqmvseha12","time":1610259320,"event":{"mods":["Act Like it!","BaseMod","Colored Powertips","Dota2Spire","Gensokyo","Minty Spire (QoL Compilation)","Replay The Spire","StSLib","The Cursed"],"gold_per_floor":[118,128,144,59,59,88,104,133,133,133,149,159,159,159,159,257,257,271,125,65,65,75,102,102,114,114,114,213,238,238,253,253,253,253],"floor_reached":33,"playtime":1249,"items_purged":[],"score":295,"play_id":"dcdb28fa-1c21-4354-ad4f-17d398744fc4","local_time":"20210109221520","is_ascension_mode":false,"campfire_choices":[{"floor":13,"key":"REST"},{"floor":15,"key":"REST"},{"floor":24,"key":"REST"},{"data":"Aggregate","floor":27,"key":"SMITH"},{"floor":32,"key":"REST"}],"circlet_count":0,"master_deck":["Strike_B+1","Strike_B+1","Strike_B+1","Strike_B+1","Defend_B+1","Defend_B+1","Defend_B+1","Defend_B+1","Zap","Dualcast","Aggregate+1","Defragment","Conserve Battery","Conserve Battery","FTL","Ball Lightning","Rebound","Conserve Battery","Thunder Strike+1","ReplayRNGCard","Double Energy","Chaos+1","Crystallizer","Gash+1","Static Discharge+1"],"relics":["Cracked Core","Replay:Rubber Ducky","Replay:Bottled Snecko","Ginger","Incense Burner","TungstenRod","Dota2Spire:RefresherOrb","Blue Doll","Geode","Toxic Egg 2","Dota2Spire:PhaseBoots"],"acts_visited":["Exordium","TheCity"],"potions_floor_usage":[12,16,18,25,29,29,29],"damage_taken":[{"damage":4,"enemies":"Gensokyo:3_Fairies","floor":1,"turns":4},{"damage":6,"enemies":"Gensokyo:Gryphon","floor":2,"turns":4},{"damage":3,"enemies":"Gensokyo:Python","floor":3,"turns":3},{"damage":27,"enemies":"Gensokyo:Cirno","floor":6,"turns":6},{"damage":6,"enemies":"Gensokyo:Kitsune","floor":7,"turns":4},{"damage":10,"enemies":"Gensokyo:Mamizou","floor":8,"turns":8},{"damage":0,"enemies":"Gensokyo:CorruptedTreant","floor":11,"turns":3},{"damage":0,"enemies":"Gensokyo:5_Fairies","floor":12,"turns":4},{"damage":11,"enemies":"Gensokyo:Yukari","floor":16,"turns":10},{"damage":22,"enemies":"3 Byrds","floor":18,"turns":7},{"damage":16,"enemies":"2 Thieves","floor":20,"turns":4},{"damage":0,"enemies":"Snake Plant","floor":22,"turns":4},{"damage":22,"enemies":"Replay:Snechameleon","floor":23,"turns":5},{"damage":0,"enemies":"Snecko","floor":25,"turns":5},{"damage":28,"enemies":"Slavers","floor":29,"turns":5},{"damage":0,"enemies":"Centurion and Healer","floor":31,"turns":4},{"damage":46,"enemies":"Automaton","floor":33,"turns":6}],"seed_played":"-3518640926487725072","potions_obtained":[{"floor":3,"key":"Ancient Potion"},{"floor":8,"key":"Swift Potion"},{"floor":12,"key":"Dota2Spire:HealingSalve"},{"floor":16,"key":"DistilledChaos"},{"floor":22,"key":"EssenceOfDarkness"},{"floor":23,"key":"SkillPotion"},{"floor":25,"key":"Energy Potion"}],"is_trial":false,"path_per_floor":["M","M","M","COS","?","E","M","E","T","?","M","M","R","?","R","B",null,"M","$","M","?","M","E","R","M","T","R","?","E","?","M","R","B"],"character_chosen":"DEFECT","items_purchased":["Blue Doll"],"campfire_rested":4,"item_purchase_floors":[19],"current_hp_per_floor":[71,65,62,62,62,35,29,19,19,19,19,19,41,41,63,68,75,53,53,37,37,37,15,37,37,37,37,37,9,9,9,31,0,0],"gold":253,"neow_bonus":"RANDOM_COMMON_RELIC","is_daily":false,"chose_seed":false,"campfire_upgraded":1,"win_rate":0.0,"timestamp":1610259320,"path_taken":["M","?","M","COS","?","E","M","E","T","?","M","M","R","?","R","BOSS","M","$","M","?","M","E","R","M","T","R","?","E","?","M","R","BOSS"],"items_purchased_type":["Relic"],"build_version":"2020-12-22","purchased_purges":0,"victory":false,"max_hp_per_floor":[75,75,75,75,75,75,75,75,75,75,75,75,75,75,75,75,75,75,75,75,75,75,75,75,75,75,75,75,75,75,75,75,75,75],"card_choices":[{"not_picked":["Steam","Redo"],"picked":"Aggregate","floor":1},{"not_picked":["ReplayTheSpireMod:GoodbyeWorld","Barrage"],"picked":"Defragment","floor":2},{"not_picked":["Sweeping Beam","Chill"],"picked":"Conserve Battery","floor":3},{"not_picked":["ReplayTheSpireMod:GoodbyeWorld","Consume"],"picked":"Conserve Battery","floor":6},{"not_picked":["Consume","Beam Cell"],"picked":"FTL","floor":7},{"not_picked":["Double Energy","Darkness"],"picked":"Ball Lightning","floor":8},{"not_picked":["Time Bomb","Blizzard"],"picked":"Rebound","floor":11},{"not_picked":["Redo","Steam"],"picked":"Conserve Battery","floor":12},{"not_picked":["All For One","Fission"],"picked":"ReplayRNGCard","floor":16},{"not_picked":["Coolheaded","Heatsinks","Panic Button"],"picked":"SKIP","floor":18},{"not_picked":["Chill","Leap"],"picked":"Double Energy","floor":20},{"not_picked":["Gash","Redo"],"picked":"Chaos+1","floor":22},{"not_picked":["Steam","ReplayTheSpireMod:System Scan"],"picked":"Crystallizer","floor":23},{"not_picked":["Reinforced Body","ReplayTheSpireMod:Reroute Power","ReplaySolidLightProjector"],"picked":"SKIP","floor":25},{"not_picked":["Fusion+1","Beam Cell"],"picked":"Gash+1","floor":29},{"not_picked":["Barrage","Doom and Gloom"],"picked":"Static Discharge+1","floor":31}],"player_experience":157105,"relics_obtained":[{"floor":6,"key":"Replay:Bottled Snecko"},{"floor":8,"key":"Ginger"},{"floor":9,"key":"Incense Burner"},{"floor":23,"key":"Geode"},{"floor":26,"key":"Toxic Egg 2"},{"floor":29,"key":"Dota2Spire:PhaseBoots"}],"event_choices":[{"damage_healed":0,"gold_gain":99,"player_choice":"Stole From Cult","damage_taken":0,"max_hp_gain":0,"max_hp_loss":0,"event_name":"Nest","floor":28,"gold_loss":0},{"damage_healed":0,"gold_gain":0,"player_choice":"Simplicity","damage_taken":0,"max_hp_gain":0,"max_hp_loss":0,"event_name":"Back to Basics","floor":30,"gold_loss":0,"cards_upgraded":["Strike_B","Strike_B","Strike_B","Strike_B","Defend_B","Defend_B","Defend_B","Defend_B"]}],"is_beta":false,"boss_relics":[{"not_picked":["Painkiller Herb","Replay:Wanted Poster"],"picked":"Dota2Spire:RefresherOrb"}],"items_purged_floors":[],"is_endless":false,"potions_floor_spawned":[3,8,12,16,22,23,25],"killed_by":"Automaton","ascension_level":0}}