{"host":"s7l2a3wroivred6i","time":1610251526,"event":{"mods":["AchievementEnabler","BaseMod","Better Altar","Better Match","Better Note","Better Sensory Stone","Better Skull","Better Synergies","Better Third Choice","BetterRewards","Conspire","Downfall","GifTheSpireLib","Hubris","Infinite Spire","Minty Spire (QoL Compilation)","Replay The Spire","Retaliation","StSLib","Stuff the Spire","The Blue Laboratory"],"gold_per_floor":[119,40,40,7,7,7,40,40,40,60,119,133,150,8,8,108,108,122,139,239,249,266,266,281,281,281,281,297,1,20,20,20,119,119,161,185,185],"floor_reached":36,"playtime":2638,"items_purged":[],"score":364,"play_id":"65144519-caa3-4fc9-acfc-a725022af452","local_time":"20210109230526","is_ascension_mode":false,"campfire_choices":[{"data":"infinitespire:Menacing","floor":6,"key":"SMITH"},{"floor":8,"key":"REST"},{"floor":15,"key":"REST"},{"floor":23,"key":"REST"},{"floor":25,"key":"REST"},{"data":"Ragnarok","floor":27,"key":"SMITH"},{"floor":32,"key":"REST"}],"circlet_count":0,"master_deck":["Strike_P","Strike_P","Strike_P","Strike_P","Defend_P","Defend_P","Defend_P","Defend_P","Eruption","Vigilance","DeusExMachina","EmptyBody","WreathOfFlame","infinitespire:Menacing+1","Perseverance","BowlingBash","Swift Strike","Ragnarok+1","ForeignInfluence+1","Consecrate","Wish"],"relics":["PureWater","StuffTheSpire:Expresso","Garlic","Oddly Smooth Stone","Philosopher\u0027s Stone","infinitespire:Midas Blood","Ice Cream"],"acts_visited":["Exordium","TheCity","TheBeyond"],"potions_floor_usage":[7,11,16,16,22,33,36,36,36],"damage_taken":[{"damage":9,"enemies":"Small Slimes","floor":1,"turns":2},{"damage":36,"enemies":"Lagavulin","floor":7,"turns":11},{"damage":1,"enemies":"Jaw Worm","floor":10,"turns":3},{"damage":8,"enemies":"Lagavulin Event","floor":11,"turns":7},{"damage":0,"enemies":"Cultist","floor":12,"turns":4},{"damage":0,"enemies":"Red Slaver","floor":13,"turns":3},{"damage":39,"enemies":"The Guardian","floor":16,"turns":18},{"damage":20,"enemies":"Spheric Guardian","floor":18,"turns":6},{"damage":12,"enemies":"2 Thieves","floor":19,"turns":5},{"damage":0,"enemies":"Snecko","floor":21,"turns":3},{"damage":23,"enemies":"Snake Plant","floor":22,"turns":6},{"damage":0,"enemies":"Cultist and Chosen","floor":24,"turns":4},{"damage":13,"enemies":"Centurion and Healer","floor":28,"turns":7},{"damage":12,"enemies":"Snake Plant","floor":30,"turns":4},{"damage":8,"enemies":"Champ","floor":33,"turns":11},{"damage":10,"enemies":"3 Shapes","floor":35,"turns":3},{"damage":12,"enemies":"infinitespire:Three Voidlings","floor":36,"turns":4},{"damage":58,"enemies":"Nightmare_Alpha","floor":36,"turns":9}],"seed_played":"-8205538315552145510","potions_obtained":[{"floor":1,"key":"blueLaboratory:FrostheartPotion"},{"floor":10,"key":"blueLaboratory:BubblePotion"},{"floor":13,"key":"LiquidMemories"},{"floor":18,"key":"SpeedPotion"},{"floor":21,"key":"hexamod:EctoCoolerPotion"},{"floor":22,"key":"blueLaboratory:FrostheartPotion"},{"floor":24,"key":"blueLaboratory:ImpenetrablePotion"},{"floor":35,"key":"blueLaboratory:BottledHope"}],"is_trial":false,"path_per_floor":["M","$","?","$","?","R","E","R","T","M","?","M","M","$","R","B",null,"M","M","?","M","M","R","M","R","T","R","M","$","M","$","R","B",null,"M","?"],"character_chosen":"WATCHER","items_purchased":["WreathOfFlame","Perseverance","Swift Strike","Adrenaline Potion","Ice Cream"],"campfire_rested":5,"item_purchase_floors":[2,4,14,14,29],"current_hp_per_floor":[63,63,44,44,44,44,8,29,29,28,20,20,20,20,41,2,72,52,40,40,40,17,38,38,59,59,59,46,46,34,34,55,47,72,62,0,0],"gold":185,"neow_bonus":"ONE_RANDOM_RARE_CARD","is_daily":false,"chose_seed":false,"campfire_upgraded":2,"win_rate":0.0,"timestamp":1610251526,"path_taken":["M","$","?","$","?","R","E","R","T","M","?","M","M","?","R","BOSS","M","M","?","M","M","R","M","R","T","R","M","$","?","?","R","BOSS","M","?"],"items_purchased_type":["Card","Card","Card","Potion","Relic"],"build_version":"2020-12-22","purchased_purges":0,"victory":false,"max_hp_per_floor":[72,72,72,72,72,72,72,72,72,72,72,72,72,72,72,72,72,72,72,72,72,72,72,72,72,72,72,72,72,72,72,72,72,72,72,72,72],"card_choices":[{"not_picked":["Protect","SashWhip"],"picked":"EmptyBody","floor":1},{"not_picked":["ReplayTheSpireMod:??????????????????????","ReplayTheSpireMod:Haul"],"picked":"infinitespire:Menacing","floor":3},{"not_picked":["Crescendo","Halt"],"picked":"BowlingBash","floor":7},{"not_picked":["SashWhip","WaveOfTheHand","Evaluate"],"picked":"SKIP","floor":10},{"not_picked":["Evaluate","Blasphemy","Weave"],"picked":"SKIP","floor":12},{"not_picked":["EmptyBody","Replay:Vibes","CutThroughFate"],"picked":"SKIP","floor":13},{"not_picked":["Establishment","Omniscience"],"picked":"Ragnarok","floor":16},{"not_picked":["Replay:ManipulateFuture","FollowUp"],"picked":"ForeignInfluence+1","floor":18},{"not_picked":["WaveOfTheHand","Sanctity+1","Replay:BluntJabs"],"picked":"SKIP","floor":19},{"not_picked":["Nirvana+1","Replay:Battleflow","FearNoEvil"],"picked":"SKIP","floor":21},{"not_picked":["SashWhip","Wireheading","Swivel"],"picked":"SKIP","floor":22},{"not_picked":["CutThroughFate+1","EmptyFist"],"picked":"Consecrate","floor":24},{"not_picked":["Consecrate","Replay:ManipulateFuture","Halt"],"picked":"SKIP","floor":28},{"not_picked":["Replay:Vibes","Replay:BluntJabs","Prostrate"],"picked":"SKIP","floor":30},{"not_picked":["Blasphemy","Brilliance"],"picked":"Wish","floor":33},{"not_picked":["Consecrate","Protect","Replay:AtTheReady+1"],"picked":"SKIP","floor":35}],"player_experience":342970,"relics_obtained":[{"floor":7,"key":"StuffTheSpire:Expresso"},{"floor":9,"key":"Garlic"},{"floor":11,"key":"Oddly Smooth Stone"},{"floor":26,"key":"infinitespire:Midas Blood"}],"event_choices":[{"damage_healed":0,"gold_gain":0,"player_choice":"Searched \u00271\u0027 times","damage_taken":0,"max_hp_gain":0,"max_hp_loss":0,"event_name":"Dead Adventurer","floor":11,"gold_loss":0},{"damage_healed":0,"gold_gain":100,"player_choice":"Pray","damage_taken":0,"max_hp_gain":0,"max_hp_loss":0,"event_name":"Golden Shrine","floor":20,"gold_loss":0}],"is_beta":false,"boss_relics":[{"not_picked":["hubris:GrandSneckoEye","Honey Jar"],"picked":"Philosopher\u0027s Stone"},{"not_picked":["Snecko Eye","hubris:RunicObelisk","hubris:BlackHole"]}],"items_purged_floors":[],"is_endless":false,"potions_floor_spawned":[1,10,13,18,21,22,24,33,35],"killed_by":"Nightmare_Alpha","ascension_level":0}}