{"host":"59efrpl3ft1ymrg4","time":1610295577,"event":{"mods":["BaseMod","Minty Spire (QoL Compilation)"],"gold_per_floor":[116,135,60,71,90,90,102,112,112,112,62,117,117,142,142,142,142],"floor_reached":16,"playtime":1374,"items_purged":["Strike_P"],"score":92,"play_id":"0d3e2c45-d205-47b8-a1da-c79a804118d4","local_time":"20210110161937","is_ascension_mode":false,"campfire_choices":[{"data":"Crescendo","floor":6,"key":"SMITH"},{"floor":10,"key":"REST"},{"data":"JustLucky","floor":15,"key":"SMITH"}],"circlet_count":0,"master_deck":["Strike_P+1","Strike_P","Strike_P","Defend_P","Defend_P+1","Defend_P","Eruption+1","Vigilance","Pray","Crescendo+1","JustLucky+1","LessonLearned+1","Meditate","ClearTheMind"],"relics":["PureWater","Sundial","Whetstone"],"acts_visited":["Exordium"],"potions_floor_usage":[8,16],"damage_taken":[{"damage":0,"enemies":"Jaw Worm","floor":1,"turns":3},{"damage":10,"enemies":"Small Slimes","floor":2,"turns":4},{"damage":0,"enemies":"2 Louse","floor":4,"turns":3},{"damage":0,"enemies":"Looter","floor":5,"turns":5},{"damage":0,"enemies":"3 Louse","floor":7,"turns":3},{"damage":14,"enemies":"2 Fungi Beasts","floor":8,"turns":4},{"damage":81,"enemies":"Hexaghost","floor":16,"turns":10}],"seed_played":"-888956387118459486","potions_obtained":[{"floor":5,"key":"LiquidMemories"},{"floor":7,"key":"BottledMiracle"},{"floor":8,"key":"Energy Potion"}],"is_trial":false,"path_per_floor":["M","M","$","M","M","R","M","M","T","R","?","?","?","T","R","B"],"character_chosen":"WATCHER","items_purchased":[],"campfire_rested":1,"item_purchase_floors":[],"current_hp_per_floor":[79,69,69,69,69,69,69,55,55,78,78,78,78,78,78,0,0],"gold":142,"neow_bonus":"TEN_PERCENT_HP_BONUS","is_daily":false,"chose_seed":false,"campfire_upgraded":2,"win_rate":0.0,"timestamp":1610295577,"path_taken":["M","M","$","M","M","R","M","M","T","R","?","?","?","?","R","BOSS"],"items_purchased_type":[],"build_version":"2020-12-22","purchased_purges":1,"victory":false,"max_hp_per_floor":[79,79,79,79,79,79,79,79,79,79,79,79,79,79,79,79,79],"card_choices":[{"not_picked":["FlurryOfBlows","ClearTheMind"],"picked":"Pray","floor":1},{"not_picked":["BowlingBash","Sanctity"],"picked":"Crescendo","floor":2},{"not_picked":["CarveReality","SashWhip"],"picked":"JustLucky","floor":4},{"not_picked":["SashWhip","FlyingSleeves"],"picked":"LessonLearned","floor":5},{"not_picked":["CarveReality","EmptyFist"],"picked":"Meditate","floor":7},{"not_picked":["Tantrum","BowlingBash"],"picked":"ClearTheMind","floor":8}],"player_experience":36921,"relics_obtained":[{"floor":9,"key":"Sundial"},{"floor":14,"key":"Whetstone"}],"event_choices":[{"cards_removed":["Defend_P"],"damage_healed":0,"gold_gain":0,"player_choice":"Card Removal","damage_taken":0,"max_hp_gain":0,"max_hp_loss":0,"event_name":"The Cleric","floor":11,"gold_loss":50},{"damage_healed":0,"gold_gain":55,"player_choice":"Gained Gold","damage_taken":0,"max_hp_gain":0,"max_hp_loss":0,"event_name":"Golden Wing","floor":12,"gold_loss":0},{"damage_healed":0,"gold_gain":0,"player_choice":"Ignored","damage_taken":0,"max_hp_gain":0,"max_hp_loss":0,"event_name":"Liars Game","floor":13,"gold_loss":0}],"is_beta":false,"boss_relics":[],"items_purged_floors":[3],"is_endless":false,"potions_floor_spawned":[5,7,8],"killed_by":"Hexaghost","ascension_level":0}}