{"host":"343qqg62n5k3n5g2","time":1610294811,"event":{"mods":["ATMod(阿瑾Mod)","Ascension Reborn","Aspiration","BaseMod","Colored Powertips","Conspire","Jedi Mod","KomeijiMod","Minty Spire (QoL Compilation)","Quick Restart","Replay The Spire","SIMod","Spicy Shops","StSLib","TestMod","UnlockEverythingMod","vexMod","【遗物卡牌】REMEMod","篝火指南"],"gold_per_floor":[113,113,66,77,90,148,148,148,174,174,215,215,245,255,255,350,350,366,3,22,32,49,49,82,82,161,265,265,77,120,161,161,275,275,296,296,336,336,13,13,41,391,391,391,391,391,423,441,441,455],"floor_reached":51,"playtime":4442,"items_purged":["Injury","Defend_Koishi"],"score":711,"play_id":"e84d1955-5490-48a7-ab12-db678a873ac4","local_time":"20210111000651","is_ascension_mode":true,"campfire_choices":[{"data":"AT_KneejerkReflex","floor":7.0,"key":"SMITH"},{"data":"SemiAutomaton","floor":10.0,"key":"SMITH"},{"data":"Dash_Komeiji","floor":12.0,"key":"SMITH"},{"data":"HagoromoKu","floor":32,"key":"SMITH"},{"data":"Sabishigari+1","floor":40,"key":"SWEEP"},{"floor":44,"key":"DIG"},{"floor":49,"key":"DIG"}],"circlet_count":0,"master_deck":["Dash_Komeiji+1","AT_KneejerkReflex+1","SemiAutomaton+1","SeekerDolls","NingyouSousou+1","NingyouFukuhei+1","NingyouShinki+1","SeekerWire+1","HelanNingyou+1","KimairaNoYoku+1","Mishyaguji+1","GasuOrimono","NingyouSP+1","KoKei+1","YoukiSo+1","Bullet Time+1","HagoromoKu+1","HenyouMirume+1","DochyakuKami+1","YuumeiNoKurin","CurseOfTheBell","Defend_Koishi","Defend_Koishi","Madness+1","Sabishigari+1","HagoromoKu+1","Looming Evil","Sickly","Hallucinations","NingyouKisou+1","VampireKiss+1","SenseofElegance+1","Dramatic Entrance+1","CS_Meirin","KouPou+1","OoedoNingyou+1","NingyouKasou+1","MajikuruSanhai+1","NingyouKasou+1","HagoromoKu+1","HagoromoMizu+1"],"relics":["SpellCardsRule","MusicBox","testmod-TestBox","REME_ComplimentaryCards","testmod-ChristmasGift","Toxic Egg 2","CrystalOfMemory","Juzu Bracelet","AT_BellDemon","HornCleat","Smiling Mask","aspiration:ArtOfWarUpgrade","AT_BellowingDragoncrestRing","SacredBark","testmod-BalancedPeriapt","BargainBundle","aspiration:Nostalgia","Cracked Core","Unceasing Top","Replay:Bandana","testmod-TurbochargingSystem","AT_EbonyIvory","Iron Hammer","Shuriken","Whetstone","MigarariNingyou","jedi:archwizardhat","testmod-Alchemist","Replay:Bottled Flurry","AT_GuinsooRageblade","Calling Bell","Potion Belt","Replay:Accelerometer","aspiration:SneckoTail","AT_SpeedBoots","AT_ArchangelStaff","AT_RabadonDeathcap","aspiration:HummingbirdHeart","KoishisEye","Ring of Greed","The Courier","Old Coin","Ring of Panic","Shovel","aspiration:HiddenCompartment","jedi:heavyjacket"],"acts_visited":["Exordium","TheCity","TheBeyond"],"potions_floor_usage":[27,27,27,27,31,33,33,33,35,35,37,37,37,37,47,47,47,47,47,48,48,48,48,48,48,48,48,48,50,50,50,50,50,50,50],"damage_taken":[{"damage":0.0,"enemies":"Small Slimes","floor":1.0,"turns":5.0},{"damage":11.0,"enemies":"Jaw Worm","floor":4.0,"turns":4.0},{"damage":6.0,"enemies":"Cultist","floor":5.0,"turns":3.0},{"damage":3.0,"enemies":"Replay:BlueRogue","floor":6.0,"turns":5.0},{"damage":11.0,"enemies":"3 Sentries","floor":13.0,"turns":5.0},{"damage":13.0,"enemies":"Exordium Wildlife","floor":14.0,"turns":3.0},{"damage":20.0,"enemies":"The Guardian","floor":16.0,"turns":10.0},{"damage":49.0,"enemies":"2 Thieves","floor":18.0,"turns":5.0},{"damage":0.0,"enemies":"Shell Parasite","floor":20.0,"turns":5.0},{"damage":0.0,"enemies":"Chosen and Byrds","floor":21.0,"turns":4.0},{"damage":0.0,"enemies":"Shelled Parasite and Fungi","floor":22.0,"turns":1.0},{"damage":0.0,"enemies":"conspire:SneckoGhost","floor":24.0,"turns":1.0},{"damage":0,"enemies":"Replay:Snechameleon","floor":27,"turns":4},{"damage":0,"enemies":"3 Cultists","floor":30,"turns":2},{"damage":0,"enemies":"conspire:Head Lice","floor":31,"turns":5},{"damage":5,"enemies":"Automaton","floor":33,"turns":5},{"damage":3,"enemies":"3 Shapes","floor":35,"turns":2},{"damage":5,"enemies":"conspire:MimicChest","floor":37,"turns":4},{"damage":0,"enemies":"Orb Walker","floor":41,"turns":1},{"damage":0,"enemies":"3 Darklings","floor":47,"turns":1},{"damage":0,"enemies":"Writhing Mass","floor":48,"turns":1},{"damage":0,"enemies":"Replay:Hell Engine","floor":50,"turns":4}],"seed_played":"4114614828806592564","potions_obtained":[{"floor":6.0,"key":"Weak Potion"},{"floor":20.0,"key":"SteroidPotion"},{"floor":21.0,"key":"Languid Potion"},{"floor":22.0,"key":"Dexterity Potion"},{"floor":27,"key":"LiquidBronze"},{"floor":31,"key":"Energy Potion"},{"floor":35,"key":"FearPotion"},{"floor":37,"key":"PowerPotion"}],"is_trial":false,"path_per_floor":["M","?","$","M","M","E","R","?","T","R","?","R","E","M","R","B",null,"M","$","M","M","M","R","E","?","T","E","?","$","M","E","R","B",null,"M","?","?","?","$","R","M","?","T","R","?","?","M","M","R","B",null],"character_chosen":"KomeijiSatori","items_purchased":["NingyouSousou+1","BargainBundle","aspiration:Nostalgia","Adrenaline Potion","AttackPotion","Block Potion","testmod-PerfectCombo","Mishyaguji+1","GasuOrimono","RikonNoKama+1","HagoromoKu","HenyouMirume+1","Madness+1"],"campfire_rested":0,"item_purchase_floors":[3,19,19,19,19,19,19,19,19,19,29,29,39],"current_hp_per_floor":[55,55,55,48,46,55,55,55,55,55,55,55,46,36,36,37,55,15,15,28,40,44,44,47,47,47,55,55,55,55,55,55,54,55,55,55,53,53,53,55,55,55,55,55,55,55,55,55,55,55],"gold":455,"neow_bonus":"TEN_PERCENT_HP_BONUS","is_daily":false,"chose_seed":false,"campfire_upgraded":4,"win_rate":0.0,"timestamp":1610294811,"path_taken":["M","?","?","?","M","E","R","?","T","R","?","R","E","M","R","BOSS","M","$","M","M","M","R","E","?","T","E","?","?","M","E","R","BOSS","M","?","?","?","$","R","M","?","T","R","?","?","M","M","R","BOSS"],"items_purchased_type":["Card","Relic","Relic","Potion","Potion","Potion","Card","Card","Card","Card","Card","Card","Card"],"build_version":"2020-12-22","purchased_purges":2,"victory":true,"max_hp_per_floor":[55,55,55,55,55,55,55,55,55,55,55,55,55,55,55,55,55,55,55,55,55,55,55,55,55,55,55,55,55,55,55,55,55,55,55,55,55,55,55,55,55,55,55,55,55,55,55,55,55,55],"card_choices":[{"not_picked":["MakuraSeki","MusuNoYume"],"picked":"SeekerDolls","floor":1.0},{"not_picked":["NingyouShinki+1","SeekerDolls+1"],"picked":"NingyouFukuhei+1","floor":4.0},{"not_picked":["GroundStardust+1","Melting"],"picked":"NingyouShinki+1","floor":5.0},{"not_picked":["SelfTokamak+1","HagoromoMizu"],"picked":"KokorosuKi+1","floor":6.0},{"not_picked":["SenyouGoraku+1","HagoromoMizu"],"picked":"SeekerWire+1","floor":11.0},{"not_picked":["NingyouYunhei+1","DochyakuKami+1"],"picked":"KeiseiJin+1","floor":11.0},{"not_picked":["SenyouGoraku+1","SatsujinDooru+1"],"picked":"DemonsDinnerFork","floor":13.0},{"not_picked":["HenyouMirume+1","RikonNoKama+1"],"picked":"NingyouKisou+1","floor":14.0},{"not_picked":["LunaDial+1","MusouMyousyu"],"picked":"HelanNingyou+1","floor":16.0},{"not_picked":["Mishyaguji+1","SelfTokamak+1"],"picked":"KimairaNoYoku+1","floor":18.0},{"not_picked":["Sabishigari+1","Agarareta+1"],"picked":"NingyouSP+1","floor":20.0},{"not_picked":["JyouchiJin+1","HisouNoKen","SenyouGoraku+1"],"picked":"SKIP","floor":21.0},{"not_picked":["Agarareta+1","NingyouShinki+1"],"picked":"ShyakuBuku+1","floor":22.0},{"not_picked":["RikonNoKama+1","NingyouOkisou+1","YoukiSo+1"],"picked":"SKIP","floor":24.0},{"not_picked":["KoKei+1","HelanNingyou+1"],"picked":"YoukiSo+1","floor":27},{"not_picked":["DemonLordCradle","Melting"],"picked":"DochyakuKami+1","floor":30},{"not_picked":["NingyouChiyari+1","HagoromoMizu+1","SeekerDolls+1"],"picked":"SKIP","floor":31},{"not_picked":["HelanNingyou+1","TerribleSouvenir+1"],"picked":"YuumeiNoKurin","floor":33},{"not_picked":["DemonLordCradle","JyouchiJin+1","NingyouOkisou+1"],"picked":"SKIP","floor":35},{"not_picked":["ShyakuBuku","Melting+1"],"picked":"SenseofElegance","floor":36},{"not_picked":["Sabishigari+1","NingyouShinki+1"],"picked":"HagoromoKu+1","floor":41},{"not_picked":["NingyouSousou+1","HagoromoMizu+1"],"picked":"HagoromoKu+1","floor":47},{"not_picked":["MissingPower+1","ShyakuBuku+1"],"picked":"HagoromoMizu+1","floor":48}],"player_experience":15531,"relics_obtained":[{"floor":6.0,"key":"CrystalOfMemory"},{"floor":9.0,"key":"AT_BellDemon"},{"floor":11.0,"key":"HornCleat"},{"floor":13.0,"key":"Smiling Mask"},{"floor":14.0,"key":"Art of War"},{"floor":16.0,"key":"AT_BellowingDragoncrestRing"},{"floor":18.0,"key":"testmod-BalancedPeriapt"},{"floor":20.0,"key":"Unceasing Top"},{"floor":21.0,"key":"Replay:Bandana"},{"floor":22.0,"key":"testmod-TurbochargingSystem"},{"floor":24.0,"key":"AT_EbonyIvory"},{"floor":24.0,"key":"Iron Hammer"},{"floor":26.0,"key":"Shuriken"},{"floor":27,"key":"Whetstone"},{"floor":27,"key":"MigarariNingyou"},{"floor":30,"key":"jedi:archwizardhat"},{"floor":31,"key":"testmod-Alchemist"},{"floor":31,"key":"Replay:Bottled Flurry"},{"floor":33,"key":"AT_GuinsooRageblade"},{"floor":34,"key":"Potion Belt"},{"floor":34,"key":"Replay:Accelerometer"},{"floor":34,"key":"aspiration:SneckoTail"},{"floor":35,"key":"AT_SpeedBoots"},{"floor":36,"key":"AT_ArchangelStaff"},{"floor":37,"key":"AT_RabadonDeathcap"},{"floor":37,"key":"aspiration:HummingbirdHeart"},{"floor":42,"key":"Ring of Greed"},{"floor":42,"key":"The Courier"},{"floor":42,"key":"Old Coin"},{"floor":42,"key":"Ring of Panic"},{"floor":43,"key":"Shovel"},{"floor":44,"key":"aspiration:HiddenCompartment"},{"floor":49,"key":"jedi:heavyjacket"}],"event_choices":[{"damage_healed":0.0,"max_hp_gain":0.0,"max_hp_loss":0.0,"gold_gain":0.0,"event_name":"给自己的盒子","player_choice":"Swap Relic","floor":8.0,"relics_lost":["AT_ATBox"],"gold_loss":0.0,"damage_taken":0.0,"relics_obtained":["Juzu Bracelet"]},{"damage_healed":0.0,"max_hp_gain":0.0,"max_hp_loss":0.0,"gold_gain":0.0,"event_name":"The Library","player_choice":"Read","floor":25.0,"gold_loss":0.0,"damage_taken":0.0,"cards_obtained":["KoKei"]},{"cards_removed":["KouPou"],"damage_healed":0,"gold_gain":0,"player_choice":"Removed Attack","damage_taken":0,"max_hp_gain":0,"max_hp_loss":0,"event_name":"Falling","floor":46,"gold_loss":0}],"is_beta":false,"boss_relics":[{"not_picked":["Black Star","vexMod:FluxCapacitor"],"picked":"SacredBark"},{"not_picked":["aspiration:RunicSpoon","Runic Pyramid"],"picked":"Calling Bell"}],"items_purged_floors":[19,39],"is_endless":false,"potions_floor_spawned":[6,20,21,22,27,31,35,37],"ascension_level":0}}