{"host":"q0qnzbgdx8oqogg9","time":1610314264,"event":{"mods":["BaseMod","Minty Spire (QoL Compilation)","Slay-I","StSLib"],"gold_per_floor":[116,216,226,246,3,3,46,79,79,130,205,205,246,246,246,402,402,443,2,101,125,149,218,230,356,368,405,405],"floor_reached":27,"playtime":885,"items_purged":["Strike_R","Strike_R"],"score":329,"play_id":"5aa31967-b76d-4554-82e6-fb6c2ff8bda8","local_time":"20210110163104","is_ascension_mode":true,"campfire_choices":[{"data":"HandOfGreed","floor":6.0,"key":"SMITH"},{"data":"Armaments","floor":12.0,"key":"SMITH"},{"floor":15.0,"key":"REST"}],"circlet_count":0,"master_deck":["Strike_R","Strike_R","Strike_R","Defend_R","Defend_R","Defend_R","Defend_R","Bash","Wild Strike","Carnage","Spot Weakness","HandOfGreed+1","Shrug It Off","Armaments+1","Doubt","Flame Barrier","Double Tap","Bludgeon+1","Shrug It Off","Flash of Steel+1","Spot Weakness+1","Normality"],"relics":["Cursed Key","PreservedInsect","Bronze Scales","Odd Mushroom","Molten Egg 2","Golden Idol","Black Star","Eternal Feather","Shuriken","MawBank","SsserpentHead","Frozen Egg 2"],"acts_visited":["Exordium","TheCity"],"potions_floor_usage":[27,27],"damage_taken":[{"damage":0.0,"enemies":"2 Louse","floor":1.0,"turns":3.0},{"damage":1.0,"enemies":"Cultist","floor":3.0,"turns":3.0},{"damage":2.0,"enemies":"Small Slimes","floor":4.0,"turns":2.0},{"damage":11.0,"enemies":"Looter","floor":7.0,"turns":3.0},{"damage":20.0,"enemies":"Lagavulin","floor":8.0,"turns":6.0},{"damage":13.0,"enemies":"The Mushroom Lair","floor":10.0,"turns":4.0},{"damage":2.0,"enemies":"3 Sentries","floor":11.0,"turns":5.0},{"damage":1.0,"enemies":"Large Slime","floor":13.0,"turns":4.0},{"damage":26.0,"enemies":"Hexaghost","floor":16.0,"turns":9.0},{"damage":12.0,"enemies":"2 Thieves","floor":18.0,"turns":5.0},{"damage":1.0,"enemies":"Shell Parasite","floor":21.0,"turns":4.0},{"damage":11.0,"enemies":"Snake Plant","floor":22.0,"turns":2.0},{"damage":19.0,"enemies":"Slavers","floor":23.0,"turns":5.0},{"damage":16.0,"enemies":"Shelled Parasite and Fungi","floor":25.0,"turns":6.0},{"damage":10,"enemies":"Cultist and Chosen","floor":27,"turns":4}],"seed_played":"7531095535888846168","potions_obtained":[{"floor":1.0,"key":"SpeedPotion"},{"floor":8.0,"key":"GamblersBrew"},{"floor":10.0,"key":"DistilledChaos"},{"floor":18.0,"key":"Ancient Potion"},{"floor":25.0,"key":"Weak Potion"}],"is_trial":false,"path_per_floor":["M","?","M","M","$","R","M","E","T","?","E","R","M","?","R","B",null,"M","$","?","M","M","E","?","M","T","M"],"character_chosen":"IRONCLAD","items_purchased":["HandOfGreed","Flash of Steel+1","Eternal Feather"],"campfire_rested":1,"item_purchase_floors":[5,19,19],"current_hp_per_floor":[80,80,79,77,77,77,66,46,46,33,31,31,30,30,52,26,62,50,50,50,49,38,19,19,3,3,0,0],"gold":405,"neow_bonus":"BOSS_RELIC","is_daily":false,"chose_seed":false,"campfire_upgraded":2,"win_rate":0.0,"timestamp":1610314264,"path_taken":["M","?","M","M","?","R","M","E","T","?","E","R","M","?","R","BOSS","M","$","?","M","M","E","?","?","T","M"],"items_purchased_type":["Card","Card","Relic"],"build_version":"2020-12-22","purchased_purges":2,"victory":false,"max_hp_per_floor":[80,80,80,80,80,80,80,80,80,80,80,80,80,74,74,74,74,74,74,74,74,74,74,74,74,74,74,74],"card_choices":[{"not_picked":["Dual Wield","Flex"],"picked":"Wild Strike","floor":1.0},{"not_picked":["Fire Breathing","Headbutt"],"picked":"Carnage","floor":3.0},{"not_picked":["Heavy Blade","Body Slam"],"picked":"Spot Weakness","floor":4.0},{"not_picked":["Twin Strike","Second Wind"],"picked":"Shrug It Off","floor":7.0},{"not_picked":["True Grit","Rupture"],"picked":"Armaments","floor":8.0},{"not_picked":["Headbutt","Sword Boomerang"],"picked":"Flame Barrier","floor":10.0},{"not_picked":["Carnage+1","Shockwave"],"picked":"Double Tap","floor":11.0},{"not_picked":["Entrench","Wild Strike+1","Shockwave"],"picked":"SKIP","floor":13.0},{"not_picked":["Exhume","Double Tap"],"picked":"Bludgeon+1","floor":16.0},{"not_picked":["Cleave+1","Entrench"],"picked":"Shrug It Off","floor":18.0},{"not_picked":["Wild Strike+1","Sword Boomerang+1","Feel No Pain"],"picked":"SKIP","floor":21.0},{"not_picked":["Pommel Strike+1","Combust","Rampage+1"],"picked":"SKIP","floor":22.0},{"not_picked":["Dark Embrace+1","Shockwave","Flex"],"picked":"SKIP","floor":23.0},{"not_picked":["Twin Strike+1","Dual Wield"],"picked":"Spot Weakness+1","floor":25.0}],"player_experience":202657,"relics_obtained":[{"floor":8.0,"key":"PreservedInsect"},{"floor":9.0,"key":"Bronze Scales"},{"floor":10.0,"key":"Odd Mushroom"},{"floor":11.0,"key":"Molten Egg 2"},{"floor":23.0,"key":"Shuriken"},{"floor":23.0,"key":"MawBank"},{"floor":26.0,"key":"Frozen Egg 2"}],"event_choices":[{"damage_healed":0.0,"max_hp_gain":0.0,"max_hp_loss":0.0,"gold_gain":100.0,"event_name":"Wheel of Change","player_choice":"Gold","floor":2.0,"gold_loss":0.0,"damage_taken":0.0},{"damage_healed":0.0,"max_hp_gain":0.0,"max_hp_loss":0.0,"gold_gain":0.0,"event_name":"Mushrooms","player_choice":"Fought Mushrooms","floor":10.0,"gold_loss":0.0,"damage_taken":0.0},{"damage_healed":0.0,"max_hp_gain":0.0,"max_hp_loss":6.0,"gold_gain":0.0,"event_name":"Golden Idol","player_choice":"Lose Max HP","floor":14.0,"gold_loss":0.0,"damage_taken":0.0,"relics_obtained":["Golden Idol"]},{"damage_healed":0.0,"max_hp_gain":0.0,"max_hp_loss":0.0,"gold_gain":99.0,"event_name":"Nest","player_choice":"Stole From Cult","floor":20.0,"gold_loss":0.0,"damage_taken":0.0},{"damage_healed":0.0,"max_hp_gain":0.0,"max_hp_loss":0.0,"gold_gain":0.0,"event_name":"FaceTrader","player_choice":"Trade","floor":24.0,"gold_loss":0.0,"damage_taken":0.0,"relics_obtained":["SsserpentHead"]}],"is_beta":false,"boss_relics":[{"not_picked":["SlaversCollar","Calling Bell"],"picked":"Black Star"}],"items_purged_floors":[5,19],"is_endless":false,"potions_floor_spawned":[1,8,10,18,25],"killed_by":"Cultist and Chosen","ascension_level":5}}