{"host":"wby4rs3xnry3zy6c","time":1610252960,"event":{"mods":["AchievementEnabler","BaseMod","BetterRewards","Colored Map","Colored Powertips","Downfall","Hubris","Infinite Spire","Minty Spire (QoL Compilation)","Replay The Spire","Shop Mod","StSLib","The Cursed","The Necromancer"],"gold_per_floor":[110,110,127,145,161,161,161,172,172,183,19,19,19,34,34,134,134,149,169,169,185,202,222,222,142,142,142,142],"floor_reached":27,"playtime":1668,"items_purged":[],"score":209,"play_id":"ef88f757-5551-4540-a49f-1addcb41e380","local_time":"20210109222920","is_ascension_mode":false,"campfire_choices":[{"data":"Toxin Wave","floor":6,"key":"SMITH"},{"data":"Panache","floor":15,"key":"SMITH"},{"data":"Replay:Bag of Tricks","floor":24,"key":"SMITH"}],"circlet_count":0,"master_deck":["Defend_G","Defend_G","Defend_G","Defend_G","Defend_G","Survivor","Neutralize","Blade Dance+1","Toxin Wave+1","Sucker Punch","Hidden Blade","Panache+1","Reflex","Replay:Bag of Tricks+1","Voices","Doubt","Infinite Blades","Delirium","Slice","Terror+1","ReplayTheSpireMod:Scrap Shanks"],"relics":["Ring of the Snake","Simple Rune","Kintsugi","ReplayTheSpireMod:Ring of Challenge","ReplayTheSpireMod:Ring of Exchange","Lantern"],"acts_visited":["Exordium","TheCity"],"potions_floor_usage":[21,21,23],"damage_taken":[{"damage":1,"enemies":"Jaw Worm","floor":1,"turns":4},{"damage":0,"enemies":"Cultist","floor":3,"turns":5},{"damage":0,"enemies":"2 Louse","floor":4,"turns":3},{"damage":11,"enemies":"Exordium Wildlife","floor":5,"turns":6},{"damage":2,"enemies":"Looter","floor":8,"turns":4},{"damage":8,"enemies":"Exordium Thugs","floor":10,"turns":3},{"damage":0,"enemies":"3 Louse","floor":14,"turns":2},{"damage":55,"enemies":"Fading Forest","floor":16,"turns":11},{"damage":14,"enemies":"3 Byrds","floor":18,"turns":3},{"damage":19,"enemies":"Spheric Guardian","floor":19,"turns":4},{"damage":24,"enemies":"Centurion and Healer","floor":21,"turns":8},{"damage":5,"enemies":"Snecko","floor":22,"turns":5},{"damage":13,"enemies":"Cultist and Chosen","floor":23,"turns":5},{"damage":5,"enemies":"Snake Plant","floor":27,"turns":1}],"seed_played":"-7267064898843605546","potions_obtained":[{"floor":4,"key":"DuplicationPotion"},{"floor":8,"key":"ColorlessPotion"},{"floor":14,"key":"SneckoOil"},{"floor":22,"key":"Adrenaline Potion"},{"floor":23,"key":"DistilledChaos"}],"is_trial":false,"path_per_floor":["M","?","M","M","M","R","?","M","T","M","$","?","$","M","R_BF","B",null,"M","M","?","M","M","M","R","$","T","M"],"character_chosen":"THE_SILENT","items_purchased":["Panache","ReplayTheSpireMod:Scrap Shanks"],"campfire_rested":0,"item_purchase_floors":[11,25],"current_hp_per_floor":[69,80,80,80,69,69,69,67,67,59,59,59,59,59,59,14,80,66,47,47,23,18,5,5,5,5,0,0],"gold":142,"neow_bonus":"ONE_RANDOM_RARE_CARD","is_daily":false,"chose_seed":false,"campfire_upgraded":3,"win_rate":0.0,"timestamp":1610252960,"path_taken":["M","?","M","?","M","R","?","M","T","?","$","?","$","M","R_BF","BOSS","M","M","?","M","M","M","R","$","T","M"],"items_purchased_type":["Card","Card"],"build_version":"2020-12-22","purchased_purges":0,"victory":false,"max_hp_per_floor":[70,80,80,80,80,80,80,80,80,80,80,80,80,80,80,80,80,80,80,80,80,80,80,80,80,80,80,80],"card_choices":[{"not_picked":["Outmaneuver","Eviscerate","Calculated Gamble"],"picked":"SKIP","floor":1},{"not_picked":["Replay:Poison Smokescreen","All Out Attack"],"picked":"Blade Dance","floor":3},{"not_picked":["Dagger Spray","Hidden Blade"],"picked":"Toxin Wave","floor":4},{"not_picked":["Fluid Movement","Outmaneuver"],"picked":"Sucker Punch","floor":5},{"not_picked":["Endless Agony","Dagger Throw","Deflect"],"picked":"SKIP","floor":8},{"not_picked":["Dagger Throw","Bullet Time"],"picked":"Hidden Blade","floor":10},{"not_picked":["Dagger Throw","Backstab"],"picked":"Reflex","floor":14},{"not_picked":["Wraith Form v2","Die Die Die"],"picked":"Replay:Bag of Tricks","floor":16},{"not_picked":["Leg Sweep","Quick Slash"],"picked":"Infinite Blades","floor":18},{"not_picked":["PiercingWail","Hidden Blade","Backflip"],"picked":"SKIP","floor":19},{"not_picked":["Poisoned Stab","ReplayTheSpireMod:The Works","Dagger Spray+1"],"picked":"SKIP","floor":21},{"not_picked":["Corpse Explosion","PiercingWail"],"picked":"Slice","floor":22},{"not_picked":["Hidden Blade","Backflip"],"picked":"Terror+1","floor":23}],"player_experience":109949,"relics_obtained":[{"floor":9,"key":"Simple Rune"},{"floor":20,"key":"ReplayTheSpireMod:Ring of Challenge"},{"floor":20,"key":"ReplayTheSpireMod:Ring of Exchange"},{"floor":26,"key":"Lantern"}],"event_choices":[{"cards_removed":["Glass Knife"],"damage_healed":1,"gold_gain":0,"player_choice":"Offered Rare","damage_taken":0,"max_hp_gain":10,"max_hp_loss":0,"event_name":"Bonfire Elementals","floor":2,"gold_loss":0},{"damage_healed":0,"gold_gain":0,"player_choice":"Forge","damage_taken":0,"max_hp_gain":0,"max_hp_loss":0,"event_name":"Accursed Blacksmith","floor":7,"gold_loss":0,"cards_upgraded":["Blade Dance"]}],"is_beta":false,"boss_relics":[{"not_picked":["hubris:TerracottaHorce","Snecko Eye"],"picked":"Kintsugi"}],"items_purged_floors":[],"is_endless":false,"potions_floor_spawned":[4,8,14,16,18,22,23],"killed_by":"Snake Plant","ascension_level":0}}