{"host":"2tgyrzvaa7l04o2e","time":1610296450,"event":{"mods":["BaseMod","Highlight Path","Minty Spire (QoL Compilation)","Permanent Neow","Relic Stats"],"gold_per_floor":[99,49,49,49,49,49,49,49,49,49,49,49,49,49,49,49,49],"floor_reached":16,"playtime":523,"items_purged":[],"score":180,"play_id":"1de4b586-b6e8-4aff-9cd3-2cfc8d1df98a","local_time":"20210110173410","is_ascension_mode":true,"campfire_choices":[{"data":"Chill","floor":7,"key":"SMITH"},{"floor":10,"key":"REST"},{"data":"Zap","floor":15,"key":"SMITH"}],"circlet_count":0,"master_deck":["AscendersBane","Strike_B","Strike_B","Strike_B","Defend_B","Defend_B","Defend_B","Defend_B","Zap+1","Dualcast+1","Gash","Streamline","Hologram+1","Chill+1","Meteor Strike"],"relics":["Ectoplasm","Golden Idol","War Paint","Question Card","Singing Bowl","Cables"],"acts_visited":["Exordium"],"potions_floor_usage":[6,11],"damage_taken":[{"damage":4,"enemies":"Jaw Worm","floor":1,"turns":3},{"damage":7,"enemies":"Small Slimes","floor":3,"turns":4},{"damage":0,"enemies":"Cultist","floor":4,"turns":3},{"damage":24,"enemies":"Lagavulin","floor":6,"turns":5},{"damage":17,"enemies":"Gremlin Nob","floor":8,"turns":4},{"damage":0,"enemies":"Blue Slaver","floor":11,"turns":2},{"damage":1,"enemies":"3 Sentries","floor":12,"turns":10},{"damage":5,"enemies":"Red Slaver","floor":14,"turns":5},{"damage":36,"enemies":"The Guardian","floor":16,"turns":5}],"seed_played":"-5848070500135537277","potions_obtained":[{"floor":1,"key":"PowerPotion"},{"floor":8,"key":"Explosive Potion"},{"floor":14,"key":"PotionOfCapacity"}],"is_trial":false,"path_per_floor":["M","?","M","M","?","E","R","E","T","R","M","E","$","M","R","B"],"character_chosen":"DEFECT","items_purchased":[],"campfire_rested":1,"item_purchase_floors":[],"current_hp_per_floor":[64,64,57,57,57,33,33,16,16,36,38,39,39,36,36,0,0],"gold":49,"neow_bonus":"BOSS_RELIC","is_daily":false,"chose_seed":false,"campfire_upgraded":2,"win_rate":0.0,"timestamp":1610296450,"path_taken":["M","?","M","M","?","E","R","E","T","R","M","E","?","M","R","BOSS"],"items_purchased_type":[],"build_version":"2020-12-22","purchased_purges":0,"victory":false,"max_hp_per_floor":[75,75,75,75,69,69,69,69,69,69,71,73,73,75,75,75,75],"relic_stats":{"Singing Bowl":6,"counters":[9,41],"Golden Idol":29,"Ectoplasm":195,"War Paint":["Hologram","Dualcast"],"Question Card":3,"obtain_stats":[{"Singing Bowl":9,"Golden Idol":5,"Ectoplasm":0,"War Paint":6,"Cracked Core":0,"Question Card":8,"Cables":12},{"Singing Bowl":5,"Golden Idol":3,"Ectoplasm":0,"War Paint":4,"Cracked Core":0,"Question Card":5,"Cables":7},{"Singing Bowl":19,"Golden Idol":10,"Ectoplasm":0,"War Paint":15,"Cracked Core":0,"Question Card":19,"Cables":31}],"Cables":[10,2,8,0,0]},"card_choices":[{"not_picked":["Storm","Rebound"],"picked":"Gash","floor":1},{"not_picked":["Conserve Battery","Coolheaded"],"picked":"Streamline","floor":3},{"not_picked":["Doom and Gloom","Redo"],"picked":"Hologram","floor":4},{"not_picked":["Consume","Turbo"],"picked":"Chill","floor":6},{"not_picked":["Leap","Conserve Battery"],"picked":"Meteor Strike","floor":8},{"not_picked":["Leap","Streamline","Doom and Gloom","Gash"],"picked":"Singing Bowl","floor":11},{"not_picked":["Beam Cell","Steam","Meteor Strike","Hologram"],"picked":"Singing Bowl","floor":12},{"not_picked":["Cold Snap","Tempest","Hello World","Gash"],"picked":"Singing Bowl","floor":14}],"player_experience":574437,"relics_obtained":[{"floor":6,"key":"War Paint"},{"floor":8,"key":"Question Card"},{"floor":9,"key":"Singing Bowl"},{"floor":12,"key":"Cables"}],"event_choices":[{"cards_removed":["Strike_B"],"damage_healed":0,"gold_gain":0,"player_choice":"Card Removal","damage_taken":0,"max_hp_gain":0,"max_hp_loss":0,"event_name":"The Cleric","floor":2,"gold_loss":50},{"damage_healed":0,"gold_gain":0,"player_choice":"Lose Max HP","damage_taken":0,"relics_obtained":["Golden Idol"],"max_hp_gain":0,"max_hp_loss":6,"event_name":"Golden Idol","floor":5,"gold_loss":0}],"is_beta":false,"boss_relics":[],"items_purged_floors":[],"is_endless":false,"potions_floor_spawned":[1,8,14],"killed_by":"The Guardian","ascension_level":10}}