{"host":"p7j7o00jacnw7qzt","time":1610259081,"event":{"mods":["BaseMod","Colored Map","Colored Powertips","DeckTracker","Highlight Path","Minty Spire (QoL Compilation)","Relic Stats"],"gold_per_floor":[117,130,148,148,167,194,194,221,221,250,250,266,266,30,30,102,102,116,134,49,49,49,79,79,90,116,116,33,53,53,79,79,153,153,169,69,86,106,106,140,150,183,183,183,217,217,250,269,269,269,269,269,269,14,46,46],"floor_reached":57,"playtime":2902,"items_purged":["Strike_R","Strike_R"],"score":3481,"play_id":"e0adfdeb-dd86-4d41-85c2-d4835af4fee0","local_time":"20210110011121","is_ascension_mode":true,"campfire_choices":[{"data":"Apotheosis","floor":7.0,"key":"SMITH"},{"data":"Barricade","floor":11.0,"key":"SMITH"},{"floor":15.0,"key":"RECALL"},{"data":"Pommel Strike","floor":27.0,"key":"SMITH"},{"data":"Evolve","floor":30.0,"key":"SMITH"},{"data":"Bloodletting","floor":32.0,"key":"SMITH"},{"floor":46.0,"key":"REST"},{"floor":49.0,"key":"REST"},{"floor":53.0,"key":"REST"}],"circlet_count":0,"master_deck":["AscendersBane","Defend_R","Defend_R","Defend_R","Defend_R","Bash","Apotheosis+1","Bloodletting+1","Body Slam","True Grit","Barricade+1","Pommel Strike+1","Second Wind","Impervious+1","Power Through+1","Shrug It Off+1","Evolve+1","Shrug It Off+1","Offering+1","Entrench+1","Burning Pact+1","Battle Trance+1","Warcry+1","Sentinel+1"],"relics":["Burning Blood","Anchor","Pantograph","Letter Opener","Toxic Egg 2","Orrery","Empty Cage","Meat on the Bone","Paper Frog","Dream Catcher","Gremlin Horn","SacredBark","Pocketwatch","Question Card","Pear","Potion Belt","Juzu Bracelet","Bag of Preparation","Art of War"],"acts_visited":["Exordium","TheCity","TheBeyond","TheEnding"],"potions_floor_usage":[56,56,56],"damage_taken":[{"damage":8.0,"enemies":"Small Slimes","floor":1.0,"turns":4.0},{"damage":3.0,"enemies":"2 Louse","floor":2.0,"turns":3.0},{"damage":4.0,"enemies":"Jaw Worm","floor":3.0,"turns":4.0},{"damage":12.0,"enemies":"Red Slaver","floor":5.0,"turns":4.0},{"damage":11.0,"enemies":"Gremlin Nob","floor":6.0,"turns":3.0},{"damage":8.0,"enemies":"Lagavulin","floor":8.0,"turns":6.0},{"damage":26.0,"enemies":"3 Sentries","floor":10.0,"turns":9.0},{"damage":10.0,"enemies":"Exordium Wildlife","floor":12.0,"turns":5.0},{"damage":3.0,"enemies":"Slime Boss","floor":16.0,"turns":6.0},{"damage":6.0,"enemies":"2 Thieves","floor":18.0,"turns":4.0},{"damage":18.0,"enemies":"Chosen","floor":19.0,"turns":5.0},{"damage":32.0,"enemies":"Slavers","floor":23.0,"turns":11.0},{"damage":0.0,"enemies":"Snake Plant","floor":25.0,"turns":5.0},{"damage":18.0,"enemies":"Centurion and Healer","floor":29.0,"turns":6.0},{"damage":24.0,"enemies":"Book of Stabbing","floor":31.0,"turns":4.0},{"damage":31.0,"enemies":"Automaton","floor":33.0,"turns":7.0},{"damage":6.0,"enemies":"Orb Walker","floor":35.0,"turns":4.0},{"damage":6.0,"enemies":"3 Darklings","floor":37.0,"turns":5.0},{"damage":6.0,"enemies":"Maw","floor":38.0,"turns":5.0},{"damage":18.0,"enemies":"Giant Head","floor":40.0,"turns":4.0},{"damage":6.0,"enemies":"Transient","floor":41.0,"turns":6.0},{"damage":12.0,"enemies":"Reptomancer","floor":42.0,"turns":3.0},{"damage":12.0,"enemies":"Nemesis","floor":45.0,"turns":3.0},{"damage":12.0,"enemies":"Reptomancer","floor":47.0,"turns":4.0},{"damage":6.0,"enemies":"Sphere and 2 Shapes","floor":48.0,"turns":4.0},{"damage":26.0,"enemies":"Time Eater","floor":50.0,"turns":4.0},{"damage":12.0,"enemies":"Donu and Deca","floor":51.0,"turns":4.0},{"damage":6.0,"enemies":"Shield and Spear","floor":55.0,"turns":4.0},{"damage":9,"enemies":"The Heart","floor":56,"turns":7}],"seed_played":"7688092163415855583","potions_obtained":[{"floor":1.0,"key":"Swift Potion"},{"floor":2.0,"key":"BlessingOfTheForge"},{"floor":10.0,"key":"FairyPotion"},{"floor":12.0,"key":"BlessingOfTheForge"},{"floor":16.0,"key":"Regen Potion"},{"floor":18.0,"key":"Dexterity Potion"},{"floor":33.0,"key":"SteroidPotion"},{"floor":37.0,"key":"Fire Potion"},{"floor":39.0,"key":"Swift Potion"},{"floor":40.0,"key":"PowerPotion"},{"floor":48.0,"key":"EntropicBrew"}],"is_trial":false,"path_per_floor":["M","M","M","?","M","E","R","E","T","E","R","M","?","$","R","B",null,"M","M","?","?","?","E","?","M","T","R","$","M","R","E","R","B",null,"M","$","M","M","?","E","M","E","T","?","E","R","E","M","R","B","B",null,"R","$","E","B",null],"character_chosen":"IRONCLAD","items_purchased":["Orrery","Evolve","Bag of Preparation","Sentinel+1","BloodPotion"],"campfire_rested":3,"item_purchase_floors":[14,28,54,54,54],"current_hp_per_floor":[66,68,68,68,62,57,57,55,55,35,35,31,20,20,20,48,63,63,51,51,51,51,37,37,43,43,43,43,43,43,37,37,49,63,63,63,63,63,63,51,51,45,55,55,49,72,66,66,78,58,72,77,78,78,78,78],"gold":46,"neow_bonus":"RANDOM_COLORLESS_2","is_daily":false,"chose_seed":false,"campfire_upgraded":5,"win_rate":0.0,"timestamp":1610259081,"path_taken":["M","M","M","?","M","E","R","E","T","E","R","M","?","$","R","BOSS","M","M","?","?","?","E","?","?","T","R","?","M","R","E","R","BOSS","M","$","M","M","?","E","?","E","T","?","E","R","E","M","R","BOSS","BOSS","R","$","E","BOSS"],"items_purchased_type":["Relic","Card","Relic","Card","Potion"],"build_version":"2020-12-22","purchased_purges":2,"victory":true,"max_hp_per_floor":[68,68,68,68,68,68,68,68,68,68,68,68,68,68,68,68,68,68,68,68,68,68,68,68,68,68,68,68,68,68,68,68,68,68,68,68,68,68,68,68,68,68,78,78,78,78,78,78,78,78,78,78,78,78,78,78],"relic_stats":{"Gremlin Horn":[11,18],"counters":[29,143],"Juzu Bracelet":0,"Bag of Preparation":[4],"Letter Opener":[504],"Question Card":7,"Burning Blood":165,"Dream Catcher":3,"Pantograph":70,"Art of War":[1],"obtain_stats":[{"Potion Belt":45,"Pear":43,"Gremlin Horn":31,"SacredBark":34,"Juzu Bracelet":47,"Bag of Preparation":54,"Letter Opener":10,"Empty Cage":17,"Question Card":42,"Burning Blood":0,"Anchor":6,"Dream Catcher":26,"Pantograph":8,"Orrery":14,"Art of War":55,"Toxic Egg 2":13,"Meat on the Bone":20,"Paper Frog":23,"Pocketwatch":40},{"Potion Belt":23,"Pear":22,"Gremlin Horn":15,"SacredBark":16,"Juzu Bracelet":24,"Bag of Preparation":27,"Letter Opener":7,"Empty Cage":9,"Question Card":22,"Burning Blood":0,"Anchor":5,"Dream Catcher":13,"Pantograph":6,"Orrery":8,"Art of War":28,"Toxic Egg 2":8,"Meat on the Bone":11,"Paper Frog":12,"Pocketwatch":20},{"Potion Belt":116,"Pear":113,"Gremlin Horn":79,"SacredBark":86,"Juzu Bracelet":120,"Bag of Preparation":132,"Letter Opener":33,"Empty Cage":44,"Question Card":113,"Burning Blood":0,"Anchor":18,"Dream Catcher":69,"Pantograph":24,"Orrery":38,"Art of War":136,"Toxic Egg 2":38,"Meat on the Bone":53,"Paper Frog":64,"Pocketwatch":104}],"Meat on the Bone":48,"Pocketwatch":[12]},"card_choices":[{"not_picked":["Violence","Magnetism"],"picked":"Apotheosis","floor":0.0},{"not_picked":["Anger","Wild Strike"],"picked":"Bloodletting","floor":1.0},{"not_picked":["Seeing Red","Heavy Blade"],"picked":"Body Slam","floor":2.0},{"not_picked":["Body Slam","Blood for Blood"],"picked":"True Grit","floor":3.0},{"not_picked":["Combust","Battle Trance"],"picked":"Pommel Strike","floor":5.0},{"not_picked":["Clothesline","Searing Blow"],"picked":"Second Wind","floor":6.0},{"not_picked":["Anger","Second Wind","Perfected Strike"],"picked":"SKIP","floor":8.0},{"not_picked":["Berserk","Hemokinesis","Havoc"],"picked":"SKIP","floor":10.0},{"not_picked":["Thunderclap","Headbutt","Iron Wave"],"picked":"SKIP","floor":12.0},{"not_picked":["Power Through+1","Warcry+1"],"picked":"Impervious+1","floor":14.0},{"not_picked":["Headbutt","Blood for Blood"],"picked":"Power Through+1","floor":14.0},{"not_picked":["Pommel Strike","Cleave"],"picked":"Shrug It Off+1","floor":14.0},{"not_picked":["Rage+1","Ghostly Armor+1","Havoc+1"],"picked":"SKIP","floor":18.0},{"not_picked":["Rage+1","Ghostly Armor+1","Havoc+1"],"picked":"SKIP","floor":18.0},{"not_picked":["Iron Wave","Rampage","Havoc+1"],"picked":"SKIP","floor":19.0},{"not_picked":["Berserk","Searing Blow","True Grit+1"],"picked":"SKIP","floor":23.0},{"not_picked":["Berserk","Searing Blow","True Grit+1"],"picked":"SKIP","floor":23.0},{"not_picked":["Iron Wave","Rage+1","Cleave"],"picked":"SKIP","floor":25.0},{"not_picked":["Heavy Blade","Reckless Charge","Dual Wield+1"],"picked":"SKIP","floor":29.0},{"not_picked":["Metallicize+1","Havoc+1"],"picked":"Shrug It Off+1","floor":31.0},{"not_picked":["Corruption","Fiend Fire"],"picked":"Offering+1","floor":33.0},{"not_picked":["Cleave","Body Slam"],"picked":"Entrench+1","floor":35.0},{"not_picked":["Body Slam","Heavy Blade","Iron Wave"],"picked":"SKIP","floor":37.0},{"not_picked":["Body Slam","Heavy Blade","Iron Wave"],"picked":"SKIP","floor":37.0},{"not_picked":["Dark Embrace","Rage+1"],"picked":"Burning Pact+1","floor":38.0},{"not_picked":["Infernal Blade+1","True Grit+1","Iron Wave"],"picked":"SKIP","floor":40.0},{"not_picked":["Fire Breathing","Dropkick"],"picked":"Battle Trance+1","floor":41.0},{"not_picked":["Anger","Pommel Strike","Uppercut"],"picked":"SKIP","floor":42.0},{"not_picked":["Armaments+1","Cleave","Berserk","Perfected Strike"],"picked":"SKIP","floor":45.0},{"not_picked":["Wild Strike","Heavy Blade","Hemokinesis","Disarm+1"],"picked":"SKIP","floor":47.0},{"not_picked":["Twin Strike","Rupture+1","Ghostly Armor+1","Sword Boomerang"],"picked":"SKIP","floor":48.0},{"not_picked":["Infernal Blade+1","Wild Strike+1","Headbutt+1"],"picked":"Warcry+1","floor":49.0},{"not_picked":["Headbutt","Cleave","Clash","Shrug It Off+1"],"picked":"SKIP","floor":55.0}],"player_experience":1031877,"relics_obtained":[{"floor":6.0,"key":"Anchor"},{"floor":8.0,"key":"Pantograph"},{"floor":10.0,"key":"Letter Opener"},{"floor":23.0,"key":"Paper Frog"},{"floor":26.0,"key":"Dream Catcher"},{"floor":31.0,"key":"Gremlin Horn"},{"floor":40.0,"key":"Pocketwatch"},{"floor":42.0,"key":"Question Card"},{"floor":43.0,"key":"Pear"},{"floor":45.0,"key":"Potion Belt"},{"floor":47.0,"key":"Juzu Bracelet"},{"floor":55.0,"key":"Art of War"}],"event_choices":[{"damage_healed":0.0,"max_hp_gain":0.0,"max_hp_loss":0.0,"gold_gain":0.0,"cards_transformed":["Strike_R"],"event_name":"Living Wall","player_choice":"Change","floor":4.0,"gold_loss":0.0,"damage_taken":0.0,"cards_obtained":["Barricade"]},{"damage_healed":0.0,"max_hp_gain":0.0,"max_hp_loss":0.0,"gold_gain":0.0,"event_name":"Scrap Ooze","player_choice":"Success","floor":13.0,"gold_loss":0.0,"damage_taken":11.0,"relics_obtained":["Toxic Egg 2"]},{"damage_healed":0.0,"max_hp_gain":0.0,"max_hp_loss":0.0,"gold_gain":0.0,"event_name":"Addict","player_choice":"Obtained Relic","floor":20.0,"gold_loss":85.0,"damage_taken":0.0,"relics_obtained":["Meat on the Bone"]},{"damage_healed":0.0,"max_hp_gain":0.0,"max_hp_loss":0.0,"gold_gain":0.0,"event_name":"Cursed Tome","player_choice":"Ignored","floor":21.0,"gold_loss":0.0,"damage_taken":0.0},{"damage_healed":0.0,"max_hp_gain":0.0,"max_hp_loss":0.0,"gold_gain":0.0,"event_name":"Ghosts","player_choice":"Ignored","floor":22.0,"gold_loss":0.0,"damage_taken":0.0},{"damage_healed":0.0,"max_hp_gain":0.0,"max_hp_loss":0.0,"gold_gain":0.0,"event_name":"Vampires","player_choice":"Ignored","floor":24.0,"gold_loss":0.0,"damage_taken":0.0},{"damage_healed":0.0,"max_hp_gain":0.0,"max_hp_loss":0.0,"gold_gain":0.0,"event_name":"Lab","player_choice":"Got Potions","floor":39.0,"gold_loss":0.0,"damage_taken":0.0},{"damage_healed":0.0,"max_hp_gain":0.0,"max_hp_loss":0.0,"gold_gain":0.0,"event_name":"Tomb of Lord Red Mask","player_choice":"Ignored","floor":44.0,"gold_loss":0.0,"damage_taken":0.0}],"is_beta":false,"boss_relics":[{"not_picked":["Tiny House","Calling Bell"],"picked":"Empty Cage"},{"not_picked":["Velvet Choker","Black Blood"],"picked":"SacredBark"}],"items_purged_floors":[14,36],"is_endless":false,"potions_floor_spawned":[1,2,10,12,16,18,33,37,40,48],"ascension_level":20}}