{"host":"u21q392b5xaj11fl","time":1610245059,"event":{"mods":["2.2 Compatiblity","Bard","BaseMod","Better Note","Colored Map","Colored Powertips","Conspire","Custom Start","Downfall","Faster Ascension Climbing","GifTheSpireLib","Gremlin Skip","Highlight Path","Hubris","Infinite Spire","Mad Scientist","Marisa????????","Mimic Mod","Minty Spire (QoL Compilation)","Permanent Neow","Potionbrewer","Quick Restart","READ ME - Guardian Mod","Relic Sorter","Replay The Spire","Shop Mod","Somnambulant","StSLib","Stuff the Spire","SuperFastMode","The Construct","The Disciple","The Mystic","The Servant 0.9.4","vexMod"],"gold_per_floor":[117,92,104,104,119,144,144,174,228,238,238,256,273,292,292,366,366,380,47,47,65,267,267,309,309,309,344,366,386,386,424,424,514,514,525,544,561,581,581,581,622,622,674,712,712,447,473,511,511,533,533,533,124,164,177,177,177],"floor_reached":55,"playtime":5543,"items_purged":["Guardian:Strike_Guardian","Guardian:Strike_Guardian"],"score":1299,"play_id":"77f3ecb4-f260-4136-94f5-a3517c7f9ffa","local_time":"20210109201739","is_ascension_mode":true,"campfire_choices":[{"data":"Guardian:TwinSlam","floor":7.0,"key":"SMITH"},{"data":"Guardian:CurlUp","floor":11.0,"key":"SMITH"},{"floor":15.0,"key":"RECALL"},{"data":"StuffTheSpire:FreeRealEstate","floor":23.0,"key":"SMITH"},{"data":"Guardian:MultiBeam","floor":25.0,"key":"SMITH"},{"data":"Guardian:PiercingHide","floor":30,"key":"SMITH"},{"floor":32,"key":"REST"},{"data":"Guardian:Suspension","floor":40,"key":"SMITH"},{"floor":42,"key":"REST"},{"data":"Guardian:SpikerProtocol","floor":45,"key":"SMITH"},{"floor":49,"key":"REST"},{"data":"Guardian:Clone","floor":52,"key":"SMITH"}],"circlet_count":0,"master_deck":["AscendersBane","Guardian:Strike_Guardian","Guardian:Strike_Guardian","Guardian:Defend_Guardian","Guardian:Defend_Guardian","Guardian:Defend_Guardian","Guardian:Defend_Guardian","Guardian:CurlUp+1","Guardian:TwinSlam+1","Guardian:BronzeOrb","Guardian:PrimingBeam","Guardian:PrimingBeam","Guardian:ChargeCore","Guardian:DecasProtection","Guardian:RevengeProtocol","Guardian:RollAttack","Guardian:PiercingHide+1","StuffTheSpire:FreeRealEstate+1","Guardian:MultiBeam+1","Guardian:Recover","Guardian:CrystalBeam+1","Guardian:DecasProtection","Guardian:TimeSifter","Guardian:SpikerProtocol+1","Guardian:Suspension+1","Guardian:BronzeArmor+1","Guardian:VentSteam","Guardian:Clone+1","Guardian:ShieldCharger+1"],"relics":["Guardian:ModeShifter","Happy Flower","Orichalcum","StuffTheSpire:CocoNut","Thread and Needle","StuffTheSpire:Experiment12","vexMod:TanglingVine","StuffTheSpire:Mouthbags","infinitespire:Beetle Shell","infinitespire:PuzzleCube","Sundial","ReplayFunnel","MerchantsRug","Du-Vu Doll","potionbrewer:Keyblade","vexMod:ScavengeHelm","Gremlin Horn"],"acts_visited":["Exordium","TheCity","TheBeyond","TheEnding"],"potions_floor_usage":[27,33,36,50,54,55],"damage_taken":[{"damage":2.0,"enemies":"Small Slimes","floor":1.0,"turns":3.0},{"damage":2.0,"enemies":"Jaw Worm","floor":3.0,"turns":3.0},{"damage":0.0,"enemies":"Cultist","floor":5.0,"turns":3.0},{"damage":12.0,"enemies":"Gremlin Nob","floor":6.0,"turns":4.0},{"damage":1.0,"enemies":"Replay:BlueRogue","floor":8.0,"turns":4.0},{"damage":2.0,"enemies":"Lots of Slimes","floor":10.0,"turns":3.0},{"damage":6.0,"enemies":"conspire:2 RoseBushes","floor":12.0,"turns":3.0},{"damage":0.0,"enemies":"Looter","floor":13.0,"turns":2.0},{"damage":0.0,"enemies":"2 Fungi Beasts","floor":14.0,"turns":3.0},{"damage":29.0,"enemies":"The Guardian","floor":16.0,"turns":9.0},{"damage":0.0,"enemies":"Spheric Guardian","floor":18.0,"turns":3.0},{"damage":2.0,"enemies":"2 Thieves","floor":21.0,"turns":2.0},{"damage":1.0,"enemies":"Replay:Snechameleon","floor":24.0,"turns":3.0},{"damage":10,"enemies":"Slavers","floor":27,"turns":3},{"damage":6,"enemies":"Snake Plant","floor":28,"turns":3},{"damage":0,"enemies":"Snecko","floor":29,"turns":3},{"damage":0,"enemies":"Replay:Snechameleon","floor":31,"turns":4},{"damage":27,"enemies":"Automaton","floor":33,"turns":7},{"damage":0,"enemies":"Orb Walker","floor":35,"turns":2},{"damage":25,"enemies":"3 Darklings","floor":36,"turns":4},{"damage":0,"enemies":"Writhing Mass","floor":37,"turns":4},{"damage":0,"enemies":"Transient","floor":38,"turns":5},{"damage":13,"enemies":"Reptomancer","floor":41,"turns":4},{"damage":10,"enemies":"R_Hoarder","floor":44,"turns":6},{"damage":0,"enemies":"4 Shapes","floor":47,"turns":5},{"damage":0,"enemies":"Mind Bloom Boss Battle","floor":48,"turns":5},{"damage":14,"enemies":"conspire:OrnateMirror","floor":50,"turns":9},{"damage":15,"enemies":"Shield and Spear","floor":54,"turns":5},{"damage":77,"enemies":"The Heart","floor":55,"turns":8}],"seed_played":"-8278207432429051152","potions_obtained":[{"floor":1.0,"key":"SteroidPotion"},{"floor":3.0,"key":"hexamod:EctoCoolerPotion"},{"floor":10.0,"key":"Regen Potion"},{"floor":14.0,"key":"Dexterity Potion"},{"floor":21.0,"key":"Weak Potion"},{"floor":27,"key":"Adrenaline Potion"},{"floor":35,"key":"Fruit Juice"},{"floor":38,"key":"Doom Potion"},{"floor":47,"key":"Strength Potion"}],"is_trial":false,"path_per_floor":["M","?","M","?","M","E","R","E","T","M","R","M","M","M","R","B",null,"M","$","?","M","?","R","E","R","T","E","M","M","R","E","R","B",null,"M","M","M","M","?","R","E","R","T","E","R","$","M","?","R","B",null,"R","$","E","B"],"character_chosen":"GUARDIAN","items_purchased":["Guardian:MultiBeam","Guardian:RollAttack","Guardian:PiercingHide","StuffTheSpire:FreeRealEstate","MerchantsRug","Guardian:Gem_Red","Guardian:VentSteam","LiquidMemories","potionbrewer:Keyblade","vexMod:ScavengeHelm","ColorlessPotion"],"campfire_rested":3,"item_purchase_floors":[19,19,19,19,46,46,46,46,53,53,53],"current_hp_per_floor":[70,70,68,68,68,63,63,62,62,60,60,54,54,54,54,39,75,75,75,75,73,73,73,72,72,72,62,56,56,56,56,82,55,79,79,59,59,59,59,59,46,73,73,65,65,65,67,69,92,78,89,89,89,74,0,0,0],"gold":177,"neow_bonus":"RANDOM_COMMON_RELIC","is_daily":false,"chose_seed":false,"campfire_upgraded":8,"win_rate":0.0,"timestamp":1610245059,"path_taken":["M","?","M","?","M","E","R","E","T","M","R","M","M","M","R","BOSS","M","$","?","M","?","R","E","R","T","E","M","M","R","E","R","BOSS","M","M","M","M","?","R","E","R","T","E","R","$","M","?","R","BOSS","R","$","E","BOSS"],"items_purchased_type":["Card","Card","Card","Card","Relic","Card","Card","Potion","Relic","Relic","Potion"],"build_version":"2020-12-22","purchased_purges":2,"victory":false,"max_hp_per_floor":[80,80,80,80,80,87,87,87,87,87,87,87,87,87,87,87,87,87,87,87,87,87,87,87,87,87,87,87,87,87,87,87,87,87,87,92,92,92,92,92,92,92,92,92,92,92,92,92,92,92,92,92,92,92,92,92,92],"card_choices":[{"not_picked":["Guardian:RefractedBeam","Guardian:CrystalBeam"],"picked":"Guardian:BronzeOrb","floor":1.0},{"not_picked":["Guardian:Planning","Guardian:TemporalShield"],"picked":"Guardian:PrimingBeam","floor":3.0},{"not_picked":["Guardian:Gem_Yellow","Guardian:Incinerate"],"picked":"Guardian:PrimingBeam","floor":5.0},{"not_picked":["Guardian:PiercingHide","Guardian:CrystalBeam"],"picked":"Guardian:Gem_Green","floor":6.0},{"not_picked":["Guardian:GemFire","Guardian:ShieldCharger"],"picked":"Guardian:ChargeCore","floor":8.0},{"not_picked":["Guardian:TemporalShield","Guardian:PrimingBeam","Guardian:Reroute"],"picked":"SKIP","floor":10.0},{"not_picked":["Guardian:DonusPower","Guardian:Incinerate"],"picked":"Guardian:DecasProtection","floor":12.0},{"not_picked":["Guardian:Preprogram","Guardian:WalkerClaw","Guardian:ChargeCore"],"picked":"SKIP","floor":13.0},{"not_picked":["Guardian:Gem_Cyan","Guardian:TemporalShield"],"picked":"Guardian:Gem_Crimson","floor":14.0},{"not_picked":["Guardian:FastForward","Guardian:GemFire"],"picked":"Guardian:RevengeProtocol","floor":16.0},{"not_picked":["Guardian:Gem_Red","Guardian:WalkerClaw"],"picked":"Guardian:Gem_Cyan","floor":18.0},{"not_picked":["Guardian:TimeBomb","Guardian:Planning","Guardian:ChargeCore"],"picked":"SKIP","floor":21.0},{"not_picked":["Guardian:ShieldCharger+1","Guardian:Emergency"],"picked":"Guardian:Gem_White","floor":22.0},{"not_picked":["Guardian:VentSteam","Guardian:WalkerClaw"],"picked":"Guardian:Gem_Lightblue","floor":24.0},{"not_picked":["Guardian:Gem_Lightblue","Guardian:VentSteam+1"],"picked":"Guardian:Recover","floor":27},{"not_picked":["Guardian:Gem_Orange","Guardian:Reroute"],"picked":"Guardian:CrystalBeam+1","floor":28},{"not_picked":["Guardian:ChargeCore","Guardian:Incinerate"],"picked":"Guardian:DecasProtection","floor":29},{"not_picked":["Guardian:Gem_Red","Guardian:VentSteam"],"picked":"Guardian:TimeSifter","floor":31},{"not_picked":["Guardian:StasisField","Guardian:StasisStrike"],"picked":"Guardian:Gem_Synthetic","floor":33},{"not_picked":["Guardian:ChargeUp","Guardian:Reroute"],"picked":"Guardian:SpikerProtocol","floor":35},{"not_picked":["Guardian:Planning","Guardian:FloatingOrbs"],"picked":"Guardian:Suspension","floor":36},{"not_picked":["Guardian:TemporalStrike+1","Guardian:Suspension+1","Guardian:TimeBomb"],"picked":"SKIP","floor":37},{"not_picked":["Guardian:DecasProtection","Guardian:Recover"],"picked":"Guardian:Gem_White","floor":38},{"not_picked":["Guardian:ShieldSpikes+1","Guardian:DonusPower+1"],"picked":"Guardian:BronzeArmor+1","floor":41},{"not_picked":["Guardian:Gem_Fragmented","Guardian:Planning","Guardian:Repulse"],"picked":"SKIP","floor":44},{"not_picked":["Guardian:GemFinder","Guardian:TemporalStrike"],"picked":"Guardian:Clone","floor":47},{"not_picked":["Guardian:RefractedBeam","Guardian:SpikerProtocol"],"picked":"Guardian:ShieldCharger+1","floor":54}],"player_experience":161360,"relics_obtained":[{"floor":6.0,"key":"StuffTheSpire:CocoNut"},{"floor":8.0,"key":"Thread and Needle"},{"floor":9.0,"key":"StuffTheSpire:Experiment12"},{"floor":24.0,"key":"StuffTheSpire:Mouthbags"},{"floor":27,"key":"infinitespire:Beetle Shell"},{"floor":31,"key":"infinitespire:PuzzleCube"},{"floor":41,"key":"Sundial"},{"floor":43,"key":"Blood Vial"},{"floor":44,"key":"ReplayFunnel"},{"floor":48,"key":"Du-Vu Doll"},{"floor":54,"key":"Gremlin Horn"}],"event_choices":[{"damage_healed":0.0,"max_hp_gain":0.0,"max_hp_loss":0.0,"gold_gain":0.0,"event_name":"The Woman in Blue","player_choice":"Bought 0 Potions","floor":4.0,"gold_loss":0.0,"damage_taken":0.0},{"cards_removed":["StuffTheSpire:FreeRealEstate"],"damage_healed":0.0,"max_hp_gain":0.0,"max_hp_loss":0.0,"gold_gain":0.0,"event_name":"betterNote:BetterNote","player_choice":"Give","floor":20.0,"gold_loss":0.0,"damage_taken":0.0,"cards_obtained":["None"]},{"damage_healed":0,"gold_gain":0,"player_choice":"Fight","damage_taken":0,"max_hp_gain":0,"max_hp_loss":0,"event_name":"MindBloom","floor":48,"gold_loss":0}],"is_beta":false,"boss_relics":[{"not_picked":["vexMod:CursedCompass","StuffTheSpire:RunicHypercube"],"picked":"vexMod:TanglingVine"},{"not_picked":["Black Star","Snecko Eye"],"picked":"StuffTheSpire:Kangaroo"}],"items_purged_floors":[19,46],"is_endless":false,"potions_floor_spawned":[1,3,5,10,14,21,27,28,35,38,47],"killed_by":"The Heart","ascension_level":13}}