{"host":"z9811rt50ti81n54","time":1610255087,"event":{"mods":["BaseMod","Better Match","Better Sensory Stone","Better Skull","Better Third Choice","Minty Spire (QoL Compilation)","StSLib","SuperFastMode"],"gold_per_floor":[112,112,112,122,197,197,228,228,251,265,275,16,116,127,127,228,228,244,258,272,51,65,65,76,76,76,94,105,30,61,79,79,177,177,197,1196,790,790,38,38,54,54,54,54,77,77,93,106,106,106],"floor_reached":51,"playtime":2327,"items_purged":["Strike_G","Normality","Normality"],"score":719,"play_id":"7098d0ce-e1fa-4ccc-b5dd-b2e98e1e47c7","local_time":"20210110140447","is_ascension_mode":false,"campfire_choices":[{"floor":6.0,"key":"REST"},{"floor":8.0,"key":"REST"},{"data":"Footwork","floor":15.0,"key":"SMITH"},{"data":"Bouncing Flask","floor":25.0,"key":"SMITH"},{"data":"Sadistic Nature","floor":32,"key":"SMITH"},{"data":"Malaise","floor":40,"key":"SMITH"},{"data":"Crippling Poison","floor":42,"key":"SMITH"},{"data":"Adrenaline","floor":49,"key":"SMITH"}],"circlet_count":0,"master_deck":["Strike_G","Strike_G","Strike_G","Strike_G","Defend_G","Defend_G","Defend_G+1","Defend_G","Defend_G","Survivor+1","Neutralize","Sadistic Nature+1","Dagger Spray","Bandage Up","PiercingWail","Poisoned Stab","Escape Plan","Tools of the Trade","Crippling Poison+1","Dagger Spray","Footwork+1","Bullet Time","Dodge and Roll+1","Bouncing Flask+1","PiercingWail+1","Malaise+1","Adrenaline+1","Unload","Master of Strategy","Blur","Backflip+1"],"relics":["Ring of the Snake","Nunchaku","War Paint","Orichalcum","Strange Spoon","Runic Pyramid","Toolbox","Pantograph","Bottled Lightning","Tiny Chest","HoveringKite","OrangePellets","Toy Ornithopter","Lantern","Akabeko","Mummified Hand","Bag of Marbles"],"acts_visited":["Exordium","TheCity","TheBeyond"],"potions_floor_usage":[33,33,50],"damage_taken":[{"damage":0.0,"enemies":"Small Slimes","floor":1.0,"turns":4.0},{"damage":0.0,"enemies":"Jaw Worm","floor":4.0,"turns":4.0},{"damage":19.0,"enemies":"Gremlin Nob","floor":7.0,"turns":4.0},{"damage":0.0,"enemies":"Cultist","floor":10.0,"turns":3.0},{"damage":0.0,"enemies":"Lots of Slimes","floor":11.0,"turns":2.0},{"damage":0.0,"enemies":"Exordium Thugs","floor":14.0,"turns":2.0},{"damage":10.0,"enemies":"The Guardian","floor":16.0,"turns":12.0},{"damage":0.0,"enemies":"3 Byrds","floor":18.0,"turns":4.0},{"damage":0.0,"enemies":"Chosen","floor":19.0,"turns":5.0},{"damage":0.0,"enemies":"Centurion and Healer","floor":20.0,"turns":10.0},{"damage":0.0,"enemies":"3 Cultists","floor":22.0,"turns":4.0},{"damage":0.0,"enemies":"Snake Plant","floor":24.0,"turns":5.0},{"damage":0.0,"enemies":"Centurion and Healer","floor":27.0,"turns":6.0},{"damage":0,"enemies":"Cultist and Chosen","floor":28,"turns":5},{"damage":0,"enemies":"Book of Stabbing","floor":30,"turns":8},{"damage":0,"enemies":"3 Cultists","floor":31,"turns":4},{"damage":19,"enemies":"Champ","floor":33,"turns":11},{"damage":0,"enemies":"3 Darklings","floor":35,"turns":5},{"damage":0,"enemies":"3 Shapes","floor":41,"turns":6},{"damage":0,"enemies":"Transient","floor":47,"turns":5},{"damage":0,"enemies":"Writhing Mass","floor":48,"turns":5},{"damage":10,"enemies":"Awakened One","floor":50,"turns":13}],"seed_played":"-4400877063549773741","potions_obtained":[{"floor":4.0,"key":"Fire Potion"},{"floor":7.0,"key":"ColorlessPotion"},{"floor":24.0,"key":"ColorlessPotion"},{"floor":28,"key":"SkillPotion"},{"floor":31,"key":"FearPotion"},{"floor":33,"key":"Fire Potion"}],"is_trial":false,"path_per_floor":["M","?","?","M","?","R","E","R","T","M","M","$","?","M","R","B",null,"M","M","M","$","M","T","M","R","T","M","M","$","E","M","R","B",null,"M","?","$","?","$","R","M","R","T","?","T","?","M","M","R","B",null],"character_chosen":"THE_SILENT","items_purchased":["Crippling Poison","Strange Spoon","Dagger Spray","Bouncing Flask","Toolbox","OrangePellets","Toy Ornithopter","Master of Strategy","Lantern","Akabeko","Regen Potion","Blur"],"campfire_rested":2,"item_purchase_floors":[12,12,12,21,21,37,37,39,39,39,39,39],"current_hp_per_floor":[49,49,31,35,24,45,30,51,51,55,55,55,55,59,59,53,70,70,70,70,70,70,70,70,70,70,70,70,70,70,70,70,51,70,70,70,70,70,70,70,70,70,70,70,70,70,70,70,70,70],"gold":106,"neow_bonus":"RANDOM_COLORLESS_2","is_daily":false,"chose_seed":false,"campfire_upgraded":6,"win_rate":0.0,"timestamp":1610255087,"path_taken":["M","?","?","M","?","R","E","R","T","M","M","$","?","M","R","BOSS","M","M","?","$","?","?","M","R","T","M","M","?","E","M","R","BOSS","M","?","$","?","$","R","M","R","T","?","?","?","?","M","R","BOSS"],"items_purchased_type":["Card","Relic","Card","Card","Relic","Relic","Relic","Card","Relic","Relic","Potion","Card"],"build_version":"2020-12-22","purchased_purges":3,"victory":true,"max_hp_per_floor":[70,70,70,70,70,70,70,70,70,70,70,70,70,70,70,70,70,70,70,70,70,70,70,70,70,70,70,70,70,70,70,70,70,70,70,70,70,70,70,70,70,70,70,70,70,70,70,70,70,70],"card_choices":[{"not_picked":["Transmutation","Secret Technique"],"picked":"Sadistic Nature","floor":0.0},{"not_picked":["Blade Dance","Well Laid Plans"],"picked":"Dagger Spray","floor":1.0},{"not_picked":["Thinking Ahead","Sadistic Nature"],"picked":"Bandage Up","floor":2.0},{"not_picked":["Deflect","Underhanded Strike"],"picked":"PiercingWail","floor":4.0},{"not_picked":["Endless Agony","Concentrate"],"picked":"Poisoned Stab","floor":7.0},{"not_picked":["Cloak And Dagger","Accuracy"],"picked":"Escape Plan","floor":10.0},{"not_picked":["Prepared","Cloak And Dagger"],"picked":"Tools of the Trade","floor":11.0},{"not_picked":["Underhanded Strike","Dash"],"picked":"Footwork","floor":14.0},{"not_picked":["Glass Knife","Doppelganger"],"picked":"Bullet Time","floor":16.0},{"not_picked":["Underhanded Strike","Heel Hook","Prepared"],"picked":"SKIP","floor":18.0},{"not_picked":["Flying Knee","Poisoned Stab"],"picked":"Dodge and Roll+1","floor":19.0},{"not_picked":["Flying Knee+1","Skewer"],"picked":"PiercingWail","floor":20.0},{"not_picked":["Underhanded Strike","Flying Knee","Dash"],"picked":"SKIP","floor":22.0},{"not_picked":["Backstab+1","Dagger Spray+1"],"picked":"PiercingWail+1","floor":24.0},{"not_picked":["Deflect","Malaise","Backstab+1"],"picked":"SKIP","floor":27.0},{"not_picked":["Deflect","Backstab+1"],"picked":"Malaise","floor":27.0},{"not_picked":["Prepared","Slice+1","Tactician+1"],"picked":"SKIP","floor":28},{"not_picked":["Quick Slash","Dagger Spray+1"],"picked":"Adrenaline","floor":30},{"not_picked":["Outmaneuver+1","Slice+1","Dagger Throw"],"picked":"SKIP","floor":31},{"not_picked":["Doppelganger","Storm of Steel"],"picked":"Unload","floor":33},{"not_picked":["Flying Knee+1","Prepared+1","PiercingWail"],"picked":"SKIP","floor":35},{"not_picked":["Outmaneuver+1","Deflect+1","Acrobatics"],"picked":"SKIP","floor":41},{"not_picked":["Eviscerate+1","Backflip+1","Deflect"],"picked":"SKIP","floor":47},{"not_picked":["Eviscerate+1","Deflect"],"picked":"Backflip+1","floor":47},{"not_picked":["Poisoned Stab","Blade Dance+1","Slice"],"picked":"SKIP","floor":48}],"player_experience":351809,"relics_obtained":[{"floor":7.0,"key":"War Paint"},{"floor":9.0,"key":"Orichalcum"},{"floor":23.0,"key":"Pantograph"},{"floor":26.0,"key":"Bottled Lightning"},{"floor":30,"key":"Tiny Chest"},{"floor":43,"key":"Mummified Hand"},{"floor":45,"key":"Bag of Marbles"}],"event_choices":[{"damage_healed":0.0,"max_hp_gain":0.0,"max_hp_loss":0.0,"gold_gain":1.0,"event_name":"betterStone:BetterStone","player_choice":"1","floor":2.0,"gold_loss":0.0,"damage_taken":0.0},{"damage_healed":0.0,"max_hp_gain":0.0,"max_hp_loss":0.0,"gold_gain":0.0,"event_name":"Scrap Ooze","player_choice":"Success","floor":3.0,"gold_loss":0.0,"damage_taken":18.0,"relics_obtained":["Nunchaku"]},{"damage_healed":0.0,"max_hp_gain":0.0,"max_hp_loss":0.0,"gold_gain":75.0,"event_name":"World of Goop","player_choice":"Gather Gold","floor":5.0,"gold_loss":0.0,"damage_taken":11.0},{"damage_healed":0.0,"max_hp_gain":0.0,"max_hp_loss":0.0,"gold_gain":100.0,"event_name":"Golden Shrine","player_choice":"Pray","floor":13.0,"gold_loss":0.0,"damage_taken":0.0},{"damage_healed":0,"gold_gain":999,"player_choice":"Gold","damage_taken":0,"max_hp_gain":0,"max_hp_loss":0,"event_name":"MindBloom","floor":36,"gold_loss":0,"cards_obtained":["Normality","Normality"]},{"damage_healed":0,"gold_gain":0,"player_choice":"Ignored","damage_taken":0,"max_hp_gain":0,"max_hp_loss":0,"event_name":"Tomb of Lord Red Mask","floor":38,"gold_loss":0},{"cards_removed":["PiercingWail"],"damage_healed":0,"gold_gain":0,"player_choice":"Removed Skill","damage_taken":0,"max_hp_gain":0,"max_hp_loss":0,"event_name":"Falling","floor":44,"gold_loss":0},{"damage_healed":0,"gold_gain":0,"player_choice":"Ignored","damage_taken":0,"max_hp_gain":0,"max_hp_loss":0,"event_name":"Mysterious Sphere","floor":46,"gold_loss":0}],"is_beta":false,"boss_relics":[{"not_picked":["SacredBark","Ectoplasm"],"picked":"Runic Pyramid"},{"not_picked":["WristBlade","Tiny House"],"picked":"HoveringKite"}],"items_purged_floors":[29,37,39],"is_endless":false,"potions_floor_spawned":[4,7,24,28,31,33,47],"ascension_level":0}}