{"host":"k5ezbu40hxyit46v","time":1610291830,"event":{"mods":["Act Like it!","Aspiration","Astrologer","BaseMod","BetterRewards","Conspire","DeckTracker","Energized Spire","Gensokyo","Googly Eyes","Halation","HexUI Lib","Highlight Path","Hubris","Infinite Spire","Ironclad Rager","Jedi Mod","Mad Scientist","Marisa????????","Minty Spire (QoL Compilation)","Quarter Circle Forward PUNCH!","Quick Restart","Replay The Spire","Reworked Bosses","Shop Mod","Spikes Relics","StSLib","The Administrix","The Awakened One except there are too many feathers","The Bladedancer","The Cursed","The IronCluck","The Servant 0.9.4","The Wild Card","everything is the same but u backflip on backflip","slay the spire mod where everything is the same but ironclad has a cowboy hat","vexMod"],"gold_per_floor":[118,129,129,129,140,169,169,181,204,233,233,233,249,277,277,348,348,368,386,396,396,396],"floor_reached":21,"playtime":781,"items_purged":[],"score":402,"play_id":"a7b65ad6-c7fc-4394-94c6-c57d87a166dd","local_time":"20210110101710","is_ascension_mode":true,"campfire_choices":[{"data":"conspire:DoublingDagger","floor":7.0,"key":"SMITH"},{"floor":15.0,"key":"REST"}],"circlet_count":0,"master_deck":["AscendersBane","Survivor","Neutralize+1","ICR:VenomStrike","ICR:VenomStrike","ICR:VenomStrike","ICR:VenomStrike","ICR:VenomStrike","ICR:Dodge","ICR:Dodge","ICR:Dodge","ICR:Dodge","ICR:Dodge","Deadly Poison","conspire:DoublingDagger+1","Bane","Accuracy","jedi:studyshivs","ICR:Paralyse"],"relics":["Ring of the Snake","RetroEgg","Replay:WaspNest","Nunchaku","Onion Ring","White Beast Statue","vexMod:CursedCompass"],"acts_visited":["Exordium","TheCity"],"potions_floor_usage":[19,20],"damage_taken":[{"damage":3.0,"enemies":"Jaw Worm","floor":1.0,"turns":4.0},{"damage":0.0,"enemies":"2 Louse","floor":2.0,"turns":4.0},{"damage":3.0,"enemies":"Cultist","floor":5.0,"turns":4.0},{"damage":9.0,"enemies":"3 Sentries","floor":6.0,"turns":7.0},{"damage":0.0,"enemies":"Looter","floor":8.0,"turns":4.0},{"damage":42.0,"enemies":"Gremlin Nob","floor":10.0,"turns":5.0},{"damage":3.0,"enemies":"3 Louse","floor":13.0,"turns":3.0},{"damage":15.0,"enemies":"Lagavulin","floor":14.0,"turns":7.0},{"damage":14.0,"enemies":"The Guardian","floor":16.0,"turns":9.0},{"damage":8,"enemies":"Shell Parasite","floor":18,"turns":4},{"damage":2,"enemies":"3 Byrds","floor":19,"turns":3},{"damage":21,"enemies":"Centurion and Healer","floor":20,"turns":6},{"damage":0,"enemies":"Shelled Parasite and Fungi","floor":21,"turns":1}],"seed_played":"-1822316663831224251","potions_obtained":[{"floor":1.0,"key":"jedi:StrikingPotion"},{"floor":5.0,"key":"ColorlessPotion"},{"floor":14.0,"key":"Strength Potion"},{"floor":16.0,"key":"ColorlessPotion"},{"floor":18,"key":"Energy Potion"},{"floor":19,"key":"jedi:tentaclejuice"},{"floor":20,"key":"SpeedPotion"}],"is_trial":false,"path_per_floor":["M","M","?","?","M","E","R","M","T","E","?","?","M","E","R","B",null,"M","M","M","M"],"character_chosen":"THE_SILENT","items_purchased":[],"campfire_rested":1,"item_purchase_floors":[],"current_hp_per_floor":[56,56,56,56,53,44,44,44,44,2,2,24,21,6,25,11,52,44,42,21,21,21],"gold":396,"neow_bonus":"SILENT_POISONER","is_daily":false,"chose_seed":false,"campfire_upgraded":1,"win_rate":0.0,"timestamp":1610291830,"path_taken":["M","M","?","?","?","E","R","M","T","E","?","?","M","E","R","BOSS","M","M","M","M"],"items_purchased_type":[],"build_version":"2020-12-22","purchased_purges":0,"victory":false,"max_hp_per_floor":[66,66,66,66,66,66,66,66,66,66,66,66,66,66,66,66,66,66,66,66,66,66],"card_choices":[{"not_picked":["Cloak And Dagger","Dagger Throw","ReplayTheSpireMod:Tripwire"],"picked":"SKIP","floor":1.0},{"not_picked":["jedi:acidrain","Escape Plan","hubris:SlightOfHand"],"picked":"SKIP","floor":2.0},{"not_picked":["Flying Knee","Choke"],"picked":"Deadly Poison","floor":5.0},{"not_picked":["Quick Slash","Accuracy"],"picked":"conspire:DoublingDagger","floor":6.0},{"not_picked":["Slice","Quick Slash"],"picked":"Bane","floor":8.0},{"not_picked":["hubris:SlightOfHand","InfectiousVector"],"picked":"Accuracy","floor":10.0},{"not_picked":["Sucker Punch","hubris:SlightOfHand","Flying Knee"],"picked":"SKIP","floor":13.0},{"not_picked":["Deflect","Slice"],"picked":"jedi:studyshivs","floor":14.0},{"not_picked":["Replay:Bag of Tricks","Phantasmal Killer"],"picked":"ICR:Paralyse","floor":16.0},{"not_picked":["hubris:SlightOfHand","Quick Slash","Fluid Movement"],"picked":"SKIP","floor":18},{"not_picked":["Deflect","ReplayTheSpireMod:Tripwire","hubris:SlightOfHand"],"picked":"SKIP","floor":19},{"not_picked":["jedi:pocketpoison","Pace","Calculated Gamble"],"picked":"SKIP","floor":20}],"player_experience":1245109,"relics_obtained":[{"floor":4.0,"key":"RetroEgg"},{"floor":6.0,"key":"Replay:WaspNest"},{"floor":9.0,"key":"Nunchaku"},{"floor":10.0,"key":"Onion Ring"},{"floor":14.0,"key":"White Beast Statue"}],"event_choices":[{"damage_healed":0.0,"max_hp_gain":0.0,"max_hp_loss":0.0,"gold_gain":0.0,"event_name":"Wheel of Change","player_choice":"Relic","floor":4.0,"gold_loss":0.0,"damage_taken":0.0},{"damage_healed":0.0,"max_hp_gain":0.0,"max_hp_loss":0.0,"gold_gain":0.0,"event_name":"Golden Idol","player_choice":"Ignored","floor":11.0,"gold_loss":0.0,"damage_taken":0.0},{"damage_healed":22.0,"max_hp_gain":0.0,"max_hp_loss":0.0,"gold_gain":0.0,"event_name":"Big Fish","player_choice":"Banana","floor":12.0,"gold_loss":0.0,"damage_taken":0.0}],"is_beta":false,"boss_relics":[{"not_picked":["ChewingGum","Kintsugi"],"picked":"vexMod:CursedCompass"}],"items_purged_floors":[],"is_endless":false,"potions_floor_spawned":[1,5,14,16,18,19,20],"killed_by":"Shelled Parasite and Fungi","ascension_level":20}}