{"host":"qgrlfjrqk9z96gfi","time":1610305688,"event":{"mods":["BaseMod","Block Reminder","Colored Map","DeckTracker","Minty Spire (QoL Compilation)"],"gold_per_floor":[110,126,126,67,82,82,114,114,114,39,54,80,142,142,142,215,215,235,6,24,40,69,69,69,82,82,101,131,131,131,158,158,229,229,249,304,17,29,47,47,80,105,105,105,105,105,130,55,55,55,55,55],"floor_reached":51,"playtime":2092,"items_purged":["Shame","Parasite","Decay"],"score":1498,"play_id":"792574a8-ff5e-4628-9e19-b69d1707df72","local_time":"20210110090808","is_ascension_mode":true,"campfire_choices":[{"data":"Accuracy","floor":6.0,"key":"SMITH"},{"floor":8.0,"key":"REST"},{"data":"Blade Dance","floor":15.0,"key":"SMITH"},{"data":"After Image","floor":23.0,"key":"SMITH"},{"data":"Adrenaline","floor":29.0,"key":"SMITH"},{"data":"Accuracy","floor":32.0,"key":"SMITH"},{"floor":40.0,"key":"REST"},{"data":"Terror","floor":44,"key":"SMITH"},{"floor":49,"key":"REST"}],"circlet_count":0,"master_deck":["AscendersBane","Strike_G","Strike_G","Defend_G","Defend_G+1","Defend_G","Defend_G","Defend_G","Survivor+1","Neutralize","Accuracy+1","Dagger Spray","Blade Dance+1","Cloak And Dagger","Leg Sweep","Blur","Adrenaline+1","Acrobatics","After Image+1","All Out Attack+1","Predator+1","Slice+1","Leg Sweep","Footwork","Blade Dance+1","Accuracy+1","Terror+1","PiercingWail","After Image","Phantasmal Killer","PiercingWail+1","Well Laid Plans"],"relics":["Cursed Key","Unceasing Top","Gremlin Horn","Eternal Feather","CaptainsWheel","Astrolabe","Red Mask","Bottled Lightning","Oddly Smooth Stone","White Beast Statue","Black Star","Incense Burner","War Paint","Regal Pillow","Lantern","Bird Faced Urn","Pear","Akabeko"],"acts_visited":["Exordium","TheCity","TheBeyond"],"potions_floor_usage":[50,50],"damage_taken":[{"damage":1.0,"enemies":"Small Slimes","floor":1.0,"turns":4.0},{"damage":8.0,"enemies":"2 Louse","floor":2.0,"turns":4.0},{"damage":4.0,"enemies":"Jaw Worm","floor":5.0,"turns":3.0},{"damage":21.0,"enemies":"3 Sentries","floor":7.0,"turns":8.0},{"damage":3.0,"enemies":"Blue Slaver","floor":11.0,"turns":4.0},{"damage":11.0,"enemies":"Gremlin Nob","floor":12.0,"turns":5.0},{"damage":3.0,"enemies":"Lagavulin Event","floor":13.0,"turns":5.0},{"damage":28.0,"enemies":"Hexaghost","floor":16.0,"turns":11.0},{"damage":0.0,"enemies":"2 Thieves","floor":18.0,"turns":3.0},{"damage":0.0,"enemies":"Spheric Guardian","floor":20.0,"turns":7.0},{"damage":2.0,"enemies":"Snecko","floor":21.0,"turns":7.0},{"damage":0.0,"enemies":"Masked Bandits","floor":22.0,"turns":4.0},{"damage":0.0,"enemies":"Sentry and Sphere","floor":25.0,"turns":4.0},{"damage":9.0,"enemies":"Snake Plant","floor":27.0,"turns":6.0},{"damage":3.0,"enemies":"Slavers","floor":28.0,"turns":6.0},{"damage":0.0,"enemies":"Gremlin Leader","floor":31.0,"turns":3.0},{"damage":29.0,"enemies":"Champ","floor":33.0,"turns":10.0},{"damage":29.0,"enemies":"3 Darklings","floor":35.0,"turns":6.0},{"damage":23.0,"enemies":"2 Orb Walkers","floor":36.0,"turns":7.0},{"damage":6.0,"enemies":"Orb Walker","floor":38.0,"turns":4.0},{"damage":0.0,"enemies":"Spire Growth","floor":39.0,"turns":4.0},{"damage":0.0,"enemies":"Reptomancer","floor":41.0,"turns":2.0},{"damage":0,"enemies":"Mind Bloom Boss Battle","floor":42,"turns":5},{"damage":54,"enemies":"Nemesis","floor":47,"turns":15},{"damage":35,"enemies":"Donu and Deca","floor":50,"turns":7},{"damage":53,"enemies":"Time Eater","floor":51,"turns":14}],"seed_played":"-8289540609059036158","potions_obtained":[{"floor":7.0,"key":"Block Potion"},{"floor":11.0,"key":"Block Potion"},{"floor":12.0,"key":"DuplicationPotion"},{"floor":13.0,"key":"CunningPotion"},{"floor":16.0,"key":"Fire Potion"},{"floor":18.0,"key":"PowerPotion"},{"floor":25.0,"key":"Fire Potion"},{"floor":27.0,"key":"LiquidBronze"},{"floor":31.0,"key":"CultistPotion"},{"floor":33.0,"key":"Swift Potion"},{"floor":36.0,"key":"Weak Potion"},{"floor":39.0,"key":"Swift Potion"},{"floor":41.0,"key":"SkillPotion"},{"floor":42,"key":"Dexterity Potion"},{"floor":47,"key":"SteroidPotion"}],"is_trial":false,"path_per_floor":["M","M","?","$","M","R","E","R","T","$","M","E","?","?","R","B",null,"M","$","M","M","?","R","T","M","T","M","E","R","?","E","R","B",null,"M","?","$","M","M","R","E","?","T","R","$","?","E","$","R","B","B"],"character_chosen":"THE_SILENT","items_purchased":["Blade Dance","Leg Sweep","Footwork","War Paint","Well Laid Plans"],"campfire_rested":3,"item_purchase_floors":[4,19,19,37,48],"current_hp_per_floor":[58,50,55,55,51,51,30,51,51,51,48,37,34,51,63,35,62,62,62,62,60,60,68,68,68,68,59,56,68,68,68,68,39,61,32,9,9,3,3,41,41,41,41,59,59,59,25,25,75,47,6,6],"gold":55,"neow_bonus":"BOSS_RELIC","is_daily":false,"chose_seed":true,"campfire_upgraded":6,"win_rate":0.0,"timestamp":1610305688,"path_taken":["M","M","?","$","M","R","E","R","T","$","M","E","?","?","R","BOSS","M","$","M","M","?","R","?","M","T","M","E","R","?","E","R","BOSS","M","?","$","M","M","R","E","?","T","R","$","?","E","$","R","BOSS","BOSS"],"items_purchased_type":["Card","Card","Card","Relic","Card"],"build_version":"2020-12-22","purchased_purges":3,"victory":false,"max_hp_per_floor":[66,66,71,71,71,71,71,71,71,71,71,71,71,71,71,71,71,71,68,68,68,68,68,68,68,68,68,68,68,68,68,68,68,68,68,68,68,68,68,68,68,68,68,68,68,65,75,75,75,75,75,75],"card_choices":[{"not_picked":["Underhanded Strike","Deflect"],"picked":"Accuracy","floor":1.0},{"not_picked":["Reflex","Slice"],"picked":"Dagger Spray","floor":2.0},{"not_picked":["Distraction","Dagger Throw"],"picked":"Cloak And Dagger","floor":5.0},{"not_picked":["Dagger Spray","Blur"],"picked":"Leg Sweep","floor":7.0},{"not_picked":["Outmaneuver","Calculated Gamble"],"picked":"Blur","floor":11.0},{"not_picked":["Tactician","Poisoned Stab"],"picked":"Adrenaline","floor":12.0},{"not_picked":["Riddle With Holes","Poisoned Stab"],"picked":"Acrobatics","floor":13.0},{"not_picked":["Grand Finale","Envenom"],"picked":"After Image","floor":16.0},{"not_picked":["Setup+1","Dagger Spray","Underhanded Strike"],"picked":"SKIP","floor":18.0},{"not_picked":["Deflect","Dagger Throw"],"picked":"Blade Dance+1","floor":20.0},{"not_picked":["Acrobatics","Leg Sweep+1"],"picked":"Accuracy","floor":21.0},{"not_picked":["Heel Hook","Slice","Cloak And Dagger"],"picked":"SKIP","floor":25.0},{"not_picked":["All Out Attack","Poisoned Stab"],"picked":"Terror","floor":27.0},{"not_picked":["Poisoned Stab","Quick Slash"],"picked":"PiercingWail","floor":28.0},{"not_picked":["Dagger Throw","Backstab"],"picked":"After Image","floor":31.0},{"not_picked":["Unload","Bullet Time"],"picked":"Phantasmal Killer","floor":33.0},{"not_picked":["Cloak And Dagger","Poisoned Stab"],"picked":"PiercingWail+1","floor":35.0},{"not_picked":["Blade Dance","A Thousand Cuts","Flying Knee"],"picked":"SKIP","floor":38.0},{"not_picked":["Reflex","Dash","Footwork"],"picked":"SKIP","floor":39.0},{"not_picked":["Flying Knee","Prepared","Tactician"],"picked":"SKIP","floor":41.0},{"not_picked":["Burst","Dagger Spray","Quick Slash"],"picked":"SKIP","floor":47}],"player_experience":986303,"relics_obtained":[{"floor":7.0,"key":"Unceasing Top"},{"floor":9.0,"key":"Gremlin Horn"},{"floor":12.0,"key":"Eternal Feather"},{"floor":13.0,"key":"CaptainsWheel"},{"floor":22.0,"key":"Red Mask"},{"floor":26.0,"key":"Bottled Lightning"},{"floor":28.0,"key":"Oddly Smooth Stone"},{"floor":31.0,"key":"White Beast Statue"},{"floor":36.0,"key":"Incense Burner"},{"floor":41.0,"key":"Regal Pillow"},{"floor":41.0,"key":"Lantern"},{"floor":42,"key":"Bird Faced Urn"},{"floor":47,"key":"Pear"},{"floor":47,"key":"Akabeko"}],"event_choices":[{"damage_healed":0.0,"max_hp_gain":5.0,"max_hp_loss":0.0,"gold_gain":0.0,"event_name":"Big Fish","player_choice":"Donut","floor":3.0,"gold_loss":0.0,"damage_taken":0.0},{"damage_healed":0.0,"max_hp_gain":0.0,"max_hp_loss":0.0,"gold_gain":0.0,"event_name":"Dead Adventurer","player_choice":"Searched \u00271\u0027 times","floor":13.0,"gold_loss":0.0,"damage_taken":0.0},{"damage_healed":17.0,"max_hp_gain":0.0,"max_hp_loss":0.0,"gold_gain":0.0,"event_name":"Mushrooms","player_choice":"Healed and dodged fight","floor":14.0,"gold_loss":0.0,"damage_taken":0.0,"cards_obtained":["Parasite"]},{"damage_healed":0.0,"max_hp_gain":0.0,"max_hp_loss":0.0,"gold_gain":0.0,"event_name":"Masked Bandits","player_choice":"Fought Bandits","floor":22.0,"gold_loss":0.0,"damage_taken":0.0},{"damage_healed":0.0,"max_hp_gain":0.0,"max_hp_loss":0.0,"gold_gain":0.0,"event_name":"Vampires","player_choice":"Ignored","floor":30.0,"gold_loss":0.0,"damage_taken":0.0},{"damage_healed":0.0,"max_hp_gain":0.0,"max_hp_loss":0.0,"gold_gain":0.0,"event_name":"Mysterious Sphere","player_choice":"Fight","floor":36.0,"gold_loss":0.0,"damage_taken":0.0},{"damage_healed":0,"gold_gain":0,"player_choice":"Fight","damage_taken":0,"max_hp_gain":0,"max_hp_loss":0,"event_name":"MindBloom","floor":42,"gold_loss":0},{"damage_healed":0,"gold_gain":0,"player_choice":"Max HP","damage_taken":0,"max_hp_gain":0,"max_hp_loss":3,"event_name":"Winding Halls","floor":46,"gold_loss":0}],"is_beta":false,"boss_relics":[{"not_picked":["Coffee Dripper","HoveringKite"],"picked":"Astrolabe"},{"not_picked":["SlaversCollar","Runic Dome"],"picked":"Black Star"}],"items_purged_floors":[10,19,37],"is_endless":false,"potions_floor_spawned":[7,11,12,13,16,18,25,27,31,33,35,36,38,39,41,42,47],"killed_by":"Time Eater","ascension_level":20}}