{"host":"zgksap0bzc1vvgtf","time":1610291728,"event":{"mods":["Arknights The Spire","BaseMod","Colored Map","KOR Keyword Fix","Minty Spire (QoL Compilation)","Replay The Spire","Shop Mod","StSLib"],"gold_per_floor":[118,118,118,134,134,166,166,193,193,223,250,276,310,27,27,125,125,145,145,477,73,129,158,184,200,268,268,299,332,362,393,393,496,496,513,513,45,45,72,106,124,124,124,159,193,228,243,2,2,2],"floor_reached":51,"playtime":5601,"items_purged":["ats:Counter Healing Mode+1"],"score":1156,"play_id":"6c806e27-9b95-453e-bd9e-53bcd2928393","local_time":"20210111001528","daily_mods":["Vintage","Heirloom","Time Dilation","Flight","DeadlyEvents","Elite Swarm"],"is_ascension_mode":true,"campfire_choices":[{"data":"ats:Wolf Pack","floor":7,"key":"SMITH"},{"data":"ats:Nebulous Foxfire","floor":15,"key":"SMITH"},{"data":"Apotheosis","floor":32,"key":"SMITH"}],"circlet_count":0,"master_deck":["ats:Strike C","ats:Strike G","ats:Strike S","ats:Strike V","ats:Armor Crushing Shot","ats:Defend","ats:Defend","ats:Defend","ats:Emotion Absorption","ats:Wolf Pack+1","ats:True Silver Slash","ats:Dogmatic Field+1","ats:Soul Rend+1","ats:Thorns+1","ats:Nebulous Foxfire+1","ats:Burning Ground+1","ats:Calcification","ats:Ambush+1","ats:Healing Strengthening+1","ats:Part Time Job+1","Apotheosis+1","Chrysalis","Mind Blast","ats:Song Of Battle+1","ats:Roar Of Ursus+1","ats:True Silver Slash","ats:Defend Order+1","ats:Disruption Kick","ats:Wolf Pack","ats:Shadow Assault","ats:Wolf Pack","ats:Sunburst","ats:Echo Reverb","Thinking Ahead","ReplayTheSpireMod:Trickstab","Poisoned Strike","ats:Calcification","ats:Volcano","ats:Burning Ground+1","ats:Volcano+1","ats:Durian","ats:Rat Pack","ReplayUltimateDefense+1","ats:Burning Ground+1","ats:Burning Ground+1","Madness","Madness"],"relics":["ats:Sanity","replay:Trail_Library","CaptainsWheel","Boot","ats:Originium","BranchBurnRelic","Akabeko","Iron Hammer","Frozen Egg 2","The Courier","Replay:Wax Seal","Bag of Preparation","MerchantsRug","Sling","Sozu","Pen Nib","Old Coin","ReplayTheSpireMod:ShopPack","ReplayTheSpireMod:Shallot","ats:Hidden Killer","Durian","Lizard Tail","Replay:Mystery Machine","Replay:Accelerometer","Meat on the Bone","ats:Ability Aura","Matryoshka","InkBottle","FossilizedHelix","Replay:Bronze Core","Replay:WaspNest","Membership Card","Omamori","Replay:Bottled Eggs","Anchor","Happy Flower","Blue Doll","Ancient Tea Set","Pet Ghost","Toy Ornithopter","Eternal Feather","Gremlin Food","Molten Egg 2","Simple Rune","MealTicket","Prayer Wheel","Replay:Ringing Soul","ats:Cure","Divine Protection"],"acts_visited":["Exordium","TheCity","TheBeyond"],"potions_floor_usage":[6],"damage_taken":[{"damage":0,"enemies":"2 Louse","floor":1,"turns":3},{"damage":0,"enemies":"Cultist","floor":4,"turns":3},{"damage":19,"enemies":"3 Sentries","floor":6,"turns":11},{"damage":24,"enemies":"Lagavulin","floor":8,"turns":8},{"damage":11,"enemies":"Replay:BlueRogue","floor":10,"turns":4},{"damage":18,"enemies":"3 Sentries","floor":11,"turns":5},{"damage":0,"enemies":"Gremlin Nob","floor":13,"turns":4},{"damage":8,"enemies":"Slime Boss","floor":16,"turns":8},{"damage":0,"enemies":"Shell Parasite","floor":18,"turns":4},{"damage":0,"enemies":"Slavers","floor":20,"turns":1},{"damage":16,"enemies":"Book of Stabbing","floor":23,"turns":6},{"damage":11,"enemies":"Replay:Snechameleon","floor":24,"turns":6},{"damage":5,"enemies":"2 Thieves","floor":25,"turns":4},{"damage":19,"enemies":"Slavers","floor":28,"turns":4},{"damage":80,"enemies":"Book of Stabbing","floor":29,"turns":7},{"damage":21,"enemies":"Slavers","floor":30,"turns":6},{"damage":30,"enemies":"Book of Stabbing","floor":31,"turns":7},{"damage":8,"enemies":"Champ","floor":33,"turns":12},{"damage":0,"enemies":"3 Shapes","floor":35,"turns":2},{"damage":0,"enemies":"R_Hoarder","floor":39,"turns":5},{"damage":0,"enemies":"Nemesis","floor":40,"turns":1},{"damage":0,"enemies":"Orb Walker","floor":41,"turns":2},{"damage":0,"enemies":"Reptomancer","floor":44,"turns":4},{"damage":5,"enemies":"R_Hoarder","floor":45,"turns":3},{"damage":0,"enemies":"Nemesis","floor":46,"turns":4},{"damage":4,"enemies":"3 Darklings","floor":47,"turns":2},{"damage":8,"enemies":"Replay:Hell Engine","floor":50,"turns":5}],"seed_played":"-8011257845843607963","potions_obtained":[{"floor":1,"key":"ats:Emergency Sanity Potion"},{"floor":4,"key":"SteroidPotion"},{"floor":10,"key":"Ancient Potion"},{"floor":13,"key":"Swift Potion"}],"is_trial":true,"path_per_floor":["M","?","?","M","?","E","R","E","T","E","E","T","E","$","R","B",null,"M","?","E","$","?","E","E","M","T","T","E","E","E","E","R_BF","B",null,"M","?","$","?","E","E","M","T","T","E","E","E","M","$","R_BF","B",null],"character_chosen":"DOCTOR_CLASS","items_purchased":["MerchantsRug","Sling","ats:Burning Ground+1","ats:Healing Strengthening+1","ats:Part Time Job+1","ReplayTheSpireMod:ShopPack","ReplayTheSpireMod:Shallot","Membership Card","Omamori","Replay:Bottled Eggs","Anchor","Happy Flower","Poisoned Strike","ats:Cure","ReplayUltimateDefense+1","ats:Burning Ground+1","Divine Protection"],"campfire_rested":0,"item_purchase_floors":[14,14,14,21,21,21,21,37,37,37,37,37,37,48,48,48,48],"current_hp_per_floor":[72,72,72,72,72,66,66,49,49,38,59,59,61,61,61,66,72,72,72,72,72,54,77,77,77,77,77,77,59,59,74,74,77,77,77,67,67,87,87,87,87,87,87,87,87,87,85,90,82,93],"gold":2,"neow_bonus":"","is_daily":false,"chose_seed":false,"campfire_upgraded":3,"win_rate":0.0,"timestamp":1610291728,"path_taken":["M","?","?","?","?","E","R","E","T","?","E","?","E","$","R","BOSS","M","?","?","$","?","E","E","?","T","?","?","E","E","E","R_BF","BOSS","M","?","?","?","?","E","?","?","T","E","?","E","?","$","R_BF","BOSS"],"items_purchased_type":["Relic","Relic","Card","Card","Card","Relic","Relic","Relic","Relic","Relic","Relic","Relic","Card","Relic","Card","Card","Relic"],"build_version":"2020-12-22","purchased_purges":1,"victory":true,"max_hp_per_floor":[72,72,72,72,72,72,72,72,72,72,72,72,72,72,72,72,72,72,72,72,72,72,77,77,77,77,77,77,77,77,77,77,77,77,77,77,77,87,87,87,87,87,87,87,87,87,87,90,93,93],"card_choices":[{"not_picked":["ats:Rat Pack","ats:Fractured Body"],"picked":"ats:Wolf Pack","floor":6},{"not_picked":["ats:Fractured Body","ats:Dogmatic Field"],"picked":"ats:True Silver Slash","floor":8},{"not_picked":["ats:Echo Reverb","ats:Ambush+1"],"picked":"ats:Dogmatic Field+1","floor":10},{"not_picked":["ats:Ambush+1","ats:Dogmatic Field+1"],"picked":"ats:Soul Rend+1","floor":11},{"not_picked":["ats:True Silver Slash","ats:Ambush+1"],"picked":"ats:Nebulous Foxfire","floor":13},{"not_picked":["ats:Wolf Pack","ats:True Silver Slash"],"picked":"ats:Calcification","floor":16},{"not_picked":["ats:Shadow Assault","ats:Durian"],"picked":"ats:Ambush+1","floor":20},{"not_picked":["Master of Strategy","ReplayTheSpireMod:Brewmster"],"picked":"Apotheosis","floor":21},{"not_picked":["Bandage Up","Midas Touch"],"picked":"Chrysalis","floor":21},{"not_picked":["Bandage Up","Replay:Bootleg Shield Generator"],"picked":"Mind Blast","floor":21},{"not_picked":["ats:Powerful Strike","ats:Apocalypse+1"],"picked":"ats:Song Of Battle+1","floor":22},{"not_picked":["ats:Soul Rend+1","ats:True Silver Slash"],"picked":"ats:Roar Of Ursus+1","floor":23},{"not_picked":["ats:Soul Rend+1","ats:Fractured Body"],"picked":"ats:True Silver Slash","floor":24},{"not_picked":["ats:Shadow Assault","ats:Wolf Pack"],"picked":"ats:Disruption Kick","floor":28},{"not_picked":["ats:Soul Rend+1","ats:True Silver Slash"],"picked":"ats:Wolf Pack","floor":29},{"not_picked":["ats:True Silver Slash","ats:Nebulous Foxfire"],"picked":"ats:Shadow Assault","floor":30},{"not_picked":["ats:Disruption Kick","ats:Ambush+1"],"picked":"ats:Wolf Pack","floor":31},{"not_picked":["ats:Durian","ats:Rat Pack"],"picked":"ats:Echo Reverb","floor":33},{"not_picked":["Dark Shackles","Midas Touch"],"picked":"Thinking Ahead","floor":36},{"not_picked":["Violence","Flash of Steel"],"picked":"ReplayTheSpireMod:Trickstab","floor":36},{"not_picked":["Chrysalis","ReplayTheSpireMod:Trickstab"],"picked":"Transmutation","floor":36},{"not_picked":["ats:Fractured Body","ats:Ambush+1"],"picked":"ats:Calcification","floor":39},{"not_picked":["ats:Dogmatic Field+1","ats:Disruption Kick"],"picked":"ats:Volcano","floor":40},{"not_picked":["ats:Fractured Body","ats:Disruption Kick+1"],"picked":"ats:Volcano+1","floor":44},{"not_picked":["ats:Fractured Body","ats:Rat Pack"],"picked":"ats:Durian","floor":45},{"not_picked":["ats:Disruption Kick+1","ats:Dogmatic Field+1"],"picked":"ats:Rat Pack","floor":46}],"player_experience":130060,"relics_obtained":[{"floor":1,"key":"CaptainsWheel"},{"floor":4,"key":"Singing Bowl"},{"floor":6,"key":"ats:Originium"},{"floor":6,"key":"Whetstone"},{"floor":8,"key":"ats:Originium"},{"floor":8,"key":"Akabeko"},{"floor":9,"key":"Iron Hammer"},{"floor":10,"key":"ats:Originium"},{"floor":10,"key":"Frozen Egg 2"},{"floor":11,"key":"The Courier"},{"floor":12,"key":"Replay:Wax Seal"},{"floor":13,"key":"Bag of Preparation"},{"floor":18,"key":"Pen Nib"},{"floor":20,"key":"Old Coin"},{"floor":22,"key":"ats:Hidden Killer"},{"floor":23,"key":"Durian"},{"floor":24,"key":"Lizard Tail"},{"floor":25,"key":"Replay:Mystery Machine"},{"floor":26,"key":"Replay:Accelerometer"},{"floor":27,"key":"Meat on the Bone"},{"floor":28,"key":"ats:Ability Aura"},{"floor":29,"key":"Matryoshka"},{"floor":30,"key":"InkBottle"},{"floor":31,"key":"FossilizedHelix"},{"floor":35,"key":"Replay:WaspNest"},{"floor":39,"key":"Blue Doll"},{"floor":40,"key":"Ancient Tea Set"},{"floor":41,"key":"Pet Ghost"},{"floor":42,"key":"Toy Ornithopter"},{"floor":42,"key":"Eternal Feather"},{"floor":43,"key":"Gremlin Food"},{"floor":43,"key":"Molten Egg 2"},{"floor":44,"key":"Simple Rune"},{"floor":45,"key":"MealTicket"},{"floor":46,"key":"Prayer Wheel"},{"floor":47,"key":"Replay:Ringing Soul"}],"event_choices":[{"damage_healed":0,"gold_gain":0,"player_choice":"Gave Potion","damage_taken":0,"relics_obtained":["Boot"],"max_hp_gain":0,"max_hp_loss":0,"event_name":"WeMeetAgain","floor":3,"gold_loss":0},{"cards_removed":["ats:Defend"],"damage_healed":0,"gold_gain":0,"player_choice":"Purged","damage_taken":0,"max_hp_gain":0,"max_hp_loss":0,"event_name":"Purifier","floor":5,"gold_loss":0},{"damage_healed":0,"gold_gain":0,"player_choice":"Got Potions","damage_taken":0,"max_hp_gain":0,"max_hp_loss":0,"event_name":"Lab","floor":19,"gold_loss":0},{"damage_healed":0,"gold_gain":0,"player_choice":"Memory 3","damage_taken":10,"max_hp_gain":0,"max_hp_loss":0,"event_name":"SensoryStone","floor":36,"gold_loss":0},{"cards_removed":["Transmutation"],"damage_healed":10,"gold_gain":0,"player_choice":"Offered Rare","damage_taken":0,"max_hp_gain":10,"max_hp_loss":0,"event_name":"Bonfire Elementals","floor":38,"gold_loss":0},{"damage_healed":0,"gold_gain":0,"player_choice":"Embrace Madness","damage_taken":11,"max_hp_gain":0,"max_hp_loss":0,"event_name":"Winding Halls","floor":49,"gold_loss":0,"cards_obtained":["Madness","Madness"]}],"is_beta":false,"boss_relics":[{"not_picked":["Abe\u0027s Treasure","Painkiller Herb"],"picked":"Sozu"},{"not_picked":["ReplayTheSpireMod:DimensionalGlitch","Replay:Ancient Bell"],"picked":"Replay:Bronze Core"}],"items_purged_floors":[14],"is_endless":false,"potions_floor_spawned":[1,4,10,13,20,23,24,33,40,46,47],"ascension_level":1}}