{"host":"whe4vf9w0yuhsr02","time":1610248070,"event":{"mods":["BaseMod","Highlight Path","Lobotomy","LobotomyExtend","Minty Spire (QoL Compilation)","Quick Restart","StSLib"],"gold_per_floor":[115,132,49,66,79,112,112,123,199,199,199,252,277,288,288,393,393,410,410,423,423,423],"floor_reached":21,"playtime":1032,"items_purged":[],"score":191,"play_id":"6076b266-99b1-4e30-8c72-80710c8283a2","local_time":"20210110050750","is_ascension_mode":false,"campfire_choices":[{"data":"Sunder","floor":7.0,"key":"SMITH"},{"data":"Dualcast","floor":10.0,"key":"SMITH"},{"data":"Zap","floor":15.0,"key":"SMITH"}],"circlet_count":0,"master_deck":["Strike_B","Strike_B","Defend_B","Defend_B","Defend_B","Defend_B","Zap+1","Dualcast+1","Conserve Battery","Sweeping Beam","Sunder+1","Streamline","GreedKing","Turbo","OSAHOGD","Seek","Cold Snap","Reinforced Body","Core Surge"],"relics":["Cracked Core","CogitoBucket","RabbitCall","LetterFromLob","Shuriken","Pantograph","Dead Branch","Black Star","AspirationHeart"],"acts_visited":["Exordium","TheCity"],"potions_floor_usage":[],"damage_taken":[{"damage":1.0,"enemies":"Cultist","floor":1.0,"turns":4.0},{"damage":6.0,"enemies":"Jaw Worm","floor":2.0,"turns":3.0},{"damage":0.0,"enemies":"Small Slimes","floor":4.0,"turns":2.0},{"damage":9.0,"enemies":"Gremlin Gang","floor":5.0,"turns":3.0},{"damage":9.0,"enemies":"Lagavulin","floor":6.0,"turns":6.0},{"damage":12.0,"enemies":"Exordium Thugs","floor":8.0,"turns":4.0},{"damage":9.0,"enemies":"3 Sentries","floor":13.0,"turns":6.0},{"damage":12.0,"enemies":"Blue Slaver","floor":14.0,"turns":3.0},{"damage":20.0,"enemies":"Slime Boss","floor":16.0,"turns":8.0},{"damage":3.0,"enemies":"2 Thieves","floor":18.0,"turns":3.0},{"damage":63.0,"enemies":"Chosen","floor":20.0,"turns":9.0},{"damage":36,"enemies":"Centurion and Healer","floor":21,"turns":8}],"seed_played":"5644383879853814944","potions_obtained":[{"floor":4.0,"key":"Block Potion"},{"floor":6.0,"key":"SteroidPotion"},{"floor":14.0,"key":"Energy Potion"},{"floor":16.0,"key":"FearPotion"}],"is_trial":false,"path_per_floor":["M","M","$","M","M","E","R","M","T","R","?","?","E","M","R","B",null,"M","?","M","M"],"character_chosen":"DEFECT","items_purchased":["Sunder","Streamline"],"campfire_rested":0,"item_purchase_floors":[3,3],"current_hp_per_floor":[74,68,68,68,59,50,50,38,38,38,75,75,66,54,54,55,75,72,72,19,0,0],"gold":423,"neow_bonus":"","is_daily":false,"chose_seed":false,"campfire_upgraded":3,"win_rate":0.0,"timestamp":1610248070,"path_taken":["M","M","$","M","M","E","R","M","T","R","?","?","E","M","R","BOSS","M","?","?","M"],"items_purchased_type":["Card","Card"],"build_version":"2020-12-22","purchased_purges":0,"victory":false,"max_hp_per_floor":[75,75,75,75,75,75,75,75,75,75,75,75,75,75,75,75,75,75,75,85,85,85],"card_choices":[{"not_picked":["VoidDream","DespairKnight","WallGazer"],"picked":"Singing Bowl","floor":1.0},{"not_picked":["Recycle","Reprogram"],"picked":"Conserve Battery","floor":1.0},{"not_picked":["Stack","Compile Driver"],"picked":"Sweeping Beam","floor":2.0},{"not_picked":["Variant","MeatLantern"],"picked":"GreedKing","floor":4.0},{"not_picked":["Coolheaded","Stack"],"picked":"Turbo","floor":4.0},{"not_picked":["Conserve Battery","Gash","Stack"],"picked":"SKIP","floor":5.0},{"not_picked":["RedShoes","Rudolta"],"picked":"OSAHOGD","floor":6.0},{"not_picked":["Turbo","FTL"],"picked":"Seek","floor":6.0},{"not_picked":["Streamline","Reprogram"],"picked":"Cold Snap","floor":8.0},{"not_picked":["Beam Cell","Consume"],"picked":"Reinforced Body","floor":13.0},{"not_picked":["Steam Power","Skim","Compile Driver"],"picked":"SKIP","floor":14.0},{"not_picked":["Reboot","Machine Learning"],"picked":"Core Surge","floor":16.0},{"not_picked":["Beam Cell","Steam+1","Steam Power"],"picked":"SKIP","floor":18.0},{"not_picked":["Barrage+1","Rebound","Turbo"],"picked":"SKIP","floor":20.0}],"player_experience":455079,"relics_obtained":[{"floor":1.0,"key":"LetterFromLob"},{"floor":6.0,"key":"Shuriken"},{"floor":9.0,"key":"Pantograph"},{"floor":13.0,"key":"Dead Branch"}],"event_choices":[{"damage_healed":0.0,"max_hp_gain":0.0,"max_hp_loss":0.0,"gold_gain":53.0,"event_name":"Golden Wing","player_choice":"Gained Gold","floor":12.0,"gold_loss":0.0,"damage_taken":0.0},{"cards_removed":["Strike_B"],"damage_healed":0.0,"max_hp_gain":0.0,"max_hp_loss":0.0,"gold_gain":0.0,"event_name":"Purifier","player_choice":"Purged","floor":19.0,"gold_loss":0.0,"damage_taken":0.0}],"is_beta":false,"boss_relics":[{"not_picked":["Philosopher\u0027s Stone","Runic Dome"],"picked":"Black Star"}],"items_purged_floors":[],"is_endless":false,"potions_floor_spawned":[4,6,14,16],"killed_by":"Centurion and Healer","ascension_level":0}}