{"host":"3zhcrllo23fhqv4x","time":1610293704,"event":{"mods":["AchievementEnabler","BaseMod","Downfall","Duelist Mod","Hermit","Jorbs\u0027s Wanderer Trilogy","Marisa????????","Minty Spire (QoL Compilation)","StSLib","The Cursed","The Hierophant","The Servant 0.9.4"],"gold_per_floor":[99,99,49,69,69,69,69,81,40,68,68,83,8,0,13,108,108,108,123,140,157,357,368,368,382,332,432,442,442,457,524,535,632,632,632,646,1046,1096,1116,1116,1116,1116],"floor_reached":40,"playtime":2211,"items_purged":[],"score":440,"play_id":"5e5496ea-191e-4d1f-831e-307eb56c5ff7","local_time":"20210110104824","is_ascension_mode":false,"campfire_choices":[{"floor":1,"key":"RECALL"},{"data":"Slimebound:Split","floor":6,"key":"SMITH"},{"floor":13,"key":"REST"},{"data":"Slimebound:DuplicatedForm","floor":18,"key":"SMITH"},{"data":"Slimebound:LevelUp","floor":29,"key":"SMITH"},{"data":"Slimebound:MassFeed","floor":35,"key":"SMITH"}],"circlet_count":0,"master_deck":["Slimebound:Strike_Slimebound","Slimebound:Strike_Slimebound","Slimebound:Tackle","Slimebound:Defend_Slimebound","Slimebound:Defend_Slimebound","Slimebound:Defend_Slimebound","Slimebound:Defend_Slimebound","Slimebound:Split+1","Slimebound:CorrosiveSpit","Slimebound:DuplicatedForm+1","Slimebound:Repurpose","Slimebound:RejuvenatingLick","Slimebound:ViciousTackle","Regret","Slimebound:LevelUp+1","Slimebound:ProtectTheBoss","Slimebound:LeechEnergy","Slimebound:SplitAcid","Slimebound:Repurpose","Slimebound:SplitLeeching","Slimebound:SlimeSpikes","Slimebound:Teamwork","Slimebound:Nibble+1","Slimebound:Schlurp","Slimebound:ItLooksTasty+1","Slimebound:LeadByExample+1","Slimebound:Nibble","Slimebound:MassFeed+1","Slimebound:Repurpose+1","Slimebound:PressTheAttack","Slimebound:FlameTackle","Slimebound:Equalize","Slimebound:OneTwoCombo","Slimebound:LeechingTouch+1","Slimebound:SpikyOuterGoop+1","expansioncontent:SuperHexaguard+1","expansioncontent:DefensiveMode","expansioncontent:DarkVoid","Slimebound:FirmFortitude+1"],"relics":["Slimebound:AbsorbEndCombatUpgraded","HornCleat","Slimebound:MaxSlimesRelic","Mummified Hand","downfall:HeartBlessingRed","SlaversCollar","Toxic Egg 2","downfall:CloakOfManyFaces","CultistMask","FaceOfCleric","NlothsMask","GremlinMask","SsserpentHead","Old Coin"],"acts_visited":["Exordium","TheCity","TheBeyond"],"potions_floor_usage":[14,16,16,33,33,40],"damage_taken":[{"damage":20,"enemies":"downfall:FleeingMerchant","floor":3,"turns":4},{"damage":6,"enemies":"2 Louse","floor":4,"turns":3},{"damage":13,"enemies":"Small Slimes","floor":8,"turns":3},{"damage":18,"enemies":"downfall:FleeingMerchant","floor":9,"turns":4},{"damage":50,"enemies":"3 Sentries","floor":10,"turns":8},{"damage":11,"enemies":"Jaw Worm","floor":12,"turns":3},{"damage":32,"enemies":"downfall:FleeingMerchant","floor":14,"turns":4},{"damage":35,"enemies":"Exordium Thugs","floor":15,"turns":3},{"damage":49,"enemies":"downfall:Silent","floor":16,"turns":6},{"damage":52,"enemies":"Shell Parasite","floor":19,"turns":5},{"damage":46,"enemies":"Spheric Guardian","floor":20,"turns":4},{"damage":35,"enemies":"Centurion and Healer","floor":21,"turns":5},{"damage":34,"enemies":"Snake Plant","floor":23,"turns":4},{"damage":25,"enemies":"Cultist and Chosen","floor":25,"turns":5},{"damage":44,"enemies":"downfall:FaceTrader","floor":27,"turns":6},{"damage":44,"enemies":"Centurion and Healer","floor":28,"turns":5},{"damage":42,"enemies":"Snake Plant","floor":30,"turns":3},{"damage":35,"enemies":"Snecko","floor":31,"turns":5},{"damage":46,"enemies":"Shelled Parasite and Fungi","floor":32,"turns":6},{"damage":52,"enemies":"downfall:Defect","floor":33,"turns":7},{"damage":48,"enemies":"3 Shapes","floor":36,"turns":4},{"damage":41,"enemies":"Mind Bloom Boss Battle","floor":37,"turns":3},{"damage":41,"enemies":"Orb Walker","floor":39,"turns":4},{"damage":82,"enemies":"Reptomancer","floor":40,"turns":3}],"seed_played":"2527101972272150003","potions_obtained":[{"floor":11,"key":"downfall:CursedFountainPotion"},{"floor":12,"key":"Slimebound:SlimyTonguePotion"},{"floor":15,"key":"Weak Potion"},{"floor":21,"key":"sneckomod:MuddlingPotion"},{"floor":23,"key":"SneckoOil"},{"floor":27,"key":"Dexterity Potion"},{"floor":30,"key":"Strength Potion"},{"floor":33,"key":"Weak Potion"},{"floor":37,"key":"Weak Potion"},{"floor":39,"key":"Strength Potion"}],"is_trial":false,"path_per_floor":["R","?","$","M","?","R","T","M","$","E","?","M","R","$","M","B",null,"R","M","M","M","?","M","T","M","?","?","M","R","M","M","M","B",null,"R","M","?","?","M","E"],"character_chosen":"SLIMEBOUND","items_purchased":["Slimebound:RejuvenatingLick","Slimebound:LeechEnergy"],"campfire_rested":1,"item_purchase_floors":[3,9],"current_hp_per_floor":[60,60,60,60,60,60,60,60,56,41,41,44,60,60,60,58,60,60,51,46,39,39,25,25,28,53,54,61,61,45,48,37,47,65,65,59,63,53,54,0,0,0],"gold":1116,"neow_bonus":"ONE_RANDOM_RARE_CARD","is_daily":false,"chose_seed":false,"campfire_upgraded":4,"win_rate":0.0,"timestamp":1610293704,"path_taken":["R","?","$","M","?","R","T","?","$","E","?","M","R","?","M","BOSS","R","M","M","M","?","?","T","M","?","?","M","R","M","?","M","BOSS","R","M","?","?","M","E"],"items_purchased_type":["Card","Card"],"build_version":"2020-12-22","purchased_purges":0,"victory":false,"max_hp_per_floor":[60,60,60,60,60,60,60,60,60,60,60,60,60,60,60,60,60,60,60,60,60,60,60,60,60,60,60,61,61,62,63,64,65,65,65,66,67,67,68,68,68,68],"card_choices":[{"not_picked":["Slimebound:FinishingTackle","Slimebound:Nibble"],"picked":"Slimebound:Repurpose","floor":3},{"not_picked":["Slimebound:ComboTackle","Slimebound:ProtectTheBoss"],"picked":"Slimebound:ViciousTackle","floor":4},{"not_picked":["Slimebound:SplitMire","Slimebound:RejuvenatingLick"],"picked":"Slimebound:LevelUp","floor":8},{"not_picked":["Slimebound:FormOfPuddle","Slimebound:Replication"],"picked":"Slimebound:ProtectTheBoss","floor":9},{"not_picked":["Slimebound:SlimeTap","Slimebound:SplitLeeching"],"picked":"Slimebound:SplitAcid","floor":10},{"not_picked":["Slimebound:LeechEnergy","Slimebound:SplitMire"],"picked":"Slimebound:Repurpose","floor":12},{"not_picked":["Slimebound:ForwardTackle","Slimebound:LivingWall"],"picked":"Slimebound:SplitLeeching","floor":14},{"not_picked":["Slimebound:HauntingLick","Slimebound:LeechEnergy"],"picked":"Slimebound:SlimeSpikes","floor":15},{"not_picked":["Slimebound:SelfFormingGoo","Slimebound:Overexert"],"picked":"Slimebound:Teamwork","floor":16},{"not_picked":["Slimebound:Replication","Slimebound:ComboTackle"],"picked":"Slimebound:Nibble+1","floor":19},{"not_picked":["Slimebound:SlimeSpikes","Slimebound:Chomp+1"],"picked":"Slimebound:Schlurp","floor":20},{"not_picked":["Slimebound:SplitLeeching+1","Slimebound:SlimeBarrage"],"picked":"Slimebound:ItLooksTasty+1","floor":21},{"not_picked":["Slimebound:SlimeBrawl","Slimebound:SplitMire"],"picked":"Slimebound:LeadByExample+1","floor":23},{"not_picked":["Slimebound:SplitMire+1","Slimebound:PressTheAttack"],"picked":"Slimebound:Nibble","floor":25},{"not_picked":["Slimebound:Replication+1","Slimebound:ViciousTackle"],"picked":"Slimebound:MassFeed","floor":27},{"not_picked":["Slimebound:LeechEnergy","Slimebound:GoopSpray+1"],"picked":"Slimebound:Repurpose+1","floor":28},{"not_picked":["Slimebound:ProtectTheBoss","Slimebound:MegaLick+1"],"picked":"Slimebound:PressTheAttack","floor":30},{"not_picked":["Slimebound:FinishingTackle","Slimebound:MegaLick+1"],"picked":"Slimebound:FlameTackle","floor":31},{"not_picked":["Slimebound:Replication+1","Slimebound:LeadByExample"],"picked":"Slimebound:Equalize","floor":32},{"not_picked":["Slimebound:Teamwork+1","Slimebound:DouseInSlime+1"],"picked":"Slimebound:OneTwoCombo","floor":33},{"not_picked":["Slimebound:ComboTackle+1","Slimebound:ItLooksTasty+1"],"picked":"Slimebound:LeechingTouch+1","floor":36},{"not_picked":["Slimebound:RollThrough+1","Slimebound:ForwardTackle+1"],"picked":"Slimebound:SpikyOuterGoop+1","floor":37},{"not_picked":["expansioncontent:BronzeBeam","expansioncontent:PolyBeam"],"picked":"expansioncontent:SuperHexaguard+1","floor":38},{"not_picked":["expansioncontent:AwakenDeath","expansioncontent:BronzeBeam"],"picked":"expansioncontent:DefensiveMode","floor":38},{"not_picked":["expansioncontent:FaceSlap","expansioncontent:PolyBeam"],"picked":"expansioncontent:DarkVoid","floor":38},{"not_picked":["Slimebound:RejuvenatingLick+1","Slimebound:GrowthPunch"],"picked":"Slimebound:FirmFortitude+1","floor":39}],"player_experience":276325,"relics_obtained":[{"floor":7,"key":"Slimebound:MaxSlimesRelic"},{"floor":10,"key":"Mummified Hand"},{"floor":24,"key":"Toxic Egg 2"},{"floor":27,"key":"downfall:CloakOfManyFaces"},{"floor":37,"key":"Old Coin"}],"event_choices":[{"damage_healed":0,"gold_gain":0,"player_choice":"Box","damage_taken":0,"relics_obtained":["HornCleat"],"max_hp_gain":0,"max_hp_loss":0,"event_name":"Big Fish","floor":5,"gold_loss":0,"cards_obtained":["Regret"]}],"is_beta":false,"boss_relics":[{"not_picked":["Velvet Choker","Snecko Eye"],"picked":"SlaversCollar"},{"not_picked":["Runic Dome","Cursed Key"],"picked":"Slimebound:AbsorbEndCombatUpgraded"}],"items_purged_floors":[],"is_endless":false,"potions_floor_spawned":[12,15,21,23,27,30,33,37,39],"killed_by":"Reptomancer","ascension_level":0}}