{"host":"dyggtcpod2kd5hqt","time":1610259548,"event":{"mods":["2.2 Compatiblity","AchievementEnabler","BaseMod","Bestiary","Block Reminder","Colored Map","Colored Powertips","Minty Spire (QoL Compilation)","Quick Restart","Rare Cards Sparkle","Relic Stats","Unknown Chances"],"gold_per_floor":[112,387,398,573,533,564,564,580,580,591,622,622,622,622],"floor_reached":13,"playtime":200,"items_purged":[],"score":171,"play_id":"641b8cad-fa12-4124-9495-414c6c5ace1b","local_time":"20210110011908","is_ascension_mode":true,"campfire_choices":[{"data":"Chaos","floor":7,"key":"SMITH"},{"floor":12,"key":"REST"}],"circlet_count":0,"master_deck":["Strike_B","Strike_B","Strike_B","Strike_B","Defend_B","Defend_B","Defend_B","Defend_B","Zap","Dualcast","Regret","Chaos+1","Doubt","Auto Shields","Sweeping Beam","Defragment","Sweeping Beam+1","BootSequence"],"relics":["Cracked Core","NeowsBlessing","Dream Catcher","Molten Egg 2","Darkstone Periapt"],"acts_visited":["Exordium"],"potions_floor_usage":[8,11,11,13],"damage_taken":[{"damage":0,"enemies":"2 Louse","floor":1,"turns":1},{"damage":0,"enemies":"Cultist","floor":3,"turns":1},{"damage":0,"enemies":"Lagavulin","floor":6,"turns":1},{"damage":17,"enemies":"Jaw Worm","floor":8,"turns":4},{"damage":16,"enemies":"Exordium Wildlife","floor":10,"turns":3},{"damage":42,"enemies":"Gremlin Nob","floor":11,"turns":5},{"damage":23,"enemies":"Lagavulin","floor":13,"turns":3}],"seed_played":"2498015140032072738","potions_obtained":[{"floor":5,"key":"EssenceOfDarkness"},{"floor":5,"key":"Fruit Juice"},{"floor":5,"key":"Fruit Juice"},{"floor":10,"key":"ColorlessPotion"},{"floor":11,"key":"FearPotion"}],"is_trial":false,"path_per_floor":["M","?","M","?","?","E","R","M","T","M","E","R","E"],"character_chosen":"DEFECT","items_purchased":[],"campfire_rested":1,"item_purchase_floors":[],"current_hp_per_floor":[68,68,68,68,68,68,68,56,56,40,3,28,5,5],"gold":622,"neow_bonus":"THREE_ENEMY_KILL","is_daily":false,"chose_seed":false,"campfire_upgraded":1,"win_rate":0.0,"timestamp":1610259548,"path_taken":["M","?","?","?","?","E","R","M","T","M","E","R","E"],"items_purchased_type":[],"build_version":"2020-12-22","purchased_purges":0,"victory":false,"max_hp_per_floor":[75,75,75,75,75,75,75,80,80,80,85,85,85,85],"relic_stats":{"Darkstone Periapt":0,"Dream Catcher":1,"counters":[7,18],"obtain_stats":[{"Darkstone Periapt":11,"Dream Catcher":6,"NeowsBlessing":0,"Molten Egg 2":9,"Cracked Core":0},{"Darkstone Periapt":6,"Dream Catcher":3,"NeowsBlessing":0,"Molten Egg 2":4,"Cracked Core":0},{"Darkstone Periapt":15,"Dream Catcher":3,"NeowsBlessing":0,"Molten Egg 2":7,"Cracked Core":0}]},"card_choices":[{"not_picked":["Leap","Lockon","Barrage"],"picked":"SKIP","floor":1},{"not_picked":["Stack","Leap"],"picked":"Chaos","floor":3},{"not_picked":["Genetic Algorithm","Steam"],"picked":"Auto Shields","floor":6},{"not_picked":["Coolheaded","Compile Driver"],"picked":"Sweeping Beam","floor":8},{"not_picked":["Compile Driver+1","Turbo"],"picked":"Defragment","floor":10},{"not_picked":["Hologram","Multi-Cast"],"picked":"Sweeping Beam+1","floor":11},{"not_picked":["Stack","Rebound+1"],"picked":"BootSequence","floor":12}],"player_experience":586012,"relics_obtained":[{"floor":6,"key":"Dream Catcher"},{"floor":9,"key":"Molten Egg 2"},{"floor":11,"key":"Darkstone Periapt"}],"event_choices":[{"damage_healed":0,"gold_gain":275,"player_choice":"Desecrate","damage_taken":0,"max_hp_gain":0,"max_hp_loss":0,"event_name":"Golden Shrine","floor":2,"gold_loss":0,"cards_obtained":["Regret"]},{"damage_healed":0,"gold_gain":175,"player_choice":"AGREE","damage_taken":0,"max_hp_gain":0,"max_hp_loss":0,"event_name":"Liars Game","floor":4,"gold_loss":0,"cards_obtained":["Doubt"]},{"damage_healed":0,"gold_gain":0,"player_choice":"Bought 3 Potions","damage_taken":0,"max_hp_gain":0,"max_hp_loss":0,"event_name":"The Woman in Blue","floor":5,"gold_loss":0}],"is_beta":false,"boss_relics":[],"items_purged_floors":[],"is_endless":false,"potions_floor_spawned":[6,10,11],"killed_by":"Lagavulin","ascension_level":9}}