{"host":"ig7tc0uedzltt2sr","time":1610238535,"event":{"mods":["BaseMod","Better Twitch Integration","Block Reminder","Colored Map","Colored Powertips","Communication Mod","Current Relic Mod","GifTheSpireLib","HexUI Lib","Minty Spire (QoL Compilation)","Quick Restart","Random Character Button","Rare Cards Sparkle","Relic Sorter","Relic Stats","Slay the Relics Exporter","StSLib","SuperFastMode","Synergy Search","Twitch Decklist","Twitch Utils","everything is the same but u backflip on backflip","slay the spire mod where everything is the same but ironclad has a cowboy hat"],"gold_per_floor":[110,84,99,1,19,19,19],"floor_reached":6,"playtime":34,"items_purged":[],"score":36,"play_id":"d78196e9-564c-45c2-98a3-b47c12019412","local_time":"20210109162855","is_ascension_mode":false,"campfire_choices":[],"circlet_count":0,"master_deck":["Strike_R","Strike_R","Strike_R","Strike_R","Strike_R","Defend_R","Defend_R","Defend_R","Defend_R","Bash","Perfected Strike","Sword Boomerang"],"relics":["Burning Blood"],"acts_visited":["Exordium"],"potions_floor_usage":[],"damage_taken":[{"damage":29,"enemies":"Jaw Worm","floor":1,"turns":4},{"damage":14,"enemies":"Small Slimes","floor":3,"turns":4},{"damage":10,"enemies":"2 Louse","floor":5,"turns":3},{"damage":55,"enemies":"3 Sentries","floor":6,"turns":4}],"seed_played":"3309188722043335907","potions_obtained":[{"floor":5,"key":"EntropicBrew"}],"is_trial":false,"path_per_floor":["M","?","M","$","M","E"],"character_chosen":"IRONCLAD","items_purchased":["Ancient Potion","Perfected Strike"],"campfire_rested":0,"item_purchase_floors":[4,4],"current_hp_per_floor":[65,65,57,57,53,0,0],"gold":19,"neow_bonus":"TEN_PERCENT_HP_BONUS","is_daily":false,"chose_seed":false,"campfire_upgraded":0,"win_rate":0.0,"timestamp":1610238535,"path_taken":["M","?","M","$","M","E"],"items_purchased_type":["Potion","Card"],"build_version":"2020-12-22","purchased_purges":0,"victory":false,"max_hp_per_floor":[88,88,88,88,88,88,88],"relic_stats":{"counters":[4,15],"obtain_stats":[{"Burning Blood":0},{"Burning Blood":0},{"Burning Blood":0}],"Burning Blood":18},"card_choices":[{"not_picked":["Havoc","Shrug It Off","Heavy Blade"],"picked":"SKIP","floor":1},{"not_picked":["Inflame","Iron Wave","Dark Embrace"],"picked":"SKIP","floor":3},{"not_picked":["Anger","Havoc"],"picked":"Sword Boomerang","floor":5}],"player_experience":1476874,"relics_obtained":[],"event_choices":[{"damage_healed":0,"gold_gain":0,"player_choice":"Left Gold","damage_taken":0,"max_hp_gain":0,"max_hp_loss":0,"event_name":"World of Goop","floor":2,"gold_loss":26}],"is_beta":false,"boss_relics":[],"items_purged_floors":[],"is_endless":false,"potions_floor_spawned":[5],"killed_by":"3 Sentries","ascension_level":0}}