{"host":"9d9dhukr2jywmy0f","time":1610285815,"event":{"mods":["2.2 Compatiblity","Alarm Clock","BaseMod","Bestiary","Block Reminder","Colored Map","Colored Powertips","Curses Come First","DeckTracker","Energized Spire","Highlight Path","Key Reminder","Minty Spire (QoL Compilation)","Quick Restart","Rare Cards Sparkle","Relic Sorter","Relic Stats","Spire Birthday Party","StSLib","SuperFastMode","Synergy Search","Unceasing Turn Reminder","Unknown Chances"],"gold_per_floor":[116,74,74,86,11,39,52,52,52,52,52,69,69,99,99,176,176,192,203,50,62,76,76,76,76],"floor_reached":24,"playtime":968,"items_purged":["Strike_B","Strike_B"],"score":462,"play_id":"3ee6e9ec-9674-429d-be3b-580a49d20c62","local_time":"20210110213655","is_ascension_mode":true,"campfire_choices":[{"data":"Defragment","floor":11.0,"key":"SMITH"},{"data":"Zap","floor":13.0,"key":"SMITH"},{"data":"Capacitor","floor":15.0,"key":"SMITH"},{"floor":23,"key":"REST"}],"circlet_count":0,"master_deck":["AscendersBane","Strike_B","Defend_B","Defend_B","Defend_B","Defend_B+1","Zap+1","Dualcast+1","Ball Lightning","Defragment+1","Capacitor+1","Cold Snap","Echo Form","Sunder","Chill","Turbo","Coolheaded"],"relics":["Cracked Core","NeowsBlessing","White Beast Statue","Tiny Chest","keyreminder:keyreminder","War Paint","energizedSpire:RedRose"],"acts_visited":["Exordium","TheCity"],"potions_floor_usage":[19,22,22,24],"damage_taken":[{"damage":0.0,"enemies":"Small Slimes","floor":1.0,"turns":1.0},{"damage":0.0,"enemies":"2 Louse","floor":4.0,"turns":1.0},{"damage":0.0,"enemies":"3 Sentries","floor":6.0,"turns":1.0},{"damage":2.0,"enemies":"Jaw Worm","floor":7.0,"turns":3.0},{"damage":7.0,"enemies":"Looter","floor":12.0,"turns":3.0},{"damage":12.0,"enemies":"Lagavulin","floor":14.0,"turns":7.0},{"damage":20.0,"enemies":"The Guardian","floor":16.0,"turns":9.0},{"damage":18.0,"enemies":"2 Thieves","floor":18.0,"turns":4.0},{"damage":19,"enemies":"Chosen","floor":19,"turns":5},{"damage":2,"enemies":"Snecko","floor":21,"turns":6},{"damage":14,"enemies":"Snake Plant","floor":22,"turns":6},{"damage":13,"enemies":"Book of Stabbing","floor":24,"turns":3}],"seed_played":"5930290268069091186","potions_obtained":[{"floor":1.0,"key":"Block Potion"},{"floor":7.0,"key":"LiquidBronze"},{"floor":12.0,"key":"LiquidMemories"},{"floor":16.0,"key":"Explosive Potion"},{"floor":18.0,"key":"PowerPotion"},{"floor":19,"key":"Block Potion"},{"floor":21,"key":"SkillPotion"},{"floor":22,"key":"FocusPotion"}],"is_trial":false,"path_per_floor":["M","$","?","M","$","E","M","?","T","$","R","M","R","E","R","B",null,"M","M","$","M","M","R","E"],"character_chosen":"DEFECT","items_purchased":["Defragment","Turbo"],"campfire_rested":1,"item_purchase_floors":[2,20],"current_hp_per_floor":[64,64,64,64,64,64,62,51,51,51,51,44,44,32,32,12,56,38,19,19,17,3,24,11,11],"gold":76,"neow_bonus":"THREE_ENEMY_KILL","is_daily":false,"chose_seed":false,"campfire_upgraded":3,"win_rate":0.0,"timestamp":1610285815,"path_taken":["M","$","?","M","$","E","M","?","T","$","R","M","R","E","R","BOSS","M","M","$","M","M","R","E"],"items_purchased_type":["Card","Card"],"build_version":"2020-11-30","purchased_purges":2,"victory":false,"max_hp_per_floor":[71,71,71,71,71,71,71,71,71,71,71,71,71,71,71,71,71,71,71,71,71,71,71,71,71],"relic_stats":{"counters":[12,49],"Tiny Chest":0,"War Paint":["Defend_B","Dualcast"],"obtain_stats":[{"keyreminder:keyreminder":9,"energizedSpire:RedRose":17,"NeowsBlessing":0,"Tiny Chest":8,"War Paint":14,"Cracked Core":0,"White Beast Statue":6},{"keyreminder:keyreminder":4,"energizedSpire:RedRose":7,"NeowsBlessing":0,"Tiny Chest":4,"War Paint":6,"Cracked Core":0,"White Beast Statue":3},{"keyreminder:keyreminder":6,"energizedSpire:RedRose":25,"NeowsBlessing":0,"Tiny Chest":6,"War Paint":16,"Cracked Core":0,"White Beast Statue":3}]},"card_choices":[{"not_picked":["Skim","Streamline"],"picked":"Ball Lightning","floor":1.0},{"not_picked":["Steam","Go for the Eyes","Hello World"],"picked":"SKIP","floor":4.0},{"not_picked":["Loop","Steam Power","Hologram"],"picked":"SKIP","floor":6.0},{"not_picked":["Stack","Redo"],"picked":"Capacitor","floor":7.0},{"not_picked":["Streamline","Turbo"],"picked":"Cold Snap","floor":12.0},{"not_picked":["Streamline","Barrage","Redo"],"picked":"SKIP","floor":14.0},{"not_picked":["Machine Learning","Rainbow"],"picked":"Echo Form","floor":16.0},{"not_picked":["Sweeping Beam","Streamline"],"picked":"Sunder","floor":18.0},{"not_picked":["Beam Cell+1","Turbo+1"],"picked":"Chill","floor":19},{"not_picked":["Sweeping Beam","Leap","Static Discharge+1"],"picked":"SKIP","floor":21},{"not_picked":["Beam Cell","Doom and Gloom"],"picked":"Coolheaded","floor":22}],"player_experience":816180,"relics_obtained":[{"floor":6.0,"key":"White Beast Statue"},{"floor":14.0,"key":"War Paint"}],"event_choices":[{"cards_removed":["Strike_B"],"damage_healed":0.0,"max_hp_gain":0.0,"max_hp_loss":0.0,"gold_gain":0.0,"event_name":"Living Wall","player_choice":"Forget","floor":3.0,"gold_loss":0.0,"damage_taken":0.0},{"damage_healed":0.0,"max_hp_gain":0.0,"max_hp_loss":0.0,"gold_gain":0.0,"event_name":"Scrap Ooze","player_choice":"Success","floor":8.0,"gold_loss":0.0,"damage_taken":11.0,"relics_obtained":["Tiny Chest"]}],"is_beta":false,"boss_relics":[{"not_picked":["Empty Cage","Philosopher\u0027s Stone"],"picked":"energizedSpire:RedRose"}],"items_purged_floors":[5,20],"is_endless":false,"potions_floor_spawned":[1,7,12,14,16,18,19,21,22],"killed_by":"Book of Stabbing","ascension_level":20}}