{"host":"w3q5ijqu8eoknil3","time":1610256996,"event":{"mods":["AchievementEnabler","BaseMod","Block Reminder","Colored Map","Colored Powertips","Curses Come First","Minty Spire (QoL Compilation)","Quick Restart","Relic Stats","StSLib","ojb\u0027s Better Paths Mod","ojb\u0027s Info Mod","slay the spire mod where everything is the same but ironclad has a cowboy hat"],"gold_per_floor":[119,135,135,135,152,177,177,177,177],"floor_reached":8,"playtime":323,"items_purged":[],"score":104,"play_id":"d0135a8c-61fd-4698-bf3f-8b1750c18404","local_time":"20210110053636","is_ascension_mode":true,"campfire_choices":[{"floor":7,"key":"REST"}],"circlet_count":0,"master_deck":["AscendersBane","Strike_G","Strike_G","Strike_G","Strike_G","Strike_G","Defend_G","Defend_G","Defend_G","Defend_G","Defend_G","Survivor","Neutralize","Wraith Form v2","Dagger Spray","Riddle With Holes","Pain","Deadly Poison","Blur"],"relics":["Ring of the Snake","WarpedTongs","Blue Candle"],"acts_visited":["Exordium"],"potions_floor_usage":[5,8],"damage_taken":[{"damage":6,"enemies":"2 Louse","floor":1,"turns":6},{"damage":0,"enemies":"Cultist","floor":2,"turns":4},{"damage":1,"enemies":"Small Slimes","floor":5,"turns":4},{"damage":36,"enemies":"Gremlin Nob","floor":6,"turns":4},{"damage":30,"enemies":"Lagavulin","floor":8,"turns":8}],"seed_played":"-9025380765144696824","potions_obtained":[{"floor":1,"key":"Poison Potion"},{"floor":6,"key":"BlessingOfTheForge"}],"is_trial":false,"path_per_floor":["M","M","?","?","M","E","R","E"],"character_chosen":"THE_SILENT","items_purchased":[],"campfire_rested":1,"item_purchase_floors":[],"current_hp_per_floor":[38,38,38,38,37,1,20,0,0],"gold":177,"neow_bonus":"THREE_RARE_CARDS","is_daily":false,"chose_seed":false,"campfire_upgraded":0,"win_rate":0.0,"timestamp":1610256996,"path_taken":["M","M","?","?","?","E","R","E"],"items_purchased_type":[],"build_version":"2020-12-22","purchased_purges":0,"victory":false,"max_hp_per_floor":[66,66,66,66,66,66,66,66,66],"relic_stats":{"counters":[5,26],"Blue Candle":[0],"obtain_stats":[{"Blue Candle":6,"Ring of the Snake":0,"WarpedTongs":4},{"Blue Candle":4,"Ring of the Snake":0,"WarpedTongs":2},{"Blue Candle":18,"Ring of the Snake":0,"WarpedTongs":10}],"Ring of the Snake":[10],"WarpedTongs":[16]},"card_choices":[{"not_picked":["Grand Finale","Glass Knife"],"picked":"Wraith Form v2","floor":0},{"not_picked":["Dodge and Roll","Footwork"],"picked":"Dagger Spray","floor":1},{"not_picked":["Acrobatics","Dagger Spray"],"picked":"Riddle With Holes","floor":2},{"not_picked":["Tactician","Slice"],"picked":"Deadly Poison","floor":5},{"not_picked":["Expertise","Dodge and Roll"],"picked":"Blur","floor":6}],"player_experience":946208,"relics_obtained":[{"floor":6,"key":"Blue Candle"}],"event_choices":[{"damage_healed":0,"gold_gain":0,"player_choice":"Ignored","damage_taken":0,"max_hp_gain":0,"max_hp_loss":0,"event_name":"Shining Light","floor":3,"gold_loss":0},{"damage_healed":0,"gold_gain":0,"player_choice":"Rummage","damage_taken":0,"relics_obtained":["WarpedTongs"],"max_hp_gain":0,"max_hp_loss":0,"event_name":"Accursed Blacksmith","floor":4,"gold_loss":0,"cards_obtained":["Pain"]}],"is_beta":false,"boss_relics":[],"items_purged_floors":[],"is_endless":false,"potions_floor_spawned":[1,6],"killed_by":"Lagavulin","ascension_level":17}}