{"host":"3oax8yz66k5njorr","time":1610296975,"event":{"mods":["AchievementEnabler","BaseMod","Colored Map","Colored Powertips","DeckTracker","Minty Spire (QoL Compilation)"],"gold_per_floor":[115,131,147,163,180,180,208,208,281,21,38,38,73,84,84,184,184,202,182,182,194,210,242,242,267,267,285,210,229,243,263,263,363,363,376,426,436,105,120,120,120,0,0,0,0,0,19,19,19,19],"floor_reached":51,"playtime":2616,"items_purged":["Strike_R","Strike_R"],"score":728,"play_id":"0dec2ab5-1ace-46a5-821b-8103429eca12","local_time":"20210111014255","is_ascension_mode":false,"campfire_choices":[{"floor":6.0,"key":"REST"},{"floor":8.0,"key":"REST"},{"data":"Demon Form","floor":12.0,"key":"SMITH"},{"floor":15,"key":"REST"},{"data":"Corruption","floor":24,"key":"SMITH"},{"data":"Armaments","floor":32,"key":"SMITH"},{"data":"True Grit","floor":40,"key":"SMITH"},{"data":"Strike_R","floor":44,"key":"PURGE"},{"data":"Evolve","floor":46,"key":"SMITH"},{"data":"Seeing Red","floor":49,"key":"SMITH"}],"circlet_count":0,"master_deck":["Strike_R","Defend_R","Defend_R","Defend_R","Defend_R","Bash","Armaments+1","Twin Strike","Seeing Red+1","Demon Form+1","Pummel","Shrug It Off","Sword Boomerang","Intimidate","Twin Strike","Disarm","Corruption+1","Headbutt","Reaper","Battle Trance","Ghostly Armor","Heavy Blade+1","Pommel Strike+1","Whirlwind","Exhume","Burning Pact+1","Clothesline","True Grit+1","Offering","Evolve+1","Disarm+1"],"relics":["Black Blood","Happy Flower","Bottled Tornado","Lizard Tail","Nilry\u0027s Codex","Dream Catcher","Pantograph","CaptainsWheel","Coffee Dripper","Peace Pipe","Red Mask","Toxic Egg 2"],"acts_visited":["Exordium","TheCity","TheBeyond"],"potions_floor_usage":[23,23,50,50,50],"damage_taken":[{"damage":0.0,"enemies":"Small Slimes","floor":1.0,"turns":3.0},{"damage":8.0,"enemies":"2 Louse","floor":2.0,"turns":3.0},{"damage":6.0,"enemies":"Jaw Worm","floor":3.0,"turns":4.0},{"damage":28.0,"enemies":"Gremlin Gang","floor":4.0,"turns":6.0},{"damage":21.0,"enemies":"Blue Slaver","floor":5.0,"turns":4.0},{"damage":58.0,"enemies":"3 Sentries","floor":7.0,"turns":8.0},{"damage":5.0,"enemies":"Exordium Wildlife","floor":11.0,"turns":3.0},{"damage":13.0,"enemies":"Lagavulin","floor":13.0,"turns":4.0},{"damage":22,"enemies":"3 Louse","floor":14,"turns":3},{"damage":28,"enemies":"Hexaghost","floor":16,"turns":6},{"damage":6,"enemies":"3 Byrds","floor":18,"turns":5},{"damage":26,"enemies":"2 Thieves","floor":19,"turns":4},{"damage":30,"enemies":"Snake Plant","floor":21,"turns":6},{"damage":16,"enemies":"Sentry and Sphere","floor":22,"turns":5},{"damage":44,"enemies":"Gremlin Leader","floor":23,"turns":7},{"damage":71,"enemies":"Slavers","floor":25,"turns":6},{"damage":12,"enemies":"Centurion and Healer","floor":27,"turns":5},{"damage":6,"enemies":"Chosen and Byrds","floor":29,"turns":5},{"damage":19,"enemies":"Cultist and Chosen","floor":30,"turns":7},{"damage":13,"enemies":"3 Cultists","floor":31,"turns":4},{"damage":27,"enemies":"Automaton","floor":33,"turns":6},{"damage":11,"enemies":"Orb Walker","floor":35,"turns":4},{"damage":18,"enemies":"Mind Bloom Boss Battle","floor":36,"turns":6},{"damage":21,"enemies":"3 Darklings","floor":37,"turns":5},{"damage":38,"enemies":"Transient","floor":39,"turns":5},{"damage":26,"enemies":"Writhing Mass","floor":47,"turns":6},{"damage":52,"enemies":"Donu and Deca","floor":50,"turns":6}],"seed_played":"594994688496106154","potions_obtained":[{"floor":4.0,"key":"PowerPotion"},{"floor":5.0,"key":"ElixirPotion"},{"floor":7.0,"key":"SpeedPotion"},{"floor":19,"key":"EssenceOfSteel"},{"floor":21,"key":"PowerPotion"},{"floor":29,"key":"ColorlessPotion"},{"floor":30,"key":"Explosive Potion"},{"floor":35,"key":"Energy Potion"}],"is_trial":false,"path_per_floor":["M","M","M","M","M","R","E","R","T","$","M","R","E","M","R","B",null,"M","M","?","M","M","E","R","E","T","M","?","M","M","M","R","B",null,"M","?","M","$","M","R","$","?","T","R","?","R","M","$","R","B",null],"character_chosen":"IRONCLAD","items_purchased":["Sword Boomerang","Intimidate","Twin Strike","Offering","Evolve"],"campfire_rested":3,"item_purchase_floors":[10,10,10,38,38],"current_hp_per_floor":[88,86,86,64,49,75,23,49,49,49,50,50,43,27,53,31,88,88,74,58,42,42,84,84,48,48,76,76,88,81,88,88,83,88,88,88,79,79,53,53,53,53,53,53,53,53,48,48,48,33],"gold":19,"neow_bonus":"TEN_PERCENT_HP_BONUS","is_daily":false,"chose_seed":false,"campfire_upgraded":6,"win_rate":0.0,"timestamp":1610296975,"path_taken":["M","M","M","M","M","R","E","R","T","$","M","R","E","M","R","BOSS","M","M","?","M","M","E","R","E","T","M","?","M","M","M","R","BOSS","M","?","M","$","M","R","$","?","T","R","?","R","M","?","R","BOSS"],"items_purchased_type":["Card","Card","Card","Card","Card"],"build_version":"2020-12-22","purchased_purges":2,"victory":true,"max_hp_per_floor":[88,88,88,88,88,88,88,88,88,88,88,88,88,88,88,88,88,88,88,88,88,88,88,88,88,88,88,88,88,88,88,88,88,88,88,88,88,88,88,88,88,88,88,88,84,84,84,84,84,84],"card_choices":[{"not_picked":["Heavy Blade","Havoc"],"picked":"Armaments","floor":1.0},{"not_picked":["Combust","Infernal Blade"],"picked":"Twin Strike","floor":2.0},{"not_picked":["Clothesline","Power Through"],"picked":"Seeing Red","floor":3.0},{"not_picked":["Sword Boomerang","Rupture"],"picked":"Demon Form","floor":4.0},{"not_picked":["Body Slam","Clothesline"],"picked":"Pummel","floor":5.0},{"not_picked":["Burning Pact","Body Slam"],"picked":"Shrug It Off","floor":7.0},{"not_picked":["Anger","Perfected Strike"],"picked":"Disarm","floor":11.0},{"not_picked":["Feel No Pain","Fire Breathing"],"picked":"Corruption","floor":13.0},{"not_picked":["Pommel Strike","Perfected Strike"],"picked":"Headbutt","floor":14},{"not_picked":["Berserk","Barricade"],"picked":"Reaper","floor":16},{"not_picked":["Flame Barrier","Warcry","Clash"],"picked":"SKIP","floor":18},{"not_picked":["Havoc+1","Limit Break"],"picked":"Battle Trance","floor":19},{"not_picked":["Rage","Heavy Blade","Clash+1"],"picked":"SKIP","floor":21},{"not_picked":["Headbutt","Rupture","Flex"],"picked":"SKIP","floor":22},{"not_picked":["Second Wind","Shrug It Off+1","Combust+1"],"picked":"SKIP","floor":23},{"not_picked":["Second Wind","Shrug It Off+1","Combust+1"],"picked":"SKIP","floor":23},{"not_picked":["Fire Breathing","Power Through"],"picked":"Ghostly Armor","floor":25},{"not_picked":["Flex","Twin Strike"],"picked":"Heavy Blade+1","floor":27},{"not_picked":["Anger","Dual Wield"],"picked":"Pommel Strike+1","floor":29},{"not_picked":["Body Slam+1","Dropkick"],"picked":"Whirlwind","floor":30},{"not_picked":["Entrench","Rage+1","Whirlwind+1"],"picked":"SKIP","floor":31},{"not_picked":["Reaper","Corruption"],"picked":"Exhume","floor":33},{"not_picked":["Battle Trance","Cleave"],"picked":"Burning Pact+1","floor":35},{"not_picked":["Perfected Strike+1","Thunderclap"],"picked":"Clothesline","floor":36},{"not_picked":["Body Slam","Twin Strike"],"picked":"True Grit","floor":37},{"not_picked":["Entrench+1","Wild Strike+1"],"picked":"Disarm+1","floor":39},{"not_picked":["Cleave+1","Headbutt","Infernal Blade+1"],"picked":"SKIP","floor":47}],"player_experience":30788,"relics_obtained":[{"floor":7.0,"key":"Happy Flower"},{"floor":9.0,"key":"Bottled Tornado"},{"floor":13.0,"key":"Lizard Tail"},{"floor":20,"key":"Nilry\u0027s Codex"},{"floor":23,"key":"Dream Catcher"},{"floor":25,"key":"Pantograph"},{"floor":26,"key":"CaptainsWheel"},{"floor":36,"key":"Peace Pipe"},{"floor":43,"key":"Toxic Egg 2"}],"event_choices":[{"damage_healed":0,"gold_gain":0,"player_choice":"Obtained Book","damage_taken":16,"max_hp_gain":0,"max_hp_loss":0,"event_name":"Cursed Tome","floor":20,"gold_loss":0},{"cards_removed":["Strike_R"],"damage_healed":0,"gold_gain":0,"player_choice":"Gave Gold","damage_taken":0,"max_hp_gain":0,"max_hp_loss":0,"event_name":"Beggar","floor":28,"gold_loss":75},{"damage_healed":0,"gold_gain":0,"player_choice":"Fight","damage_taken":0,"max_hp_gain":0,"max_hp_loss":0,"event_name":"MindBloom","floor":36,"gold_loss":0},{"damage_healed":0,"gold_gain":0,"player_choice":"Paid","damage_taken":0,"relics_obtained":["Red Mask"],"max_hp_gain":0,"max_hp_loss":0,"event_name":"Tomb of Lord Red Mask","floor":42,"gold_loss":120},{"damage_healed":0,"gold_gain":0,"player_choice":"Max HP","damage_taken":0,"max_hp_gain":0,"max_hp_loss":4,"event_name":"Winding Halls","floor":45,"gold_loss":0}],"is_beta":false,"boss_relics":[{"not_picked":["SacredBark","Velvet Choker"],"picked":"Black Blood"},{"not_picked":["Snecko Eye","SlaversCollar"],"picked":"Coffee Dripper"}],"items_purged_floors":[10,38],"is_endless":false,"potions_floor_spawned":[4,5,7,19,21,22,29,30,35,47],"ascension_level":0}}