{"host":"640uue19m79c7wbt","time":1610248786,"event":{"mods":["BaseMod","Colored Map","Googly Eyes","Highlight Path","Minty Spire (QoL Compilation)","Quick Restart","StSLib"],"gold_per_floor":[114,114,114,130,305,305,336,361,361,382,382,67,17,56,56,56,56],"floor_reached":16,"playtime":473,"items_purged":["Doubt"],"score":193,"play_id":"52e7ff04-913e-445e-ab1b-e51c4ce24ecb","local_time":"20210109221946","is_ascension_mode":true,"campfire_choices":[{"data":"Bouncing Flask","floor":6.0,"key":"SMITH"},{"floor":15,"key":"REST"}],"circlet_count":0,"master_deck":["Strike_G","Strike_G","Strike_G","Strike_G","Defend_G","Defend_G","Defend_G","Defend_G","Defend_G","Survivor","Neutralize","PiercingWail","Bouncing Flask+1","Wraith Form v2+1","Endless Agony+1","Heel Hook+1","Enlightenment","Slice+1"],"relics":["Ring of the Snake","NeowsBlessing","Golden Idol","Molten Egg 2","Question Card","Snake Skull","Nunchaku"],"acts_visited":["Exordium"],"potions_floor_usage":[14,16,16],"damage_taken":[{"damage":0.0,"enemies":"Small Slimes","floor":1.0,"turns":1.0},{"damage":0.0,"enemies":"2 Louse","floor":4.0,"turns":1.0},{"damage":0.0,"enemies":"Lagavulin","floor":7.0,"turns":1.0},{"damage":2.0,"enemies":"Jaw Worm","floor":8.0,"turns":4.0},{"damage":12.0,"enemies":"Large Slime","floor":10.0,"turns":7.0},{"damage":12,"enemies":"3 Sentries","floor":14,"turns":6},{"damage":46,"enemies":"Slime Boss","floor":16,"turns":12}],"seed_played":"2735096472810885535","potions_obtained":[{"floor":4.0,"key":"BlessingOfTheForge"},{"floor":8.0,"key":"PowerPotion"},{"floor":10.0,"key":"Block Potion"},{"floor":14,"key":"AttackPotion"}],"is_trial":false,"path_per_floor":["M","?","?","M","?","R","E","M","T","M","?","$","?","E","R","B"],"character_chosen":"THE_SILENT","items_purchased":["Snake Skull","Enlightenment"],"campfire_rested":1,"item_purchase_floors":[12,12],"current_hp_per_floor":[63,68,50,50,50,50,50,48,48,36,36,36,36,24,46,0,0],"gold":56,"neow_bonus":"THREE_ENEMY_KILL","is_daily":false,"chose_seed":false,"campfire_upgraded":1,"win_rate":0.0,"timestamp":1610248786,"path_taken":["M","?","?","M","?","R","E","M","T","M","?","$","?","E","R","BOSS"],"items_purchased_type":["Relic","Card"],"build_version":"2020-12-22","purchased_purges":1,"victory":false,"max_hp_per_floor":[70,75,75,75,75,75,75,75,75,75,75,75,75,75,75,75,75],"card_choices":[{"not_picked":["Deadly Poison","Poisoned Stab"],"picked":"PiercingWail","floor":1.0},{"not_picked":["Blade Dance","Endless Agony"],"picked":"Bouncing Flask","floor":4.0},{"not_picked":["Masterful Stab+1","Cloak And Dagger"],"picked":"Wraith Form v2","floor":7.0},{"not_picked":["Blur","Choke+1"],"picked":"Endless Agony+1","floor":8.0},{"not_picked":["Outmaneuver","PiercingWail","Slice+1"],"picked":"Heel Hook+1","floor":10.0},{"not_picked":["Tactician","Acrobatics","Terror"],"picked":"Slice+1","floor":14}],"player_experience":576948,"relics_obtained":[{"floor":7.0,"key":"Molten Egg 2"},{"floor":9.0,"key":"Question Card"},{"floor":14,"key":"Nunchaku"}],"event_choices":[{"damage_healed":0.0,"max_hp_gain":5.0,"max_hp_loss":0.0,"gold_gain":0.0,"event_name":"Big Fish","player_choice":"Donut","floor":2.0,"gold_loss":0.0,"damage_taken":0.0},{"damage_healed":0.0,"max_hp_gain":0.0,"max_hp_loss":0.0,"gold_gain":0.0,"event_name":"Golden Idol","player_choice":"Take Damage","floor":3.0,"gold_loss":0.0,"damage_taken":18.0,"relics_obtained":["Golden Idol"]},{"damage_healed":0.0,"max_hp_gain":0.0,"max_hp_loss":0.0,"gold_gain":175.0,"event_name":"Liars Game","player_choice":"AGREE","floor":5.0,"gold_loss":0.0,"damage_taken":0.0,"cards_obtained":["Doubt"]},{"damage_healed":0.0,"max_hp_gain":0.0,"max_hp_loss":0.0,"gold_gain":0.0,"event_name":"Living Wall","player_choice":"Grow","floor":11.0,"gold_loss":0.0,"damage_taken":0.0,"cards_upgraded":["Wraith Form v2"]},{"cards_removed":["Strike_G"],"damage_healed":0.0,"max_hp_gain":0.0,"max_hp_loss":0.0,"gold_gain":0.0,"event_name":"The Cleric","player_choice":"Card Removal","floor":13.0,"gold_loss":50.0,"damage_taken":0.0}],"is_beta":false,"boss_relics":[],"items_purged_floors":[12],"is_endless":false,"potions_floor_spawned":[4,8,10,14],"killed_by":"Slime Boss","ascension_level":9}}