{"host":"fmwbmnqnrup981we","time":1610310111,"event":{"mods":["AchievementEnabler","Act Like it!","BaseMod","Better Match","Better Note","Better Skull","Better Synergies","Better Third Choice","Better Vampires","Block Reminder","Curses Come First","Downfall","Duelist Mod","Elementarium","GungeonMod","HexUI Lib","HornydragonMod","Marked Mod","Minty Spire (QoL Compilation)","Pikachu Mod","Quick Restart","Relic Stats","SIMod","StSLib","The Bug Knight","The Death Knight","The Forsaken","The Marked","The Necromancer","The Runesmith","The Servant 0.9.4","The Wild Card","TheHero","TheVacant","TheVelvet","Transform Curses","Waifu the Spire","Yuri Mod","everything is the same but u backflip on backflip"],"gold_per_floor":[110,110,125,138,88,88,120,120,120,132,144,144,144,161,161,161,161],"floor_reached":16,"playtime":549,"items_purged":[],"score":102,"play_id":"a6953026-0023-430a-93ee-ac9ee7c3226e","local_time":"20210110202151","is_ascension_mode":false,"campfire_choices":[{"floor":6,"key":"RECALL"},{"floor":13,"key":"REST"},{"floor":15,"key":"REST"}],"circlet_count":0,"master_deck":["Strike_P","Strike_P","Strike_P","Defend_P","Defend_P","Defend_P","Eruption","Vigilance","DeusExMachina+1","MarkedMod:GracefulMovements","MarkedMod:FirstStrike","Study","Prostrate","Consecrate","FlurryOfBlows"],"relics":["PureWater","MealTicket"],"acts_visited":["Exordium"],"potions_floor_usage":[7,16,16,16],"damage_taken":[{"damage":13,"enemies":"2 Louse","floor":1,"turns":3},{"damage":0,"enemies":"Cultist","floor":3,"turns":4},{"damage":0,"enemies":"Small Slimes","floor":4,"turns":2},{"damage":59,"enemies":"3 Sentries","floor":7,"turns":9},{"damage":13,"enemies":"2 Fungi Beasts","floor":10,"turns":5},{"damage":0,"enemies":"Exordium Wildlife","floor":11,"turns":5},{"damage":13,"enemies":"Blue Slaver","floor":14,"turns":3},{"damage":35,"enemies":"Hexaghost","floor":16,"turns":11}],"seed_played":"5335821955035421798","potions_obtained":[{"floor":0,"key":"FairyPotion"},{"floor":0,"key":"sneckomod:MuddlingPotion"},{"floor":0,"key":"Swift Potion"},{"floor":3,"key":"Explosive Potion"},{"floor":4,"key":"Guardian:BlockOnCardUsePotion"},{"floor":7,"key":"DeathKnight:RimePotion"},{"floor":14,"key":"BlessingOfTheForge"}],"is_trial":false,"path_per_floor":["M","?","M","M","?","R","E","?","T","M","M","?","R","M","R","B"],"character_chosen":"WATCHER","items_purchased":[],"campfire_rested":2,"item_purchase_floors":[],"current_hp_per_floor":[59,59,59,59,59,59,21,21,21,8,8,1,22,9,30,0,0],"gold":161,"neow_bonus":"THREE_SMALL_POTIONS","is_daily":false,"chose_seed":false,"campfire_upgraded":0,"win_rate":0.0,"timestamp":1610310111,"path_taken":["M","?","?","M","?","R","E","?","T","M","?","?","R","M","R","BOSS"],"items_purchased_type":[],"build_version":"2020-12-22","purchased_purges":0,"victory":false,"max_hp_per_floor":[72,72,72,72,72,72,72,72,72,72,72,72,72,72,72,72,72],"relic_stats":{"counters":[8,42],"MealTicket":0,"obtain_stats":[{"MealTicket":7,"DemoMod:GlassGuonStoneRelic":4,"PureWater":0},{"MealTicket":4,"DemoMod:GlassGuonStoneRelic":3,"PureWater":0},{"MealTicket":18,"DemoMod:GlassGuonStoneRelic":9,"PureWater":0}]},"card_choices":[{"not_picked":["Halt","Fasting2"],"picked":"DeusExMachina","floor":1},{"not_picked":["Swivel","BattleHymn"],"picked":"MarkedMod:GracefulMovements","floor":3},{"not_picked":["ThirdEye","Wallop"],"picked":"MarkedMod:FirstStrike","floor":4},{"not_picked":["ReachHeaven","Weave"],"picked":"Study","floor":7},{"not_picked":["MarkedMod:GentlePulse","ClearTheMind"],"picked":"Prostrate","floor":10},{"not_picked":["MarkedMod:Acupuncture","ClearTheMind"],"picked":"Consecrate","floor":11},{"not_picked":["Perseverance","EmptyBody"],"picked":"FlurryOfBlows","floor":14}],"player_experience":435437,"relics_obtained":[{"floor":7,"key":"MealTicket"}],"event_choices":[{"damage_healed":0,"gold_gain":0,"player_choice":"Upgraded","damage_taken":0,"max_hp_gain":0,"max_hp_loss":0,"event_name":"Upgrade Shrine","floor":2,"gold_loss":0,"cards_upgraded":["DeusExMachina"]},{"cards_removed":["Strike_P"],"damage_healed":0,"gold_gain":0,"player_choice":"Card Removal","damage_taken":0,"max_hp_gain":0,"max_hp_loss":0,"event_name":"The Cleric","floor":5,"gold_loss":50},{"cards_removed":["Defend_P"],"damage_healed":0,"gold_gain":0,"player_choice":"Purged","damage_taken":0,"max_hp_gain":0,"max_hp_loss":0,"event_name":"Purifier","floor":8,"gold_loss":0},{"damage_healed":0,"gold_gain":0,"player_choice":"LEAVE","damage_taken":7,"max_hp_gain":0,"max_hp_loss":0,"event_name":"betterThird:BetterScrap","floor":12,"gold_loss":0,"cards_obtained":["Expertise"]}],"is_beta":false,"boss_relics":[],"items_purged_floors":[],"is_endless":false,"potions_floor_spawned":[3,4,7,14],"killed_by":"Hexaghost","ascension_level":0}}