{"host":"6jrnojxwearbrjzo","time":1610290111,"event":{"mods":["BaseMod","Conspire","Highlight Path","Marisa（F雨　魔理沙）","Minty Spire (QoL Compilation)","Quick Restart","Replay The Spire","Shop Mod","Spicy Shops","StSLib","The Construct","The Cursed","The Servant 0.9.4","[功能]功能增强和修复MOD","vexMod"],"gold_per_floor":[117,292,109,109,97,132,132,210,290,290,23,23,9,9,9,174,174,244,244,46,46,4,4,51,51,120,235,235,130,400,451,451,633,633,683,683,601,601,706,768,654,654,654,722,645,707,707,735,735,741],"floor_reached":51,"playtime":2606,"items_purged":["Doubt","Strike_R","Strike_R","Defend_R","Defend_R","Shame","Shame","Pain","Hallucinations","Corruption","Writhe","Injury"],"score":1106,"play_id":"90b75d63-5d91-4a01-9843-eb7532918b87","local_time":"20210110224831","is_ascension_mode":true,"campfire_choices":[{"floor":12.0,"key":"REST"},{"data":"Eclipse","floor":15.0,"key":"SMITH"},{"data":"Corruption","floor":32.0,"key":"SMITH"},{"data":"Double Tap","floor":42.0,"key":"SMITH"},{"data":"Entrench","floor":42.0,"key":"SMITH"},{"floor":49.0,"key":"DIG"}],"circlet_count":0,"master_deck":["conspire:GhostlyStrike","conspire:GhostlyStrike","conspire:GhostlyStrike","conspire:GhostlyDefend","conspire:GhostlyDefend","Entrench+1","ReplayTheSpireMod:Stacked+1","ReplayUltimateDefense+1","Offering+1","Eclipse+1","Corruption+1","Limit Break+1","Fiend Fire","Barricade+1","conspire:Purge","Impervious","Offering+1","Double Tap","Bash","Double Tap+1","Impervious"],"relics":["Replay:Bronze Core","Chemical X","Centennial Puzzle","FossilizedHelix","Iron Hammer","Juzu Bracelet","ReplayTheSpireMod:CursedCoin","Replay:Baseball","vexMod:GildedClover","Blood Vial","Replay:Accelerometer","ReplayTheSpireMod:Ring of Challenge","Ring of Peace","Bird Faced Urn","HornCleat","Golden Idol","Pocketwatch","Toolbox","MealTicket","Incense Burner","Tiny Chest","construct:WeddingRing","Nloth\u0027s Gift","vexMod:FocusSash","Replay:Wax Seal","Membership Card","OrangePellets","Durian","Replay:Bandana","Sling","Bottled Lightning","Quantum Egg","conspire:DecoderRing","WarpedTongs","Eternal Feather","Strawberry","Ancient Tea Set","Replay:Ringing Soul","Lantern","vexMod:PaidLearning","Boot","Guide Book","Art of War","Regal Pillow","SacredBark","conspire:GiftBox","Pen Nib","vexMod:MemoryStick","Replay:Rubber Ducky","BargainBundle","vexMod:Spyglass","Replay:Bottled Flurry","Anchor","Replay:Arrowhead","Shovel","Bag of Marbles","Chameleon Ring","Strange Spoon","ReplayTheSpireMod:Lightbulb","Divine Protection","Happy Flower","Orichalcum","PreservedInsect","King of Hearts","Replay:Bottled Steam","Replay:Bottled Eggs","Gremlin Horn","ReplayFunnel"],"acts_visited":["Exordium","TheCity","TheBeyond"],"potions_floor_usage":[50,50],"damage_taken":[{"damage":11.0,"enemies":"Jaw Worm","floor":1.0,"turns":2.0},{"damage":2.0,"enemies":"Lagavulin","floor":6.0,"turns":4.0},{"damage":0.0,"enemies":"Gremlin Nob","floor":8.0,"turns":2.0},{"damage":0.0,"enemies":"Slime Boss","floor":16.0,"turns":6.0},{"damage":4.0,"enemies":"Shell Parasite","floor":18.0,"turns":4.0},{"damage":0.0,"enemies":"Gremlin Leader","floor":24.0,"turns":9.0},{"damage":7.0,"enemies":"Slavers","floor":27.0,"turns":3.0},{"damage":0.0,"enemies":"Collector","floor":33.0,"turns":14.0},{"damage":0.0,"enemies":"3 Darklings","floor":35.0,"turns":5.0},{"damage":0.0,"enemies":"Reptomancer","floor":40.0,"turns":2.0},{"damage":0.0,"enemies":"R_Hoarder","floor":44.0,"turns":5.0},{"damage":0.0,"enemies":"Giant Head","floor":46.0,"turns":3.0},{"damage":0.0,"enemies":"3 Shapes","floor":48.0,"turns":1.0},{"damage":0,"enemies":"Time Eater","floor":50,"turns":13}],"seed_played":"-8053198607816878125","potions_obtained":[{"floor":1.0,"key":"BlessingOfTheForge"},{"floor":4.0,"key":"SteroidPotion"},{"floor":4.0,"key":"Death Potion"},{"floor":6.0,"key":"Reflective Coating"},{"floor":16.0,"key":"HeartOfIron"},{"floor":16.0,"key":"Dexterity Potion"},{"floor":33.0,"key":"FearPotion"}],"is_trial":false,"path_per_floor":["M","?","$","?","$","E","?","E","T","?","$","R","$","?","R","B",null,"M","?","$","?","$","T","E","?","T","E","?","$","?","T","R","B",null,"M","?","$","T","?","E","$","R","T","E","$","E","T","M","R","B",null],"character_chosen":"IRONCLAD","items_purchased":["ReplayTheSpireMod:Stacked+1","Chemical X","Centennial Puzzle","FossilizedHelix","ReplayUltimateDefense","Iron Hammer","Juzu Bracelet","ReplayTheSpireMod:CursedCoin","Replay:Baseball","vexMod:GildedClover","Blood Vial","Pocketwatch","Toolbox","MealTicket","Incense Burner","Blue Doll","Corruption","FearPotion","PowerPotion","Tiny Chest","vexMod:FocusSash","Replay:Wax Seal","Membership Card","Barricade","OrangePellets","Durian","Replay:Bandana","Energy Potion","HeartOfIron","conspire:Purge","ReplayTheSpireMod:Necrogeddon","Sling","Bottled Lightning","Replay:Ringing Soul","Lantern","vexMod:PaidLearning","Boot","Guide Book","Art of War","Impervious","conspire:GiftBox","Pen Nib","vexMod:MemoryStick","Replay:Rubber Ducky","BargainBundle","vexMod:Spyglass","Shovel","Bag of Marbles","Chameleon Ring","Strange Spoon","ReplayTheSpireMod:Lightbulb","Double Tap","Orichalcum","PreservedInsect","King of Hearts","Replay:Bottled Steam","Impervious"],"campfire_rested":1,"item_purchase_floors":[3,3,3,3,3,5,5,5,5,5,5,11,11,11,11,11,11,11,11,13,20,20,20,20,20,20,20,20,20,20,20,22,22,29,29,29,29,29,29,29,37,37,37,37,37,37,41,41,41,41,41,41,45,45,45,45,45],"current_hp_per_floor":[69,69,69,69,69,69,69,71,71,51,51,75,80,80,80,80,80,76,76,85,85,85,85,85,85,85,85,85,95,68,68,77,88,98,101,104,107,107,81,91,109,110,110,110,113,113,113,113,113,113],"gold":741,"neow_bonus":"BOSS_RELIC","is_daily":false,"chose_seed":false,"campfire_upgraded":4,"win_rate":0.0,"timestamp":1610290111,"path_taken":["M","?","$","?","$","E","?","E","T","?","?","R","$","?","R","BOSS","M","?","$","?","$","?","E","?","T","E","?","$","?","?","R","BOSS","M","?","$","?","?","E","?","R","T","E","$","E","?","?","R","BOSS"],"items_purchased_type":["Card","Relic","Relic","Relic","Card","Relic","Relic","Relic","Relic","Relic","Relic","Relic","Relic","Relic","Relic","Relic","Card","Potion","Potion","Relic","Relic","Relic","Relic","Card","Relic","Relic","Relic","Potion","Potion","Card","Card","Relic","Relic","Relic","Relic","Relic","Relic","Relic","Relic","Card","Relic","Relic","Relic","Relic","Relic","Relic","Relic","Relic","Relic","Relic","Relic","Card","Relic","Relic","Relic","Relic","Card"],"build_version":"2020-12-22","purchased_purges":12,"victory":true,"max_hp_per_floor":[80,80,80,80,80,80,80,80,80,80,80,80,80,80,80,80,80,80,80,85,85,85,85,85,85,85,92,92,95,95,95,95,98,98,101,104,107,107,107,107,110,110,110,110,113,113,113,113,113,113],"card_choices":[{"not_picked":["Massacre","Cleave"],"picked":"Entrench","floor":1.0},{"not_picked":["Eclipse","Demon Form"],"picked":"Offering","floor":6.0},{"not_picked":["Reaper","Brutality"],"picked":"Eclipse","floor":8.0},{"not_picked":["Corruption","conspire:HitWhereItHurts"],"picked":"Limit Break","floor":16.0},{"not_picked":["Hemogenesis","conspire:HitWhereItHurts"],"picked":"Fiend Fire","floor":18.0},{"not_picked":["conspire:Purge","Corruption","Juggernaut"],"picked":"SKIP","floor":24.0},{"not_picked":["Eclipse","Immolate","Brutality"],"picked":"SKIP","floor":27.0},{"not_picked":["Demonic Infusion","Impervious"],"picked":"Offering","floor":33.0},{"not_picked":["Eclipse","Immolate"],"picked":"Double Tap","floor":35.0},{"not_picked":["Berserk","Brutality"],"picked":"Feed","floor":37.0},{"not_picked":["Offering","Replay:Many Hands","conspire:Purge"],"picked":"SKIP","floor":40.0},{"not_picked":["Offering","Feed","Barricade"],"picked":"SKIP","floor":44.0},{"not_picked":["Juggernaut","Demonic Infusion","Reaper"],"picked":"SKIP","floor":46.0},{"not_picked":["Juggernaut","Feed","Fiend Fire"],"picked":"SKIP","floor":48.0}],"player_experience":62140,"relics_obtained":[{"floor":6.0,"key":"Replay:Accelerometer"},{"floor":7.0,"key":"ReplayTheSpireMod:Ring of Challenge"},{"floor":7.0,"key":"Ring of Peace"},{"floor":8.0,"key":"Bird Faced Urn"},{"floor":9.0,"key":"HornCleat"},{"floor":23.0,"key":"Quantum Egg"},{"floor":24.0,"key":"conspire:DecoderRing"},{"floor":26.0,"key":"Eternal Feather"},{"floor":27.0,"key":"Strawberry"},{"floor":27.0,"key":"Ancient Tea Set"},{"floor":31.0,"key":"Regal Pillow"},{"floor":38.0,"key":"Replay:Bottled Flurry"},{"floor":39.0,"key":"Anchor"},{"floor":40.0,"key":"Replay:Arrowhead"},{"floor":43.0,"key":"Divine Protection"},{"floor":44.0,"key":"Happy Flower"},{"floor":46.0,"key":"Replay:Bottled Eggs"},{"floor":47.0,"key":"Gremlin Horn"},{"floor":49.0,"key":"ReplayFunnel"}],"event_choices":[{"damage_healed":0.0,"max_hp_gain":0.0,"max_hp_loss":0.0,"gold_gain":175.0,"event_name":"Liars Game","player_choice":"AGREE","floor":2.0,"gold_loss":0.0,"damage_taken":0.0,"cards_obtained":["Doubt"]},{"damage_healed":0.0,"max_hp_gain":0.0,"max_hp_loss":0.0,"gold_gain":0.0,"event_name":"Lab","player_choice":"Got Potions","floor":4.0,"gold_loss":0.0,"damage_taken":0.0},{"damage_healed":0.0,"max_hp_gain":0.0,"max_hp_loss":0.0,"gold_gain":0.0,"event_name":"Golden Idol","player_choice":"Take Damage","floor":10.0,"gold_loss":0.0,"damage_taken":20.0,"relics_obtained":["Golden Idol"]},{"damage_healed":0.0,"max_hp_gain":0.0,"max_hp_loss":0.0,"gold_gain":0.0,"event_name":"conspire:LoneGhost","player_choice":"Agree","floor":14.0,"gold_loss":0.0,"damage_taken":0.0},{"damage_healed":0.0,"max_hp_gain":0.0,"max_hp_loss":0.0,"gold_gain":0.0,"event_name":"N\u0027loth","player_choice":"Traded Relic","floor":19.0,"relics_lost":["Blue Doll"],"gold_loss":0.0,"damage_taken":0.0,"relics_obtained":["Nloth\u0027s Gift"]},{"damage_healed":0.0,"max_hp_gain":0.0,"max_hp_loss":0.0,"gold_gain":0.0,"event_name":"Accursed Blacksmith","player_choice":"Rummage","floor":25.0,"gold_loss":0.0,"damage_taken":0.0,"relics_obtained":["WarpedTongs"],"cards_obtained":["Pain"]},{"cards_removed":["ReplayTheSpireMod:Necrogeddon"],"damage_healed":0.0,"max_hp_gain":0.0,"max_hp_loss":0.0,"gold_gain":0.0,"event_name":"Back to Basics","player_choice":"Elegance","floor":28.0,"gold_loss":0.0,"damage_taken":0.0},{"damage_healed":0.0,"max_hp_gain":0.0,"max_hp_loss":0.0,"gold_gain":270.0,"event_name":"Knowing Skull","player_choice":"GOLD GOLD GOLD ","floor":30.0,"potions_obtained":[],"gold_loss":0.0,"damage_taken":27.0,"cards_obtained":[]},{"cards_removed":["Bash"],"damage_healed":0.0,"max_hp_gain":0.0,"max_hp_loss":0.0,"gold_gain":0.0,"event_name":"NoteForYourself","player_choice":"Took Card","floor":36.0,"gold_loss":0.0,"damage_taken":0.0,"cards_obtained":["Bash"]}],"is_beta":false,"boss_relics":[{"not_picked":["vexMod:CursedCompass","vexMod:DeviousBotling"],"picked":"construct:WeddingRing"},{"not_picked":["Coffee Dripper","Abe\u0027s Treasure"],"picked":"SacredBark"}],"items_purged_floors":[3,3,3,3,3,3,5,5,11,11,20,29],"is_endless":false,"potions_floor_spawned":[1,6,16,16,24,27,33,35,40,40,40,48,48],"ascension_level":1}}