{"host":"0lnx88jdgcrh6gmr","time":1610318651,"event":{"mods":["2.2 Compatiblity","AchievementEnabler","BaseMod","Beaked The Cultist","Better Note","Better Skull","Better Third Choice","Block Reminder","Colored Map","Displayed Cursed Tome","Glutton Mod","Googly Eyes","Hermit","Highlight Path","Minty Spire (QoL Compilation)","Rare Cards Sparkle","Relic Stats","Shade Mod","Spicy Shops","StSLib","The Construct","The Cursed","The Disciple","The Mystic","The Servant 0.9.4","Unceasing Turn Reminder","everything is the same but u backflip on backflip","slay the spire mod where everything is the same but ironclad has a cowboy hat"],"gold_per_floor":[116,116,126,86,104,124,139,139,162,182,182,199,216,234,234,335,335,349,349,359,25,44,44,44,44],"floor_reached":24,"playtime":1127,"items_purged":[],"score":219,"play_id":"f95fcad2-55b7-454e-bd46-cc52aadc3908","local_time":"20210110154411","is_ascension_mode":false,"campfire_choices":[{"floor":8,"key":"REST"},{"data":"Leg Sweep","floor":11,"key":"SMITH"},{"floor":15,"key":"REST"},{"floor":23,"key":"REST"}],"circlet_count":0,"master_deck":["Strike_G","Strike_G","Strike_G","Strike_G+1","Defend_G","Defend_G","Defend_G","Defend_G","Defend_G","Survivor","Neutralize+1","Blur","Slice","Bouncing Flask","Bane","Poisoned Stab","Dodge and Roll","Leg Sweep+1","Poisoned Stab","Feed","Crippling Poison","Poisoned Stab","Noxious Fumes","Poisoned Stab"],"relics":["Ring of the Snake","Bag of Marbles","beaked:SacredDeck","Toxic Egg 2"],"acts_visited":["Exordium","TheCity"],"potions_floor_usage":[24],"damage_taken":[{"damage":3,"enemies":"Jaw Worm","floor":1,"turns":8},{"damage":0,"enemies":"Small Slimes","floor":3,"turns":3},{"damage":0,"enemies":"Cultist","floor":5,"turns":3},{"damage":7,"enemies":"Lots of Slimes","floor":6,"turns":6},{"damage":11,"enemies":"Blue Slaver","floor":7,"turns":4},{"damage":3,"enemies":"3 Louse","floor":10,"turns":4},{"damage":1,"enemies":"Red Slaver","floor":12,"turns":3},{"damage":13,"enemies":"Large Slime","floor":13,"turns":7},{"damage":0,"enemies":"2 Fungi Beasts","floor":14,"turns":2},{"damage":43,"enemies":"Slime Boss","floor":16,"turns":12},{"damage":22,"enemies":"Spheric Guardian","floor":18,"turns":4},{"damage":18,"enemies":"3 Byrds","floor":20,"turns":6},{"damage":8,"enemies":"Snecko","floor":22,"turns":5},{"damage":60,"enemies":"Slavers","floor":24,"turns":5}],"seed_played":"-1285949713445994747","potions_obtained":[{"floor":4,"key":"DistilledChaos"},{"floor":4,"key":"Energy Potion"},{"floor":4,"key":"CultistPotion"},{"floor":16,"key":"Regen Potion"}],"is_trial":false,"path_per_floor":["M","?","M","?","M","M","M","R","T","M","R","M","M","M","R","B",null,"M","?","M","$","M","R","E"],"character_chosen":"THE_SILENT","items_purchased":["Noxious Fumes","Toxic Egg 2"],"campfire_rested":3,"item_purchase_floors":[21,21],"current_hp_per_floor":[67,53,53,53,53,46,35,56,56,53,53,52,39,39,60,17,70,48,48,30,30,22,43,0,0],"gold":44,"neow_bonus":"THREE_CARDS","is_daily":false,"chose_seed":false,"campfire_upgraded":1,"win_rate":0.0,"timestamp":1610318651,"path_taken":["M","?","M","?","?","M","M","R","T","M","R","?","M","M","R","BOSS","M","?","M","$","M","R","E"],"items_purchased_type":["Card","Relic"],"build_version":"2020-12-22","purchased_purges":0,"victory":false,"max_hp_per_floor":[70,70,70,70,70,70,70,70,70,70,70,70,70,70,70,70,70,70,70,70,70,70,70,70,70],"relic_stats":{"counters":[14,72],"obtain_stats":[{"beaked:SacredDeck":17,"Bag of Marbles":9,"Toxic Egg 2":21,"Ring of the Snake":0},{"beaked:SacredDeck":10,"Bag of Marbles":5,"Toxic Egg 2":12,"Ring of the Snake":0},{"beaked:SacredDeck":52,"Bag of Marbles":24,"Toxic Egg 2":62,"Ring of the Snake":0}],"Ring of the Snake":[28]},"card_choices":[{"not_picked":["Backflip","Sucker Punch"],"picked":"Blur","floor":0},{"not_picked":["Blade Dance","Flying Knee"],"picked":"Slice","floor":1},{"not_picked":["Infinite Blades","Quick Slash"],"picked":"Bouncing Flask","floor":3},{"not_picked":["Sucker Punch","Deflect"],"picked":"Bane","floor":5},{"not_picked":["Slice","Caltrops"],"picked":"Poisoned Stab","floor":6},{"not_picked":["Flechettes","Calculated Gamble"],"picked":"Dodge and Roll","floor":7},{"not_picked":["Skewer","Deflect"],"picked":"Leg Sweep","floor":10},{"not_picked":["Slice","Cloak And Dagger"],"picked":"Poisoned Stab","floor":12},{"not_picked":["Slice","Expertise","Blade Dance"],"picked":"SKIP","floor":13},{"not_picked":["Envenom","All Out Attack","Eviscerate"],"picked":"SKIP","floor":14},{"not_picked":["PiercingWail+1","Distraction+1"],"picked":"Crippling Poison","floor":18},{"not_picked":["Escape Plan","Dagger Spray"],"picked":"Poisoned Stab","floor":20},{"not_picked":["Flechettes","Dagger Spray"],"picked":"Poisoned Stab","floor":22}],"player_experience":244062,"relics_obtained":[{"floor":9,"key":"Bag of Marbles"}],"event_choices":[{"damage_healed":67,"gold_gain":0,"player_choice":"Upgrade","damage_taken":14,"max_hp_gain":0,"max_hp_loss":70,"event_name":"betterThird:BetterShining","floor":2,"gold_loss":0,"cards_upgraded":["Neutralize","Strike_G"]},{"damage_healed":0,"gold_gain":0,"player_choice":"Bought 3 Potions","damage_taken":0,"max_hp_gain":0,"max_hp_loss":0,"event_name":"The Woman in Blue","floor":4,"gold_loss":0},{"cards_removed":["Strike_G"],"damage_healed":0,"gold_gain":0,"player_choice":"Offered Basic","damage_taken":0,"max_hp_gain":0,"max_hp_loss":0,"event_name":"Bonfire Elementals","floor":19,"gold_loss":0}],"is_beta":false,"boss_relics":[{"not_picked":["construct:ClawGrip","Coffee Dripper"],"picked":"beaked:SacredDeck"}],"items_purged_floors":[],"is_endless":false,"potions_floor_spawned":[5,6,7,13,14,16,18],"killed_by":"Slavers","ascension_level":0}}