{"host":"51f0ad793vly1w6u","time":1610250229,"event":{"mods":["BaseMod","Colored Map","DeckTracker","Minty Spire (QoL Compilation)","StSLib","SuperFastMode"],"gold_per_floor":[12,12,12,23,33,33,67,67,67,67,80,80,105,10,10,85,85,104,104,19,30,43,43,43,43,43,58,73,104,104,104,104,104,104],"floor_reached":33,"playtime":692,"items_purged":[],"score":546,"play_id":"d108842b-3fe3-4eb8-bd04-dc3f27138583","local_time":"20210110124349","is_ascension_mode":true,"campfire_choices":[{"data":"Immolate","floor":6.0,"key":"SMITH"},{"data":"True Grit","floor":8.0,"key":"SMITH"},{"data":"Feel No Pain","floor":15.0,"key":"SMITH"},{"data":"Dual Wield","floor":23.0,"key":"SMITH"},{"data":"Fire Breathing","floor":25,"key":"SMITH"},{"floor":32,"key":"REST"}],"circlet_count":0,"master_deck":["AscendersBane","Strike_R+1","Strike_R+1","Strike_R+1","Strike_R+1","Strike_R+1","Defend_R+1","Defend_R+1","Defend_R+1","Defend_R+1","Bash","Immolate+1","Second Wind","Heavy Blade","Inflame","Thunderclap","True Grit+1","Shrug It Off","Feel No Pain+1","Reaper","Shockwave","Dual Wield+1","Fire Breathing+1","Body Slam+1","Clothesline","Feed","Evolve+1","Immolate+1"],"relics":["Burning Blood","Lizard Tail","Ice Cream","Blood Vial","Bottled Lightning","Snecko Eye","Boot","Pear","Oddly Smooth Stone"],"acts_visited":["Exordium","TheCity"],"potions_floor_usage":[29,33],"damage_taken":[{"damage":9.0,"enemies":"Jaw Worm","floor":1.0,"turns":4.0},{"damage":1.0,"enemies":"Cultist","floor":4.0,"turns":4.0},{"damage":15.0,"enemies":"Small Slimes","floor":5.0,"turns":3.0},{"damage":30.0,"enemies":"Lagavulin","floor":7.0,"turns":6.0},{"damage":0.0,"enemies":"3 Louse","floor":11.0,"turns":1.0},{"damage":11.0,"enemies":"3 Sentries","floor":13.0,"turns":5.0},{"damage":27.0,"enemies":"The Guardian","floor":16.0,"turns":15.0},{"damage":8.0,"enemies":"3 Byrds","floor":18.0,"turns":4.0},{"damage":0.0,"enemies":"Chosen","floor":21.0,"turns":2.0},{"damage":29.0,"enemies":"Snake Plant","floor":22.0,"turns":5.0},{"damage":0,"enemies":"Cultist and Chosen","floor":27,"turns":5},{"damage":0,"enemies":"Chosen and Byrds","floor":28,"turns":4},{"damage":59,"enemies":"Book of Stabbing","floor":29,"turns":6},{"damage":80,"enemies":"Automaton","floor":33,"turns":6}],"seed_played":"-7104862213309468959","potions_obtained":[{"floor":1.0,"key":"HeartOfIron"},{"floor":11.0,"key":"SkillPotion"},{"floor":27,"key":"EssenceOfSteel"},{"floor":29,"key":"FearPotion"}],"is_trial":false,"path_per_floor":["M","?","$","M","M","R","E","R","T","?","M","?","E","$","R","B",null,"M","?","?","M","M","R","?","R","T","M","M","E","?","?","R","B"],"character_chosen":"IRONCLAD","items_purchased":["Shrug It Off","Feel No Pain"],"campfire_rested":1,"item_purchase_floors":[14,14],"current_hp_per_floor":[65,65,65,70,61,61,37,37,37,11,19,37,34,34,34,15,60,66,66,66,74,64,64,64,64,74,82,85,41,16,16,43,0,0],"gold":104,"neow_bonus":"THREE_RARE_CARDS","is_daily":false,"chose_seed":false,"campfire_upgraded":5,"win_rate":0.0,"timestamp":1610250229,"path_taken":["M","?","?","M","M","R","E","R","T","?","M","?","E","$","R","BOSS","M","?","?","M","M","R","?","R","T","M","M","E","?","?","R","BOSS"],"items_purchased_type":["Card","Card"],"build_version":"2020-12-22","purchased_purges":0,"victory":false,"max_hp_per_floor":[75,75,75,75,75,75,75,75,75,75,75,75,75,75,75,75,75,75,75,75,75,75,75,75,75,85,85,85,85,90,90,90,90,90],"card_choices":[{"not_picked":["Juggernaut","Impervious"],"picked":"Immolate","floor":0.0},{"not_picked":["Body Slam","Sword Boomerang"],"picked":"Second Wind","floor":1.0},{"not_picked":["Wild Strike","Clash"],"picked":"Inflame","floor":4.0},{"not_picked":["Flex","Warcry"],"picked":"Thunderclap","floor":5.0},{"not_picked":["Thunderclap","Blood for Blood"],"picked":"True Grit","floor":7.0},{"not_picked":["Flex","Rage","Iron Wave"],"picked":"SKIP","floor":11.0},{"not_picked":["Heavy Blade","Infernal Blade","Flex"],"picked":"SKIP","floor":13.0},{"not_picked":["Fiend Fire","Double Tap"],"picked":"Reaper","floor":16.0},{"not_picked":["Anger","Rupture"],"picked":"Shockwave","floor":18.0},{"not_picked":["True Grit","Perfected Strike"],"picked":"Fire Breathing","floor":21.0},{"not_picked":["Infernal Blade","Warcry"],"picked":"Body Slam+1","floor":22.0},{"not_picked":["Sword Boomerang","Anger"],"picked":"Clothesline","floor":27},{"not_picked":["Warcry","Twin Strike"],"picked":"Feed","floor":28},{"not_picked":["Twin Strike+1","Reckless Charge"],"picked":"Evolve+1","floor":29}],"player_experience":1390055,"relics_obtained":[{"floor":7.0,"key":"Lizard Tail"},{"floor":9.0,"key":"Ice Cream"},{"floor":13.0,"key":"Bottled Lightning"},{"floor":26,"key":"Pear"},{"floor":29,"key":"Oddly Smooth Stone"}],"event_choices":[{"damage_healed":0.0,"max_hp_gain":0.0,"max_hp_loss":0.0,"gold_gain":0.0,"event_name":"Match and Keep!","player_choice":"1 cards matched","floor":2.0,"gold_loss":0.0,"damage_taken":0.0,"cards_obtained":["Heavy Blade"]},{"damage_healed":0.0,"max_hp_gain":0.0,"max_hp_loss":0.0,"gold_gain":0.0,"event_name":"Scrap Ooze","player_choice":"Success","floor":10.0,"gold_loss":0.0,"damage_taken":26.0,"relics_obtained":["Blood Vial"]},{"damage_healed":0.0,"max_hp_gain":0.0,"max_hp_loss":0.0,"gold_gain":0.0,"event_name":"Shining Light","player_choice":"Entered Light","floor":12.0,"gold_loss":0.0,"damage_taken":23.0,"cards_upgraded":["Strike_R","Strike_R"]},{"damage_healed":0.0,"max_hp_gain":0.0,"max_hp_loss":0.0,"gold_gain":0.0,"event_name":"The Library","player_choice":"Read","floor":19.0,"gold_loss":0.0,"damage_taken":0.0,"cards_obtained":["Dual Wield"]},{"damage_healed":0.0,"max_hp_gain":0.0,"max_hp_loss":0.0,"gold_gain":0.0,"event_name":"Addict","player_choice":"Obtained Relic","floor":20.0,"gold_loss":85.0,"damage_taken":0.0,"relics_obtained":["Boot"]},{"damage_healed":0.0,"max_hp_gain":0.0,"max_hp_loss":0.0,"gold_gain":0.0,"event_name":"Back to Basics","player_choice":"Simplicity","floor":24.0,"gold_loss":0.0,"damage_taken":0.0,"cards_upgraded":["Strike_R","Strike_R","Strike_R","Defend_R","Defend_R","Defend_R","Defend_R"]},{"damage_healed":0,"gold_gain":0,"player_choice":"Shed Blood","damage_taken":30,"max_hp_gain":5,"max_hp_loss":0,"event_name":"Forgotten Altar","floor":30,"gold_loss":0},{"damage_healed":0,"gold_gain":0,"player_choice":"Copied","damage_taken":0,"max_hp_gain":0,"max_hp_loss":0,"event_name":"Duplicator","floor":31,"gold_loss":0,"cards_obtained":["Immolate"]}],"is_beta":false,"boss_relics":[{"not_picked":["Astrolabe","Mark of Pain"],"picked":"Snecko Eye"}],"items_purged_floors":[],"is_endless":false,"potions_floor_spawned":[1,11,27,29],"killed_by":"Automaton","ascension_level":20}}