{"host":"mcdusr64esz012l0","time":1610261341,"event":{"mods":["BaseMod","Minty Spire (QoL Compilation)","Relic Stats"],"gold_per_floor":[110,110,31,47,47,78,78,3,3,3,18,18,34,34,34,132,132,155,170,189,22,41,41,41],"floor_reached":23,"playtime":763,"items_purged":["Strike_P"],"score":382,"play_id":"d4047959-9571-4596-9a8c-fdd69028945e","local_time":"20210110014901","is_ascension_mode":true,"campfire_choices":[{"data":"BowlingBash","floor":7,"key":"SMITH"},{"data":"WindmillStrike","floor":10,"key":"SMITH"},{"data":"Wallop","floor":12,"key":"SMITH"},{"data":"Protect","floor":15,"key":"SMITH"}],"circlet_count":0,"master_deck":["AscendersBane","Strike_P","Defend_P","Defend_P","Defend_P","Eruption","Vigilance","BowlingBash+1","WindmillStrike+1","Wallop+1","Protect+1","Scrawl","CutThroughFate","InnerPeace","Wallop","Conclude"],"relics":["Coffee Dripper","Golden Idol","Eternal Feather","Mercury Hourglass","Empty Cage"],"acts_visited":["Exordium","TheCity"],"potions_floor_usage":[6,13,16,18,23],"damage_taken":[{"damage":0,"enemies":"Jaw Worm","floor":1,"turns":3},{"damage":7,"enemies":"Small Slimes","floor":4,"turns":3},{"damage":51,"enemies":"Lagavulin","floor":6,"turns":7},{"damage":0,"enemies":"Cultist","floor":11,"turns":3},{"damage":0,"enemies":"Lots of Slimes","floor":13,"turns":3},{"damage":19,"enemies":"Hexaghost","floor":16,"turns":9},{"damage":6,"enemies":"Chosen","floor":18,"turns":5},{"damage":9,"enemies":"Shell Parasite","floor":19,"turns":4},{"damage":0,"enemies":"3 Cultists","floor":20,"turns":3},{"damage":5,"enemies":"Centurion and Healer","floor":22,"turns":4},{"damage":31,"enemies":"Book of Stabbing","floor":23,"turns":5}],"seed_played":"-7866097220555878706","potions_obtained":[{"floor":6,"key":"Energy Potion"},{"floor":11,"key":"Dexterity Potion"},{"floor":13,"key":"SkillPotion"},{"floor":18,"key":"GamblersBrew"},{"floor":22,"key":"Dexterity Potion"}],"is_trial":false,"path_per_floor":["M","?","$","M","?","E","R","$","T","R","M","R","M","?","R","B",null,"M","M","M","$","M","E"],"character_chosen":"WATCHER","items_purchased":["DistilledChaos","Wallop","Conclude"],"campfire_rested":0,"item_purchase_floors":[3,21,21],"current_hp_per_floor":[61,61,61,54,54,3,9,9,9,15,15,21,21,21,27,8,49,43,34,34,34,29,0,0],"gold":41,"neow_bonus":"BOSS_RELIC","is_daily":false,"chose_seed":false,"campfire_upgraded":4,"win_rate":0.0,"timestamp":1610261341,"path_taken":["M","?","$","M","?","E","R","?","T","R","?","R","M","?","R","BOSS","M","?","M","$","M","E"],"items_purchased_type":["Potion","Card","Card"],"build_version":"2020-12-22","purchased_purges":1,"victory":false,"max_hp_per_floor":[68,62,62,62,62,62,62,62,62,62,62,62,62,62,62,62,62,62,62,62,62,62,62,62],"relic_stats":{"counters":[11,48],"Golden Idol":51,"Eternal Feather":24,"obtain_stats":[{"Golden Idol":2,"Eternal Feather":6,"Coffee Dripper":0,"PureWater":0,"Empty Cage":17,"Mercury Hourglass":9},{"Golden Idol":1,"Eternal Feather":3,"Coffee Dripper":0,"PureWater":0,"Empty Cage":6,"Mercury Hourglass":3},{"Golden Idol":3,"Eternal Feather":13,"Coffee Dripper":0,"PureWater":0,"Empty Cage":27,"Mercury Hourglass":13}],"Mercury Hourglass":[126]},"card_choices":[{"not_picked":["InnerPeace","Prostrate"],"picked":"BowlingBash","floor":1},{"not_picked":["ForeignInfluence","BowlingBash","Study"],"picked":"SKIP","floor":4},{"not_picked":["CrushJoints","Prostrate"],"picked":"WindmillStrike","floor":6},{"not_picked":["FlyingSleeves","Protect"],"picked":"Wallop","floor":11},{"not_picked":["FlyingSleeves","CutThroughFate"],"picked":"Protect","floor":13},{"not_picked":["MasterReality","ConjureBlade"],"picked":"Scrawl","floor":16},{"not_picked":["FlyingSleeves+1","ForeignInfluence"],"picked":"CutThroughFate","floor":18},{"not_picked":["WaveOfTheHand","FlyingSleeves","Evaluate"],"picked":"SKIP","floor":19},{"not_picked":["PathToVictory","Worship"],"picked":"InnerPeace","floor":20},{"not_picked":["PathToVictory","Collect","WaveOfTheHand"],"picked":"SKIP","floor":22}],"player_experience":1038328,"relics_obtained":[{"floor":6,"key":"Eternal Feather"},{"floor":9,"key":"Mercury Hourglass"}],"event_choices":[{"damage_healed":0,"gold_gain":0,"player_choice":"Lose Max HP","damage_taken":0,"relics_obtained":["Golden Idol"],"max_hp_gain":0,"max_hp_loss":6,"event_name":"Golden Idol","floor":2,"gold_loss":0},{"damage_healed":0,"gold_gain":0,"player_choice":"Ignored","damage_taken":0,"max_hp_gain":0,"max_hp_loss":0,"event_name":"Shining Light","floor":5,"gold_loss":0},{"cards_removed":["Defend_P"],"damage_healed":0,"gold_gain":0,"player_choice":"Purged","damage_taken":0,"max_hp_gain":0,"max_hp_loss":0,"event_name":"Purifier","floor":14,"gold_loss":0}],"is_beta":false,"boss_relics":[{"not_picked":["Ectoplasm","Philosopher\u0027s Stone"],"picked":"Empty Cage"}],"items_purged_floors":[8],"is_endless":false,"potions_floor_spawned":[6,11,13,18,22],"killed_by":"Book of Stabbing","ascension_level":20}}