{"host":"e5u7qs1emxzejr12","time":1610289844,"event":{"mods":["2.2 Compatiblity","Act Like it!","Arknights The Spire","BaseMod","CapriCore","Card Forge","Custom Start","Highlight Path","Luminous","Marisa£¨ìFÓê¡¡Ä§ÀíÉ³£©","Minty Spire (QoL Compilation)","Quick Restart","Replay The Spire","StSLib","SuperFastMode","Td1madao Mod","The Alterego","The Immortal","The Servant 0.9.4","UnlockEverythingMod","¡¾ÒÅÎï¿¨ÅÆ¡¿REMEMod","óô»ðÖ¸ÄÏ"],"gold_per_floor":[154,154,154,261,586,673,757,254,306,384,215,293,424,525,525,792,792,879,545,595,645,129,260,260],"floor_reached":23,"playtime":1378,"items_purged":[],"score":637,"play_id":"a3ca72f5-e233-4354-87a3-4303c5c1ca99","local_time":"20210110224404","daily_mods":["Heirloom","Flight","DeadlyEvents","Elite Swarm","Midas"],"is_ascension_mode":true,"campfire_choices":[{"floor":15,"key":"REST"}],"circlet_count":0,"master_deck":["AscendersBane","alterego_mod:Defend+1","alterego_mod:Defend+1","alterego_mod:BigMeatyClaws+1","alterego_mod:BrynhildrsRune+1","Offering+1","alterego_mod:DiscoLights+1","alterego_mod:Undulate+1","alterego_mod:AlterEgo+1","alterego_mod:Birthday+1","alterego_mod:Lingerie+1","alterego_mod:Bounce+1","alterego_mod:HighServant+1","Flash of Steel+1","alterego_mod:TrickOrTreatment+1","Pot Of Greed+1","Pot Of Greed+1","alterego_mod:GIGAMILK+1","alterego_mod:GIGAMILK+1"],"relics":["alterego_mod:MasochisticConstitution","Hammer of Thor","Seething Fire","Anvil of the Gods","REME_ComplimentaryCards","CaptainsWheel","SsserpentHead","Akabeko","StrikeDummy","Blue Doll","Ancient Tea Set","Blue Candle","ReplayTheSpireMod:CursedCoin","Replay:Bandana","REME_HandOfSuture","InkBottle","Snecko Eye","Ice Cream","REME_ArchaeologicalTools","Grinning Jar","Membership Card","ReplayTheSpireMod:Shallot","TungstenRod"],"acts_visited":["Exordium","TheCity"],"potions_floor_usage":[14,23],"damage_taken":[{"damage":13.0,"enemies":"Small Slimes","floor":1.0,"turns":3.0},{"damage":6.0,"enemies":"2 Louse","floor":4.0,"turns":3.0},{"damage":8.0,"enemies":"3 Sentries","floor":6.0,"turns":11.0},{"damage":8.0,"enemies":"Gremlin Nob","floor":7.0,"turns":3.0},{"damage":13.0,"enemies":"3 Sentries","floor":10.0,"turns":7.0},{"damage":9,"enemies":"Lagavulin","floor":12,"turns":5},{"damage":33,"enemies":"3 Sentries","floor":13,"turns":4},{"damage":5,"enemies":"Lagavulin","floor":14,"turns":4},{"damage":6,"enemies":"Hexaghost","floor":16,"turns":5},{"damage":6,"enemies":"Chosen","floor":18,"turns":4},{"damage":20,"enemies":"Slavers","floor":23,"turns":4}],"seed_played":"-5465948285022695490","potions_obtained":[{"floor":1.0,"key":"Languid Potion"},{"floor":6.0,"key":"Explosive Potion"},{"floor":16,"key":"EssenceOfSteel"}],"is_trial":true,"path_per_floor":["M","?","?","M","?","E","E","$","T","E","$","E","E","E","R","B",null,"M","$","?","T","$","E"],"character_chosen":"The_Alterego","items_purchased":["StrikeDummy","Blue Doll","alterego_mod:Birthday","ReplayTheSpireMod:CursedCoin","alterego_mod:Lingerie","alterego_mod:Bounce","alterego_mod:HighServant","alterego_mod:Cycle","Flash of Steel","Ice Cream","Membership Card","ReplayTheSpireMod:Shallot","TungstenRod","alterego_mod:GIGAMILK"],"campfire_rested":1,"item_purchase_floors":[8,8,8,11,11,11,11,11,11,19,22,22,22,22],"current_hp_per_floor":[54,54,54,49,49,49,42,42,42,40,40,35,13,12,33,47,67,65,65,65,65,65,48,48],"gold":260,"neow_bonus":"","is_daily":false,"chose_seed":false,"campfire_upgraded":0,"win_rate":0.0,"timestamp":1610289844,"path_taken":["M","?","?","?","?","E","E","$","T","E","$","E","E","E","R","BOSS","M","$","?","?","$","E"],"items_purchased_type":["Relic","Relic","Card","Relic","Card","Card","Card","Card","Card","Relic","Relic","Relic","Relic","Card"],"build_version":"2020-12-22","purchased_purges":0,"victory":false,"max_hp_per_floor":[66,66,66,67,67,68,69,69,69,70,70,71,72,73,73,74,74,75,75,75,75,75,75,75],"card_choices":[{"not_picked":["alterego_mod:Complex","alterego_mod:BoobPocket"],"picked":"alterego_mod:DiscoLights","floor":1.0},{"not_picked":["alterego_mod:Complex","alterego_mod:Stockings"],"picked":"alterego_mod:Undulate","floor":4.0},{"not_picked":["alterego_mod:IdEs","alterego_mod:Lift","alterego_mod:Vow"],"picked":"SKIP","floor":6.0},{"not_picked":["alterego_mod:Palingenesis","alterego_mod:Lift"],"picked":"alterego_mod:AlterEgo","floor":7.0},{"not_picked":["alterego_mod:RingBreak","alterego_mod:Rake","alterego_mod:Lift"],"picked":"SKIP","floor":10.0},{"not_picked":["alterego_mod:Vow","alterego_mod:RingBreak","alterego_mod:IdEs"],"picked":"SKIP","floor":12},{"not_picked":["alterego_mod:IdEs","alterego_mod:RingBreak"],"picked":"alterego_mod:TrickOrTreatment","floor":13},{"not_picked":["alterego_mod:RingBreak","alterego_mod:Rake"],"picked":"alterego_mod:STier","floor":14},{"not_picked":["alterego_mod:Belts","alterego_mod:Table","alterego_mod:DeftHands"],"picked":"SKIP","floor":18}],"player_experience":64472,"relics_obtained":[{"floor":6.0,"key":"Akabeko"},{"floor":9.0,"key":"Ancient Tea Set"},{"floor":10.0,"key":"Blue Candle"},{"floor":12,"key":"Replay:Bandana"},{"floor":13,"key":"REME_HandOfSuture"},{"floor":14,"key":"InkBottle"},{"floor":21,"key":"Grinning Jar"}],"event_choices":[{"damage_healed":0.0,"max_hp_gain":0.0,"max_hp_loss":0.0,"gold_gain":0.0,"event_name":"Shining Light","player_choice":"Ignored","floor":2.0,"gold_loss":0.0,"damage_taken":0.0},{"damage_healed":0.0,"max_hp_gain":0.0,"max_hp_loss":0.0,"gold_gain":0.0,"event_name":"FaceTrader","player_choice":"Trade","floor":3.0,"gold_loss":0.0,"damage_taken":0.0,"relics_obtained":["SsserpentHead"]},{"damage_healed":0.0,"max_hp_gain":0.0,"max_hp_loss":0.0,"gold_gain":275.0,"event_name":"Golden Shrine","player_choice":"Desecrate","floor":5.0,"gold_loss":0.0,"damage_taken":0.0,"cards_obtained":["Regret"]}],"is_beta":false,"boss_relics":[{"not_picked":["Tiny House","ChewingGum"],"picked":"Snecko Eye"}],"items_purged_floors":[],"is_endless":false,"potions_floor_spawned":[1,6,7,13,16],"killed_by":"Slavers","ascension_level":20}}