{"host":"9l4mw5jqza9qz9hr","time":1610271533,"event":{"mods":["AchievementEnabler","Always Whale","BaseMod","Colored Map","Minty Spire (QoL Compilation)","StSLib","SuperFastMode"],"gold_per_floor":[110,110,110,120,120,148,158,184,184,18,18,2,14,14,14,14,14],"floor_reached":16,"playtime":255,"items_purged":[],"score":200,"play_id":"ef75f195-eb3e-4999-a2d7-5f811f5851fd","local_time":"20210110183853","is_ascension_mode":true,"campfire_choices":[{"floor":15,"key":"REST"}],"circlet_count":0,"master_deck":["AscendersBane","Strike_B","Strike_B","Defend_B","Defend_B","Defend_B","Defend_B","Zap","Dualcast","Gash","Scrape","Steam","Streamline","Compile Driver+1","Beam Cell+1","Turbo","Scrape+1"],"relics":["Cracked Core","NeowsBlessing","Bottled Flame","The Courier","Molten Egg 2","Calipers","Membership Card"],"acts_visited":["Exordium"],"potions_floor_usage":[],"damage_taken":[{"damage":0.0,"enemies":"Cultist","floor":1.0,"turns":1.0},{"damage":0.0,"enemies":"Small Slimes","floor":4.0,"turns":1.0},{"damage":0.0,"enemies":"3 Sentries","floor":6.0,"turns":1.0},{"damage":3.0,"enemies":"Jaw Worm","floor":7.0,"turns":4.0},{"damage":36.0,"enemies":"Gremlin Nob","floor":8.0,"turns":4.0},{"damage":9,"enemies":"Red Slaver","floor":13,"turns":3},{"damage":45,"enemies":"The Guardian","floor":16,"turns":9}],"seed_played":"6836932632868537127","potions_obtained":[{"floor":4.0,"key":"Explosive Potion"}],"is_trial":false,"path_per_floor":["M","?","?","M","T","E","M","E","T","$","?","$","M","?","R","B"],"character_chosen":"DEFECT","items_purchased":["Membership Card","Beam Cell+1","Turbo","Scrape+1"],"campfire_rested":1,"item_purchase_floors":[10,10,10,12],"current_hp_per_floor":[68,73,73,73,73,73,70,34,34,34,27,27,18,18,42,0,0],"gold":14,"neow_bonus":"THREE_ENEMY_KILL","is_daily":false,"chose_seed":false,"campfire_upgraded":0,"win_rate":0.0,"timestamp":1610271533,"path_taken":["M","?","?","?","?","E","M","E","T","$","?","?","?","?","R","BOSS"],"items_purchased_type":["Relic","Card","Card","Card"],"build_version":"2020-12-22","purchased_purges":0,"victory":false,"max_hp_per_floor":[75,80,80,80,80,80,80,80,80,80,80,80,80,80,80,80,80],"card_choices":[{"not_picked":["BootSequence","Streamline"],"picked":"Gash","floor":1.0},{"not_picked":["Compile Driver","Hello World"],"picked":"Scrape","floor":4.0},{"not_picked":["Ball Lightning","Blizzard"],"picked":"Steam","floor":6.0},{"not_picked":["Fission","Rebound"],"picked":"Streamline","floor":7.0},{"not_picked":["Static Discharge","Sweeping Beam+1"],"picked":"Compile Driver+1","floor":8.0},{"not_picked":["Blizzard+1","Steam","Aggregate"],"picked":"SKIP","floor":13}],"player_experience":205282,"relics_obtained":[{"floor":5.0,"key":"Bottled Flame"},{"floor":6.0,"key":"The Courier"},{"floor":8.0,"key":"Molten Egg 2"},{"floor":9.0,"key":"Calipers"}],"event_choices":[{"damage_healed":0.0,"max_hp_gain":5.0,"max_hp_loss":0.0,"gold_gain":0.0,"event_name":"Big Fish","player_choice":"Donut","floor":2.0,"gold_loss":0.0,"damage_taken":0.0},{"cards_removed":["Strike_B"],"damage_healed":0.0,"max_hp_gain":0.0,"max_hp_loss":0.0,"gold_gain":0.0,"event_name":"Purifier","player_choice":"Purged","floor":3.0,"gold_loss":0.0,"damage_taken":0.0},{"cards_removed":["Strike_B"],"damage_healed":0.0,"max_hp_gain":0.0,"max_hp_loss":0.0,"gold_gain":0.0,"event_name":"Golden Wing","player_choice":"Card Removal","floor":11.0,"gold_loss":0.0,"damage_taken":7.0},{"damage_healed":0,"gold_gain":0,"player_choice":"Ignored","damage_taken":0,"max_hp_gain":0,"max_hp_loss":0,"event_name":"Liars Game","floor":14,"gold_loss":0}],"is_beta":false,"boss_relics":[],"items_purged_floors":[],"is_endless":false,"potions_floor_spawned":[4],"killed_by":"The Guardian","ascension_level":10}}