{"host":"crjmoxe2wwb87pm5","time":1610252289,"event":{"mods":["BaseMod","Colored Map","GifTheSpireLib","Infinite Spire","Minty Spire (QoL Compilation)","Replay The Spire","StSLib"],"gold_per_floor":[117,117,127,127,52,52,52,2,29,29,55,55,70,70,70,170,170,186,111,124,124,142,142,154,154,154,154,154,189,189,15,15,113,113,123,134,149,24,24,24,34,34,34],"floor_reached":42,"playtime":2071,"items_purged":["Bash","ReplayTheSpireMod:Restless Dread","Defend_R"],"score":412,"play_id":"186ed2c8-2294-4943-850b-e46cb45867af","local_time":"20210109231809","is_ascension_mode":false,"campfire_choices":[{"floor":6,"key":"REST"},{"data":"Defend_R","floor":10,"key":"SMITH"},{"floor":12,"key":"REST"},{"data":"Twin Strike","floor":15,"key":"SMITH"},{"floor":23,"key":"REST"},{"data":"Demon Form","floor":25,"key":"SMITH"},{"floor":27,"key":"REST"},{"floor":30,"key":"REST"},{"floor":40,"key":"REST"}],"circlet_count":0,"master_deck":["Strike_R","Strike_R+1","Defend_R+1","Defend_R","Perfected Strike+1","Pommel Strike+1","Warcry","Twin Strike+1","Demon Form+1","Flex+1","Battle Trance+1","RitualDagger+1","Pommel Strike","Dual Wield+1","Double Tap","Perfected Strike","Offering","Flex","Bloodletting+1","Pommel Strike"],"relics":["Burning Blood","Happy Flower","Garlic","ChewingGum","Chameleon Ring","Replay:Rubber Ducky","ReplayTheSpireMod:CursedCoin","ReplayTheSpireMod:Lightbulb","Black Star"],"acts_visited":["Exordium","TheCity","TheBeyond"],"potions_floor_usage":[33,33,33,37],"damage_taken":[{"damage":6,"enemies":"Jaw Worm","floor":1,"turns":3},{"damage":12,"enemies":"Small Slimes","floor":3,"turns":3},{"damage":35,"enemies":"3 Sentries","floor":11,"turns":6},{"damage":2,"enemies":"2 Louse","floor":13,"turns":2},{"damage":64,"enemies":"Hexaghost","floor":16,"turns":10},{"damage":17,"enemies":"2 Thieves","floor":18,"turns":3},{"damage":3,"enemies":"Spheric Guardian","floor":20,"turns":3},{"damage":14,"enemies":"Snake Plant","floor":22,"turns":3},{"damage":26,"enemies":"3 Cultists","floor":24,"turns":5},{"damage":31,"enemies":"Book of Stabbing","floor":29,"turns":4},{"damage":48,"enemies":"Collector","floor":33,"turns":5},{"damage":13,"enemies":"Orb Walker","floor":35,"turns":2},{"damage":37,"enemies":"3 Shapes","floor":36,"turns":3},{"damage":10,"enemies":"3 Darklings","floor":37,"turns":2},{"damage":9,"enemies":"Sphere and 2 Shapes","floor":41,"turns":2},{"damage":20,"enemies":"infinitespire:Three Voidlings","floor":42,"turns":4},{"damage":36,"enemies":"Nightmare_Alpha","floor":42,"turns":3}],"seed_played":"3339731812049609659","potions_obtained":[{"floor":3,"key":"Swift Potion"},{"floor":16,"key":"Strength Potion"},{"floor":18,"key":"Block Potion"},{"floor":29,"key":"Strength Potion"},{"floor":35,"key":"Explosive Potion"},{"floor":36,"key":"GamblersBrew"},{"floor":41,"key":"Explosive Potion"}],"is_trial":false,"path_per_floor":["M","?","M","?","$","R","$","?","T","R","E","R","M","?","R","B",null,"M","?","M","?","M","R","M","R","T","R","?","E","R","$","R_BF","B",null,"M","M","M","$","?","R","M","?"],"character_chosen":"IRONCLAD","items_purchased":["ReplayTheSpireMod:CursedCoin","Perfected Strike","ReplayTheSpireMod:Lightbulb"],"campfire_rested":6,"item_purchase_floors":[31,31,31],"current_hp_per_floor":[72,72,66,52,52,72,72,72,72,72,43,64,68,68,68,10,72,61,61,64,58,50,71,51,51,51,72,72,47,68,68,72,30,72,65,34,30,30,30,51,48,0,0],"gold":34,"neow_bonus":"REMOVE_TWO","is_daily":false,"chose_seed":false,"campfire_upgraded":3,"win_rate":0.0,"timestamp":1610252289,"path_taken":["M","?","M","?","?","R","$","?","T","R","E","R","M","?","R","BOSS","M","?","M","?","M","R","M","R","T","R","?","E","R","$","R_BF","BOSS","M","M","M","$","?","R","M","?"],"items_purchased_type":["Relic","Card","Relic"],"build_version":"2020-12-22","purchased_purges":3,"victory":false,"max_hp_per_floor":[72,72,72,72,72,72,72,72,72,72,72,72,72,72,72,72,72,72,72,72,72,72,72,72,72,72,72,72,72,72,72,72,72,72,72,72,72,72,72,72,72,72,72],"card_choices":[{"not_picked":["Rampage","Warcry"],"picked":"Perfected Strike","floor":1},{"not_picked":["Twin Strike","ReplayTheSpireMod:Muscle Training"],"picked":"Pommel Strike","floor":3},{"not_picked":["Iron Wave","Rupture"],"picked":"Warcry","floor":11},{"not_picked":["True Grit","ReplayReversal"],"picked":"Twin Strike","floor":13},{"not_picked":["Limit Break","Hemogenesis"],"picked":"Demon Form","floor":16},{"not_picked":["Feel No Pain+1","Sentinel"],"picked":"Flex+1","floor":18},{"not_picked":["ReplayTheSpireMod:Muscle Training+1","Metallicize+1"],"picked":"Battle Trance","floor":20},{"not_picked":["Headbutt","Clash"],"picked":"Pommel Strike","floor":22},{"not_picked":["Clash","Sever Soul"],"picked":"Dual Wield+1","floor":24},{"not_picked":["Power Through","ReplayTheSpireMod:Muscle Training"],"picked":"Double Tap","floor":29},{"not_picked":["Bludgeon","Barricade"],"picked":"Offering","floor":33},{"not_picked":["Wild Strike+1","Fire Breathing"],"picked":"Flex","floor":35},{"not_picked":["Armaments+1","Havoc+1"],"picked":"Bloodletting+1","floor":36},{"not_picked":["Second Wind","Armaments+1"],"picked":"Pommel Strike","floor":37},{"not_picked":["Heavy Blade+1","Pummel+1","Entrench+1"],"picked":"SKIP","floor":41}],"player_experience":127453,"relics_obtained":[{"floor":9,"key":"Happy Flower"},{"floor":11,"key":"Garlic"},{"floor":26,"key":"Chameleon Ring"},{"floor":29,"key":"Replay:Rubber Ducky"}],"event_choices":[{"damage_healed":0,"gold_gain":0,"player_choice":"Grow","damage_taken":0,"max_hp_gain":0,"max_hp_loss":0,"event_name":"Living Wall","floor":2,"gold_loss":0,"cards_upgraded":["Perfected Strike"]},{"damage_healed":0,"gold_gain":0,"player_choice":"Entered Light","damage_taken":14,"max_hp_gain":0,"max_hp_loss":0,"event_name":"Shining Light","floor":4,"gold_loss":0,"cards_upgraded":["Strike_R","Pommel Strike"]},{"cards_removed":["Strike_R"],"damage_healed":0,"gold_gain":0,"player_choice":"Card Removal","damage_taken":0,"max_hp_gain":0,"max_hp_loss":0,"event_name":"The Cleric","floor":8,"gold_loss":50},{"cards_removed":["Strike_R"],"damage_healed":0,"gold_gain":0,"player_choice":"Gave Gold","damage_taken":0,"max_hp_gain":0,"max_hp_loss":0,"event_name":"Beggar","floor":19,"gold_loss":75},{"damage_healed":0,"gold_gain":0,"player_choice":"Joined the Cult","damage_taken":6,"max_hp_gain":0,"max_hp_loss":0,"event_name":"Nest","floor":21,"gold_loss":0,"cards_obtained":["RitualDagger"]},{"damage_healed":0,"gold_gain":0,"player_choice":"Forge","damage_taken":0,"max_hp_gain":0,"max_hp_loss":0,"event_name":"Accursed Blacksmith","floor":28,"gold_loss":0,"cards_upgraded":["Battle Trance"]},{"damage_healed":0,"gold_gain":0,"player_choice":"Ignored","damage_taken":0,"max_hp_gain":0,"max_hp_loss":0,"event_name":"The Moai Head","floor":39,"gold_loss":0}],"is_beta":false,"boss_relics":[{"not_picked":["Ectoplasm","infinitespire:Burning Sword"],"picked":"ChewingGum"},{"not_picked":["Cursed Key","Replay:Drink Me"],"picked":"Black Star"}],"items_purged_floors":[5,31,38],"is_endless":false,"potions_floor_spawned":[3,16,18,22,29,35,36,41],"killed_by":"Nightmare_Alpha","ascension_level":0}}