{"host":"Krakhan","time":1610308406,"event":{"mods":["AchievementEnabler","BaseMod","Colored Map","Colored Powertips","Faster Ascension Climbing","Highlight Path","Minty Spire (QoL Compilation)","Rare Cards Sparkle","Relic Stats","StSLib"],"gold_per_floor":[114,130,18,18,38,38,51,51,124,124,124,157,157,57,57,177,177,193,212,87,108,121,121,137,152,152,152,166,16,16,16,16,136,136,154,177,177,240,240,240,259,84,84,107,107,128,142,165,165,165],"floor_reached":51,"playtime":1256,"items_purged":["Defend_R","Strike_R","Strike_R","Anger","Strike_R"],"score":826,"play_id":"c23060f9-e8df-4acc-a246-636694b42e09","local_time":"20210110145326","is_ascension_mode":false,"campfire_choices":[{"data":"Searing Blow","floor":6.0,"key":"SMITH"},{"data":"Searing Blow+1","floor":11,"key":"SMITH"},{"data":"Searing Blow+2","floor":13,"key":"SMITH"},{"data":"Searing Blow+3","floor":15,"key":"SMITH"},{"data":"Searing Blow+4","floor":23,"key":"SMITH"},{"data":"Searing Blow+5","floor":27,"key":"SMITH"},{"data":"Searing Blow+6","floor":32,"key":"SMITH"},{"data":"Searing Blow+7","floor":40,"key":"SMITH"},{"data":"Searing Blow+8","floor":49,"key":"SMITH"}],"circlet_count":0,"master_deck":["Strike_R","Strike_R","Defend_R","Defend_R","Defend_R","Bash","Searing Blow+9","Burning Pact"],"relics":["Burning Blood","NeowsBlessing","Potion Belt","Golden Idol","Mercury Hourglass","Strawberry","Cursed Key","Boot","Runic Pyramid","Lizard Tail","Question Card"],"acts_visited":["Exordium","TheCity","TheBeyond"],"potions_floor_usage":[16,33,47],"damage_taken":[{"damage":0.0,"enemies":"Cultist","floor":1.0,"turns":1.0},{"damage":0.0,"enemies":"2 Louse","floor":2.0,"turns":1.0},{"damage":0.0,"enemies":"Small Slimes","floor":5.0,"turns":1.0},{"damage":10.0,"enemies":"Looter","floor":7.0,"turns":3.0},{"damage":17,"enemies":"3 Sentries","floor":12,"turns":6},{"damage":57,"enemies":"The Guardian","floor":16,"turns":10},{"damage":5,"enemies":"Spheric Guardian","floor":18,"turns":3},{"damage":12,"enemies":"Shell Parasite","floor":19,"turns":4},{"damage":6,"enemies":"3 Cultists","floor":21,"turns":4},{"damage":15,"enemies":"Cultist and Chosen","floor":22,"turns":4},{"damage":16,"enemies":"Snake Plant","floor":24,"turns":2},{"damage":0,"enemies":"Snecko","floor":25,"turns":2},{"damage":7,"enemies":"3 Cultists","floor":28,"turns":4},{"damage":54,"enemies":"Collector","floor":33,"turns":4},{"damage":0,"enemies":"Orb Walker","floor":35,"turns":2},{"damage":26,"enemies":"3 Darklings","floor":36,"turns":5},{"damage":0,"enemies":"Mind Bloom Boss Battle","floor":38,"turns":4},{"damage":12,"enemies":"Spire Growth","floor":41,"turns":3},{"damage":9,"enemies":"4 Shapes","floor":44,"turns":4},{"damage":7,"enemies":"Jaw Worm Horde","floor":46,"turns":3},{"damage":0,"enemies":"Transient","floor":47,"turns":5},{"damage":18,"enemies":"Sphere and 2 Shapes","floor":48,"turns":3},{"damage":78,"enemies":"Donu and Deca","floor":50,"turns":6}],"seed_played":"-7049391906973703589","potions_obtained":[{"floor":5.0,"key":"Block Potion"},{"floor":22,"key":"Ancient Potion"},{"floor":24,"key":"SteroidPotion"},{"floor":33,"key":"Regen Potion"},{"floor":35,"key":"BlessingOfTheForge"},{"floor":36,"key":"DistilledChaos"},{"floor":38,"key":"BlessingOfTheForge"},{"floor":46,"key":"EssenceOfSteel"}],"is_trial":false,"path_per_floor":["M","M","$","?","M","R","M","?","T","?","R","E","R","$","R","B",null,"M","M","$","M","M","R","M","M","T","R","M","$","?","?","R","B",null,"M","M","?","?","?","R","M","$","T","M","$","M","M","M","R","B",null],"character_chosen":"IRONCLAD","items_purchased":["Searing Blow"],"campfire_rested":0,"item_purchase_floors":[3],"current_hp_per_floor":[80,80,80,68,74,74,70,70,70,70,70,66,66,66,66,15,81,81,75,75,75,66,66,56,62,62,62,61,61,61,61,61,13,81,81,61,61,67,67,67,61,61,61,58,58,57,63,51,51,30],"gold":165,"neow_bonus":"THREE_ENEMY_KILL","is_daily":false,"chose_seed":false,"campfire_upgraded":9,"win_rate":0.0,"timestamp":1610308406,"path_taken":["M","M","$","?","M","R","M","?","T","?","R","E","R","$","R","BOSS","M","M","$","M","M","R","M","M","T","R","M","$","?","?","R","BOSS","M","M","?","?","?","R","M","$","T","M","$","?","M","M","R","BOSS"],"items_purchased_type":["Card"],"build_version":"2020-12-18","purchased_purges":5,"victory":true,"max_hp_per_floor":[80,80,80,80,80,80,80,74,74,74,74,81,81,81,81,81,81,81,81,81,81,81,81,81,81,81,81,81,81,81,81,81,81,81,81,81,81,81,81,81,81,81,81,81,81,81,81,81,81,81],"relic_stats":{"Lizard Tail":40,"counters":[23,83],"Golden Idol":145,"Cursed Key":0,"Boot":[0],"Question Card":5,"obtain_stats":[{"Potion Belt":4,"Lizard Tail":38,"NeowsBlessing":0,"Golden Idol":8,"Strawberry":12,"Cursed Key":17,"Boot":30,"Question Card":39,"Burning Blood":0,"Mercury Hourglass":9,"Runic Pyramid":34},{"Potion Belt":2,"Lizard Tail":17,"NeowsBlessing":0,"Golden Idol":4,"Strawberry":5,"Cursed Key":6,"Boot":13,"Question Card":17,"Burning Blood":0,"Mercury Hourglass":4,"Runic Pyramid":14},{"Potion Belt":2,"Lizard Tail":59,"NeowsBlessing":0,"Golden Idol":6,"Strawberry":11,"Cursed Key":21,"Boot":44,"Question Card":59,"Burning Blood":0,"Mercury Hourglass":6,"Runic Pyramid":48}],"Burning Blood":119,"Mercury Hourglass":[310]},"card_choices":[{"not_picked":["Clothesline","Flame Barrier","Pommel Strike"],"picked":"SKIP","floor":1.0},{"not_picked":["Shrug It Off","Feed"],"picked":"Anger","floor":2.0},{"not_picked":["Pummel","Clash","Havoc"],"picked":"SKIP","floor":5.0},{"not_picked":["Twin Strike","Fire Breathing","Wild Strike"],"picked":"SKIP","floor":7.0},{"not_picked":["Cleave","Berserk","Spot Weakness"],"picked":"SKIP","floor":12},{"not_picked":["Sentinel","Sword Boomerang","Warcry"],"picked":"SKIP","floor":18},{"not_picked":["Reckless Charge","Metallicize","Anger+1"],"picked":"SKIP","floor":19},{"not_picked":["Anger","Perfected Strike+1","Limit Break"],"picked":"SKIP","floor":21},{"not_picked":["True Grit","Thunderclap","Reckless Charge"],"picked":"SKIP","floor":22},{"not_picked":["Body Slam+1","Perfected Strike","Rupture"],"picked":"SKIP","floor":24},{"not_picked":["Twin Strike+1","Battle Trance","Clash+1"],"picked":"SKIP","floor":25},{"not_picked":["Bloodletting","Iron Wave","Perfected Strike"],"picked":"SKIP","floor":28},{"not_picked":["Wild Strike+1","True Grit","Thunderclap+1"],"picked":"SKIP","floor":35},{"not_picked":["Twin Strike+1","Clash","Thunderclap"],"picked":"SKIP","floor":36},{"not_picked":["Bloodletting","Second Wind","Carnage","Cleave"],"picked":"SKIP","floor":41},{"not_picked":["Perfected Strike+1","Shrug It Off+1","Thunderclap+1","Wild Strike"],"picked":"SKIP","floor":44},{"not_picked":["Sword Boomerang+1","Immolate","Body Slam+1","Burning Pact"],"picked":"SKIP","floor":46},{"not_picked":["Sword Boomerang+1","Immolate","Body Slam+1"],"picked":"Burning Pact","floor":46},{"not_picked":["Anger+1","Ghostly Armor+1","Burning Pact+1","Dropkick+1"],"picked":"SKIP","floor":47},{"not_picked":["Pommel Strike","Cleave+1","Dropkick","Ghostly Armor+1"],"picked":"SKIP","floor":48}],"player_experience":1298414,"relics_obtained":[{"floor":9.0,"key":"Mercury Hourglass"},{"floor":12,"key":"Strawberry"},{"floor":38,"key":"Lizard Tail"}],"event_choices":[{"damage_healed":0.0,"max_hp_gain":0.0,"max_hp_loss":0.0,"gold_gain":0.0,"event_name":"Scrap Ooze","player_choice":"Success","floor":4.0,"gold_loss":0.0,"damage_taken":12.0,"relics_obtained":["Potion Belt"]},{"damage_healed":0.0,"max_hp_gain":0.0,"max_hp_loss":6.0,"gold_gain":0.0,"event_name":"Golden Idol","player_choice":"Lose Max HP","floor":8.0,"gold_loss":0.0,"damage_taken":0.0,"relics_obtained":["Golden Idol"]},{"damage_healed":0,"gold_gain":0,"player_choice":"Searched \u00270\u0027 times","damage_taken":0,"max_hp_gain":0,"max_hp_loss":0,"event_name":"Dead Adventurer","floor":10,"gold_loss":0},{"damage_healed":0,"gold_gain":0,"player_choice":"Opened","damage_taken":0,"relics_obtained":["Boot"],"max_hp_gain":0,"max_hp_loss":0,"event_name":"The Mausoleum","floor":30,"gold_loss":0},{"damage_healed":0,"gold_gain":0,"player_choice":"Ignored","damage_taken":0,"max_hp_gain":0,"max_hp_loss":0,"event_name":"Ghosts","floor":31,"gold_loss":0},{"damage_healed":0,"gold_gain":0,"player_choice":"Ignored","damage_taken":0,"max_hp_gain":0,"max_hp_loss":0,"event_name":"Tomb of Lord Red Mask","floor":37,"gold_loss":0},{"damage_healed":0,"gold_gain":0,"player_choice":"Fight","damage_taken":0,"max_hp_gain":0,"max_hp_loss":0,"event_name":"MindBloom","floor":38,"gold_loss":0},{"damage_healed":0,"gold_gain":0,"player_choice":"Gave Potion","damage_taken":0,"relics_obtained":["Question Card"],"max_hp_gain":0,"max_hp_loss":0,"event_name":"WeMeetAgain","floor":39,"gold_loss":0}],"is_beta":true,"boss_relics":[{"not_picked":["Calling Bell","Ectoplasm"],"picked":"Cursed Key"},{"not_picked":["Black Star","Snecko Eye"],"picked":"Runic Pyramid"}],"items_purged_floors":[3,14,20,29,42],"is_endless":false,"potions_floor_spawned":[5,22,24,33,35,36,38,46],"ascension_level":0}}