{"host":"8lgo2trwv2o0qyml","time":1610318907,"event":{"mods":["BaseMod","Colored Map","Colored Powertips","DeckTracker","Highlight Path","Hubris","Infinite Spire","Minty Spire (QoL Compilation)","Quick Restart","Random Character Button","Relic Sorter","Replay The Spire","StSLib","SuperFastMode","Synergy Search","The Jungle"],"gold_per_floor":[115,131,0,0,0,0,0,33,33,54,78,78,97,97,97,216,216,231,146,146,146,391,391,422,447,447,463,463,479,479,492,492,492,492],"floor_reached":33,"playtime":1655,"items_purged":[],"score":265,"play_id":"90a2068f-efa9-42e7-81d7-f59e6c6baa67","local_time":"20210110174827","is_ascension_mode":false,"campfire_choices":[{"data":"Genetic Algorithm","floor":6,"key":"SMITH"},{"data":"Echo Form","floor":12,"key":"SMITH"},{"floor":15,"key":"REST"},{"floor":23,"key":"REST"},{"floor":28,"key":"REST"},{"floor":30,"key":"REST"},{"data":"FIFO Queue","floor":32,"key":"SMITH"}],"circlet_count":0,"master_deck":["Strike_B","Strike_B","Strike_B","Strike_B","Defend_B+1","Defend_B+1","Defend_B+1","Defend_B+1","Zap","Dualcast","Replay:Sssssssssstrike","Genetic Algorithm+1","BootSequence","Dramatic Entrance+1","Cold Snap","Injury","Leap","Echo Form+1","Rebound","Ball Lightning","Echo Form","Coolheaded","Necronomicurse","infinitespire:Fortify","Go for the Eyes+1","FIFO Queue+1","Redo+1","Force Field","Go for the Eyes+1"],"relics":["Cracked Core","Mercury Hourglass","Golden Idol","NlothsMask","Replay:Kaleidoscope","Replay:Bronze Core","Replay:Bottled Eggs","Necronomicon","Du-Vu Doll","infinitespire:EmpoweringShard"],"acts_visited":["Exordium","TheCity"],"potions_floor_usage":[24,31,31,33],"damage_taken":[{"damage":15,"enemies":"infinitespire:Voidling","floor":1,"turns":4},{"damage":0,"enemies":"Jaw Worm","floor":2,"turns":3},{"damage":22,"enemies":"Lagavulin","floor":8,"turns":8},{"damage":0,"enemies":"2 Louse","floor":10,"turns":2},{"damage":6,"enemies":"Red Slaver","floor":11,"turns":3},{"damage":0,"enemies":"3 Louse","floor":13,"turns":2},{"damage":53,"enemies":"Hexaghost","floor":16,"turns":10},{"damage":7,"enemies":"Chosen","floor":18,"turns":5},{"damage":5,"enemies":"Book of Stabbing","floor":24,"turns":7},{"damage":6,"enemies":"Spheric Guardian","floor":25,"turns":5},{"damage":0,"enemies":"Chosen and Byrds","floor":27,"turns":5},{"damage":11,"enemies":"Shelled Parasite and Fungi","floor":29,"turns":4},{"damage":0,"enemies":"Centurion and Healer","floor":31,"turns":4},{"damage":55,"enemies":"Collector","floor":33,"turns":6}],"seed_played":"51421179073600271","potions_obtained":[{"floor":11,"key":"Doom Potion"},{"floor":16,"key":"SteroidPotion"},{"floor":24,"key":"LiquidBronze"},{"floor":25,"key":"FearPotion"},{"floor":27,"key":"DistilledChaos"}],"is_trial":false,"path_per_floor":["M","M","$","?","?","R","?","E","T","M","M","R","M","?","R","B",null,"M","?","?","?","?","R","E","M","T","M","R","M","R","M","R_BF","B"],"character_chosen":"DEFECT","items_purchased":["Dramatic Entrance","Cold Snap"],"campfire_rested":4,"item_purchase_floors":[3,3],"current_hp_per_floor":[64,64,64,64,64,64,64,42,42,42,36,36,36,36,58,5,75,68,68,52,34,4,26,21,15,15,15,37,26,48,48,48,0,0],"gold":492,"neow_bonus":"RANDOM_COLORLESS","is_daily":false,"chose_seed":false,"campfire_upgraded":3,"win_rate":0.0,"timestamp":1610318907,"path_taken":["M","?","$","?","?","R","?","E","T","M","?","R","M","?","R","BOSS","M","?","?","?","?","R","E","M","T","M","R","?","R","M","R_BF","BOSS"],"items_purchased_type":["Card","Card"],"build_version":"2020-12-22","purchased_purges":0,"victory":false,"max_hp_per_floor":[75,75,75,75,75,75,75,75,75,75,75,75,75,75,75,75,75,75,75,75,75,75,75,75,75,75,75,75,75,75,75,75,75,75],"card_choices":[{"not_picked":["Swift Strike","Specialist"],"picked":"Replay:Sssssssssstrike","floor":0},{"not_picked":["Rip and Tear","Reinforced Body"],"picked":"Genetic Algorithm","floor":1},{"not_picked":["Coolheaded","Beam Cell"],"picked":"BootSequence","floor":2},{"not_picked":["Cold Snap","ReplayTheSpireMod:System Scan"],"picked":"Leap","floor":8},{"not_picked":["Coolheaded","BasicCrystalCard"],"picked":"Echo Form","floor":10},{"not_picked":["Tempest","ReplaySolidLightProjector"],"picked":"Rebound","floor":11},{"not_picked":["Stack","Double Energy"],"picked":"Ball Lightning","floor":13},{"not_picked":["Seek","hubris:DoWhile"],"picked":"Echo Form","floor":16},{"not_picked":["Panic Button","Streamline"],"picked":"Coolheaded","floor":18},{"not_picked":["infinitespire:TheBestDefense","hubris:InfiniteBlow"],"picked":"infinitespire:Fortify","floor":21},{"not_picked":["Doom and Gloom+1","Barrage"],"picked":"Go for the Eyes+1","floor":22},{"not_picked":["Sweeping Beam","Skim"],"picked":"FIFO Queue","floor":24},{"not_picked":["Hologram+1","BasicCrystalCard"],"picked":"Redo+1","floor":25},{"not_picked":["Gash","BasicCrystalCard"],"picked":"Force Field","floor":27},{"not_picked":["Undo+1","Darkness","Compile Driver"],"picked":"SKIP","floor":29},{"not_picked":["BootSequence","Skim"],"picked":"Go for the Eyes+1","floor":31}],"player_experience":45724,"relics_obtained":[{"floor":4,"key":"Mercury Hourglass"},{"floor":8,"key":"Replay:Kaleidoscope"},{"floor":20,"key":"Necronomicon"},{"floor":24,"key":"Du-Vu Doll"},{"floor":26,"key":"infinitespire:EmpoweringShard"}],"event_choices":[{"damage_healed":0,"gold_gain":0,"player_choice":"Take Wound","damage_taken":0,"relics_obtained":["Golden Idol"],"max_hp_gain":0,"max_hp_loss":0,"event_name":"Golden Idol","floor":5,"gold_loss":0,"cards_obtained":["Injury"]},{"damage_healed":0,"gold_gain":0,"player_choice":"Trade","damage_taken":0,"relics_obtained":["NlothsMask"],"max_hp_gain":0,"max_hp_loss":0,"event_name":"FaceTrader","floor":7,"gold_loss":0},{"damage_healed":0,"gold_gain":0,"player_choice":"Upgraded","damage_taken":0,"max_hp_gain":0,"max_hp_loss":0,"event_name":"Upgrade Shrine","floor":14,"gold_loss":0,"cards_upgraded":["Dramatic Entrance"]},{"damage_healed":0,"gold_gain":0,"player_choice":"Obtained Relic","damage_taken":0,"relics_obtained":["Replay:Bottled Eggs"],"max_hp_gain":0,"max_hp_loss":0,"event_name":"Addict","floor":19,"gold_loss":85},{"damage_healed":0,"gold_gain":0,"player_choice":"Obtained Book","damage_taken":16,"max_hp_gain":0,"max_hp_loss":0,"event_name":"Cursed Tome","floor":20,"gold_loss":0}],"is_beta":false,"boss_relics":[{"not_picked":["Velvet Choker","Replay:Drink Me"],"picked":"Replay:Bronze Core"}],"items_purged_floors":[],"is_endless":false,"potions_floor_spawned":[11,16,24,25,27],"killed_by":"Collector","ascension_level":0}}