{"host":"q206iib20se9i6w7","time":1610314027,"event":{"mods":["AchievementEnabler","BaseMod","Block Reminder","Colored Map","Colored Powertips","Curses Come First","Highlight Path","Key Reminder","Minty Spire (QoL Compilation)","Quick Restart","Random Character Button","Relic Stats","StSLib","SuperFastMode","Unceasing Turn Reminder"],"gold_per_floor":[113,113,134,147,147,187,187,167,167,167,208,231,255,286,286,417,417,433,1,1,22,46,87,87,121,144,165,115,133,133,169,169,293,293,306,639,652,652,668,696,696,696,696,724,740,757,477,504,516,528,540,552,34,59,59,59],"floor_reached":55,"playtime":3360,"items_purged":["Strike_P","Defend_P","Strike_P"],"score":1094,"play_id":"76963333-3797-4de7-a3eb-fb3a70eaea42","local_time":"20210110152707","is_ascension_mode":true,"campfire_choices":[{"data":"Wallop","floor":7,"key":"SMITH"},{"data":"Eruption","floor":10,"key":"SMITH"},{"data":"CrushJoints","floor":15,"key":"SMITH"},{"data":"Tantrum","floor":24,"key":"SMITH"},{"floor":30,"key":"REST"},{"data":"Vault","floor":32,"key":"SMITH"},{"floor":41,"key":"RECALL"},{"data":"SashWhip","floor":42,"key":"SMITH"},{"floor":49,"key":"REST"},{"data":"Halt","floor":52,"key":"SMITH"}],"circlet_count":0,"master_deck":["Defend_P","Eruption+1","Vigilance","Halt+1","SashWhip+1","Wallop+1","FearNoEvil","Vault+1","FearNoEvil","CrushJoints+1","Crescendo","Adaptation","Tantrum+1","BowlingBash","Consecrate","Protect+1","EmptyMind+1","Wallop+1","CutThroughFate","Evaluate+1","ConjureBlade+1","WheelKick+1","MasterReality+1","Indignation+1","SandsOfTime","Vault+1","ReachHeaven+1","Vault+1","ClearTheMind+1","Swivel+1","DeceiveReality+1"],"relics":["Velvet Choker","The Courier","Pear","Oddly Smooth Stone","Odd Mushroom","Sozu","Vajra","Toxic Egg 2","WingedGreaves","Smiling Mask","PreservedInsect","Tiny Chest","Astrolabe","Singing Bowl","Anchor","Turnip","MawBank","Lantern","Strawberry","Medical Kit","Bronze Scales","Pen Nib"],"acts_visited":["Exordium","TheCity","TheBeyond","TheEnding"],"potions_floor_usage":[6,11,16,16,55],"damage_taken":[{"damage":0,"enemies":"2 Louse","floor":1,"turns":2},{"damage":0,"enemies":"Small Slimes","floor":3,"turns":2},{"damage":0,"enemies":"Cultist","floor":4,"turns":2},{"damage":4,"enemies":"3 Sentries","floor":6,"turns":7},{"damage":0,"enemies":"Gremlin Nob","floor":11,"turns":3},{"damage":0,"enemies":"Large Slime","floor":12,"turns":2},{"damage":0,"enemies":"Exordium Wildlife","floor":13,"turns":2},{"damage":0,"enemies":"The Mushroom Lair","floor":14,"turns":4},{"damage":12,"enemies":"Hexaghost","floor":16,"turns":10},{"damage":10,"enemies":"2 Thieves","floor":18,"turns":3},{"damage":0,"enemies":"3 Byrds","floor":21,"turns":3},{"damage":13,"enemies":"Centurion and Healer","floor":22,"turns":4},{"damage":0,"enemies":"Slavers","floor":23,"turns":3},{"damage":0,"enemies":"Gremlin Leader","floor":25,"turns":3},{"damage":0,"enemies":"3 Cultists","floor":27,"turns":5},{"damage":20,"enemies":"Snake Plant","floor":29,"turns":4},{"damage":7,"enemies":"Slavers","floor":31,"turns":3},{"damage":1,"enemies":"Champ","floor":33,"turns":9},{"damage":0,"enemies":"Orb Walker","floor":35,"turns":4},{"damage":22,"enemies":"3 Darklings","floor":37,"turns":4},{"damage":2,"enemies":"Maw","floor":39,"turns":5},{"damage":0,"enemies":"Nemesis","floor":40,"turns":2},{"damage":21,"enemies":"Reptomancer","floor":44,"turns":5},{"damage":4,"enemies":"Sphere and 2 Shapes","floor":45,"turns":5},{"damage":0,"enemies":"Spire Growth","floor":46,"turns":5},{"damage":39,"enemies":"Awakened One","floor":50,"turns":11},{"damage":0,"enemies":"Shield and Spear","floor":54,"turns":5},{"damage":93,"enemies":"The Heart","floor":55,"turns":9}],"seed_played":"-3366693798827245862","potions_obtained":[{"floor":3,"key":"Swift Potion"},{"floor":4,"key":"Explosive Potion"},{"floor":6,"key":"Dexterity Potion"},{"floor":8,"key":"GamblersBrew"},{"floor":13,"key":"Block Potion"}],"is_trial":false,"path_per_floor":["M","?","M","M","?","E","R","?","T","R","E","M","M","?","R","B",null,"M","$","?","M","M","E","R","E","T","M","$","M","R","E","R","B",null,"M","?","M","?","M","E","R","R","T","E","M","M","$","T","R","B",null,"R","$","E","B"],"character_chosen":"WATCHER","items_purchased":["Tantrum","Vajra","Toxic Egg 2","Turnip","Swivel+1","Lantern","Strawberry","Medical Kit","Bronze Scales"],"campfire_rested":2,"item_purchase_floors":[19,19,19,47,53,53,53,53,53],"current_hp_per_floor":[72,54,54,54,54,50,50,50,60,60,60,60,60,60,60,48,82,72,72,72,72,59,59,59,59,59,59,59,39,63,56,56,55,82,82,82,60,60,58,58,58,58,58,37,33,35,35,35,60,21,84,84,91,91,0,0],"gold":59,"neow_bonus":"BOSS_RELIC","is_daily":false,"chose_seed":false,"campfire_upgraded":7,"win_rate":0.0,"timestamp":1610314027,"path_taken":["M","?","M","M","?","E","R","?","T","R","E","?","M","?","R","BOSS","M","$","?","M","M","E","R","E","T","M","?","M","R","E","R","BOSS","M","?","M","?","?","E","R","R","T","E","M","M","$","?","R","BOSS","R","$","E","BOSS"],"items_purchased_type":["Card","Relic","Relic","Relic","Card","Relic","Relic","Relic","Relic"],"build_version":"2020-12-22","purchased_purges":3,"victory":false,"max_hp_per_floor":[72,72,72,72,72,72,72,72,82,82,82,82,82,82,82,82,82,82,82,82,82,82,82,82,82,82,82,82,82,82,82,82,82,82,82,82,82,82,82,82,82,82,82,82,82,84,84,84,84,84,84,84,91,91,91,91],"relic_stats":{"Singing Bowl":2,"counters":[28,126],"Astrolabe":["WheelKick","MasterReality","Indignation"],"PreservedInsect":214,"Pen Nib":[1],"Smiling Mask":80,"MawBank":60,"Medical Kit":[2],"Sozu":7,"Bronze Scales":[93],"Tiny Chest":1,"Turnip":[2],"obtain_stats":[{"Lantern":53,"Singing Bowl":40,"Vajra":19,"Smiling Mask":25,"Sozu":17,"Strawberry":53,"Tiny Chest":31,"WingedGreaves":23,"Toxic Egg 2":19,"Pear":9,"Golden Idol":2,"Astrolabe":34,"Velvet Choker":0,"Oddly Smooth Stone":11,"The Courier":6,"PreservedInsect":26,"Pen Nib":54,"Odd Mushroom":14,"MawBank":48,"Medical Kit":53,"keyreminder:keyreminder":11,"Anchor":44,"Bronze Scales":53,"Turnip":47,"PureWater":0},{"Lantern":26,"Singing Bowl":22,"Vajra":10,"Smiling Mask":14,"Sozu":9,"Strawberry":26,"Tiny Chest":17,"WingedGreaves":13,"Toxic Egg 2":10,"Pear":4,"Golden Idol":1,"Astrolabe":18,"Velvet Choker":0,"Oddly Smooth Stone":5,"The Courier":4,"PreservedInsect":14,"Pen Nib":27,"Odd Mushroom":8,"MawBank":25,"Medical Kit":26,"keyreminder:keyreminder":5,"Anchor":23,"Bronze Scales":26,"Turnip":25,"PureWater":0},{"Lantern":112,"Singing Bowl":86,"Vajra":37,"Smiling Mask":50,"Sozu":34,"Strawberry":112,"Tiny Chest":62,"WingedGreaves":47,"Toxic Egg 2":37,"Pear":13,"Golden Idol":2,"Astrolabe":71,"Velvet Choker":0,"Oddly Smooth Stone":16,"The Courier":13,"PreservedInsect":50,"Pen Nib":117,"Odd Mushroom":24,"MawBank":101,"Medical Kit":112,"keyreminder:keyreminder":16,"Anchor":91,"Bronze Scales":112,"Turnip":101,"PureWater":0}]},"card_choices":[{"not_picked":["SashWhip","WaveOfTheHand"],"picked":"Halt","floor":1},{"not_picked":["LikeWater","Protect"],"picked":"SashWhip","floor":3},{"not_picked":["Protect","EmptyFist"],"picked":"Wallop","floor":4},{"not_picked":["CutThroughFate","Study"],"picked":"FearNoEvil","floor":6},{"not_picked":["Wireheading","Pray"],"picked":"Vault","floor":11},{"not_picked":["FlurryOfBlows","JustLucky"],"picked":"FearNoEvil","floor":12},{"not_picked":["FlurryOfBlows","PathToVictory"],"picked":"CrushJoints","floor":13},{"not_picked":["Protect","CutThroughFate"],"picked":"Crescendo","floor":14},{"not_picked":["EmptyFist","Crescendo"],"picked":"Adaptation","floor":18},{"not_picked":["Evaluate+1","CutThroughFate"],"picked":"BowlingBash","floor":21},{"not_picked":["SandsOfTime","Conclude"],"picked":"Consecrate","floor":22},{"not_picked":["DevaForm","CrushJoints"],"picked":"Protect+1","floor":23},{"not_picked":["Evaluate+1","FlyingSleeves"],"picked":"EmptyMind+1","floor":25},{"not_picked":["CrushJoints","Prostrate+1"],"picked":"Wallop+1","floor":27},{"not_picked":["Protect+1","Wallop"],"picked":"CutThroughFate","floor":29},{"not_picked":["ForeignInfluence+1","FlurryOfBlows"],"picked":"Evaluate+1","floor":31},{"not_picked":["Scrawl+1","Vault+1"],"picked":"ConjureBlade+1","floor":33},{"not_picked":["Halt+1","Swivel+1"],"picked":"SandsOfTime","floor":35},{"not_picked":["CrushJoints","FlurryOfBlows+1","FlyingSleeves"],"picked":"SKIP","floor":37},{"not_picked":["Study","ThirdEye+1","EmptyBody+1"],"picked":"SKIP","floor":39},{"not_picked":["Weave+1","EmptyBody+1"],"picked":"ReachHeaven+1","floor":40},{"not_picked":["Wallop+1","CrushJoints+1"],"picked":"Vault+1","floor":44},{"not_picked":["FlyingSleeves","EmptyBody+1"],"picked":"ClearTheMind+1","floor":45},{"not_picked":["FollowUp","Pray+1","Prostrate+1"],"picked":"Singing Bowl","floor":46},{"not_picked":["Collect+1","Fasting2"],"picked":"DeceiveReality+1","floor":54}],"player_experience":223499,"relics_obtained":[{"floor":6,"key":"The Courier"},{"floor":9,"key":"Pear"},{"floor":11,"key":"Oddly Smooth Stone"},{"floor":14,"key":"Odd Mushroom"},{"floor":23,"key":"WingedGreaves"},{"floor":25,"key":"Smiling Mask"},{"floor":26,"key":"PreservedInsect"},{"floor":31,"key":"Tiny Chest"},{"floor":40,"key":"Singing Bowl"},{"floor":44,"key":"Anchor"},{"floor":48,"key":"MawBank"},{"floor":54,"key":"Pen Nib"}],"event_choices":[{"damage_healed":0,"gold_gain":0,"player_choice":"Take Damage","damage_taken":18,"relics_obtained":["Golden Idol"],"max_hp_gain":0,"max_hp_loss":0,"event_name":"Golden Idol","floor":2,"gold_loss":0},{"damage_healed":0,"gold_gain":0,"player_choice":"Ignored","damage_taken":0,"max_hp_gain":0,"max_hp_loss":0,"event_name":"Liars Game","floor":5,"gold_loss":0},{"damage_healed":0,"gold_gain":0,"player_choice":"Bought 1 Potion","damage_taken":0,"max_hp_gain":0,"max_hp_loss":0,"event_name":"The Woman in Blue","floor":8,"gold_loss":0},{"damage_healed":0,"gold_gain":0,"player_choice":"Fought Mushrooms","damage_taken":0,"max_hp_gain":0,"max_hp_loss":0,"event_name":"Mushrooms","floor":14,"gold_loss":0},{"cards_removed":["Defend_P"],"damage_healed":0,"gold_gain":0,"player_choice":"Offered Basic","damage_taken":0,"max_hp_gain":0,"max_hp_loss":0,"event_name":"Bonfire Elementals","floor":20,"gold_loss":0},{"damage_healed":0,"gold_gain":333,"player_choice":"Gave Idol","damage_taken":0,"max_hp_gain":0,"max_hp_loss":0,"event_name":"The Moai Head","floor":36,"relics_lost":["Golden Idol"],"gold_loss":0},{"damage_healed":0,"gold_gain":0,"player_choice":"Copied","damage_taken":0,"max_hp_gain":0,"max_hp_loss":0,"event_name":"Duplicator","floor":38,"gold_loss":0,"cards_obtained":["Vault"]}],"is_beta":false,"boss_relics":[{"not_picked":["Ectoplasm","Pandora\u0027s Box"],"picked":"Sozu"},{"not_picked":["Calling Bell","Fusion Hammer"],"picked":"Astrolabe"}],"items_purged_floors":[19,28,47],"is_endless":false,"potions_floor_spawned":[3,4,6,13,18,29,31,33,35,44,45],"killed_by":"The Heart","ascension_level":4}}