{"host":"Krakhan","time":1610305422,"event":{"mods":["AchievementEnabler","BaseMod","Colored Map","Colored Powertips","Faster Ascension Climbing","Highlight Path","Minty Spire (QoL Compilation)","Rare Cards Sparkle","Relic Stats","StSLib"],"gold_per_floor":[113,38,49,49,60,87,162,162,162,172,172,192,212,12,12,109,109,122,11,11,25,100,111,111,131,131,142,162,182,202,88,88,192,192,210,210,227,139,152,152,162,162,162,62,0,0,20,34,34,34],"floor_reached":51,"playtime":1607,"items_purged":["Defend_B","Defend_B","Strike_B","Strike_B","Lockon","Zap"],"score":705,"play_id":"cc2c9cef-7ec2-4263-b16d-a69ad28236b8","local_time":"20210110140342","is_ascension_mode":false,"campfire_choices":[{"data":"Gash","floor":11,"key":"SMITH"},{"floor":15,"key":"REST"},{"floor":24,"key":"REST"},{"floor":32,"key":"REST"},{"data":"Gash","floor":40,"key":"SMITH"},{"data":"Scrape","floor":42,"key":"SMITH"},{"data":"Dualcast","floor":49,"key":"SMITH"}],"circlet_count":0,"master_deck":["Defend_B","Dualcast+1","Gash+1","Hologram+1","Scrape+1","Gash+1","Beam Cell+1"],"relics":["Cracked Core","NeowsBlessing","Ornamental Fan","Shuriken","Membership Card","Empty Cage","HornCleat","Nuclear Battery","StrikeDummy","Red Mask"],"acts_visited":["Exordium","TheCity","TheBeyond"],"potions_floor_usage":[23,30,33,50],"damage_taken":[{"damage":0.0,"enemies":"Jaw Worm","floor":1.0,"turns":1.0},{"damage":0.0,"enemies":"Cultist","floor":3.0,"turns":1.0},{"damage":0.0,"enemies":"Small Slimes","floor":5.0,"turns":1.0},{"damage":20.0,"enemies":"Gremlin Nob","floor":6.0,"turns":4.0},{"damage":6,"enemies":"Exordium Thugs","floor":10,"turns":4},{"damage":11,"enemies":"Large Slime","floor":12,"turns":5},{"damage":11,"enemies":"Red Slaver","floor":13,"turns":3},{"damage":26,"enemies":"Slime Boss","floor":16,"turns":8},{"damage":22,"enemies":"Spheric Guardian","floor":18,"turns":4},{"damage":6,"enemies":"Chosen","floor":21,"turns":3},{"damage":15,"enemies":"Snecko","floor":23,"turns":4},{"damage":20,"enemies":"Shelled Parasite and Fungi","floor":25,"turns":3},{"damage":3,"enemies":"Centurion and Healer","floor":27,"turns":3},{"damage":6,"enemies":"Cultist and Chosen","floor":28,"turns":3},{"damage":9,"enemies":"Snake Plant","floor":29,"turns":2},{"damage":0,"enemies":"Sentry and Sphere","floor":30,"turns":3},{"damage":5,"enemies":"Collector","floor":33,"turns":5},{"damage":1,"enemies":"Orb Walker","floor":35,"turns":2},{"damage":2,"enemies":"3 Shapes","floor":37,"turns":5},{"damage":3,"enemies":"3 Darklings","floor":39,"turns":3},{"damage":0,"enemies":"Jaw Worm Horde","floor":41,"turns":3},{"damage":36,"enemies":"Writhing Mass","floor":47,"turns":5},{"damage":0,"enemies":"Maw","floor":48,"turns":2},{"damage":45,"enemies":"Donu and Deca","floor":50,"turns":6}],"seed_played":"-2646042136865615112","potions_obtained":[{"floor":1.0,"key":"FearPotion"},{"floor":5.0,"key":"Energy Potion"},{"floor":10,"key":"Block Potion"},{"floor":23,"key":"BlessingOfTheForge"},{"floor":28,"key":"FairyPotion"},{"floor":37,"key":"ColorlessPotion"}],"is_trial":false,"path_per_floor":["M","$","M","?","M","E","?","?","T","M","R","M","M","$","R","B",null,"M","$","?","M","?","M","R","M","T","M","M","M","M","$","R","B",null,"M","?","M","$","M","R","M","R","T","$","?","?","M","M","R","B",null],"character_chosen":"DEFECT","items_purchased":["Membership Card","Gash","Fire Potion","EssenceOfSteel"],"campfire_rested":3,"item_purchase_floors":[14,19,19,31],"current_hp_per_floor":[75,75,75,75,75,55,44,44,44,38,38,27,16,16,38,12,75,53,53,53,47,40,25,47,27,27,24,18,9,9,9,31,26,75,74,74,72,72,69,69,69,69,69,69,69,69,33,33,33,22],"gold":34,"neow_bonus":"THREE_ENEMY_KILL","is_daily":false,"chose_seed":false,"campfire_upgraded":4,"win_rate":0.0,"timestamp":1610305422,"path_taken":["M","$","M","?","?","E","?","?","T","M","R","M","M","$","R","BOSS","M","$","?","M","?","M","R","M","T","M","M","M","?","$","R","BOSS","M","?","M","$","M","R","?","R","T","$","?","?","M","?","R","BOSS"],"items_purchased_type":["Relic","Card","Potion","Potion"],"build_version":"2020-12-18","purchased_purges":6,"victory":true,"max_hp_per_floor":[75,75,75,75,75,75,75,75,75,75,75,75,75,75,75,75,75,75,75,75,75,75,75,75,75,75,75,75,75,75,75,75,75,75,75,75,75,75,75,75,75,75,75,75,75,75,75,75,75,75],"relic_stats":{"counters":[24,83],"Ornamental Fan":[224],"Shuriken":[56],"obtain_stats":[{"HornCleat":26,"NeowsBlessing":0,"Ornamental Fan":6,"Shuriken":9,"Red Mask":45,"Membership Card":14,"Cracked Core":0,"Empty Cage":17,"StrikeDummy":43,"Nuclear Battery":34},{"HornCleat":12,"NeowsBlessing":0,"Ornamental Fan":4,"Shuriken":4,"Red Mask":21,"Membership Card":7,"Cracked Core":0,"Empty Cage":8,"StrikeDummy":21,"Nuclear Battery":17},{"HornCleat":41,"NeowsBlessing":0,"Ornamental Fan":7,"Shuriken":7,"Red Mask":70,"Membership Card":19,"Cracked Core":0,"Empty Cage":27,"StrikeDummy":70,"Nuclear Battery":57}]},"card_choices":[{"not_picked":["Skim","Coolheaded","Streamline"],"picked":"SKIP","floor":1.0},{"not_picked":["Hello World","Barrage"],"picked":"Gash","floor":3.0},{"not_picked":["Double Energy","Stack","Coolheaded"],"picked":"SKIP","floor":5.0},{"not_picked":["BootSequence","Steam","Turbo"],"picked":"SKIP","floor":6.0},{"not_picked":["Turbo","Streamline","Sweeping Beam"],"picked":"SKIP","floor":10},{"not_picked":["Double Energy","Chill"],"picked":"Hologram","floor":12},{"not_picked":["Rebound","Go for the Eyes"],"picked":"Scrape","floor":13},{"not_picked":["Darkness","Ball Lightning","Turbo"],"picked":"SKIP","floor":18},{"not_picked":["Steam+1","Streamline","Stack"],"picked":"SKIP","floor":21},{"not_picked":["Streamline","Capacitor+1","Tempest"],"picked":"SKIP","floor":23},{"not_picked":["Glacier","Darkness"],"picked":"Beam Cell+1","floor":25},{"not_picked":["Steam Power","Undo","Doom and Gloom"],"picked":"SKIP","floor":27},{"not_picked":["Tempest","Electrodynamics","Melter+1"],"picked":"SKIP","floor":28},{"not_picked":["BootSequence","Redo","Cold Snap"],"picked":"SKIP","floor":29},{"not_picked":["Skim","Undo","Gash"],"picked":"SKIP","floor":30},{"not_picked":["Compile Driver+1","Rebound+1","Conserve Battery"],"picked":"SKIP","floor":35},{"not_picked":["Leap+1","Compile Driver+1","White Noise"],"picked":"SKIP","floor":37},{"not_picked":["Conserve Battery+1","Compile Driver+1","Redo"],"picked":"SKIP","floor":39},{"not_picked":["Steam+1","Ball Lightning","Hello World+1"],"picked":"SKIP","floor":41},{"not_picked":["Darkness","BootSequence+1","Reprogram+1"],"picked":"SKIP","floor":47},{"not_picked":["Rip and Tear","Ball Lightning","Auto Shields+1"],"picked":"SKIP","floor":48}],"player_experience":1295294,"relics_obtained":[{"floor":6.0,"key":"Ornamental Fan"},{"floor":9,"key":"Shuriken"},{"floor":26,"key":"HornCleat"},{"floor":43,"key":"StrikeDummy"}],"event_choices":[{"damage_healed":0.0,"max_hp_gain":0.0,"max_hp_loss":0.0,"gold_gain":0.0,"cards_transformed":["Strike_B"],"event_name":"Transmorgrifier","player_choice":"Transformed","floor":4.0,"gold_loss":0.0,"damage_taken":0.0,"cards_obtained":["Lockon"]},{"damage_healed":0.0,"max_hp_gain":0.0,"max_hp_loss":0.0,"gold_gain":75.0,"event_name":"World of Goop","player_choice":"Gather Gold","floor":7.0,"gold_loss":0.0,"damage_taken":11.0},{"damage_healed":0,"gold_gain":0,"player_choice":"Searched \u00270\u0027 times","damage_taken":0,"max_hp_gain":0,"max_hp_loss":0,"event_name":"Dead Adventurer","floor":8,"gold_loss":0},{"damage_healed":0,"gold_gain":75,"player_choice":"Touch","damage_taken":7,"max_hp_gain":0,"max_hp_loss":0,"event_name":"FaceTrader","floor":22,"gold_loss":0},{"damage_healed":0,"gold_gain":0,"player_choice":"Forge","damage_taken":0,"max_hp_gain":0,"max_hp_loss":0,"event_name":"Accursed Blacksmith","floor":36,"gold_loss":0,"cards_upgraded":["Hologram"]},{"damage_healed":0,"gold_gain":0,"player_choice":"Paid","damage_taken":0,"relics_obtained":["Red Mask"],"max_hp_gain":0,"max_hp_loss":0,"event_name":"Tomb of Lord Red Mask","floor":45,"gold_loss":62},{"damage_healed":0,"gold_gain":0,"player_choice":"Ignored","damage_taken":0,"max_hp_gain":0,"max_hp_loss":0,"event_name":"Duplicator","floor":46,"gold_loss":0}],"is_beta":true,"boss_relics":[{"not_picked":["Velvet Choker","SacredBark"],"picked":"Empty Cage"},{"not_picked":["Black Star","Sozu"],"picked":"Nuclear Battery"}],"items_purged_floors":[2,14,19,31,38,44],"is_endless":false,"potions_floor_spawned":[1,5,10,23,25,28,29,37,39],"ascension_level":0}}