{"host":"znvnxllcillb3rtw","time":1610279013,"event":{"mods":["BaseMod","DeckTracker","Minty Spire (QoL Compilation)","Relic Stats","StSLib","SuperFastMode","everything is the same but u backflip on backflip"],"gold_per_floor":[118,128,147,147,163,163,183,215,215,250,280,10,10,28,28,99,99,110,120,132,144,144,144,35,35,58,58,58],"floor_reached":27,"playtime":875,"items_purged":[],"score":446,"play_id":"b8790f83-5431-4f50-9958-444398727a89","local_time":"20210110204333","is_ascension_mode":true,"campfire_choices":[{"data":"Hyperbeam","floor":6,"key":"SMITH"},{"floor":13,"key":"REST"},{"data":"Apotheosis","floor":15,"key":"SMITH"},{"floor":23,"key":"REST"}],"circlet_count":0,"master_deck":["AscendersBane","Strike_B","Strike_B","Strike_B","Strike_B","Defend_B","Defend_B","Defend_B","Defend_B","Zap","Dualcast","Loop","Sweeping Beam","Turbo","Hyperbeam+1","Self Repair","Reprogram","Apotheosis+1","Barrage","Cold Snap","Fusion","Capacitor","Go for the Eyes"],"relics":["Runic Pyramid","Odd Mushroom","Ancient Tea Set","Anchor","Pantograph","Fusion Hammer"],"acts_visited":["Exordium","TheCity"],"potions_floor_usage":[20,21,21],"damage_taken":[{"damage":11,"enemies":"2 Louse","floor":1,"turns":3},{"damage":9,"enemies":"Jaw Worm","floor":2,"turns":4},{"damage":7,"enemies":"Cultist","floor":3,"turns":4},{"damage":9,"enemies":"Large Slime","floor":5,"turns":6},{"damage":0,"enemies":"The Mushroom Lair","floor":7,"turns":1},{"damage":20,"enemies":"Lagavulin","floor":8,"turns":6},{"damage":28,"enemies":"Gremlin Nob","floor":10,"turns":4},{"damage":0,"enemies":"2 Fungi Beasts","floor":14,"turns":1},{"damage":41,"enemies":"Slime Boss","floor":16,"turns":10},{"damage":19,"enemies":"Shell Parasite","floor":18,"turns":5},{"damage":18,"enemies":"Spheric Guardian","floor":19,"turns":4},{"damage":13,"enemies":"Centurion and Healer","floor":20,"turns":5},{"damage":44,"enemies":"Cultist and Chosen","floor":21,"turns":8},{"damage":35,"enemies":"Slavers","floor":27,"turns":2}],"seed_played":"-6384181845410899452","potions_obtained":[{"floor":2,"key":"Regen Potion"},{"floor":3,"key":"SkillPotion"},{"floor":20,"key":"EssenceOfSteel"}],"is_trial":false,"path_per_floor":["M","M","M","?","M","R","?","E","T","E","?","$","R","M","R","B",null,"M","M","M","M","?","R","$","?","T","E"],"character_chosen":"DEFECT","items_purchased":["Apotheosis","Barrage","Capacitor","Go for the Eyes"],"campfire_rested":2,"item_purchase_floors":[12,12,24,24],"current_hp_per_floor":[53,44,37,60,51,51,51,31,31,10,10,10,31,31,31,22,59,47,36,47,13,13,34,34,34,34,0,0],"gold":58,"neow_bonus":"BOSS_RELIC","is_daily":false,"chose_seed":false,"campfire_upgraded":2,"win_rate":0.0,"timestamp":1610279013,"path_taken":["M","M","M","?","M","R","?","E","T","E","?","$","R","?","R","BOSS","M","?","M","M","?","R","$","?","T","E"],"items_purchased_type":["Card","Card","Card","Card"],"build_version":"2020-12-22","purchased_purges":0,"victory":false,"max_hp_per_floor":[71,71,71,71,71,71,71,71,71,71,71,71,71,71,71,71,71,71,71,71,71,71,71,71,71,71,71,71],"relic_stats":{"counters":[14,63],"Pantograph":25,"obtain_stats":[{"Anchor":9,"Pantograph":10,"Fusion Hammer":17,"Odd Mushroom":7,"Cracked Core":0,"Ancient Tea Set":8,"Runic Pyramid":0},{"Anchor":6,"Pantograph":7,"Fusion Hammer":9,"Odd Mushroom":5,"Cracked Core":0,"Ancient Tea Set":6,"Runic Pyramid":0},{"Anchor":24,"Pantograph":28,"Fusion Hammer":39,"Odd Mushroom":18,"Cracked Core":0,"Ancient Tea Set":24,"Runic Pyramid":0}]},"card_choices":[{"not_picked":["Steam","Hologram"],"picked":"Loop","floor":1},{"not_picked":["Reinforced Body","Scrape"],"picked":"Sweeping Beam","floor":2},{"not_picked":["Steam","Redo"],"picked":"Turbo","floor":3},{"not_picked":["Beam Cell","Gash"],"picked":"Hyperbeam","floor":5},{"not_picked":["Gash","Loop"],"picked":"Self Repair","floor":8},{"not_picked":["Go for the Eyes","Beam Cell"],"picked":"Reprogram","floor":10},{"not_picked":["Coolheaded","Redo"],"picked":"Cold Snap","floor":14},{"not_picked":["Redo","Coolheaded","Cold Snap"],"picked":"SKIP","floor":18},{"not_picked":["Barrage","Heatsinks","Steam Power"],"picked":"SKIP","floor":19},{"not_picked":["Auto Shields","Sunder+1"],"picked":"Fusion","floor":20},{"not_picked":["Melter","Coolheaded+1","Conserve Battery"],"picked":"SKIP","floor":21}],"player_experience":2882248,"relics_obtained":[{"floor":7,"key":"Odd Mushroom"},{"floor":8,"key":"Ancient Tea Set"},{"floor":9,"key":"Anchor"},{"floor":10,"key":"Pantograph"}],"event_choices":[{"damage_healed":23,"gold_gain":0,"player_choice":"Banana","damage_taken":0,"max_hp_gain":0,"max_hp_loss":0,"event_name":"Big Fish","floor":4,"gold_loss":0},{"damage_healed":0,"gold_gain":0,"player_choice":"Fought Mushrooms","damage_taken":0,"max_hp_gain":0,"max_hp_loss":0,"event_name":"Mushrooms","floor":7,"gold_loss":0},{"damage_healed":0,"gold_gain":30,"player_choice":"Searched \u00272\u0027 times","damage_taken":0,"max_hp_gain":0,"max_hp_loss":0,"event_name":"Dead Adventurer","floor":11,"gold_loss":0},{"damage_healed":0,"gold_gain":0,"player_choice":"Ignored","damage_taken":0,"max_hp_gain":0,"max_hp_loss":0,"event_name":"The Mausoleum","floor":22,"gold_loss":0},{"damage_healed":0,"gold_gain":0,"player_choice":"Ignored","damage_taken":0,"max_hp_gain":0,"max_hp_loss":0,"event_name":"Ghosts","floor":25,"gold_loss":0}],"is_beta":false,"boss_relics":[{"not_picked":["Ectoplasm","Pandora\u0027s Box"],"picked":"Fusion Hammer"}],"items_purged_floors":[],"is_endless":false,"potions_floor_spawned":[2,3,7,8,14,20],"killed_by":"Slavers","ascension_level":20}}