{"host":"jm9833yuloeli2yd","time":1610247004,"event":{"mods":["BaseMod","Better Altar","Better Match","Better Note","Better Sensory Stone","Better Skull","Better Third Choice","Better Vampires","BetterRewards","Colored Map","Colored Powertips","DeckTracker","Minty Spire (QoL Compilation)","Permanent Neow","Quick Restart","Slay-I","StSLib","SuperFastMode"],"gold_per_floor":[361,375,375,387,101,101,120,155,155,155,183,183,209,224,224,300,300,310,310,360,32,44,44,62,62,62],"floor_reached":25,"playtime":544,"items_purged":["Strike_R"],"score":390,"play_id":"a74127f2-65e3-45a6-b7d3-e52fc1eeaef0","local_time":"20210109215004","is_ascension_mode":true,"campfire_choices":[{"data":"Uppercut","floor":6.0,"key":"SMITH"},{"data":"Demon Form","floor":10.0,"key":"SMITH"},{"data":"Iron Wave","floor":15.0,"key":"SMITH"},{"floor":23.0,"key":"REST"}],"circlet_count":0,"master_deck":["AscendersBane","Bash","Anger","Uppercut+1","Twin Strike","Reckless Charge","Armaments","Demon Form+1","Dropkick+1","Iron Wave+1","Heavy Blade","Limit Break","Limit Break","Twin Strike","Iron Wave","Demon Form","Dropkick","Warcry","Demon Form","Rupture","Shrug It Off","Necronomicurse","Metallicize"],"relics":["Burning Blood","Happy Flower","Pantograph","Mango","Bronze Scales","Pandora\u0027s Box","Necronomicon","Art of War","PreservedInsect"],"acts_visited":["Exordium","TheCity"],"potions_floor_usage":[25],"damage_taken":[{"damage":6.0,"enemies":"Jaw Worm","floor":1.0,"turns":6.0},{"damage":4.0,"enemies":"2 Louse","floor":2.0,"turns":3.0},{"damage":3.0,"enemies":"Small Slimes","floor":4.0,"turns":3.0},{"damage":9.0,"enemies":"Blue Slaver","floor":7.0,"turns":4.0},{"damage":28.0,"enemies":"Gremlin Nob","floor":8.0,"turns":4.0},{"damage":30.0,"enemies":"3 Sentries","floor":11.0,"turns":5.0},{"damage":3.0,"enemies":"Exordium Wildlife","floor":14.0,"turns":4.0},{"damage":22.0,"enemies":"Hexaghost","floor":16.0,"turns":6.0},{"damage":58.0,"enemies":"Shell Parasite","floor":18.0,"turns":5.0},{"damage":8.0,"enemies":"Spheric Guardian","floor":22.0,"turns":3.0},{"damage":0.0,"enemies":"Snecko","floor":24.0,"turns":3.0},{"damage":46,"enemies":"Slavers","floor":25,"turns":3}],"seed_played":"6055285073431999728","potions_obtained":[{"floor":1.0,"key":"SpeedPotion"},{"floor":4.0,"key":"SteroidPotion"},{"floor":8.0,"key":"BloodPotion"},{"floor":22.0,"key":"DuplicationPotion"}],"is_trial":false,"path_per_floor":["M","M","?","M","$","R","M","E","T","R","E","?","T","M","R","B",null,"M","?","?","$","M","R","M","E"],"character_chosen":"IRONCLAD","items_purchased":["CultistPotion","Reckless Charge","Armaments","Art of War","PreservedInsect"],"campfire_rested":1,"item_purchase_floors":[5,5,5,21,21],"current_hp_per_floor":[68,68,73,73,73,73,70,48,48,48,38,12,12,15,15,24,71,36,15,15,15,13,39,45,0,0],"gold":62,"neow_bonus":"TWO_FIFTY_GOLD","is_daily":false,"chose_seed":false,"campfire_upgraded":3,"win_rate":0.0,"timestamp":1610247004,"path_taken":["M","M","?","M","$","R","M","E","T","R","E","?","?","M","R","BOSS","M","?","?","$","M","R","M","E"],"items_purchased_type":["Potion","Card","Card","Relic","Relic"],"build_version":"2020-12-22","purchased_purges":1,"victory":false,"max_hp_per_floor":[68,68,73,73,73,73,73,73,73,73,87,87,87,87,87,87,87,87,87,87,87,87,87,87,87,87],"card_choices":[{"not_picked":["Rupture","Flex"],"picked":"Anger","floor":1.0},{"not_picked":["Inflame","Cleave"],"picked":"Uppercut","floor":2.0},{"not_picked":["Headbutt","Bloodletting"],"picked":"Twin Strike","floor":4.0},{"not_picked":["Pommel Strike","Metallicize"],"picked":"Demon Form","floor":7.0},{"not_picked":["Burning Pact","Blood for Blood"],"picked":"Dropkick","floor":8.0},{"not_picked":["Cleave","Clothesline"],"picked":"Iron Wave","floor":11.0},{"not_picked":["Anger","Reckless Charge"],"picked":"Heavy Blade","floor":14.0},{"not_picked":["Exhume","Bludgeon"],"picked":"Limit Break","floor":16.0},{"not_picked":["Clash","Sever Soul+1"],"picked":"Shrug It Off","floor":18.0},{"not_picked":["Thunderclap","Combust+1"],"picked":"Metallicize","floor":22.0},{"not_picked":["Carnage","Cleave","Armaments"],"picked":"SKIP","floor":24.0}],"player_experience":1294720,"relics_obtained":[{"floor":8.0,"key":"Happy Flower"},{"floor":9.0,"key":"Pantograph"},{"floor":11.0,"key":"Mango"},{"floor":13.0,"key":"Bronze Scales"},{"floor":19.0,"key":"Necronomicon"}],"event_choices":[{"damage_healed":0.0,"max_hp_gain":5.0,"max_hp_loss":0.0,"gold_gain":0.0,"event_name":"Big Fish","player_choice":"Donut","floor":3.0,"gold_loss":0.0,"damage_taken":0.0},{"damage_healed":38.0,"max_hp_gain":0.0,"max_hp_loss":87.0,"gold_gain":0.0,"event_name":"betterThird:BetterShining","player_choice":"Upgrade","floor":12.0,"gold_loss":0.0,"damage_taken":26.0,"cards_upgraded":["Dropkick","Defend_R"]},{"damage_healed":0.0,"max_hp_gain":0.0,"max_hp_loss":0.0,"gold_gain":0.0,"event_name":"Cursed Tome","player_choice":"Obtained Book","floor":19.0,"gold_loss":0.0,"damage_taken":21.0},{"damage_healed":0.0,"max_hp_gain":0.0,"max_hp_loss":0.0,"gold_gain":50.0,"event_name":"betterThird:BetterNest","player_choice":"Steal","floor":20.0,"gold_loss":0.0,"damage_taken":0.0}],"is_beta":false,"boss_relics":[{"not_picked":["Philosopher\u0027s Stone","Runic Dome"],"picked":"Pandora\u0027s Box"}],"items_purged_floors":[5],"is_endless":false,"potions_floor_spawned":[1,4,8,22],"killed_by":"Slavers","ascension_level":17}}