{"host":"0tiuc76yumknr6qf","time":1610239788,"event":{"mods":["BaseMod","Colored Map","Highlight Path","Minty Spire (QoL Compilation)","StSLib"],"gold_per_floor":[116,116,132,132,151,151,163,177,225,225,244,244,264,291,291,367,367,386,397,64,77,77,77,103,123,123,138,138,38,63,63,63,136,136,149,149,169,169,192,192,209,243,243,243,262,262,51,60,60,60,60,60],"floor_reached":51,"playtime":4651,"items_purged":["Dualcast","Pain","Shame"],"score":1363,"play_id":"ac346c63-21b8-4efb-8fc2-46e9a4efe752","local_time":"20210109184948","is_ascension_mode":true,"campfire_choices":[{"data":"Reprogram","floor":6.0,"key":"SMITH"},{"data":"Seek","floor":10.0,"key":"SMITH"},{"floor":15.0,"key":"REST"},{"data":"Hyperbeam","floor":23.0,"key":"SMITH"},{"data":"Seek","floor":28.0,"key":"SMITH"},{"data":"Recycle","floor":32.0,"key":"SMITH"},{"data":"Steam Power","floor":40.0,"key":"SMITH"},{"data":"Hologram","floor":44.0,"key":"SMITH"},{"floor":49.0,"key":"RECALL"}],"circlet_count":0,"master_deck":["AscendersBane","Strike_B","Strike_B","Strike_B+1","Strike_B","Defend_B+1","Defend_B","Defend_B","Defend_B","Seek+1","Reprogram+1","Gash","Gash","Rebound","Turbo","Steam Power+1","Leap","Go for the Eyes","Hyperbeam+1","Conserve Battery","All For One","Self Repair","Seek+1","RitualDagger","Undo+1","Leap","Recycle+1","Echo Form","CurseOfTheBell","Hologram+1","Steam","Beam Cell+1","Fusion","Undo+1","Reprogram","Master of Strategy"],"relics":["Cracked Core","Orichalcum","Eternal Feather","Cursed Key","Potion Belt","Molten Egg 2","Calling Bell","Blood Vial","Matryoshka","Unceasing Top","CeramicFish","StrikeDummy","Incense Burner"],"acts_visited":["Exordium","TheCity","TheBeyond"],"potions_floor_usage":[],"damage_taken":[{"damage":2.0,"enemies":"Small Slimes","floor":1.0,"turns":4.0},{"damage":0.0,"enemies":"2 Louse","floor":3.0,"turns":2.0},{"damage":0.0,"enemies":"Cultist","floor":5.0,"turns":3.0},{"damage":4.0,"enemies":"Looter","floor":7.0,"turns":3.0},{"damage":1.0,"enemies":"2 Fungi Beasts","floor":8.0,"turns":3.0},{"damage":6.0,"enemies":"Large Slime","floor":11.0,"turns":6.0},{"damage":4.0,"enemies":"Exordium Wildlife","floor":13.0,"turns":3.0},{"damage":9.0,"enemies":"3 Sentries","floor":14.0,"turns":8.0},{"damage":45.0,"enemies":"Slime Boss","floor":16.0,"turns":10.0},{"damage":28.0,"enemies":"3 Byrds","floor":18.0,"turns":6.0},{"damage":10.0,"enemies":"Chosen","floor":19.0,"turns":5.0},{"damage":6.0,"enemies":"Snake Plant","floor":21.0,"turns":4.0},{"damage":2.0,"enemies":"Gremlin Leader","floor":24.0,"turns":5.0},{"damage":0.0,"enemies":"3 Cultists","floor":25.0,"turns":4.0},{"damage":17.0,"enemies":"Centurion and Healer","floor":27.0,"turns":8.0},{"damage":4.0,"enemies":"Book of Stabbing","floor":30.0,"turns":4.0},{"damage":53.0,"enemies":"Champ","floor":33.0,"turns":15.0},{"damage":8.0,"enemies":"3 Darklings","floor":35.0,"turns":4.0},{"damage":5.0,"enemies":"3 Shapes","floor":37.0,"turns":2.0},{"damage":54.0,"enemies":"Jaw Worm Horde","floor":39.0,"turns":5.0},{"damage":10.0,"enemies":"3 Darklings","floor":41.0,"turns":4.0},{"damage":21.0,"enemies":"Reptomancer","floor":42.0,"turns":5.0},{"damage":31.0,"enemies":"Writhing Mass","floor":45.0,"turns":8.0},{"damage":20.0,"enemies":"Donu and Deca","floor":50.0,"turns":11.0},{"damage":42,"enemies":"Time Eater","floor":51,"turns":6}],"seed_played":"7829486511648997027","potions_obtained":[{"floor":1.0,"key":"Ancient Potion"},{"floor":8.0,"key":"Swift Potion"},{"floor":16.0,"key":"EssenceOfSteel"},{"floor":18.0,"key":"PowerPotion"},{"floor":21.0,"key":"PotionOfCapacity"},{"floor":27.0,"key":"Dexterity Potion"},{"floor":30.0,"key":"ColorlessPotion"},{"floor":33.0,"key":"Ancient Potion"},{"floor":35.0,"key":"PowerPotion"},{"floor":39.0,"key":"GamblersBrew"},{"floor":41.0,"key":"DuplicationPotion"}],"is_trial":false,"path_per_floor":["M","?","M","?","M","R","M","M","T","R","M","?","M","E","R","B",null,"M","M","$","M","?","R","E","M","T","M","R","$","E","?","R","B",null,"M","?","M","T","M","R","M","E","T","R","M","?","$","?","R","B","B"],"character_chosen":"DEFECT","items_purchased":["All For One","Self Repair","SteroidPotion","Reprogram"],"campfire_rested":1,"item_purchase_floors":[20,20,47,47],"current_hp_per_floor":[62,62,62,41,41,41,37,36,36,36,30,30,26,17,47,2,54,26,16,16,17,11,23,28,35,35,25,40,40,43,43,58,12,56,57,57,61,61,23,41,40,28,28,46,24,24,24,24,45,34,0,0],"gold":60,"neow_bonus":"ONE_RANDOM_RARE_CARD","is_daily":false,"chose_seed":false,"campfire_upgraded":7,"win_rate":0.0,"timestamp":1610239788,"path_taken":["M","?","M","?","M","R","M","M","T","R","M","?","M","E","R","BOSS","M","M","$","?","?","R","E","M","T","M","R","$","E","?","R","BOSS","M","?","M","?","M","R","M","E","T","R","?","?","$","?","R","BOSS","BOSS"],"items_purchased_type":["Card","Card","Potion","Card"],"build_version":"2020-12-22","purchased_purges":3,"victory":false,"max_hp_per_floor":[71,71,71,71,71,71,71,71,71,71,71,71,71,71,71,71,71,71,71,71,71,71,71,71,71,71,71,71,71,71,71,71,71,71,71,71,71,71,71,71,71,71,71,71,71,71,71,71,71,71,71,71],"card_choices":[{"not_picked":["Darkness","Go for the Eyes"],"picked":"Reprogram","floor":1.0},{"not_picked":["Redo","Streamline"],"picked":"Gash","floor":3.0},{"not_picked":["Cold Snap","Ball Lightning"],"picked":"Gash","floor":5.0},{"not_picked":["Capacitor","Cold Snap"],"picked":"Rebound","floor":7.0},{"not_picked":["Redo","Melter"],"picked":"Turbo","floor":8.0},{"not_picked":["Redo","Streamline"],"picked":"Steam Power","floor":11.0},{"not_picked":["Blizzard","Electrodynamics"],"picked":"Leap","floor":13.0},{"not_picked":["Chill","Rebound"],"picked":"Go for the Eyes","floor":14.0},{"not_picked":["Fission","Creative AI"],"picked":"Hyperbeam","floor":16.0},{"not_picked":["Stack+1","Sweeping Beam"],"picked":"Conserve Battery","floor":18.0},{"not_picked":["Streamline","Steam","Double Energy"],"picked":"SKIP","floor":19.0},{"not_picked":["Sweeping Beam","Lockon"],"picked":"Seek","floor":21.0},{"not_picked":["Force Field","Redo+1","Ball Lightning"],"picked":"SKIP","floor":24.0},{"not_picked":["Capacitor","Sweeping Beam"],"picked":"Undo+1","floor":25.0},{"not_picked":["Loop","Coolheaded+1"],"picked":"Leap","floor":27.0},{"not_picked":["Creative AI","Rebound+1"],"picked":"Beam Cell+1","floor":30.0},{"not_picked":["Seek","Fission"],"picked":"Echo Form","floor":33.0},{"not_picked":["Genetic Algorithm","Chaos+1"],"picked":"Hologram","floor":35.0},{"not_picked":["Coolheaded","Melter+1"],"picked":"Steam","floor":37.0},{"not_picked":["Compile Driver+1","Barrage+1"],"picked":"Beam Cell+1","floor":39.0},{"not_picked":["Beam Cell+1","Ball Lightning+1","Consume+1"],"picked":"SKIP","floor":41.0},{"not_picked":["Beam Cell+1","Redo"],"picked":"Fusion","floor":42.0},{"not_picked":["Streamline+1","Beam Cell+1"],"picked":"Undo+1","floor":45.0},{"not_picked":["PanicButton","Impatience"],"picked":"Master of Strategy","floor":48.0}],"player_experience":1827413,"relics_obtained":[{"floor":9.0,"key":"Orichalcum"},{"floor":14.0,"key":"Eternal Feather"},{"floor":24.0,"key":"Potion Belt"},{"floor":30.0,"key":"Molten Egg 2"},{"floor":34.0,"key":"Blood Vial"},{"floor":34.0,"key":"Matryoshka"},{"floor":34.0,"key":"Unceasing Top"},{"floor":38.0,"key":"CeramicFish"},{"floor":38.0,"key":"StrikeDummy"},{"floor":42.0,"key":"Incense Burner"}],"event_choices":[{"damage_healed":0.0,"max_hp_gain":0.0,"max_hp_loss":0.0,"gold_gain":0.0,"event_name":"Liars Game","player_choice":"Ignored","floor":2.0,"gold_loss":0.0,"damage_taken":0.0},{"damage_healed":0.0,"max_hp_gain":0.0,"max_hp_loss":0.0,"gold_gain":0.0,"event_name":"Shining Light","player_choice":"Entered Light","floor":4.0,"gold_loss":0.0,"damage_taken":21.0,"cards_upgraded":["Defend_B","Strike_B"]},{"cards_removed":["Zap"],"damage_healed":0.0,"max_hp_gain":0.0,"max_hp_loss":0.0,"gold_gain":0.0,"event_name":"Bonfire Elementals","player_choice":"Offered Basic","floor":12.0,"gold_loss":0.0,"damage_taken":0.0},{"damage_healed":0.0,"max_hp_gain":0.0,"max_hp_loss":0.0,"gold_gain":0.0,"event_name":"Nest","player_choice":"Joined the Cult","floor":22.0,"gold_loss":0.0,"damage_taken":6.0,"cards_obtained":["RitualDagger"]},{"damage_healed":0.0,"max_hp_gain":0.0,"max_hp_loss":0.0,"gold_gain":0.0,"event_name":"The Library","player_choice":"Read","floor":31.0,"gold_loss":0.0,"damage_taken":0.0,"cards_obtained":["Recycle"]},{"cards_removed":["Beam Cell"],"damage_healed":0.0,"max_hp_gain":0.0,"max_hp_loss":0.0,"gold_gain":0.0,"event_name":"Falling","player_choice":"Removed Attack","floor":36.0,"gold_loss":0.0,"damage_taken":0.0},{"damage_healed":0.0,"max_hp_gain":0.0,"max_hp_loss":0.0,"gold_gain":0.0,"event_name":"Mysterious Sphere","player_choice":"Ignored","floor":46.0,"gold_loss":0.0,"damage_taken":0.0},{"damage_healed":0.0,"max_hp_gain":0.0,"max_hp_loss":0.0,"gold_gain":0.0,"event_name":"SensoryStone","player_choice":"Memory 1","floor":48.0,"gold_loss":0.0,"damage_taken":0.0}],"is_beta":false,"boss_relics":[{"not_picked":["FrozenCore","Empty Cage"],"picked":"Cursed Key"},{"not_picked":["Tiny House","Runic Dome"],"picked":"Calling Bell"}],"items_purged_floors":[20,29,47],"is_endless":false,"potions_floor_spawned":[1,8,16,18,21,27,30,33,35,39,41],"killed_by":"Time Eater","ascension_level":20}}