{"host":"dhv3u8yhd2rnugsp","time":1610238983,"event":{"mods":["BaseMod","Block Reminder","Colored Map","Googly Eyes","Highlight Path","Minty Spire (QoL Compilation)","Permanent Neow","Quick Restart","Random Character Button","StSLib"],"gold_per_floor":[114,114,28,47,47,80,99,129,177,194,220,220,220,220,220,299,299,338,118,138,182,182,182,25,57,57,57,121,137,137,178,178,257,257,268,268,323,370,370,370,402,402,452,452,472,472,472,43,43,43,43],"floor_reached":50,"playtime":2683,"items_purged":["Strike_P","Strike_P+1"],"score":1090,"play_id":"6dd84c12-56b9-4401-977b-b43b313779b3","local_time":"20210109183623","is_ascension_mode":true,"campfire_choices":[{"data":"Tantrum","floor":12.0,"key":"SMITH"},{"data":"Eruption","floor":15.0,"key":"SMITH"},{"data":"Wish","floor":23.0,"key":"SMITH"},{"floor":27.0,"key":"REST"},{"data":"CrushJoints","floor":30.0,"key":"SMITH"},{"data":"MentalFortress","floor":32.0,"key":"SMITH"},{"data":"Halt","floor":40,"key":"SMITH"},{"floor":42,"key":"REST"},{"floor":44,"key":"REST"},{"floor":47,"key":"REST"},{"floor":49,"key":"REST"}],"circlet_count":0,"master_deck":["AscendersBane","Defend_P","Defend_P","Defend_P+1","Eruption+1","Vigilance","FearNoEvil","Tantrum+1","FlyingSleeves+1","BattleHymn","MentalFortress+1","Halt+1","FlurryOfBlows","Wish+1","LikeWater","EmptyBody","Discovery+1","Consecrate+1","CrushJoints+1","Scrawl","Fasting2+1","Consecrate+1","WheelKick+1","CarveReality+1","FlyingSleeves+1","WaveOfTheHand"],"relics":["Empty Cage","TeardropLocket","Bag of Preparation","Tiny Chest","Toy Ornithopter","Prayer Wheel","Busted Crown","Strawberry","Membership Card","Oddly Smooth Stone","Dream Catcher","Pen Nib","Velvet Choker","Turnip","Molten Egg 2","War Paint","Orichalcum","Bronze Scales","TheAbacus","Mummified Hand"],"acts_visited":["Exordium","TheCity","TheBeyond"],"potions_floor_usage":[41,50,50],"damage_taken":[{"damage":3.0,"enemies":"2 Louse","floor":1.0,"turns":4.0},{"damage":0.0,"enemies":"Small Slimes","floor":4.0,"turns":2.0},{"damage":0.0,"enemies":"Lagavulin","floor":6.0,"turns":3.0},{"damage":0.0,"enemies":"Cultist","floor":7.0,"turns":2.0},{"damage":0.0,"enemies":"Gremlin Nob","floor":8.0,"turns":2.0},{"damage":7.0,"enemies":"Exordium Wildlife","floor":10.0,"turns":4.0},{"damage":14.0,"enemies":"Hexaghost","floor":16.0,"turns":7.0},{"damage":0.0,"enemies":"Spheric Guardian","floor":18.0,"turns":3.0},{"damage":11.0,"enemies":"Shell Parasite","floor":20.0,"turns":2.0},{"damage":0.0,"enemies":"Centurion and Healer","floor":21.0,"turns":4.0},{"damage":18.0,"enemies":"Book of Stabbing","floor":25.0,"turns":3.0},{"damage":4.0,"enemies":"Slavers","floor":28.0,"turns":4.0},{"damage":12.0,"enemies":"Snecko","floor":29.0,"turns":4.0},{"damage":6.0,"enemies":"Shelled Parasite and Fungi","floor":31.0,"turns":4.0},{"damage":14,"enemies":"Automaton","floor":33,"turns":6},{"damage":8,"enemies":"Orb Walker","floor":35,"turns":4},{"damage":0,"enemies":"Mind Bloom Boss Battle","floor":37,"turns":7},{"damage":0,"enemies":"3 Shapes","floor":38,"turns":5},{"damage":46,"enemies":"Nemesis","floor":41,"turns":7},{"damage":30,"enemies":"Sphere and 2 Shapes","floor":45,"turns":4},{"damage":80,"enemies":"Awakened One","floor":50,"turns":6}],"seed_played":"4859608092073923661","potions_obtained":[{"floor":4.0,"key":"Fire Potion"},{"floor":5.0,"key":"Fire Potion"},{"floor":6.0,"key":"BottledMiracle"},{"floor":18.0,"key":"SneckoOil"},{"floor":25.0,"key":"LiquidMemories"},{"floor":29.0,"key":"EssenceOfSteel"},{"floor":33,"key":"LiquidBronze"},{"floor":37,"key":"Block Potion"}],"is_trial":false,"path_per_floor":["M","?","$","M","?","E","M","E","T","M","T","R","?","T","R","B",null,"M","$","M","M","T","R","$","E","T","R","E","M","R","M","R","B",null,"M","?","?","M","T","R","E","R","T","R","M","?","R","$","R","B"],"character_chosen":"WATCHER","items_purchased":["Tantrum","EmptyBody","Discovery","Membership Card","Bronze Scales","TheAbacus","Strength Potion","FlyingSleeves+1","WaveOfTheHand","Mummified Hand"],"campfire_rested":5,"item_purchase_floors":[3,19,19,24,48,48,48,48,48,48],"current_hp_per_floor":[58,51,51,51,51,51,51,51,51,44,44,44,24,24,24,10,54,54,54,43,43,50,50,50,37,37,59,65,53,53,52,52,38,66,58,58,58,58,58,58,17,38,38,59,29,29,50,50,71,0,0],"gold":43,"neow_bonus":"BOSS_RELIC","is_daily":false,"chose_seed":false,"campfire_upgraded":6,"win_rate":0.0,"timestamp":1610238983,"path_taken":["M","?","$","M","?","E","?","E","T","M","?","R","?","?","R","BOSS","M","$","M","M","?","R","?","E","T","R","E","M","R","M","R","BOSS","M","?","?","M","?","R","E","R","T","R","M","?","R","$","R","BOSS"],"items_purchased_type":["Card","Card","Card","Relic","Relic","Relic","Potion","Card","Card","Relic"],"build_version":"2020-12-22","purchased_purges":2,"victory":false,"max_hp_per_floor":[68,68,68,68,68,68,68,68,68,68,68,68,68,68,68,68,68,68,68,68,68,75,75,75,75,75,75,75,75,75,75,75,75,75,75,71,71,71,71,71,71,71,71,71,71,71,71,71,71,71,71],"card_choices":[{"not_picked":["EmptyFist","FlyingSleeves"],"picked":"FearNoEvil","floor":1.0},{"not_picked":["FollowUp","ForeignInfluence"],"picked":"FlyingSleeves","floor":4.0},{"not_picked":["Evaluate","EmptyMind"],"picked":"BattleHymn","floor":6.0},{"not_picked":["FollowUp","SignatureMove"],"picked":"MentalFortress","floor":7.0},{"not_picked":["SashWhip","Fasting2"],"picked":"Halt","floor":8.0},{"not_picked":["FlyingSleeves","WreathOfFlame"],"picked":"FlurryOfBlows","floor":10.0},{"not_picked":["Brilliance","DeusExMachina"],"picked":"Wish","floor":16.0},{"not_picked":[],"picked":"LikeWater","floor":18.0},{"not_picked":["PathToVictory"],"picked":"SKIP","floor":18.0},{"not_picked":[],"picked":"Consecrate+1","floor":20.0},{"not_picked":["Protect+1"],"picked":"SKIP","floor":20.0},{"not_picked":["PathToVictory"],"picked":"SKIP","floor":21.0},{"not_picked":["JustLucky+1"],"picked":"SKIP","floor":21.0},{"not_picked":[],"picked":"CrushJoints","floor":25.0},{"not_picked":["SignatureMove"],"picked":"SKIP","floor":28.0},{"not_picked":[],"picked":"FlurryOfBlows+1","floor":29.0},{"not_picked":["EmptyMind"],"picked":"SKIP","floor":29.0},{"not_picked":["Evaluate"],"picked":"SKIP","floor":31.0},{"not_picked":["CrushJoints"],"picked":"SKIP","floor":31.0},{"not_picked":[],"picked":"Scrawl","floor":33},{"not_picked":["FollowUp"],"picked":"SKIP","floor":35},{"not_picked":["JustLucky"],"picked":"SKIP","floor":35},{"not_picked":[],"picked":"Fasting2+1","floor":37},{"not_picked":["BowlingBash"],"picked":"SKIP","floor":38},{"not_picked":["SashWhip"],"picked":"SKIP","floor":38},{"not_picked":["Devotion"],"picked":"SKIP","floor":41},{"not_picked":[],"picked":"Consecrate+1","floor":42},{"not_picked":[],"picked":"WheelKick+1","floor":45},{"not_picked":["Halt"],"picked":"SKIP","floor":45},{"not_picked":[],"picked":"CarveReality+1","floor":47}],"player_experience":1635917,"relics_obtained":[{"floor":6.0,"key":"TeardropLocket"},{"floor":8.0,"key":"Bag of Preparation"},{"floor":9.0,"key":"Tiny Chest"},{"floor":11.0,"key":"Toy Ornithopter"},{"floor":14.0,"key":"Prayer Wheel"},{"floor":22.0,"key":"Strawberry"},{"floor":25.0,"key":"Oddly Smooth Stone"},{"floor":26.0,"key":"Dream Catcher"},{"floor":28.0,"key":"Pen Nib"},{"floor":37,"key":"Turnip"},{"floor":39,"key":"Molten Egg 2"},{"floor":41,"key":"War Paint"},{"floor":43,"key":"Orichalcum"}],"event_choices":[{"cards_removed":["Strike_P"],"damage_healed":0.0,"max_hp_gain":0.0,"max_hp_loss":0.0,"gold_gain":0.0,"event_name":"Golden Wing","player_choice":"Card Removal","floor":2.0,"gold_loss":0.0,"damage_taken":7.0},{"damage_healed":0.0,"max_hp_gain":0.0,"max_hp_loss":0.0,"gold_gain":0.0,"event_name":"Lab","player_choice":"Got Potions","floor":5.0,"gold_loss":0.0,"damage_taken":0.0},{"damage_healed":0.0,"max_hp_gain":0.0,"max_hp_loss":0.0,"gold_gain":0.0,"event_name":"Shining Light","player_choice":"Entered Light","floor":13.0,"gold_loss":0.0,"damage_taken":20.0,"cards_upgraded":["FlyingSleeves","Strike_P"]},{"damage_healed":0,"gold_gain":0,"player_choice":"Max HP","damage_taken":0,"max_hp_gain":0,"max_hp_loss":4,"event_name":"Winding Halls","floor":36,"gold_loss":0},{"damage_healed":0,"gold_gain":0,"player_choice":"Fight","damage_taken":0,"max_hp_gain":0,"max_hp_loss":0,"event_name":"MindBloom","floor":37,"gold_loss":0},{"cards_removed":["FlurryOfBlows"],"damage_healed":0,"gold_gain":0,"player_choice":"Removed Attack","damage_taken":0,"max_hp_gain":0,"max_hp_loss":0,"event_name":"Falling","floor":46,"gold_loss":0}],"is_beta":false,"boss_relics":[{"not_picked":["Tiny House","Snecko Eye"],"picked":"Busted Crown"},{"not_picked":["Pandora\u0027s Box","SacredBark"],"picked":"Velvet Choker"}],"items_purged_floors":[19,48],"is_endless":false,"potions_floor_spawned":[4,6,18,25,29,33,37],"killed_by":"Awakened One","ascension_level":17}}