{"host":"4q8tqz186r0pap1a","time":1610265084,"event":{"mods":["ATMod(阿瑾Mod)","Act Like it!","Arknights The Spire","BaseMod","Bestiary","Block Reminder","Colored Powertips","Curses Come First","Dota2Spire","Downfall","Gensokyo","Gold Saver","GungeonMod","Hallownest","Highlight Path","Hubris","Hunter 猎人","Jedi Mod","KinomotoSakuraMod(木之本樱)","KomeijiMod","LagranYue(拉格朗・月)","Minty Spire (QoL Compilation)","Nova Terra(诺娃・泰拉)","Pale of the Ancients","Quarter Circle Forward PUNCH!","Red Circlet Mod","Relic Stats","Replay The Spire","Shop Mod","Spicy Shops","StSLib","The Bug Knight","The Construct","The Cursed","The Marked","TheWitcher","WarShipGirlsR/战舰少女R mod","Yakumo Yukari mod","Yuyuko","[IsaacMod]以撒尖塔","[功能]功能增强和修复MOD","[地精首领爬塔]The Maniac","vexMod","【功能Mod】混沌之环修复补丁","【功能Mod】聪明的最终Boss","【遗物卡牌】REMEMod","残留之物"],"gold_per_floor":[167,162,180,193,188,222,222,222,222,255,269,269,269,269,269,799,799,811,806,822,802,802,836,850,850,900,900,900,930,807,807,807,1377,1377,1391,1391,1404,1457,1452,1463,1463,1489,1561,1574,1608,1708,1708,1708,1708,1708,1708,1708,1708,1642,1675,1675],"floor_reached":57,"playtime":4978,"items_purged":["Regret","AT_ThunderBolt","Writhe","Strike_B","Strike_B","Strike_B","Strike_B","Doubt","AT_ThunderBolt","Heatsinks+1","Fan+1","hubris:Ukulele","REME_FirmDetermination+1","Ball Lightning","Tempest","Defragment+1","REME_Whirling","DoctorFetus+1","Storm+1","Seek+1","REME_Flogging+1","Amplify+1","jedi:BurstFrost+1","Multi-Cast+1","Amplify+1","jedi:meditation+1","ReplayTheSpireMod:Calculation Training+1","AT_ThreeBodyProblem+1","REME_Flogging+1","jedi:meditation+1","Echo Form+1","Electrodynamics+1","Creative AI+1","Creative AI+1","Reboot+1","Meteor Strike+1","Thunder Strike+1","Loop+1","FIFO Queue+1","ReplayTheSpireMod:System Scan+1","Genetic Algorithm+1","Defend_B","Defend_B+6","Defend_B+7","AT_RightCognition+1","Core Surge+1","Panic Button+1"],"score":3054,"play_id":"525cd907-5318-4ed0-a794-e68771c372bc","local_time":"20210110155124","is_ascension_mode":true,"campfire_choices":[{"floor":8,"key":"RECALL"},{"data":"REME_FirmDetermination","floor":13,"key":"SMITH"},{"data":"AT_ThreeBodyProblem","floor":15,"key":"SMITH"},{"data":"Echo Form","floor":25,"key":"SMITH"},{"data":"DoctorFetus","floor":28,"key":"SMITH"},{"data":"Heatsinks","floor":32,"key":"SMITH"},{"data":"Electrodynamics","floor":49,"key":"SMITH"},{"data":"Zap","floor":53,"key":"SMITH"}],"circlet_count":0,"master_deck":["AscendersBane","Defend_B+16","Zap+1","Dualcast+1","AbeCurse"],"relics":["Cracked Core","AT_ATBox","REME_ComplimentaryCards","HushsDoor","LagranYue:RandomDrawCardRelic","GnawedLeaf","BookOfRevelations","jedi:paperfaux","jedi:crownofsimplicity","Habit","qcfpunch:Necklace_of_Skulls","Dota2Spire:ArmletOfMordiggian","Runic Capacitor","MerchantsRug","ReplayFunnel","Unceasing Top","Blue Candle","Dota2Spire:PowerTreads","NineVolt","Bronze Scales","Pet Ghost","Lee\u0027s Waffle","qcfpunch:Red_Headband","Replay:Baseball","hubris:SlimyHat","Medical Kit","hubris:BallOfYels","ThirstyCross","hubris:OldNail","HoshigumaDish","Abe\u0027s Treasure","DemoMod:GlassGuonStoneRelic","PlaceholderMod:DeVermisMysteriis","Replay:Mystery Machine","Chaos","HornCleat","LagranYue:MagicReflectiveArmorRelic","DemoMod:MeatBun","Matryoshka","construct:BoolHorns","DemoMod:AgedBell","Toxic Egg 2","War Paint","Bag of Preparation","vexMod:BigBerry","PokeGo","Replay:WaspNest","qcfpunch:Army_Boots","Coffee Dripper","DemoMod:SerJunkan","Ginger","jedi:hotpepper","jedi:heavyjacket","GoodDreamPillow","Prayer Wheel","DemoMod:Junk","AT_BladeRuinedKing","AT_EbonyIvory","hubris:TenFootPole","vexMod:Dragonfruit","Du-Vu Doll","jedi:kaleidoscope","vexMod:InvisibilityCloak","Bird Faced Urn","DeadEye","Nuclear Battery","Replay:Antivirus Software","Replay:Bronze Core","DemoMod:MonsterBlood","PlaceholderMod:FlatBlood","AT_SilvercatRing","AT_ForceNature","vexMod:Spyglass","KyoryuNoHagoromo","Mark of Pain","Bag of Marbles","MegaBlast","vexMod:PlasmaPancake","AT_DeathDance","jedi:arcanewood","Akabeko","Dota2Spire:DivineRapier","Shovel","hubris:HollowSoul","Simple Rune","REME_PoisonedDagger","DemoMod:ResourcefulSack","Dota2Spire:MonkeyKingBar","LagranYue:GuideDeadRelic","qcfpunch:Not_Strongest_Fighting_Style_Guidebook","Philosopher\u0027s Stone","Emotion Chip","Snack Pack","Guide Book"],"acts_visited":["Exordium","TheCity","TheBeyond","TheEnding"],"potions_floor_usage":[3,6,11,18,18,24,33,33],"damage_taken":[{"damage":0,"enemies":"2 Louse","floor":1,"turns":3},{"damage":0,"enemies":"Jaw Worm","floor":3,"turns":4},{"damage":0,"enemies":"Small Slimes","floor":4,"turns":2},{"damage":39,"enemies":"Lagavulin","floor":6,"turns":3},{"damage":2,"enemies":"Gremlin Nob","floor":10,"turns":3},{"damage":7,"enemies":"3 Louse","floor":11,"turns":3},{"damage":38,"enemies":"Fading Forest","floor":16,"turns":13},{"damage":8,"enemies":"Shell Parasite","floor":18,"turns":2},{"damage":0,"enemies":"3 Byrds","floor":20,"turns":2},{"damage":0,"enemies":"Book of Stabbing","floor":23,"turns":2},{"damage":3,"enemies":"Snake Plant","floor":24,"turns":3},{"damage":0,"enemies":"Slavers","floor":29,"turns":1},{"damage":0,"enemies":"Automaton","floor":33,"turns":3},{"damage":0,"enemies":"3 Darklings","floor":35,"turns":2},{"damage":3,"enemies":"Orb Walker","floor":37,"turns":3},{"damage":0,"enemies":"2 Orb Walkers","floor":38,"turns":2},{"damage":0,"enemies":"Spire Growth","floor":40,"turns":2},{"damage":1,"enemies":"R_Hoarder","floor":42,"turns":4},{"damage":0,"enemies":"Transient","floor":44,"turns":2},{"damage":0,"enemies":"Reptomancer","floor":45,"turns":3},{"damage":0,"enemies":"Time Eater","floor":50,"turns":7},{"damage":0,"enemies":"Awakened One","floor":51,"turns":2},{"damage":1,"enemies":"Shield and Spear","floor":55,"turns":5},{"damage":0,"enemies":"Delirium","floor":56,"turns":1}],"seed_played":"8018546793031177764","potions_obtained":[{"floor":4,"key":"SpeedPotion"},{"floor":4,"key":"champ:CounterPotion"},{"floor":10,"key":"EntropicBrew"},{"floor":11,"key":"CalmPotion"},{"floor":18,"key":"FocusPotion"},{"floor":18,"key":"Fruit Juice"},{"floor":24,"key":"Weak Potion"},{"floor":33,"key":"Guardian:BlockOnCardUsePotion"},{"floor":33,"key":"Explosive Potion"}],"is_trial":false,"path_per_floor":["M","$","M","M","$","E","$","R","T","E","M","?","R","?","R","B",null,"M","$","M","$","?","E","M","R","T","$","R","E","?","?","R","B",null,"M","$","M","?","$","M","$","E","T","M","E","?","$","$","R","B","B",null,"R","$","E","B",null],"character_chosen":"DEFECT","items_purchased":["jedi:paperfaux","jedi:crownofsimplicity","Habit","qcfpunch:Necklace_of_Skulls","Dota2Spire:ArmletOfMordiggian","Runic Capacitor","Heatsinks","REME_FirmDetermination","jedi:coolantleak","MerchantsRug","ReplayFunnel","Unceasing Top","Blue Candle","Dota2Spire:PowerTreads","NineVolt","Genetic Algorithm","AT_ThunderBolt","Pet Ghost","Lee\u0027s Waffle","qcfpunch:Red_Headband","Replay:Baseball","hubris:SlimyHat","Medical Kit","Storm","Amplify","Seek","REME_Flogging","PlaceholderMod:DeVermisMysteriis","Replay:Mystery Machine","Chaos","HornCleat","LagranYue:MagicReflectiveArmorRelic","DemoMod:MeatBun","Matryoshka","construct:BoolHorns","DemoMod:AgedBell","Toxic Egg 2","War Paint","construct:WeddingRing","Replay:WaspNest","qcfpunch:Army_Boots","Coffee Dripper","DemoMod:SerJunkan","Ginger","jedi:hotpepper","REME_Flogging","hubris:TenFootPole","vexMod:Dragonfruit","Du-Vu Doll","jedi:kaleidoscope","vexMod:InvisibilityCloak","Bird Faced Urn","Loop","Thunder Strike","Nuclear Battery","Replay:Antivirus Software","Replay:Bronze Core","DemoMod:MonsterBlood","PlaceholderMod:FlatBlood","AT_SilvercatRing","AT_ForceNature","vexMod:Spyglass","KyoryuNoHagoromo","Mark of Pain","Bag of Marbles","jedi:arcanewood","Akabeko","Dota2Spire:DivineRapier","Shovel","hubris:HollowSoul","Simple Rune","REME_PoisonedDagger","DemoMod:ResourcefulSack","Dota2Spire:MonkeyKingBar","LagranYue:GuideDeadRelic","qcfpunch:Cattail","qcfpunch:Not_Strongest_Fighting_Style_Guidebook","Philosopher\u0027s Stone","Emotion Chip","Snack Pack"],"campfire_rested":0,"item_purchase_floors":[2,2,2,2,2,2,2,2,2,2,5,5,5,5,5,5,5,7,7,7,7,7,7,7,7,7,7,19,19,19,19,19,19,21,21,21,21,21,21,27,27,27,27,27,27,27,36,36,36,36,36,36,36,36,39,39,39,39,39,39,41,41,41,41,41,47,47,47,47,47,47,48,48,48,48,48,48,54,54,54],"current_hp_per_floor":[64,64,64,64,64,25,78,78,78,76,69,69,69,69,69,49,71,68,78,78,78,78,78,80,80,110,84,84,84,84,84,84,84,84,84,87,87,87,91,91,91,91,94,94,94,94,94,94,94,93,93,93,93,93,92,92],"gold":1675,"neow_bonus":"RANDOM_EVENT","is_daily":false,"chose_seed":false,"campfire_upgraded":7,"win_rate":0.0,"timestamp":1610265084,"path_taken":["M","$","M","M","$","E","$","R","T","E","M","?","R","?","R","BOSS","M","$","M","$","?","E","M","R","T","$","R","E","?","?","R","BOSS","M","$","M","?","$","M","$","E","T","?","E","?","$","?","R","BOSS","BOSS","R","$","E","BOSS"],"items_purchased_type":["Relic","Relic","Relic","Relic","Relic","Relic","Card","Card","Potion","Relic","Relic","Relic","Relic","Relic","Relic","Card","Card","Relic","Relic","Relic","Relic","Relic","Relic","Card","Card","Card","Card","Relic","Relic","Card","Relic","Relic","Relic","Relic","Relic","Relic","Relic","Relic","Relic","Relic","Relic","Relic","Relic","Relic","Relic","Card","Relic","Relic","Relic","Relic","Relic","Relic","Card","Card","Relic","Relic","Relic","Relic","Relic","Relic","Relic","Relic","Relic","Relic","Relic","Relic","Relic","Relic","Relic","Relic","Relic","Relic","Relic","Relic","Relic","Relic","Relic","Relic","Relic","Relic"],"build_version":"2020-12-22","purchased_purges":47,"victory":true,"max_hp_per_floor":[71,71,71,71,71,71,78,78,78,78,78,78,78,78,78,78,78,78,78,78,78,78,78,83,83,113,84,84,84,84,84,84,84,84,84,87,87,87,91,91,91,91,94,94,94,94,94,94,94,93,93,93,93,93,93,93],"relic_stats":{"Lee\u0027s Waffle":53,"counters":[24,77],"Blue Candle":[2],"Bag of Preparation":[24],"Ginger":[1],"War Paint":["ReplayTheSpireMod:Fabricate Wheel","Dualcast"],"Medical Kit":[5],"Emotion Chip":[3,2,0,0,1],"Shovel":0,"Bronze Scales":[167],"Bird Faced Urn":[3],"Prayer Wheel":4,"obtain_stats":[{"ThirstyCross":12,"hubris:BallOfYels":10,"Dota2Spire:PowerTreads":5,"AT_ATBox":0,"DemoMod:AgedBell":21,"LagranYue:RandomDrawCardRelic":0,"Ginger":27,"DeadEye":38,"vexMod:InvisibilityCloak":36,"Replay:Bronze Core":39,"jedi:paperfaux":2,"KeepersGift":0,"MerchantsRug":2,"GoodDreamPillow":30,"Blue Candle":5,"HoshigumaDish":16,"AT_EbonyIvory":34,"AT_SilvercatRing":39,"Akabeko":47,"DemoMod:MeatBun":19,"Bird Faced Urn":36,"DemoMod:SerJunkan":27,"Mark of Pain":41,"hubris:TenFootPole":36,"DemoMod:ResourcefulSack":48,"HushsDoor":0,"Unceasing Top":5,"Abe\u0027s Treasure":17,"vexMod:BigBerry":26,"vexMod:PlasmaPancake":43,"GnawedLeaf":0,"Bag of Preparation":23,"LagranYue:MagicReflectiveArmorRelic":19,"Pet Ghost":7,"Matryoshka":21,"PokeGo":26,"Shovel":47,"qcfpunch:Cattail":48,"Lee\u0027s Waffle":7,"construct:WeddingRing":21,"LagranYue:GuideDeadRelic":48,"jedi:crownofsimplicity":2,"KyoryuNoHagoromo":41,"Nuclear Battery":39,"Habit":2,"REME_ComplimentaryCards":0,"PlaceholderMod:FlatBlood":39,"Chaos":19,"NineVolt":5,"Dota2Spire:ArmletOfMordiggian":2,"DemoMod:GlassGuonStoneRelic":4,"Runic Capacitor":2,"HornCleat":19,"DemoMod:MonsterBlood":39,"Prayer Wheel":33,"Philosopher\u0027s Stone":54,"Dota2Spire:DivineRapier":47,"Toxic Egg 2":21,"BookOfRevelations":1,"hubris:HollowSoul":47,"War Paint":21,"Du-Vu Doll":36,"jedi:heavyjacket":29,"Replay:Baseball":7,"jedi:hotpepper":27,"Bronze Scales":6,"Simple Rune":47,"AT_DeathDance":45,"Dota2Spire:MonkeyKingBar":48,"ReplayFunnel":5,"construct:BoolHorns":21,"qcfpunch:Not_Strongest_Fighting_Style_Guidebook":48,"PlaceholderMod:DeVermisMysteriis":19,"hubris:SlimyHat":7,"Replay:Mystery Machine":19,"vexMod:Spyglass":41,"Emotion Chip":54,"qcfpunch:Necklace_of_Skulls":2,"Replay:Antivirus Software":39,"Cracked Core":0,"DemoMod:Junk":33,"AT_ForceNature":41,"qcfpunch:Army_Boots":27,"Guide Book":55,"Replay:WaspNest":27,"AT_BladeRuinedKing":33,"Medical Kit":7,"REME_PoisonedDagger":48,"MegaBlast":43,"vexMod:Dragonfruit":36,"jedi:kaleidoscope":36,"qcfpunch:Red_Headband":7,"Coffee Dripper":27,"Bag of Marbles":41,"Snack Pack":54,"jedi:arcanewood":47,"hubris:OldNail":16},{"ThirstyCross":6,"hubris:BallOfYels":5,"Dota2Spire:PowerTreads":3,"AT_ATBox":0,"DemoMod:AgedBell":9,"LagranYue:RandomDrawCardRelic":0,"Ginger":11,"DeadEye":16,"vexMod:InvisibilityCloak":14,"Replay:Bronze Core":16,"jedi:paperfaux":1,"KeepersGift":0,"MerchantsRug":1,"GoodDreamPillow":12,"Blue Candle":3,"HoshigumaDish":7,"AT_EbonyIvory":13,"AT_SilvercatRing":16,"Akabeko":20,"DemoMod:MeatBun":8,"Bird Faced Urn":14,"DemoMod:SerJunkan":11,"Mark of Pain":17,"hubris:TenFootPole":14,"DemoMod:ResourcefulSack":20,"HushsDoor":0,"Unceasing Top":3,"Abe\u0027s Treasure":7,"vexMod:BigBerry":11,"vexMod:PlasmaPancake":18,"GnawedLeaf":0,"Bag of Preparation":10,"LagranYue:MagicReflectiveArmorRelic":8,"Pet Ghost":4,"Matryoshka":9,"PokeGo":11,"Shovel":20,"qcfpunch:Cattail":20,"Lee\u0027s Waffle":4,"construct:WeddingRing":9,"LagranYue:GuideDeadRelic":20,"jedi:crownofsimplicity":1,"KyoryuNoHagoromo":17,"Nuclear Battery":16,"Habit":1,"REME_ComplimentaryCards":0,"PlaceholderMod:FlatBlood":16,"Chaos":8,"NineVolt":3,"Dota2Spire:ArmletOfMordiggian":1,"DemoMod:GlassGuonStoneRelic":3,"Runic Capacitor":1,"HornCleat":8,"DemoMod:MonsterBlood":16,"Prayer Wheel":13,"Philosopher\u0027s Stone":22,"Dota2Spire:DivineRapier":20,"Toxic Egg 2":9,"BookOfRevelations":1,"hubris:HollowSoul":20,"War Paint":9,"Du-Vu Doll":14,"jedi:heavyjacket":12,"Replay:Baseball":4,"jedi:hotpepper":11,"Bronze Scales":4,"Simple Rune":20,"AT_DeathDance":20,"Dota2Spire:MonkeyKingBar":20,"ReplayFunnel":3,"construct:BoolHorns":9,"qcfpunch:Not_Strongest_Fighting_Style_Guidebook":20,"PlaceholderMod:DeVermisMysteriis":8,"hubris:SlimyHat":4,"Replay:Mystery Machine":8,"vexMod:Spyglass":17,"Emotion Chip":22,"qcfpunch:Necklace_of_Skulls":1,"Replay:Antivirus Software":16,"Cracked Core":0,"DemoMod:Junk":13,"AT_ForceNature":17,"qcfpunch:Army_Boots":11,"Guide Book":23,"Replay:WaspNest":11,"AT_BladeRuinedKing":13,"Medical Kit":4,"REME_PoisonedDagger":20,"MegaBlast":18,"vexMod:Dragonfruit":14,"jedi:kaleidoscope":14,"qcfpunch:Red_Headband":4,"Coffee Dripper":11,"Bag of Marbles":17,"Snack Pack":22,"jedi:arcanewood":20,"hubris:OldNail":7},{"ThirstyCross":18,"hubris:BallOfYels":15,"Dota2Spire:PowerTreads":9,"AT_ATBox":0,"DemoMod:AgedBell":35,"LagranYue:RandomDrawCardRelic":0,"Ginger":40,"DeadEye":51,"vexMod:InvisibilityCloak":46,"Replay:Bronze Core":51,"jedi:paperfaux":3,"KeepersGift":0,"MerchantsRug":3,"GoodDreamPillow":41,"Blue Candle":9,"HoshigumaDish":31,"AT_EbonyIvory":44,"AT_SilvercatRing":51,"Akabeko":62,"DemoMod:MeatBun":33,"Bird Faced Urn":46,"DemoMod:SerJunkan":40,"Mark of Pain":53,"hubris:TenFootPole":46,"DemoMod:ResourcefulSack":62,"HushsDoor":0,"Unceasing Top":9,"Abe\u0027s Treasure":31,"vexMod:BigBerry":40,"vexMod:PlasmaPancake":57,"GnawedLeaf":0,"Bag of Preparation":37,"LagranYue:MagicReflectiveArmorRelic":33,"Pet Ghost":12,"Matryoshka":35,"PokeGo":40,"Shovel":62,"qcfpunch:Cattail":62,"Lee\u0027s Waffle":12,"construct:WeddingRing":35,"LagranYue:GuideDeadRelic":62,"jedi:crownofsimplicity":3,"KyoryuNoHagoromo":53,"Nuclear Battery":51,"Habit":3,"REME_ComplimentaryCards":0,"PlaceholderMod:FlatBlood":51,"Chaos":33,"NineVolt":9,"Dota2Spire:ArmletOfMordiggian":3,"DemoMod:GlassGuonStoneRelic":9,"Runic Capacitor":3,"HornCleat":33,"DemoMod:MonsterBlood":51,"Prayer Wheel":44,"Philosopher\u0027s Stone":71,"Dota2Spire:DivineRapier":62,"Toxic Egg 2":35,"BookOfRevelations":1,"hubris:HollowSoul":62,"War Paint":35,"Du-Vu Doll":46,"jedi:heavyjacket":41,"Replay:Baseball":12,"jedi:hotpepper":40,"Bronze Scales":12,"Simple Rune":62,"AT_DeathDance":62,"Dota2Spire:MonkeyKingBar":62,"ReplayFunnel":9,"construct:BoolHorns":35,"qcfpunch:Not_Strongest_Fighting_Style_Guidebook":62,"PlaceholderMod:DeVermisMysteriis":33,"hubris:SlimyHat":12,"Replay:Mystery Machine":33,"vexMod:Spyglass":53,"Emotion Chip":71,"qcfpunch:Necklace_of_Skulls":3,"Replay:Antivirus Software":51,"Cracked Core":0,"DemoMod:Junk":44,"AT_ForceNature":53,"qcfpunch:Army_Boots":40,"Guide Book":76,"Replay:WaspNest":40,"AT_BladeRuinedKing":44,"Medical Kit":12,"REME_PoisonedDagger":62,"MegaBlast":57,"vexMod:Dragonfruit":46,"jedi:kaleidoscope":46,"qcfpunch:Red_Headband":12,"Coffee Dripper":40,"Bag of Marbles":53,"Snack Pack":71,"jedi:arcanewood":62,"hubris:OldNail":31}],"Unceasing Top":[13]},"card_choices":[{"not_picked":[],"picked":"DoctorFetus","floor":0},{"not_picked":["Skim","Ball Lightning"],"picked":"Panic Button","floor":1},{"not_picked":["Beam Cell","Capacitor"],"picked":"Fan","floor":1},{"not_picked":["Hologram","Barrage","AT_HeatAcrobatics"],"picked":"SKIP","floor":1},{"not_picked":["FTL","Sweeping Beam"],"picked":"hubris:Ukulele","floor":3},{"not_picked":["Hologram","Turbo","Conserve Battery"],"picked":"SKIP","floor":3},{"not_picked":["AT_HeatAcrobatics","Stack","Redo"],"picked":"SKIP","floor":3},{"not_picked":["BasicCrystalCard","Barrage"],"picked":"Ball Lightning","floor":4},{"not_picked":["Hologram","Scrape"],"picked":"Defragment","floor":4},{"not_picked":["Reprogram","Ball Lightning"],"picked":"Tempest","floor":4},{"not_picked":["Cold Snap","Turbo"],"picked":"REME_Whirling","floor":6},{"not_picked":["Conserve Battery","Force Field"],"picked":"AT_ThreeBodyProblem","floor":10},{"not_picked":["Coolheaded","Steam"],"picked":"jedi:BurstFrost","floor":11},{"not_picked":["Streamline","Glacier"],"picked":"Multi-Cast","floor":11},{"not_picked":["Hologram","Rebound","Coolheaded"],"picked":"SKIP","floor":11},{"not_picked":["AT_WaterDrop","Fission"],"picked":"Amplify","floor":16},{"not_picked":["Seek","jedi:readyaimfire"],"picked":"AT_RightCognition","floor":16},{"not_picked":["hubris:DoWhile","Amplify"],"picked":"Core Surge","floor":16},{"not_picked":["REME_Shoggoth","Rainbow"],"picked":"jedi:meditation","floor":16},{"not_picked":["AT_WaterDrop","jedi:readyaimfire"],"picked":"ReplayTheSpireMod:Fabricate Wheel","floor":16},{"not_picked":["AT_RobotInSpace","Steam"],"picked":"ReplayTheSpireMod:Calculation Training","floor":18},{"not_picked":["Coolheaded","Scrape","hubris:PowerSurge"],"picked":"SKIP","floor":18},{"not_picked":["Fan","Go for the Eyes","Reprogram"],"picked":"SKIP","floor":18},{"not_picked":["Barrage+1","AT_DarkMatter","Beam Cell"],"picked":"SKIP","floor":20},{"not_picked":["Blizzard","Sweeping Beam+1","AT_HeatAcrobatics"],"picked":"SKIP","floor":20},{"not_picked":["Go for the Eyes","Chaos+1","Turbo"],"picked":"SKIP","floor":20},{"not_picked":["jedi:blockon+1","ReplayTheSpireMod:Repulse+1","Sweeping Beam"],"picked":"SKIP","floor":23},{"not_picked":["Rip and Tear","AT_ThunderBolt"],"picked":"Echo Form","floor":24},{"not_picked":["Steam Power+1","BasicCrystalCard+1","Compile Driver"],"picked":"SKIP","floor":24},{"not_picked":["Cold Snap","Rebound","AT_DarkMatter+1"],"picked":"SKIP","floor":24},{"not_picked":["AT_ThunderBolt+1","Beam Cell","Pulse+1"],"picked":"SKIP","floor":29},{"not_picked":["jedi:studyfrost+1","jedi:bruteforce+1"],"picked":"Meteor Strike","floor":33},{"not_picked":["hubris:Prefetch+1","jedi:studyfrost+1"],"picked":"Electrodynamics","floor":33},{"not_picked":["Hyperbeam","Biased Cognition"],"picked":"Creative AI","floor":33},{"not_picked":["Electrodynamics","ReplayRNGCard+1"],"picked":"Creative AI","floor":33},{"not_picked":["Biased Cognition","All For One"],"picked":"Reboot+1","floor":33},{"not_picked":["Panic Button+1","Go for the Eyes","Sweeping Beam"],"picked":"SKIP","floor":35},{"not_picked":["AT_ThreeBodyProblem","Conserve Battery+1","Doom and Gloom"],"picked":"SKIP","floor":35},{"not_picked":["REME_Whirling+1","Coolheaded+1","Hologram+1"],"picked":"SKIP","floor":35},{"not_picked":["jedi:BurstFrost+1","Consume+1","Steam+1"],"picked":"SKIP","floor":35},{"not_picked":["BasicCrystalCard+1","Compile Driver"],"picked":"ReplayTheSpireMod:System Scan+1","floor":37},{"not_picked":["All For One","Barrage","Cold Snap"],"picked":"SKIP","floor":37},{"not_picked":["Panic Button+1","Blizzard","BasicCrystalCard+1"],"picked":"SKIP","floor":37},{"not_picked":["Barrage","Crystallizer+1","Redo+1"],"picked":"SKIP","floor":37},{"not_picked":["Go for the Eyes","jedi:BurstFrost+1","Turbo+1"],"picked":"SKIP","floor":40},{"not_picked":["Beam Cell+1","jedi:BurstDark","Barrage"],"picked":"SKIP","floor":40},{"not_picked":["Scrape","Steam+1","Panic Button+1"],"picked":"SKIP","floor":40},{"not_picked":["Redo+1","jedi:markofdeath+1","Coolheaded+1"],"picked":"SKIP","floor":40},{"not_picked":["Double Energy+1","BasicCrystalCard+1","Static Discharge"],"picked":"SKIP","floor":42},{"not_picked":["Leap+1","Stack+1","Barrage"],"picked":"SKIP","floor":44},{"not_picked":["Hello World","ReplayTheSpireMod:Repulse+1","Cold Snap"],"picked":"SKIP","floor":44},{"not_picked":["Ball Lightning","REME_Whirling+1","Pulse+1"],"picked":"SKIP","floor":44},{"not_picked":["hubris:SpecializedCircuitry","Panic Button+1","Stack+1"],"picked":"SKIP","floor":44},{"not_picked":["jedi:BurstLightning","Cold Snap"],"picked":"FIFO Queue","floor":45},{"not_picked":["Ball Lightning","BasicCrystalCard+1","AT_RobotInSpace+1"],"picked":"SKIP","floor":55}],"player_experience":158600,"relics_obtained":[{"floor":6,"key":"Bronze Scales"},{"floor":10,"key":"hubris:BallOfYels"},{"floor":16,"key":"hubris:OldNail"},{"floor":16,"key":"HoshigumaDish"},{"floor":23,"key":"Bag of Preparation"},{"floor":26,"key":"vexMod:BigBerry"},{"floor":26,"key":"PokeGo"},{"floor":29,"key":"jedi:heavyjacket"},{"floor":33,"key":"DemoMod:Junk"},{"floor":33,"key":"AT_BladeRuinedKing"},{"floor":38,"key":"DeadEye"},{"floor":42,"key":"DemoMod:Junk"},{"floor":43,"key":"MegaBlast"},{"floor":43,"key":"vexMod:PlasmaPancake"},{"floor":45,"key":"AT_DeathDance"},{"floor":55,"key":"Guide Book"}],"event_choices":[{"damage_healed":0,"gold_gain":0,"player_choice":"Box","damage_taken":0,"relics_obtained":["GnawedLeaf"],"max_hp_gain":0,"max_hp_loss":0,"event_name":"Big Fish","floor":0,"gold_loss":0,"cards_obtained":["Regret"]},{"damage_healed":0,"gold_gain":0,"player_choice":"Ignored","damage_taken":0,"max_hp_gain":0,"max_hp_loss":0,"event_name":"Golden Idol","floor":14,"gold_loss":0},{"damage_healed":0,"gold_gain":0,"player_choice":"Fight","damage_taken":0,"max_hp_gain":0,"max_hp_loss":0,"event_name":"Mysterious Sphere","floor":38,"gold_loss":0}],"is_beta":false,"boss_relics":[{"not_picked":["Sozu","Honey Jar"],"picked":"Abe\u0027s Treasure"},{"not_picked":[]},{"not_picked":["DemoMod:MeltedRock","Snecko Eye"],"picked":"AT_EbonyIvory"},{"not_picked":[]}],"items_purged_floors":[2,5,19,21,21,21,21,39,54,54,54,54,54,54,54,54,54,54,54,54,54,54,54,54,54,54,54,54,54,54,54,54,54,54,54,54,54,54,54,54,54,54,54,54,54,54,54],"is_endless":false,"potions_floor_spawned":[4,4,10,11,18,18,20,24,29,33,33,35,37,37,38,40,44,45,55],"ascension_level":20}}