{"host":"dw8ij7emqco3quom","time":1610295920,"event":{"mods":["BaseMod","Minty Spire (QoL Compilation)"],"gold_per_floor":[111,111,131,131,148,175,175,208,208,208,208,222,234,108,108,205,205,220,220,235,235,247,247,281,281,306,325,339,438,438,463,463,463,463],"floor_reached":33,"playtime":3460,"items_purged":["Strike_R"],"score":409,"play_id":"89d1796c-26f7-4064-be7b-6b15b1e5306e","local_time":"20210110172520","is_ascension_mode":true,"campfire_choices":[{"data":"Seeing Red","floor":7.0,"key":"SMITH"},{"data":"Rampage","floor":10.0,"key":"SMITH"},{"floor":15.0,"key":"REST"},{"floor":23,"key":"REST"},{"floor":25,"key":"REST"},{"floor":30,"key":"REST"},{"floor":32,"key":"REST"}],"circlet_count":0,"master_deck":["Strike_R+1","Strike_R+1","Strike_R+1","Strike_R+1","Defend_R+1","Defend_R+1","Defend_R+1","Bash","Anger","Perfected Strike","Pommel Strike","Seeing Red+1","Rampage+1","Anger","Twin Strike","Twin Strike","Demon Form","Double Tap","Armaments","Fire Breathing","Armaments+1","Wild Strike+1","Spot Weakness+1","Doubt","Clash+1","Evolve","Perfected Strike+1"],"relics":["Burning Blood","Bronze Scales","NlothsMask","Dream Catcher","Darkstone Periapt","Cursed Key","Pear","Girya"],"acts_visited":["Exordium","TheCity"],"potions_floor_usage":[24,31,33],"damage_taken":[{"damage":3.0,"enemies":"2 Louse","floor":1.0,"turns":3.0},{"damage":2.0,"enemies":"Small Slimes","floor":3.0,"turns":3.0},{"damage":1.0,"enemies":"Cultist","floor":5.0,"turns":3.0},{"damage":16.0,"enemies":"Gremlin Nob","floor":6.0,"turns":3.0},{"damage":15.0,"enemies":"Lagavulin","floor":8.0,"turns":6.0},{"damage":8.0,"enemies":"Blue Slaver","floor":12.0,"turns":2.0},{"damage":5.0,"enemies":"Gremlin Gang","floor":13.0,"turns":5.0},{"damage":52.0,"enemies":"Hexaghost","floor":16.0,"turns":5.0},{"damage":25.0,"enemies":"Shell Parasite","floor":18.0,"turns":4.0},{"damage":6.0,"enemies":"3 Byrds","floor":20.0,"turns":3.0},{"damage":23,"enemies":"3 Cultists","floor":22,"turns":5},{"damage":45,"enemies":"Gremlin Leader","floor":24,"turns":4},{"damage":4,"enemies":"Cultist and Chosen","floor":27,"turns":4},{"damage":11,"enemies":"Shelled Parasite and Fungi","floor":28,"turns":3},{"damage":33,"enemies":"Book of Stabbing","floor":31,"turns":4},{"damage":95,"enemies":"Champ","floor":33,"turns":8}],"seed_played":"-6875719316340045040","potions_obtained":[{"floor":6.0,"key":"SpeedPotion"},{"floor":8.0,"key":"CultistPotion"},{"floor":12.0,"key":"GamblersBrew"},{"floor":13.0,"key":"DistilledChaos"},{"floor":27,"key":"SneckoOil"},{"floor":31,"key":"PowerPotion"}],"is_trial":false,"path_per_floor":["M","?","M","?","M","E","R","E","T","R","?","M","M","$","R","B",null,"M","?","M","?","M","R","E","R","T","M","M","?","R","E","R","B"],"character_chosen":"IRONCLAD","items_purchased":["Twin Strike"],"campfire_rested":5,"item_purchase_floors":[14],"current_hp_per_floor":[75,72,76,76,80,70,70,61,61,61,61,59,60,60,80,34,69,50,50,50,50,33,57,28,55,61,63,58,58,86,59,87,0,0],"gold":463,"neow_bonus":"RANDOM_COMMON_RELIC","is_daily":false,"chose_seed":false,"campfire_upgraded":2,"win_rate":0.0,"timestamp":1610295920,"path_taken":["M","?","M","?","?","E","R","E","T","R","?","M","M","$","R","BOSS","M","?","?","?","M","R","E","R","T","M","M","?","R","E","R","BOSS"],"items_purchased_type":["Card"],"build_version":"2020-12-22","purchased_purges":1,"victory":false,"max_hp_per_floor":[80,80,80,80,80,80,80,80,80,80,80,80,80,80,80,80,80,80,80,80,80,80,80,90,90,96,96,96,96,96,96,96,96,96],"card_choices":[{"not_picked":["Wild Strike","Reckless Charge"],"picked":"Anger","floor":1.0},{"not_picked":["Iron Wave","Hemokinesis"],"picked":"Perfected Strike","floor":3.0},{"not_picked":["Combust","Wild Strike"],"picked":"Pommel Strike","floor":5.0},{"not_picked":["Entrench","Pommel Strike"],"picked":"Seeing Red","floor":6.0},{"not_picked":["Thunderclap","Clothesline"],"picked":"Rampage","floor":8.0},{"not_picked":["Power Through","Pommel Strike"],"picked":"Anger","floor":12.0},{"not_picked":["Hemokinesis","Metallicize"],"picked":"Twin Strike","floor":13.0},{"not_picked":["Headbutt","Sever Soul"],"picked":"Demon Form","floor":15.0},{"not_picked":["Reaper","Barricade"],"picked":"Double Tap","floor":16.0},{"not_picked":["Power Through","Clothesline+1"],"picked":"Armaments","floor":18.0},{"not_picked":["Feel No Pain","Infernal Blade"],"picked":"Fire Breathing","floor":20.0},{"not_picked":["Clothesline","True Grit"],"picked":"Armaments+1","floor":22},{"not_picked":["Reaper","True Grit"],"picked":"Wild Strike+1","floor":24},{"not_picked":["Headbutt+1","Body Slam"],"picked":"Spot Weakness+1","floor":25},{"not_picked":["True Grit","Armaments"],"picked":"Clash+1","floor":27},{"not_picked":["Body Slam","Sever Soul+1","Twin Strike"],"picked":"SKIP","floor":28},{"not_picked":["Sword Boomerang","Twin Strike"],"picked":"Evolve","floor":31},{"not_picked":["Seeing Red","Twin Strike+1"],"picked":"Perfected Strike+1","floor":32}],"player_experience":642502,"relics_obtained":[{"floor":6.0,"key":"Dream Catcher"},{"floor":8.0,"key":"Darkstone Periapt"},{"floor":24,"key":"Pear"},{"floor":31,"key":"Girya"}],"event_choices":[{"damage_healed":0.0,"max_hp_gain":0.0,"max_hp_loss":0.0,"gold_gain":0.0,"event_name":"Scrap Ooze","player_choice":"Fled","floor":2.0,"gold_loss":0.0,"damage_taken":3.0},{"damage_healed":0.0,"max_hp_gain":0.0,"max_hp_loss":0.0,"gold_gain":0.0,"event_name":"FaceTrader","player_choice":"Trade","floor":4.0,"gold_loss":0.0,"damage_taken":0.0,"relics_obtained":["NlothsMask"]},{"damage_healed":0.0,"max_hp_gain":0.0,"max_hp_loss":0.0,"gold_gain":0.0,"event_name":"Shining Light","player_choice":"Ignored","floor":11.0,"gold_loss":0.0,"damage_taken":0.0},{"cards_removed":["Defend_R"],"damage_healed":0.0,"max_hp_gain":0.0,"max_hp_loss":0.0,"gold_gain":0.0,"event_name":"Bonfire Elementals","player_choice":"Offered Basic","floor":19.0,"gold_loss":0.0,"damage_taken":0.0},{"damage_healed":0.0,"max_hp_gain":0.0,"max_hp_loss":0.0,"gold_gain":0.0,"event_name":"Back to Basics","player_choice":"Simplicity","floor":21.0,"gold_loss":0.0,"damage_taken":0.0,"cards_upgraded":["Strike_R","Strike_R","Strike_R","Strike_R","Defend_R","Defend_R","Defend_R"]},{"damage_healed":0,"gold_gain":99,"player_choice":"Stole From Cult","damage_taken":0,"max_hp_gain":0,"max_hp_loss":0,"event_name":"Nest","floor":29,"gold_loss":0}],"is_beta":false,"boss_relics":[{"not_picked":["SacredBark","Sozu"],"picked":"Cursed Key"}],"items_purged_floors":[14],"is_endless":false,"potions_floor_spawned":[6,8,12,13,27,31],"killed_by":"Champ","ascension_level":6}}