{"host":"wi1dz5t8299iil0b","time":1610310427,"event":{"mods":["2.2 Compatiblity","Act Like it!","Aspiration","Astrologer","BaseMod","Beaked The Cultist","Better Match","Better Note","Better Sensory Stone","Better Synergies","Better Third Choice","BetterRewards","Colored Map","Colored Powertips","Communication Mod","Conjunction","Conspire","Downfall","Fiend Mod","Fox Events","Friendly Minions","GifTheSpireLib","GungeonMod","Halation","Hallownest","Highlight Path","Hubris","Infinite Spire","Jedi Mod","Lobotomy","Mad Scientist","Minty Spire (QoL Compilation)","Pale of the Ancients","Permanent Neow","Potionbrewer","RNG Fix","Replay The Spire","Shade Mod","Shop Mod","Spikes Relics","StSLib","Stuff the Spire","The Blackbeard","The Bladedancer","The Blue Laboratory","The Bug Knight","The Construct","The Cursed","The Death Knight","The Druid","The Necromancer","The Problem Sleuth","The Sage","TheHeartMod","TheVacant","Trackpad","Wandering Minibosses"],"gold_per_floor":[119,119,119,119,155,188,203,203,203],"floor_reached":8,"playtime":503,"items_purged":[],"score":54,"play_id":"9173b4ee-f1c7-4903-ba48-54c87868d045","local_time":"20210110152707","is_ascension_mode":false,"campfire_choices":[],"circlet_count":0,"master_deck":["Strike_B","Strike_B","Strike_B","Strike_B","Defend_B","Defend_B","Defend_B","Defend_B","Zap+1","Dualcast","Fusion","Lockon"],"relics":["Cracked Core","Blood Vial","DemoMod:Metronome"],"acts_visited":["Exordium"],"potions_floor_usage":[8,8],"damage_taken":[{"damage":1,"enemies":"Cultist","floor":1,"turns":3},{"damage":20,"enemies":"conspire:MimicChest","floor":5,"turns":7},{"damage":44,"enemies":"Gremlin Nob","floor":6,"turns":5},{"damage":9,"enemies":"Small Slimes","floor":7,"turns":3},{"damage":13,"enemies":"Lagavulin","floor":8,"turns":2}],"seed_played":"4416214627919984826","potions_obtained":[{"floor":5,"key":"blueLaboratory:BottleOfRum"},{"floor":7,"key":"blueLaboratory:TeslaPotion"}],"is_trial":false,"path_per_floor":["M","?","?","$","?","E","M","E"],"character_chosen":"DEFECT","items_purchased":[],"campfire_rested":0,"item_purchase_floors":[],"current_hp_per_floor":[74,74,74,74,54,12,5,0,0],"gold":203,"neow_bonus":"UPGRADE_CARD","is_daily":false,"chose_seed":false,"campfire_upgraded":0,"win_rate":0.0,"timestamp":1610310427,"path_taken":["M","?","?","?","?","E","?","E"],"items_purchased_type":[],"build_version":"2020-12-22","purchased_purges":0,"victory":false,"max_hp_per_floor":[75,75,75,75,75,75,75,75,75],"card_choices":[{"not_picked":["Reinforced Body","Steam"],"picked":"Fusion","floor":1},{"not_picked":["Sweeping Beam","BasicCrystalCard"],"picked":"Lockon","floor":6},{"not_picked":["ReplaySort","Stack","Conserve Battery"],"picked":"SKIP","floor":7}],"player_experience":172676,"relics_obtained":[{"floor":5,"key":"Blood Vial"},{"floor":6,"key":"DemoMod:Metronome"}],"event_choices":[{"damage_healed":0,"gold_gain":0,"player_choice":"Bought 0 Potions","damage_taken":0,"max_hp_gain":0,"max_hp_loss":0,"event_name":"The Woman in Blue","floor":3,"gold_loss":0}],"is_beta":false,"boss_relics":[],"items_purged_floors":[],"is_endless":false,"potions_floor_spawned":[5,7],"killed_by":"Lagavulin","ascension_level":0}}