{"host":"Krakhan","time":1610317787,"event":{"mods":["AchievementEnabler","BaseMod","Colored Map","Colored Powertips","Faster Ascension Climbing","Highlight Path","Minty Spire (QoL Compilation)","Rare Cards Sparkle","Relic Stats","StSLib"],"gold_per_floor":[109,34,54,70,87,119,119,119,193,193,193],"floor_reached":10,"playtime":237,"items_purged":["Defend_B"],"score":68,"play_id":"73dd5dfd-2cc8-450c-8717-0bf2a78efbdc","local_time":"20210110172947","is_ascension_mode":false,"campfire_choices":[{"data":"Hologram","floor":7,"key":"SMITH"}],"circlet_count":0,"master_deck":["Strike_B","Strike_B","Strike_B","Strike_B","Defend_B","Defend_B","Zap","Dualcast","Beam Cell","Gash","Hologram+1"],"relics":["Cracked Core","Calipers","Sundial"],"acts_visited":["Exordium"],"potions_floor_usage":[6],"damage_taken":[{"damage":0,"enemies":"Small Slimes","floor":1,"turns":2},{"damage":8,"enemies":"Jaw Worm","floor":3,"turns":3},{"damage":13,"enemies":"2 Louse","floor":4,"turns":2},{"damage":4,"enemies":"Exordium Wildlife","floor":5,"turns":3},{"damage":10,"enemies":"Gremlin Nob","floor":6,"turns":3},{"damage":40,"enemies":"Lagavulin","floor":10,"turns":5}],"seed_played":"2147254933730399652","potions_obtained":[{"floor":5,"key":"EssenceOfSteel"},{"floor":6,"key":"LiquidBronze"}],"is_trial":false,"path_per_floor":["M","$","M","M","M","E","R","?","T","E"],"character_chosen":"DEFECT","items_purchased":[],"campfire_rested":0,"item_purchase_floors":[],"current_hp_per_floor":[75,75,67,54,50,40,40,40,40,0,0],"gold":193,"neow_bonus":"REMOVE_CARD","is_daily":false,"chose_seed":false,"campfire_upgraded":1,"win_rate":0.0,"timestamp":1610317787,"path_taken":["M","$","M","M","M","E","R","?","T","E"],"items_purchased_type":[],"build_version":"2020-12-18","purchased_purges":1,"victory":false,"max_hp_per_floor":[75,75,75,75,75,75,75,75,75,75,75],"relic_stats":{"counters":[6,18],"Sundial":[0],"obtain_stats":[{"Calipers":6,"Sundial":9,"Cracked Core":0},{"Calipers":5,"Sundial":5,"Cracked Core":0},{"Calipers":13,"Sundial":13,"Cracked Core":0}]},"card_choices":[{"not_picked":["Stack","Compile Driver","Ball Lightning"],"picked":"SKIP","floor":1},{"not_picked":["Tempest","Streamline"],"picked":"Beam Cell","floor":3},{"not_picked":["Stack","Storm"],"picked":"Gash","floor":4},{"not_picked":["Thunder Strike","Sweeping Beam"],"picked":"Hologram","floor":5},{"not_picked":["Hologram","Rebound","Steam Power"],"picked":"SKIP","floor":6}],"player_experience":1308119,"relics_obtained":[{"floor":6,"key":"Calipers"},{"floor":9,"key":"Sundial"}],"event_choices":[{"damage_healed":0,"gold_gain":0,"player_choice":"Ignored","damage_taken":0,"max_hp_gain":0,"max_hp_loss":0,"event_name":"Liars Game","floor":8,"gold_loss":0}],"is_beta":true,"boss_relics":[],"items_purged_floors":[2],"is_endless":false,"potions_floor_spawned":[5,6],"killed_by":"Lagavulin","ascension_level":0}}