{"host":"af169rg9htfjqco3","time":1610242027,"event":{"mods":["BaseMod","Better Third Choice","Colored Powertips","Hubris","Minty Spire (QoL Compilation)","Replay The Spire","StSLib"],"gold_per_floor":[110,110,35,35,49,49,78,89,89,122,141,168,168,186,186,282,282,300,300,48,48,48,81,81,109,109,135,148,148,166,184,184,286,286,302,320,320,320,320,352,368,368,394,394,394,419,419,435,435,435],"floor_reached":51,"playtime":3872,"items_purged":["Strike_G","hubris:Sloth"],"score":689,"play_id":"cb02d92b-254a-4625-8450-5486227b5451","local_time":"20210109192707","is_ascension_mode":true,"campfire_choices":[{"data":"Neutralize","floor":6,"key":"SMITH"},{"data":"Well Laid Plans","floor":13,"key":"SMITH"},{"data":"Blade Dance","floor":15,"key":"SMITH"},{"data":"Footwork","floor":24,"key":"SMITH"},{"data":"hubris:TrickCloak","floor":29,"key":"SMITH"},{"data":"Tools of the Trade","floor":32,"key":"SMITH"},{"floor":42,"key":"REST"},{"data":"Pot Of Greed","floor":45,"key":"SMITH"},{"floor":49,"key":"REST"}],"circlet_count":0,"master_deck":["Strike_G","Strike_G","Strike_G","Strike_G","Defend_G+1","Defend_G+1","Defend_G+1","Defend_G+1","Defend_G+1","Survivor","Neutralize+1","Cloak And Dagger+1","Predator+1","Well Laid Plans+1","Dagger Throw","Escape Plan+1","Deflect","Blade Dance+1","Adrenaline+1","Voices","hubris:Compulsion","Footwork+1","hubris:TrickCloak+1","Tools of the Trade+1","ReplayTheSpireMod:Speed Training","hubris:Sniper+1","Venomology","Tactician+1","hubris:Insight","Finesse","Pot Of Greed","Pot Of Greed+1","Pot Of Greed+1","Choke+1"],"relics":["Ring of the Snake","Gambling Chip","hubris:BottledRain","Art of War","Mango","Replay:Ancient Bell","Oddly Smooth Stone","Replay:Bottled Eggs","Du-Vu Doll","Ring of Panic","Guide Book","hubris:Towel","PreservedInsect","Vajra","ReplayTheSpireMod:Ninjato","Quantum Egg","Black Star","Pantograph","Grinning Jar","Replay:Baseball","Ninja Scroll","Letter Opener","Ancient Tea Set"],"acts_visited":["Exordium","TheCity","TheBeyond"],"potions_floor_usage":[12,16,16,25,33,33,35,36,40,46,46,50,50,50],"damage_taken":[{"damage":7.0,"enemies":"Small Slimes","floor":1.0,"turns":5.0},{"damage":0.0,"enemies":"2 Louse","floor":5.0,"turns":3.0},{"damage":16,"enemies":"Lagavulin","floor":7,"turns":7},{"damage":0,"enemies":"Cultist","floor":8,"turns":3},{"damage":19,"enemies":"Gremlin Nob","floor":10,"turns":4},{"damage":3,"enemies":"Blue Slaver","floor":11,"turns":3},{"damage":12,"enemies":"Lagavulin","floor":12,"turns":8},{"damage":3,"enemies":"Looter","floor":14,"turns":3},{"damage":18,"enemies":"Hexaghost","floor":16,"turns":11},{"damage":5,"enemies":"Chosen","floor":18,"turns":3},{"damage":3,"enemies":"Book of Stabbing","floor":23,"turns":7},{"damage":0,"enemies":"Replay:Snechameleon","floor":25,"turns":5},{"damage":0,"enemies":"Slavers","floor":27,"turns":4},{"damage":0,"enemies":"Shell Parasite","floor":28,"turns":5},{"damage":0,"enemies":"Shelled Parasite and Fungi","floor":30,"turns":3},{"damage":0,"enemies":"Centurion and Healer","floor":31,"turns":4},{"damage":33,"enemies":"Automaton","floor":33,"turns":8},{"damage":2,"enemies":"3 Shapes","floor":35,"turns":3},{"damage":4,"enemies":"3 Darklings","floor":36,"turns":5},{"damage":33,"enemies":"Nemesis","floor":40,"turns":5},{"damage":25,"enemies":"Writhing Mass","floor":41,"turns":7},{"damage":6,"enemies":"R_Hoarder","floor":46,"turns":4},{"damage":7,"enemies":"Spire Growth","floor":48,"turns":3},{"damage":36,"enemies":"Replay:Hell Engine","floor":50,"turns":9}],"seed_played":"-736127106720152005","potions_obtained":[{"floor":7,"key":"Reflective Coating"},{"floor":10,"key":"Regen Potion"},{"floor":14,"key":"Milkshake"},{"floor":23,"key":"Ancient Potion"},{"floor":25,"key":"Block Potion"},{"floor":30,"key":"LiquidBronze"},{"floor":33,"key":"Energy Potion"},{"floor":40,"key":"Strength Potion"},{"floor":48,"key":"Poison Potion"}],"is_trial":false,"path_per_floor":["M","?","$","?","M","R","E","M","T","E","M","E","R","M","R","B",null,"M","?","$","?","$","E","R","E","T","E","M","R","M","M","R","B",null,"M","M","?","?","?","E","M","R","T","?","R","E","T","M","R","B",null],"character_chosen":"THE_SILENT","items_purchased":["Guide Book"],"campfire_rested":2,"item_purchase_floors":[20],"current_hp_per_floor":[63,63,63,63,63,63,47,47,47,28,25,42,42,39,39,21,84,79,79,79,79,79,76,76,76,76,76,76,76,76,76,76,43,84,82,78,78,78,73,40,15,40,40,40,40,34,34,27,52,41],"gold":435,"neow_bonus":"THREE_CARDS","is_daily":false,"chose_seed":false,"campfire_upgraded":7,"win_rate":0.0,"timestamp":1610242027,"path_taken":["M","?","$","?","M","R","E","?","T","E","M","E","R","M","R","BOSS","M","?","$","?","?","E","R","E","T","E","M","R","M","M","R","BOSS","M","M","?","?","?","E","M","R","T","?","R","E","?","?","R","BOSS"],"items_purchased_type":["Relic"],"build_version":"2020-12-22","purchased_purges":2,"victory":true,"max_hp_per_floor":[70,70,70,70,70,70,70,70,70,70,70,84,84,84,84,84,84,84,84,84,84,84,84,84,84,84,84,84,84,84,84,84,84,84,84,84,84,84,84,84,84,84,84,84,84,84,84,84,84,84],"card_choices":[{"not_picked":["Outmaneuver","Dagger Throw"],"picked":"Cloak And Dagger","floor":0.0},{"not_picked":["Dagger Spray","Eviscerate"],"picked":"Predator","floor":1.0},{"not_picked":["Predator","PiercingWail","Fluid Movement"],"picked":"SKIP","floor":5.0},{"not_picked":["Dodge and Roll","Tactician"],"picked":"Well Laid Plans","floor":7},{"not_picked":["Underhanded Strike","Bane"],"picked":"Dagger Throw","floor":8},{"not_picked":["Cloak And Dagger","Eviscerate"],"picked":"Escape Plan","floor":10},{"not_picked":["Dagger Throw","ReplayTheSpireMod:The Works"],"picked":"Deflect","floor":11},{"not_picked":["Crippling Poison","Sneak Up","Eviscerate"],"picked":"SKIP","floor":12},{"not_picked":["PiercingWail","ReplayTheSpireMod:The Works"],"picked":"Blade Dance","floor":14},{"not_picked":["Grand Finale","Night Terror"],"picked":"Adrenaline","floor":16},{"not_picked":["hubris:Gluttony","Overencumbered"],"picked":"Voices","floor":17},{"not_picked":["hubris:Lust","hubris:Disease"],"picked":"hubris:Compulsion","floor":17},{"not_picked":["ReplayTheSpireMod:Doomed","hubris:Lust"],"picked":"hubris:Sloth","floor":17},{"not_picked":["Fluid Movement","Prepared+1"],"picked":"Footwork","floor":18},{"not_picked":["Expertise","PiercingWail","Catalyst+1"],"picked":"SKIP","floor":23},{"not_picked":["Poisoned Stab","PiercingWail"],"picked":"hubris:TrickCloak","floor":25},{"not_picked":["Flechettes","Prepared"],"picked":"Tools of the Trade","floor":27},{"not_picked":["Prepared","hubris:SlightOfHand+1"],"picked":"ReplayTheSpireMod:Speed Training","floor":28},{"not_picked":["Prepared","Quick Slash+1","Sucker Punch+1"],"picked":"SKIP","floor":30},{"not_picked":["Hidden Blade","Dodge and Roll"],"picked":"hubris:Sniper+1","floor":31},{"not_picked":["ReplayTheSpireMod:From All Sides","Atom Bomb"],"picked":"Venomology","floor":33},{"not_picked":["hubris:TrickCloak","Unload","Dagger Spray"],"picked":"SKIP","floor":35},{"not_picked":["Deadly Poison+1","Caltrops"],"picked":"Tactician+1","floor":36},{"not_picked":["Midas Touch","PanicButton"],"picked":"hubris:Insight","floor":39},{"not_picked":["Survey Options","Sadistic Nature"],"picked":"Finesse","floor":39},{"not_picked":["Bullet Time","Dagger Throw","Dagger Spray"],"picked":"SKIP","floor":40},{"not_picked":["Dodge and Roll","Noxious Fumes","Sucker Punch"],"picked":"SKIP","floor":41},{"not_picked":["Acrobatics","Leg Sweep","hubris:TrickCloak+1"],"picked":"SKIP","floor":46},{"not_picked":["hubris:SlightOfHand+1","Slice"],"picked":"Choke+1","floor":48}],"player_experience":547072,"relics_obtained":[{"floor":7,"key":"Gambling Chip"},{"floor":9,"key":"hubris:BottledRain"},{"floor":10,"key":"Art of War"},{"floor":12,"key":"Mango"},{"floor":19,"key":"Ring of Panic"},{"floor":23,"key":"PreservedInsect"},{"floor":25,"key":"Vajra"},{"floor":26,"key":"ReplayTheSpireMod:Ninjato"},{"floor":27,"key":"Quantum Egg"},{"floor":40,"key":"Pantograph"},{"floor":40,"key":"Grinning Jar"},{"floor":43,"key":"Replay:Baseball"},{"floor":46,"key":"Ninja Scroll"},{"floor":46,"key":"Letter Opener"},{"floor":47,"key":"Ancient Tea Set"}],"event_choices":[{"damage_healed":0.0,"max_hp_gain":0.0,"max_hp_loss":0.0,"gold_gain":0.0,"event_name":"Living Wall","player_choice":"Grow","floor":2.0,"gold_loss":0.0,"damage_taken":0.0,"cards_upgraded":["Predator"]},{"damage_healed":0.0,"max_hp_gain":0.0,"max_hp_loss":0.0,"gold_gain":0.0,"event_name":"Upgrade Shrine","player_choice":"Upgraded","floor":4.0,"gold_loss":0.0,"damage_taken":0.0,"cards_upgraded":["Cloak And Dagger"]},{"damage_healed":0,"gold_gain":0,"player_choice":"Ignored","damage_taken":0,"max_hp_gain":0,"max_hp_loss":0,"event_name":"Tomb of Lord Red Mask","floor":38,"gold_loss":0},{"damage_healed":0,"gold_gain":0,"player_choice":"Memory 2","damage_taken":5,"max_hp_gain":0,"max_hp_loss":0,"event_name":"SensoryStone","floor":39,"gold_loss":0}],"is_beta":false,"boss_relics":[{"not_picked":["Coffee Dripper","hubris:BlackHole"],"picked":"Replay:Ancient Bell"},{"not_picked":["Blood Vial","Bag of Preparation"],"picked":"Oddly Smooth Stone"},{"not_picked":["Replay:Bottled Snecko","White Beast Statue"],"picked":"Replay:Bottled Eggs"},{"not_picked":["Byrd Skull","hubris:MedicalManual"],"picked":"Du-Vu Doll"},{"not_picked":["Replay:Wanted Poster","Replay:Grab Bag"],"picked":"Black Star"}],"items_purged_floors":[3,20],"is_endless":false,"potions_floor_spawned":[7,10,14,23,25,30,33,40,48],"ascension_level":1}}