{"host":"ojme7g6xlqwffsso","time":1610286357,"event":{"mods":["Act Like it!","BaseMod","Downfall","Hermit","MarisaÅiñ∂âJÅ@ñÇóùçπÅj","Minty Spire (QoL Compilation)","Quick Restart","Replay The Spire","Shade Mod","Shop Mod","StSLib","The Alterego","The Bug Knight","The Cursed","The Hierophant","The Marked","The Mystic","The Necromancer","The Servant 0.9.4","Yuri Mod"],"gold_per_floor":[112,112,130,148,148,179,86,86,86,116,132,132,132,165,165,282,282,315,350,378,378,408,408,451,470,540,540,587,587,587],"floor_reached":29,"playtime":1350,"items_purged":[],"score":275,"play_id":"083c706a-508e-488e-a596-1e2aee5701e7","local_time":"20210110224557","is_ascension_mode":false,"campfire_choices":[{"data":"yuri:HoldBack","floor":8,"key":"SMITH"},{"data":"yuri:Oolong","floor":15,"key":"SMITH"},{"floor":23,"key":"REST"},{"floor":27,"key":"REST"}],"circlet_count":0,"master_deck":["yuri:yuriStrike","yuri:yuriStrike","yuri:yuriStrike","yuri:yuriStrike","yuri:yuriDefend","yuri:yuriDefend","yuri:yuriDefend","yuri:yuriDefend","yuri:Oolong+1","yuri:yuriStab","yuri:SeeingDouble","yuri:SeeingDouble","yuri:CalmingAura+1","yuri:RepairCode","yuri:RecklessStrike","yuri:ThrowingKnives","yuri:Skip","yuri:CorruptHitbox","yuri:HoldBack+1","yuri:MPose","yuri:NerfBat","yuri:StealPen","yuri:CalmingAura","yuri:Stalk","yuri:WickedSlash","yuri:Virus","yuri:AdaptiveAI+1","yuri:yuriQuickStrike","yuri:GlitchedStrike+1","yuri:DebugCard","yuri:TeaSet","yuri:SturdyUniform+1","yuri:Suicide"],"relics":["yuri:yuriKnife","Iron Hammer","Ancient Tea Set","Letter Opener","Painkiller Herb","Smiling Mask","Tiny Chest","White Beast Statue","Dream Catcher"],"acts_visited":["Exordium","TheCity"],"potions_floor_usage":[20,28],"damage_taken":[{"damage":0,"enemies":"Small Slimes","floor":1,"turns":3},{"damage":5,"enemies":"2 Louse","floor":3,"turns":2},{"damage":4,"enemies":"Cultist","floor":4,"turns":3},{"damage":31,"enemies":"Lagavulin","floor":6,"turns":7},{"damage":27,"enemies":"3 Sentries","floor":10,"turns":9},{"damage":3,"enemies":"3 Louse","floor":11,"turns":2},{"damage":0,"enemies":"Gremlin Gang","floor":14,"turns":9},{"damage":19,"enemies":"Slime Boss","floor":16,"turns":10},{"damage":16,"enemies":"2 Thieves","floor":18,"turns":5},{"damage":32,"enemies":"Chosen","floor":19,"turns":7},{"damage":22,"enemies":"3 Cultists","floor":20,"turns":7},{"damage":23,"enemies":"Snake Plant","floor":22,"turns":4},{"damage":9,"enemies":"Gremlin Leader","floor":24,"turns":9},{"damage":31,"enemies":"Snecko","floor":25,"turns":8},{"damage":36,"enemies":"Slavers","floor":28,"turns":7},{"damage":17,"enemies":"Shelled Parasite and Fungi","floor":29,"turns":2}],"seed_played":"893861242889581435","potions_obtained":[{"floor":1,"key":"LifebloodPotion"},{"floor":6,"key":"sneckomod:MuddlingPotion"},{"floor":10,"key":"SkillPotion"},{"floor":22,"key":"Milkshake"},{"floor":28,"key":"SkillPotion"}],"is_trial":false,"path_per_floor":["M","?","M","M","?","E","$","R","T","E","M","?","?","M","R","B",null,"?","?","?","?","?","T","E","?","T","T","E","?"],"character_chosen":"YURI","items_purchased":["yuri:MPose","yuri:NerfBat"],"campfire_rested":2,"item_purchase_floors":[7,7],"current_hp_per_floor":[88,88,83,83,83,56,56,56,56,33,37,37,37,41,41,29,88,79,54,39,39,16,42,40,16,16,42,13,0,0],"gold":587,"neow_bonus":"TEN_PERCENT_HP_BONUS","is_daily":false,"chose_seed":false,"campfire_upgraded":2,"win_rate":0.0,"timestamp":1610286357,"path_taken":["M","?","M","M","?","E","$","R","T","E","?","?","?","?","R","BOSS","?","?","?","?","?","T","E","?","T","T","E","?"],"items_purchased_type":["Card","Card"],"build_version":"2020-12-22","purchased_purges":0,"victory":false,"max_hp_per_floor":[88,88,88,88,88,88,88,88,88,88,88,88,88,88,88,88,88,88,88,88,88,88,88,88,88,88,88,88,88,88],"card_choices":[{"not_picked":["yuri:SelfHarm","yuri:GlitchedStrike"],"picked":"yuri:SeeingDouble","floor":1},{"not_picked":["yuri:RecklessStrike","yuri:Stalk"],"picked":"yuri:Skip","floor":3},{"not_picked":["yuri:DebugCard","yuri:TeaSet"],"picked":"yuri:CorruptHitbox","floor":4},{"not_picked":["yuri:Stare","yuri:RepairCode"],"picked":"yuri:HoldBack","floor":6},{"not_picked":["yuri:ArmBrace","yuri:BookBlue"],"picked":"yuri:StealPen","floor":10},{"not_picked":["yuri:Parry","yuri:Skip"],"picked":"yuri:CalmingAura","floor":11},{"not_picked":["yuri:Skip","yuri:Stare"],"picked":"yuri:WickedSlash","floor":14},{"not_picked":["yuri:ConsumeGlitch","yuri:GlitchRemove"],"picked":"yuri:Virus","floor":16},{"not_picked":["yuri:Stalk","yuri:GrowingInsanity+1"],"picked":"yuri:AdaptiveAI+1","floor":18},{"not_picked":["yuri:BookGreen+1","yuri:StealPen"],"picked":"yuri:yuriQuickStrike","floor":19},{"not_picked":["yuri:RelentlessStrikes","yuri:SturdyUniform"],"picked":"yuri:GlitchedStrike+1","floor":20},{"not_picked":["yuri:DejaVu","yuri:CalmingAura"],"picked":"yuri:DebugCard","floor":22},{"not_picked":["yuri:HeavierStrike","yuri:Stare"],"picked":"yuri:TeaSet","floor":24},{"not_picked":["yuri:GlitchedStrike","yuri:MPose"],"picked":"yuri:SturdyUniform+1","floor":25},{"not_picked":["yuri:yuriQuickStrike","yuri:DebugCard+1"],"picked":"yuri:Suicide","floor":28}],"player_experience":963283,"relics_obtained":[{"floor":6,"key":"Iron Hammer"},{"floor":9,"key":"Ancient Tea Set"},{"floor":10,"key":"Letter Opener"},{"floor":24,"key":"Tiny Chest"},{"floor":26,"key":"White Beast Statue"},{"floor":28,"key":"Dream Catcher"}],"event_choices":[{"damage_healed":0,"gold_gain":0,"player_choice":"Upgraded","damage_taken":0,"max_hp_gain":0,"max_hp_loss":0,"event_name":"Upgrade Shrine","floor":5,"gold_loss":0,"cards_upgraded":["yuri:CalmingAura"]},{"damage_healed":0,"gold_gain":0,"cards_transformed":["yuri:yuriDefend"],"player_choice":"Transformed","damage_taken":0,"max_hp_gain":0,"max_hp_loss":0,"event_name":"Transmorgrifier","floor":13,"gold_loss":0,"cards_obtained":["yuri:Stalk"]}],"is_beta":false,"boss_relics":[{"not_picked":["Snecko Eye","Black Star"],"picked":"Painkiller Herb"}],"items_purged_floors":[],"is_endless":false,"potions_floor_spawned":[1,6,10,19,22,24,28],"killed_by":"Shelled Parasite and Fungi","ascension_level":0}}