{"host":"2tgyrzvaa7l04o2e","time":1610312159,"event":{"mods":["BaseMod","Highlight Path","Minty Spire (QoL Compilation)","Permanent Neow","Relic Stats"],"gold_per_floor":[109,109,127,87,98,124,124,167,191,229,252,293,293,318,318,423,495,523,548,562,78,78,78,107,140,140,152,170,210,120,160,160,273,273,292,302,357,457,475,475,513,528,528,542,563,593,593,617,617,617,617,617,97,123,123],"floor_reached":56,"playtime":4559,"items_purged":["Indignation"],"score":1739,"play_id":"b6f0a708-696b-4b85-ba5c-b9f46da8e226","local_time":"20210110215559","is_ascension_mode":true,"campfire_choices":[{"data":"Conclude","floor":7,"key":"SMITH"},{"floor":13,"key":"REST"},{"data":"BattleHymn","floor":15,"key":"SMITH"},{"data":"TalkToTheHand","floor":23,"key":"SMITH"},{"data":"SpiritShield","floor":32,"key":"SMITH"},{"data":"Establishment","floor":40,"key":"SMITH"},{"data":"MentalFortress","floor":47,"key":"SMITH"},{"floor":49,"key":"RECALL"},{"data":"Meditate","floor":52,"key":"SMITH"}],"circlet_count":0,"master_deck":["Eruption+1","Vigilance+1","ReachHeaven","Conclude+1","FearNoEvil","EmptyFist","Protect","SashWhip","BattleHymn+1","Protect","Tantrum","SpiritShield+1","MentalFortress+1","CrushJoints","Meditate+1","EmptyMind","TalkToTheHand+1","Wireheading","Protect+1","FlurryOfBlows","FearNoEvil+1","FlurryOfBlows+1","ThirdEye","Establishment+1","DeceiveReality","Study+1","ThirdEye+1","LikeWater"],"relics":["VioletLotus","Regal Pillow","CeramicFish","PreservedInsect","Bottled Lightning","Anchor","Pandora\u0027s Box","Meat on the Bone","Medical Kit","Ancient Tea Set","Question Card","Strawberry","Busted Crown","FossilizedHelix","MealTicket","HornCleat","Lizard Tail","Gambling Chip","Pen Nib"],"acts_visited":["Exordium","TheCity","TheBeyond","TheEnding"],"potions_floor_usage":[6,8,10,10,16,24,25,29,36,37,39,50,50,54,54,55],"damage_taken":[{"damage":2,"enemies":"Jaw Worm","floor":1,"turns":3},{"damage":0,"enemies":"Cultist","floor":3,"turns":2},{"damage":2,"enemies":"Small Slimes","floor":5,"turns":2},{"damage":0,"enemies":"Gremlin Nob","floor":6,"turns":3},{"damage":2,"enemies":"3 Sentries","floor":8,"turns":3},{"damage":21,"enemies":"Lagavulin","floor":10,"turns":6},{"damage":1,"enemies":"Exordium Thugs","floor":11,"turns":3},{"damage":8,"enemies":"3 Sentries","floor":12,"turns":4},{"damage":0,"enemies":"Large Slime","floor":14,"turns":4},{"damage":19,"enemies":"Hexaghost","floor":16,"turns":6},{"damage":18,"enemies":"3 Byrds","floor":18,"turns":4},{"damage":0,"enemies":"Chosen","floor":19,"turns":4},{"damage":18,"enemies":"Snecko","floor":20,"turns":4},{"damage":12,"enemies":"3 Cultists","floor":24,"turns":5},{"damage":0,"enemies":"Gremlin Leader","floor":25,"turns":3},{"damage":9,"enemies":"Centurion and Healer","floor":27,"turns":4},{"damage":12,"enemies":"Snake Plant","floor":28,"turns":3},{"damage":22,"enemies":"Book of Stabbing","floor":29,"turns":6},{"damage":0,"enemies":"Gremlin Leader","floor":31,"turns":4},{"damage":17,"enemies":"Collector","floor":33,"turns":7},{"damage":0,"enemies":"3 Darklings","floor":35,"turns":4},{"damage":1,"enemies":"3 Shapes","floor":36,"turns":6},{"damage":10,"enemies":"2 Orb Walkers","floor":37,"turns":5},{"damage":44,"enemies":"Writhing Mass","floor":39,"turns":6},{"damage":2,"enemies":"Giant Head","floor":41,"turns":7},{"damage":0,"enemies":"Transient","floor":42,"turns":5},{"damage":0,"enemies":"3 Darklings","floor":44,"turns":4},{"damage":0,"enemies":"Spire Growth","floor":45,"turns":4},{"damage":27,"enemies":"Reptomancer","floor":46,"turns":4},{"damage":0,"enemies":"Sphere and 2 Shapes","floor":48,"turns":5},{"damage":0,"enemies":"Donu and Deca","floor":50,"turns":9},{"damage":50,"enemies":"Shield and Spear","floor":54,"turns":8},{"damage":103,"enemies":"The Heart","floor":55,"turns":12}],"seed_played":"-8647800356387349765","potions_obtained":[{"floor":4,"key":"Swift Potion"},{"floor":4,"key":"EssenceOfSteel"},{"floor":4,"key":"AttackPotion"},{"floor":8,"key":"SpeedPotion"},{"floor":10,"key":"FearPotion"},{"floor":12,"key":"StancePotion"},{"floor":20,"key":"SneckoOil"},{"floor":27,"key":"ColorlessPotion"},{"floor":29,"key":"Weak Potion"},{"floor":31,"key":"PowerPotion"},{"floor":33,"key":"SkillPotion"},{"floor":39,"key":"StancePotion"},{"floor":41,"key":"LiquidBronze"},{"floor":42,"key":"BottledMiracle"},{"floor":45,"key":"AttackPotion"}],"is_trial":false,"path_per_floor":["M","?","M","?","M","E","R","E","T","E","M","E","R","M","R","B",null,"M","M","M","$","?","R","M","E","T","M","M","E","?","E","R","B",null,"M","M","?","?","M","R","E","M","T","M","M","E","R","M","R","B",null,"R","$","E","B",null],"character_chosen":"WATCHER","items_purchased":["Meat on the Bone","Medical Kit","LikeWater","Gambling Chip","Regen Potion","EssenceOfSteel"],"campfire_rested":1,"item_purchase_floors":[21,21,53,53,53,53],"current_hp_per_floor":[63,63,63,63,61,61,61,59,59,38,37,29,65,65,65,46,66,48,48,30,30,30,30,30,42,42,45,45,35,35,54,54,49,72,72,71,61,61,29,29,39,51,51,51,51,36,36,48,48,48,71,71,79,51,45],"gold":123,"neow_bonus":"BOSS_RELIC","is_daily":false,"chose_seed":false,"campfire_upgraded":7,"win_rate":0.0,"timestamp":1610312159,"path_taken":["M","?","M","?","M","E","R","E","T","E","M","E","R","M","R","BOSS","M","M","M","$","?","R","M","E","T","M","M","E","?","E","R","BOSS","M","?","?","?","M","R","E","M","T","M","M","E","R","?","R","BOSS","R","$","E","BOSS"],"items_purchased_type":["Relic","Relic","Card","Relic","Potion","Potion"],"build_version":"2020-12-22","purchased_purges":1,"victory":true,"max_hp_per_floor":[72,72,72,72,72,72,72,72,72,72,72,72,72,72,72,72,72,72,72,72,72,72,72,72,72,72,72,72,72,72,79,79,79,79,79,79,79,79,79,79,79,79,79,79,79,79,79,79,79,79,79,79,79,79,79],"relic_stats":{"Regal Pillow":15,"counters":[33,159],"CeramicFish":216,"PreservedInsect":442,"Pen Nib":[5],"Medical Kit":[3],"Question Card":13,"Lizard Tail":39,"Busted Crown":22,"Gambling Chip":[2],"Pandora\u0027s Box":["MentalFortress","Indignation","CrushJoints","Meditate","Alpha","EmptyMind","TalkToTheHand","Wireheading"],"MealTicket":8,"VioletLotus":[60],"obtain_stats":[{"Regal Pillow":6,"CeramicFish":8,"PreservedInsect":9,"Pen Nib":54,"Medical Kit":21,"Ancient Tea Set":25,"Question Card":29,"Anchor":12,"Lizard Tail":46,"Busted Crown":34,"HornCleat":43,"Strawberry":31,"Gambling Chip":53,"Pandora\u0027s Box":17,"MealTicket":41,"VioletLotus":0,"Bottled Lightning":10,"PureWater":0,"FossilizedHelix":37,"Meat on the Bone":21},{"Regal Pillow":4,"CeramicFish":5,"PreservedInsect":5,"Pen Nib":32,"Medical Kit":13,"Ancient Tea Set":15,"Question Card":18,"Anchor":8,"Lizard Tail":29,"Busted Crown":20,"HornCleat":26,"Strawberry":19,"Gambling Chip":31,"Pandora\u0027s Box":10,"MealTicket":25,"VioletLotus":0,"Bottled Lightning":6,"PureWater":0,"FossilizedHelix":23,"Meat on the Bone":13},{"Regal Pillow":10,"CeramicFish":13,"PreservedInsect":13,"Pen Nib":147,"Medical Kit":48,"Ancient Tea Set":56,"Question Card":69,"Anchor":26,"Lizard Tail":125,"Busted Crown":80,"HornCleat":113,"Strawberry":73,"Gambling Chip":139,"Pandora\u0027s Box":36,"MealTicket":108,"VioletLotus":0,"Bottled Lightning":19,"PureWater":0,"FossilizedHelix":95,"Meat on the Bone":48}],"Meat on the Bone":168},"card_choices":[{"not_picked":["JustLucky","Indignation"],"picked":"ReachHeaven","floor":1},{"not_picked":["Consecrate","CrushJoints"],"picked":"Conclude","floor":3},{"not_picked":["ClearTheMind","Evaluate"],"picked":"FearNoEvil","floor":5},{"not_picked":["CrushJoints","Crescendo"],"picked":"EmptyFist","floor":6},{"not_picked":["ClearTheMind","Prostrate"],"picked":"Protect","floor":8},{"not_picked":["BowlingBash","Conclude"],"picked":"SashWhip","floor":10},{"not_picked":["EmptyBody","EmptyFist"],"picked":"BattleHymn","floor":11},{"not_picked":["Worship","FearNoEvil"],"picked":"Protect","floor":12},{"not_picked":["EmptyBody","EmptyFist"],"picked":"Tantrum","floor":14},{"not_picked":["Omniscience","Scrawl"],"picked":"SpiritShield","floor":16},{"not_picked":["FollowUp+1","Crescendo"],"picked":"Protect+1","floor":18},{"not_picked":["Halt","Evaluate"],"picked":"FlurryOfBlows","floor":19},{"not_picked":["Prostrate","BowlingBash+1","BattleHymn"],"picked":"SKIP","floor":20},{"not_picked":["Meditate","MentalFortress+1"],"picked":"FearNoEvil+1","floor":24},{"not_picked":["Fasting2+1","Halt","Judgement"],"picked":"SKIP","floor":25},{"not_picked":["Worship","FlyingSleeves","SashWhip+1"],"picked":"SKIP","floor":27},{"not_picked":["Crescendo","FlurryOfBlows","EmptyBody"],"picked":"SKIP","floor":28},{"not_picked":["CarveReality","SashWhip"],"picked":"FlurryOfBlows+1","floor":29},{"not_picked":["Worship","JustLucky","Omniscience"],"picked":"ThirdEye","floor":31},{"not_picked":["ConjureBlade","Judgement","Devotion"],"picked":"Establishment","floor":33},{"not_picked":["CrushJoints","EmptyFist"],"picked":"SKIP","floor":35},{"not_picked":["FearNoEvil+1","CrushJoints+1"],"picked":"SKIP","floor":36},{"not_picked":["Sanctity","EmptyFist+1"],"picked":"SKIP","floor":39},{"not_picked":["SashWhip"],"picked":"DeceiveReality","floor":41},{"not_picked":["Nirvana","CarveReality+1"],"picked":"SKIP","floor":42},{"not_picked":["Prostrate+1","Crescendo+1"],"picked":"SKIP","floor":44},{"not_picked":["ReachHeaven"],"picked":"Study+1","floor":45},{"not_picked":["Worship","Establishment"],"picked":"SKIP","floor":46},{"not_picked":["FollowUp+1"],"picked":"ThirdEye+1","floor":48},{"not_picked":["WreathOfFlame+1","SashWhip+1"],"picked":"SKIP","floor":54}],"player_experience":585595,"relics_obtained":[{"floor":6,"key":"Regal Pillow"},{"floor":8,"key":"CeramicFish"},{"floor":9,"key":"PreservedInsect"},{"floor":10,"key":"Bottled Lightning"},{"floor":12,"key":"Anchor"},{"floor":25,"key":"Ancient Tea Set"},{"floor":29,"key":"Question Card"},{"floor":31,"key":"Strawberry"},{"floor":37,"key":"FossilizedHelix"},{"floor":41,"key":"MealTicket"},{"floor":43,"key":"HornCleat"},{"floor":46,"key":"Lizard Tail"},{"floor":54,"key":"Pen Nib"}],"event_choices":[{"damage_healed":0,"gold_gain":0,"player_choice":"Grow","damage_taken":0,"max_hp_gain":0,"max_hp_loss":0,"event_name":"Living Wall","floor":2,"gold_loss":0,"cards_upgraded":["Eruption"]},{"damage_healed":0,"gold_gain":0,"player_choice":"Bought 3 Potions","damage_taken":0,"max_hp_gain":0,"max_hp_loss":0,"event_name":"The Woman in Blue","floor":4,"gold_loss":0},{"cards_removed":["Alpha"],"damage_healed":0,"gold_gain":0,"player_choice":"Upgrade and Remove","damage_taken":0,"max_hp_gain":0,"max_hp_loss":0,"event_name":"Designer","floor":30,"gold_loss":90,"cards_upgraded":["Vigilance"]},{"damage_healed":0,"gold_gain":0,"player_choice":"Fight","damage_taken":0,"max_hp_gain":0,"max_hp_loss":0,"event_name":"Mysterious Sphere","floor":37,"gold_loss":0},{"damage_healed":0,"gold_gain":100,"player_choice":"Pray","damage_taken":0,"max_hp_gain":0,"max_hp_loss":0,"event_name":"Golden Shrine","floor":38,"gold_loss":0}],"is_beta":false,"boss_relics":[{"not_picked":["Runic Pyramid","Philosopher\u0027s Stone"],"picked":"Pandora\u0027s Box"},{"not_picked":["Coffee Dripper","Snecko Eye"],"picked":"Busted Crown"}],"items_purged_floors":[21],"is_endless":false,"potions_floor_spawned":[5,8,10,12,20,27,29,31,33,39,41,42,45,48],"ascension_level":6}}