{"host":"g01l53quoe6lrer0","time":1610285804,"event":{"mods":["2.2 Compatiblity","AchievementEnabler","BaseMod","Colored Map","Highlight Path","Keyboard Shortcuts","Minty Spire (QoL Compilation)","Permanent Neow","StSLib","SuperFastMode","everything is the same but u backflip on backflip"],"gold_per_floor":[114,129,129,144,159,189,264,264,289,304,304,334,334,349,349,449,449,464,464,464,479,494,494,524,539,564,564,564,579,579,594,594,694,694,709,619,244,259,274,274,289,289,289,289,95,95,95,95,95,95],"floor_reached":51,"playtime":1514,"items_purged":["Strike_P"],"score":802,"play_id":"e7cdd0dd-066e-4aa2-a17e-740ec5c2d5ba","local_time":"20210110223644","daily_mods":["Specialized","Diverse","Night Terrors"],"is_ascension_mode":false,"campfire_choices":[{"floor":8.0,"key":"REST"},{"data":"Havoc","floor":11.0,"key":"SMITH"},{"data":"Sever Soul","floor":15.0,"key":"SMITH"},{"data":"Hyperbeam","floor":23.0,"key":"SMITH"},{"data":"Sunder","floor":27.0,"key":"SMITH"},{"data":"Crippling Poison","floor":32.0,"key":"SMITH"},{"data":"Vigilance","floor":40.0,"key":"SMITH"},{"data":"Wireheading","floor":42.0,"key":"SMITH"},{"floor":49.0,"key":"REST"}],"circlet_count":0,"master_deck":["Strike_P+1","Strike_P+1","Defend_P+1","Defend_P+1","Defend_P+1","Defend_P+1","Eruption+1","Vigilance+1","Accuracy+1","Accuracy+1","Accuracy+1","Accuracy+1","Accuracy+1","Finisher+1","Crippling Poison+1","Havoc+1","Sever Soul+1","Wireheading+1","Acrobatics+1","Hyperbeam+1","Sunder+1","Headbutt+1","RitualDagger+1","PiercingWail+1","Ghostly+1","Ghostly+1","Ghostly+1","Ghostly+1","Ghostly+1","Havoc+1","Impervious+1","BootSequence+1","Hyperbeam+1","Shrug It Off+1","Halt+1","Violence+1","Master of Strategy+1"],"relics":["PureWater","Mummified Hand","Strawberry","Pear","Boot","Velvet Choker","Bag of Marbles","Vajra","SacredBark","DollysMirror","Akabeko","Omamori","Mark of the Bloom"],"acts_visited":["Exordium","TheCity","TheBeyond"],"potions_floor_usage":[50,50],"damage_taken":[{"damage":0.0,"enemies":"2 Louse","floor":1.0,"turns":2.0},{"damage":8.0,"enemies":"Cultist","floor":2.0,"turns":4.0},{"damage":0.0,"enemies":"Small Slimes","floor":4.0,"turns":4.0},{"damage":15.0,"enemies":"2 Fungi Beasts","floor":5.0,"turns":5.0},{"damage":21.0,"enemies":"Lagavulin","floor":6.0,"turns":7.0},{"damage":10.0,"enemies":"3 Louse","floor":10.0,"turns":4.0},{"damage":15.0,"enemies":"Gremlin Nob","floor":12.0,"turns":3.0},{"damage":6.0,"enemies":"Blue Slaver","floor":14.0,"turns":5.0},{"damage":5.0,"enemies":"Slime Boss","floor":16.0,"turns":5.0},{"damage":12.0,"enemies":"2 Thieves","floor":18.0,"turns":2.0},{"damage":0.0,"enemies":"Chosen","floor":21.0,"turns":1.0},{"damage":10.0,"enemies":"Snake Plant","floor":22.0,"turns":2.0},{"damage":24.0,"enemies":"Slavers","floor":24.0,"turns":2.0},{"damage":0.0,"enemies":"Cultist and Chosen","floor":25.0,"turns":1.0},{"damage":0.0,"enemies":"Centurion and Healer","floor":29.0,"turns":2.0},{"damage":3.0,"enemies":"Snake Plant","floor":31.0,"turns":3.0},{"damage":8.0,"enemies":"Collector","floor":33.0,"turns":5.0},{"damage":0.0,"enemies":"3 Darklings","floor":35.0,"turns":2.0},{"damage":9.0,"enemies":"3 Shapes","floor":38.0,"turns":5.0},{"damage":2.0,"enemies":"Spire Growth","floor":39.0,"turns":4.0},{"damage":2.0,"enemies":"Sphere and 2 Shapes","floor":41.0,"turns":4.0},{"damage":6,"enemies":"Awakened One","floor":50,"turns":8}],"seed_played":"-956745095108410897","potions_obtained":[{"floor":1.0,"key":"Fire Potion"},{"floor":4.0,"key":"DuplicationPotion"},{"floor":10.0,"key":"DuplicationPotion"},{"floor":16.0,"key":"Explosive Potion"},{"floor":18.0,"key":"Weak Potion"},{"floor":24.0,"key":"GamblersBrew"},{"floor":31.0,"key":"AttackPotion"},{"floor":35.0,"key":"SteroidPotion"},{"floor":41.0,"key":"StancePotion"}],"is_trial":false,"path_per_floor":["M","M","?","M","M","E","?","R","T","M","R","E","?","M","R","B",null,"M","?","?","M","M","R","E","M","T","R","?","M","?","M","R","B",null,"M","?","$","M","M","R","M","R","T","?","$","?","?","?","R","B",null],"character_chosen":"WATCHER","items_purchased":["DollysMirror","Akabeko","Violence"],"campfire_rested":2,"item_purchase_floors":[37,37,45],"current_hp_per_floor":[72,64,64,64,49,28,17,67,74,64,64,59,47,41,41,36,84,72,72,66,66,56,56,32,32,32,32,32,32,32,29,29,21,42,42,42,42,33,31,31,29,29,29,40,40,40,40,40,37,31],"gold":95,"neow_bonus":"","is_daily":true,"chose_seed":false,"campfire_upgraded":7,"win_rate":0.0,"timestamp":1610285804,"path_taken":["M","M","?","M","?","E","?","R","T","M","R","E","?","M","R","BOSS","M","?","?","M","M","R","E","M","T","R","?","M","?","M","R","BOSS","M","?","?","M","?","R","M","R","T","?","$","?","?","?","R","BOSS"],"items_purchased_type":["Relic","Relic","Card"],"build_version":"2020-12-22","purchased_purges":1,"victory":true,"max_hp_per_floor":[72,72,72,72,72,72,72,67,74,74,74,84,84,84,84,84,84,84,84,84,84,84,84,84,84,84,84,42,42,42,42,42,42,42,42,42,42,42,42,42,42,42,42,42,42,42,42,42,37,37],"card_choices":[{"not_picked":["Flechettes","Clothesline"],"picked":"Finisher","floor":1.0},{"not_picked":["Poisoned Stab","Steam"],"picked":"Crippling Poison","floor":2.0},{"not_picked":["Underhanded Strike","Fission"],"picked":"Havoc","floor":4.0},{"not_picked":["Riddle With Holes","Halt"],"picked":"Sever Soul","floor":5.0},{"not_picked":["Deflect","Setup","SashWhip"],"picked":"SKIP","floor":6.0},{"not_picked":["SignatureMove","ReachHeaven"],"picked":"Wireheading","floor":10.0},{"not_picked":["Twin Strike","Prostrate"],"picked":"Acrobatics","floor":12.0},{"not_picked":["Capacitor","Hemokinesis","Worship"],"picked":"SKIP","floor":14.0},{"not_picked":["Bullet Time","Buffer"],"picked":"Hyperbeam","floor":16.0},{"not_picked":["Dagger Throw","FlyingSleeves"],"picked":"Sunder","floor":18.0},{"not_picked":["EmptyMind","Leg Sweep","Iron Wave"],"picked":"SKIP","floor":21.0},{"not_picked":["FollowUp+1","Body Slam","Seeing Red"],"picked":"SKIP","floor":22.0},{"not_picked":["Catalyst+1","Wraith Form v2"],"picked":"PiercingWail","floor":24.0},{"not_picked":["JustLucky","Turbo","CrushJoints"],"picked":"SKIP","floor":25.0},{"not_picked":["Cleave+1","Hemokinesis+1","Wild Strike+1"],"picked":"SKIP","floor":29.0},{"not_picked":["Conserve Battery","Distraction"],"picked":"Havoc+1","floor":31.0},{"not_picked":["Reboot","Brilliance"],"picked":"Impervious","floor":33.0},{"not_picked":["Pommel Strike","Quick Slash"],"picked":"BootSequence+1","floor":35.0},{"not_picked":["Pummel","Glacier"],"picked":"Shrug It Off","floor":38.0},{"not_picked":["PathToVictory","Glacier+1","ThirdEye"],"picked":"SKIP","floor":39.0},{"not_picked":["JustLucky","Twin Strike"],"picked":"Halt+1","floor":41.0},{"not_picked":["Deep Breath","Secret Weapon"],"picked":"Master of Strategy","floor":47.0}],"player_experience":128894,"relics_obtained":[{"floor":6.0,"key":"Mummified Hand"},{"floor":9.0,"key":"Strawberry"},{"floor":12.0,"key":"Pear"},{"floor":24.0,"key":"Bag of Marbles"},{"floor":26.0,"key":"Vajra"},{"floor":43.0,"key":"Omamori"}],"event_choices":[{"damage_healed":0.0,"max_hp_gain":0.0,"max_hp_loss":0.0,"gold_gain":0.0,"event_name":"Upgrade Shrine","player_choice":"Upgraded","floor":3.0,"gold_loss":0.0,"damage_taken":0.0,"cards_upgraded":["Eruption"]},{"damage_healed":0.0,"max_hp_gain":0.0,"max_hp_loss":0.0,"gold_gain":75.0,"event_name":"World of Goop","player_choice":"Gather Gold","floor":7.0,"gold_loss":0.0,"damage_taken":11.0},{"damage_healed":0.0,"max_hp_gain":0.0,"max_hp_loss":0.0,"gold_gain":0.0,"event_name":"Scrap Ooze","player_choice":"Success","floor":13.0,"gold_loss":0.0,"damage_taken":12.0,"relics_obtained":["Boot"]},{"damage_healed":0.0,"max_hp_gain":0.0,"max_hp_loss":0.0,"gold_gain":0.0,"event_name":"The Library","player_choice":"Read","floor":19.0,"gold_loss":0.0,"damage_taken":0.0,"cards_obtained":["Headbutt"]},{"damage_healed":0.0,"max_hp_gain":0.0,"max_hp_loss":0.0,"gold_gain":0.0,"event_name":"Nest","player_choice":"Joined the Cult","floor":20.0,"gold_loss":0.0,"damage_taken":6.0,"cards_obtained":["RitualDagger"]},{"damage_healed":0.0,"max_hp_gain":0.0,"max_hp_loss":42.0,"gold_gain":0.0,"event_name":"Ghosts","player_choice":"Became a Ghost","floor":28.0,"gold_loss":0.0,"damage_taken":0.0,"cards_obtained":["Ghostly","Ghostly","Ghostly","Ghostly","Ghostly"]},{"damage_healed":0.0,"max_hp_gain":0.0,"max_hp_loss":0.0,"gold_gain":0.0,"event_name":"Vampires","player_choice":"Ignored","floor":30.0,"gold_loss":0.0,"damage_taken":0.0},{"cards_removed":["Strike_P"],"damage_healed":0.0,"max_hp_gain":0.0,"max_hp_loss":0.0,"gold_gain":0.0,"event_name":"Designer","player_choice":"Upgrade and Remove","floor":36.0,"gold_loss":90.0,"damage_taken":0.0,"cards_upgraded":["Defend_P"]},{"damage_healed":11.0,"max_hp_gain":0.0,"max_hp_loss":0.0,"gold_gain":0.0,"event_name":"Winding Halls","player_choice":"Writhe","floor":44.0,"gold_loss":0.0,"damage_taken":0.0,"cards_obtained":["Writhe"]},{"damage_healed":0.0,"max_hp_gain":0.0,"max_hp_loss":0.0,"gold_gain":0.0,"event_name":"Mysterious Sphere","player_choice":"Ignored","floor":46.0,"gold_loss":0.0,"damage_taken":0.0},{"damage_healed":0.0,"max_hp_gain":0.0,"max_hp_loss":0.0,"gold_gain":0.0,"event_name":"SensoryStone","player_choice":"Memory 1","floor":47.0,"gold_loss":0.0,"damage_taken":0.0},{"damage_healed":0.0,"max_hp_gain":0.0,"max_hp_loss":0.0,"gold_gain":0.0,"event_name":"MindBloom","player_choice":"Upgrade","floor":48.0,"gold_loss":0.0,"damage_taken":0.0,"cards_upgraded":["Strike_P","Strike_P","Defend_P","Defend_P","Defend_P","Accuracy","Accuracy","Accuracy","Accuracy","Accuracy","Finisher","Acrobatics","Headbutt","RitualDagger","PiercingWail","Ghostly","Ghostly","Ghostly","Ghostly","Ghostly","Impervious","Shrug It Off","Violence","Master of Strategy"],"relics_obtained":["Mark of the Bloom"]}],"is_beta":false,"boss_relics":[{"not_picked":["Fusion Hammer","Runic Pyramid"],"picked":"Velvet Choker"},{"not_picked":["Snecko Eye","Pandora\u0027s Box"],"picked":"SacredBark"}],"items_purged_floors":[37],"is_endless":false,"potions_floor_spawned":[1,4,10,16,18,24,31,35,41],"ascension_level":0}}