{"host":"os7ajuuouznx3pj7","time":1610314017,"event":{"mods":["AchievementEnabler","BaseMod","Bestiary","Block Reminder","Colored Map","Colored Powertips","Keyboard Shortcuts","Minty Spire (QoL Compilation)","Quick Restart","Relic Sorter","Relic Stats","SuperFastMode"],"gold_per_floor":[117,117,132,132,132,143,143,143,143,68,102,102,136,146,146,251,251,264,264,98,110,110,110,126,126,126,126,126,137,137,137,137,242,242,257,257,268,268,268,268,268,268,268,268,268],"floor_reached":44,"playtime":5145,"items_purged":["Strike_P"],"score":430,"play_id":"39e8c47d-31f4-4de0-a4de-ed60ace3a16a","local_time":"20210110192657","is_ascension_mode":false,"campfire_choices":[{"data":"Eruption","floor":7.0,"key":"SMITH"},{"data":"Wallop","floor":12.0,"key":"SMITH"},{"data":"ForeignInfluence","floor":15.0,"key":"SMITH"},{"data":"ClearTheMind","floor":23,"key":"SMITH"},{"data":"Omniscience","floor":27,"key":"SMITH"},{"data":"BowlingBash","floor":32,"key":"SMITH"},{"data":"Madness","floor":40,"key":"SMITH"},{"data":"Madness","floor":42,"key":"SMITH"}],"circlet_count":0,"master_deck":["Defend_P+1","Defend_P+1","Defend_P+1","Eruption+1","Vigilance+1","Wallop+1","BowlingBash+1","Worship+1","ClearTheMind+1","ForeignInfluence+1","ThirdEye+1","Omniscience+1","WheelKick+1","Swift Strike+1","ReachHeaven+1","Perseverance+1","WheelKick+1","Judgement+1","Ragnarok+1","Worship+1","Madness+1","Madness+1"],"relics":["Cursed Key","Mark of the Bloom"],"acts_visited":["Exordium","TheCity","TheBeyond"],"potions_floor_usage":[24,28,33],"damage_taken":[{"damage":0.0,"enemies":"Small Slimes","floor":1.0,"turns":3.0},{"damage":0.0,"enemies":"Jaw Worm","floor":3.0,"turns":2.0},{"damage":0.0,"enemies":"Cultist","floor":6.0,"turns":2.0},{"damage":14.0,"enemies":"Gremlin Nob","floor":11.0,"turns":4.0},{"damage":4.0,"enemies":"3 Sentries","floor":13.0,"turns":5.0},{"damage":0.0,"enemies":"3 Louse","floor":14.0,"turns":2.0},{"damage":16.0,"enemies":"Hexaghost","floor":16.0,"turns":7.0},{"damage":0,"enemies":"Spheric Guardian","floor":18,"turns":2},{"damage":3,"enemies":"2 Thieves","floor":21,"turns":3},{"damage":6,"enemies":"Snake Plant","floor":24,"turns":3},{"damage":0,"enemies":"Slavers","floor":28,"turns":1},{"damage":1,"enemies":"Snecko","floor":29,"turns":4},{"damage":52,"enemies":"Collector","floor":33,"turns":9},{"damage":11,"enemies":"Orb Walker","floor":35,"turns":5},{"damage":0,"enemies":"3 Darklings","floor":37,"turns":4},{"damage":0,"enemies":"Writhing Mass","floor":44,"turns":1}],"seed_played":"2792800431460728341","potions_obtained":[{"floor":3.0,"key":"Swift Potion"},{"floor":6.0,"key":"Block Potion"},{"floor":16.0,"key":"FearPotion"},{"floor":24,"key":"SmokeBomb"},{"floor":29,"key":"Explosive Potion"},{"floor":35,"key":"Ambrosia"}],"is_trial":false,"path_per_floor":["M","?","M","?","$","M","R","?","T","$","E","R","E","M","R","B",null,"M","?","$","M","?","R","M","?","T","R","E","M","?","T","R","B",null,"M","?","M","?","?","R","?","R","T","M"],"character_chosen":"WATCHER","items_purchased":["WheelKick","Swift Strike"],"campfire_rested":0,"item_purchase_floors":[20,20],"current_hp_per_floor":[72,72,72,65,65,65,65,65,65,65,51,51,47,47,47,31,72,72,72,72,69,69,69,63,63,63,63,63,62,62,62,62,10,72,61,61,61,52,52,52,52,52,52,52,52],"gold":268,"neow_bonus":"BOSS_RELIC","is_daily":false,"chose_seed":false,"campfire_upgraded":8,"win_rate":0.0,"timestamp":1610314017,"path_taken":["M","?","M","?","?","M","R","?","T","$","E","R","E","M","R","BOSS","M","?","$","M","?","R","M","?","T","R","E","M","?","?","R","BOSS","M","?","M","?","?","R","?","R","T","?"],"items_purchased_type":["Card","Card"],"build_version":"2020-12-22","purchased_purges":1,"victory":false,"max_hp_per_floor":[72,72,72,72,72,72,72,72,72,72,72,72,72,72,72,72,72,72,72,72,72,72,72,72,72,72,72,72,72,72,72,72,72,72,72,72,72,72,72,72,72,72,72,72,72],"relic_stats":{"Mark of the Bloom":0,"counters":[16,57],"Cursed Key":0,"obtain_stats":[{"Mark of the Bloom":36,"PureWater":0,"Cursed Key":0},{"Mark of the Bloom":14,"PureWater":0,"Cursed Key":0},{"Mark of the Bloom":52,"PureWater":0,"Cursed Key":0}]},"card_choices":[{"not_picked":["EmptyBody","Adaptation"],"picked":"Wallop","floor":1.0},{"not_picked":["FlyingSleeves","JustLucky"],"picked":"BowlingBash","floor":3.0},{"not_picked":["ConjureBlade","Weave"],"picked":"Worship","floor":6.0},{"not_picked":["JustLucky","FollowUp"],"picked":"ClearTheMind","floor":11.0},{"not_picked":["WindmillStrike","ThirdEye"],"picked":"ForeignInfluence","floor":13.0},{"not_picked":["SashWhip","Consecrate"],"picked":"ThirdEye","floor":14.0},{"not_picked":["SpiritShield","Alpha"],"picked":"Omniscience","floor":16.0},{"not_picked":["Fasting2","Tantrum"],"picked":"EmptyBody","floor":18},{"not_picked":["FollowUp","Prostrate"],"picked":"ReachHeaven","floor":21},{"not_picked":["FollowUp","FearNoEvil"],"picked":"Perseverance+1","floor":24},{"not_picked":["Prostrate","Crescendo","FlyingSleeves"],"picked":"SKIP","floor":29},{"not_picked":["Wish","ConjureBlade"],"picked":"Ragnarok","floor":33},{"not_picked":["Consecrate","FlurryOfBlows+1"],"picked":"Worship","floor":35},{"not_picked":["Study","FlurryOfBlows","EmptyBody+1"],"picked":"SKIP","floor":37}],"player_experience":919867,"relics_obtained":[],"event_choices":[{"damage_healed":0.0,"max_hp_gain":0.0,"max_hp_loss":0.0,"gold_gain":0.0,"event_name":"Liars Game","player_choice":"Ignored","floor":2.0,"gold_loss":0.0,"damage_taken":0.0},{"cards_removed":["Strike_P"],"damage_healed":0.0,"max_hp_gain":0.0,"max_hp_loss":0.0,"gold_gain":0.0,"event_name":"Golden Wing","player_choice":"Card Removal","floor":4.0,"gold_loss":0.0,"damage_taken":7.0},{"cards_removed":["Defend_P"],"damage_healed":0.0,"max_hp_gain":0.0,"max_hp_loss":0.0,"gold_gain":0.0,"event_name":"Bonfire Elementals","player_choice":"Offered Basic","floor":8.0,"gold_loss":0.0,"damage_taken":0.0},{"damage_healed":0,"gold_gain":0,"player_choice":"Ignored","damage_taken":0,"max_hp_gain":0,"max_hp_loss":0,"event_name":"The Mausoleum","floor":19,"gold_loss":0},{"damage_healed":0,"gold_gain":0,"cards_transformed":["Strike_P","Strike_P"],"player_choice":"Became Test Subject","damage_taken":0,"max_hp_gain":0,"max_hp_loss":0,"event_name":"Drug Dealer","floor":25,"gold_loss":0,"cards_obtained":["WheelKick","Judgement"]},{"damage_healed":0,"gold_gain":0,"player_choice":"Simplicity","damage_taken":0,"max_hp_gain":0,"max_hp_loss":0,"event_name":"Back to Basics","floor":30,"gold_loss":0,"cards_upgraded":["Defend_P","Defend_P","Defend_P"]},{"damage_healed":0,"gold_gain":0,"player_choice":"Upgrade","damage_taken":0,"relics_obtained":["Mark of the Bloom"],"max_hp_gain":0,"max_hp_loss":0,"event_name":"MindBloom","floor":36,"gold_loss":0,"cards_upgraded":["Vigilance","Worship","ThirdEye","EmptyBody","WheelKick","Swift Strike","ReachHeaven","WheelKick","Judgement","Ragnarok","Worship"]},{"damage_healed":0,"gold_gain":0,"player_choice":"Embrace Madness","damage_taken":9,"max_hp_gain":0,"max_hp_loss":0,"event_name":"Winding Halls","floor":38,"gold_loss":0,"cards_obtained":["Madness","Madness"]},{"cards_removed":["EmptyBody"],"damage_healed":0,"gold_gain":0,"player_choice":"Removed Skill","damage_taken":0,"max_hp_gain":0,"max_hp_loss":0,"event_name":"Falling","floor":39,"gold_loss":0},{"damage_healed":0,"gold_gain":0,"player_choice":"Ignored","damage_taken":0,"max_hp_gain":0,"max_hp_loss":0,"event_name":"Tomb of Lord Red Mask","floor":41,"gold_loss":0}],"is_beta":false,"boss_relics":[{"not_picked":["Coffee Dripper","Snecko Eye","Sozu"]},{"not_picked":["Coffee Dripper","Snecko Eye","Sozu"]}],"items_purged_floors":[10],"is_endless":false,"potions_floor_spawned":[3,6,16,24,28,29,35],"killed_by":"Writhing Mass","ascension_level":0}}