{"host":"m9b9nkcj1hzhp9h6","time":1610294811,"event":{"mods":["100% Spire Juice","AchievementEnabler","Act Like it!","AlwaysNeverKeys","Aspiration","BaseMod","Better Altar","Better Match","Better Note","Better Sensory Stone","Better Silent Start","Better Skull","Better Third Choice","Better Vampires","BetterRewards","Booster Modes","Colored Map","Colored Powertips","Colorless Booster Pack","Conspire","Custom Start","Dark Map","Defective Defect","Dio Mod","Displayed Cursed Tome","Dota2Spire","Downfall","Elementarium","Emptier Cage","Energized Spire","Fox Events","Friendly Minions","Gensokyo","GifTheSpireLib","Halation","HexUI Lib","Hubris","Infinite Spire","Ironclad Rager","Jedi Mod","Mari Mod (Legacy)","Mari\u0027s V1 Patch","Marked Mod","Menagerie","Mimic Mod","Minty Spire (QoL Compilation)","Pale of the Ancients","Permanent Neow","Poor People Problems","Prisma Mod","RRrroohrrRGHHhhh!!","Random Character Button","Random Character Mod","Relic Sorter","Relic Stats","Remilia??????","Replay The Spire","Reworked Bosses","Robot Space Explorer","RumiaBox-????????","SCP261 Mod","SacredBarkPlus","Small Relic Pack","Spikes Relics","StSLib","Stuff the Spire","The Animator","The Blue Laboratory","The Factory","The IronCluck","The Jungle","Trackpad","Transform Curses","Useless Jewels Mod","Virulent Crown","Waifu the Spire","Wandering Minibosses","Yohane!","Yuri Mod","egg","slay the spire mod where everything is the same but ironclad has a cowboy hat","thorton","vexMod"],"gold_per_floor":[16,460,35,48,67,67,101,21,45,55,88,115,115,145,145,257,257,221,121,141,141,141,141,141,167,167,204,265,292,345,320,320,462,462,482,508,83,26,79,93,93],"floor_reached":40,"playtime":3044,"items_purged":["Strike_R","Strike_R","Strike_R","Strike_R","Defend_R"],"score":586,"play_id":"117f9850-4f2a-4363-a354-b1863229aac0","local_time":"20210110180651","is_ascension_mode":true,"campfire_choices":[{"data":"True Grit","floor":6,"key":"SMITH"},{"data":"Invigoration","floor":13,"key":"SMITH"},{"data":"Iron Wave","floor":15,"key":"SMITH"},{"data":"Metallicize","floor":23,"key":"SMITH"},{"data":"Iron Wave","floor":32,"key":"SMITH"}],"circlet_count":0,"master_deck":["Defend_R","Defend_R","Bash","Iron Wave+1","Shrug It Off","Ghostly Armor+1","True Grit+1","Armaments+1","Invigoration+1","Iron Wave+1","Feel No Pain","Metallicize+1","Corruption","Inflame","Shrug It Off"],"relics":["Burning Blood","StuffTheSpire:CocoNut","The Courier","War Paint","halation:IllGainedPizza","King of Hearts","conspire:SeveredTorchhead","hubris:Towel","ZombieTooth","aspiration:FrozenJewel","halation:LettersToHer","Art of War","Elementarium:ElementariumTrophy","conspire:RunicOctahedron","CrustySpines","jedi:firstaidkit"],"acts_visited":["Menagerie:Menagerie","Elementarium:Elementarium","Gensokyo:Gensokyoest"],"potions_floor_usage":[29,30,33,39],"damage_taken":[{"damage":9,"enemies":"Menagerie:2_RABBITS","floor":1,"turns":4},{"damage":0,"enemies":"Menagerie:WhisperingWraith","floor":4,"turns":4},{"damage":0,"enemies":"Menagerie:MonstrousExperiment","floor":5,"turns":3},{"damage":6,"enemies":"Menagerie:MaskedSummoner","floor":7,"turns":11},{"damage":0,"enemies":"Menagerie:MENAGERIE_WILDLIFE","floor":10,"turns":3},{"damage":18,"enemies":"Menagerie:Hydra","floor":11,"turns":7},{"damage":13,"enemies":"Menagerie:STYGIAN_BOAR_AND_WHISPERING_WRAITH","floor":12,"turns":7},{"damage":5,"enemies":"Menagerie:MaskedSummoner","floor":14,"turns":12},{"damage":7,"enemies":"Menagerie:Suneater","floor":16,"turns":13},{"damage":0,"enemies":"Elementarium:2_ELEMENTALS","floor":18,"turns":6},{"damage":6,"enemies":"Elementarium:VoidCorruption","floor":20,"turns":6},{"damage":6,"enemies":"Elementarium:STONE_GOLEMS","floor":25,"turns":6},{"damage":4,"enemies":"Elementarium:CYCLONE_AND_ORB_OF_FIRE","floor":27,"turns":5},{"damage":24,"enemies":"Elementarium:FIRE_NOBILITY","floor":28,"turns":10},{"damage":6,"enemies":"Elementarium:VoidBeast","floor":29,"turns":4},{"damage":12,"enemies":"Elementarium:ElementalPortal","floor":30,"turns":9},{"damage":0,"enemies":"Elementarium:VOID_CORRUPTION_AND_ORB_OF_FIRE","floor":31,"turns":9},{"damage":12,"enemies":"Elementarium:PHOENIXES","floor":33,"turns":18},{"damage":9,"enemies":"Gensokyo:3_Bats","floor":35,"turns":4},{"damage":6,"enemies":"Gensokyo:AncientGuardian","floor":36,"turns":7},{"damage":47,"enemies":"Gensokyo:4_Bats","floor":38,"turns":7},{"damage":18,"enemies":"conspire:MimicChest","floor":39,"turns":7},{"damage":34,"enemies":"Gensokyo:Doremy","floor":40,"turns":6}],"seed_played":"3738395483907745985","potions_obtained":[{"floor":10,"key":"Dota2Spire:Clarity"},{"floor":12,"key":"blueLaboratory:CorrosionFlask"},{"floor":14,"key":"Strength Potion"},{"floor":30,"key":"blueLaboratory:BottledHope"},{"floor":33,"key":"Dota2Spire:HealingSalve"},{"floor":38,"key":"Fire Potion"}],"is_trial":false,"path_per_floor":["M","?","$","M","M","R","E","$","T","M","E","M","R","E","R","B",null,"M","$","M","?","AVR","R","?","M","T","M","E","M","E","M","R","B",null,"M","M","$","M","?","E"],"character_chosen":"IRONCLAD","items_purchased":["StuffTheSpire:CocoNut","Iron Wave","Shrug It Off","Inflame","CrustySpines"],"campfire_rested":0,"item_purchase_floors":[3,3,3,37,37],"current_hp_per_floor":[69,30,37,43,49,49,49,49,49,55,43,36,36,37,37,36,74,80,80,80,80,80,80,80,80,80,82,64,64,58,64,64,58,80,77,77,77,36,30,0,0],"gold":93,"neow_bonus":"REMOVE_TWO","is_daily":false,"chose_seed":false,"campfire_upgraded":5,"win_rate":0.0,"timestamp":1610294811,"path_taken":["M","?","$","M","M","R","E","$","T","M","E","?","R","E","R","BOSS","M","$","M","?","AVR","R","?","M","T","M","E","?","E","M","R","BOSS","M","?","$","M","?","E"],"items_purchased_type":["Relic","Card","Card","Card","Relic"],"build_version":"2020-12-22","purchased_purges":5,"victory":false,"max_hp_per_floor":[80,80,87,87,87,87,87,87,87,87,87,87,87,87,87,87,87,87,87,87,87,87,87,87,87,87,87,87,87,87,87,87,87,87,87,87,87,87,87,87,87],"relic_stats":{"counters":[23,168],"Art of War":[9],"War Paint":["Ghostly Armor","Armaments"],"obtain_stats":[{"halation:IllGainedPizza":11,"conspire:RunicOctahedron":34,"The Courier":7,"King of Hearts":14,"War Paint":9,"hubris:Towel":21,"Burning Blood":0,"aspiration:FrozenJewel":26,"conspire:SeveredTorchhead":17,"ZombieTooth":22,"Elementarium:ElementariumTrophy":33,"jedi:firstaidkit":39,"StuffTheSpire:CocoNut":3,"Art of War":30,"halation:LettersToHer":28,"CrustySpines":37},{"halation:IllGainedPizza":6,"conspire:RunicOctahedron":18,"The Courier":4,"King of Hearts":8,"War Paint":4,"hubris:Towel":11,"Burning Blood":0,"aspiration:FrozenJewel":12,"conspire:SeveredTorchhead":9,"ZombieTooth":11,"Elementarium:ElementariumTrophy":18,"jedi:firstaidkit":22,"StuffTheSpire:CocoNut":1,"Art of War":16,"halation:LettersToHer":14,"CrustySpines":20},{"halation:IllGainedPizza":32,"conspire:RunicOctahedron":137,"The Courier":22,"King of Hearts":51,"War Paint":22,"hubris:Towel":76,"Burning Blood":0,"aspiration:FrozenJewel":82,"conspire:SeveredTorchhead":64,"ZombieTooth":76,"Elementarium:ElementariumTrophy":137,"jedi:firstaidkit":162,"StuffTheSpire:CocoNut":4,"Art of War":110,"halation:LettersToHer":97,"CrustySpines":148}],"Burning Blood":132},"card_choices":[{"not_picked":["Rage","ReplayTheSpireMod:Strike From Hell","Perfected Strike"],"picked":"SKIP","floor":1},{"not_picked":["Heavy Blade","Flex"],"picked":"Ghostly Armor","floor":4},{"not_picked":["StuffTheSpire:Slingshot","Disarm"],"picked":"True Grit","floor":5},{"not_picked":["Sword Boomerang","Perfected Strike"],"picked":"Armaments","floor":7},{"not_picked":["Blood for Blood","Dark Embrace"],"picked":"Invigoration","floor":10},{"not_picked":["ReplayTheSpireMod:Stacked","Cleave","StuffTheSpire:BloodClot"],"picked":"SKIP","floor":11},{"not_picked":["Cleave","Sword Boomerang"],"picked":"Iron Wave","floor":12},{"not_picked":["jedi:fear","Iron Wave"],"picked":"Feel No Pain","floor":14},{"not_picked":["Pummel","Anger"],"picked":"Metallicize","floor":18},{"not_picked":["StuffTheSpire:RagingBull+1","StuffTheSpire:Incineration","StuffTheSpire:RockThrow"],"picked":"SKIP","floor":20},{"not_picked":["Dark Embrace","StuffTheSpire:Slingshot+1"],"picked":"Iron Wave","floor":25},{"not_picked":["StuffTheSpire:Slingshot+1","Massacre+1","Second Wind"],"picked":"SKIP","floor":27},{"not_picked":["Ghostly Armor","Headbutt","Replay:Undeath\u0027s Touch"],"picked":"SKIP","floor":28},{"not_picked":["Clothesline","Heavy Blade","Flex"],"picked":"SKIP","floor":29},{"not_picked":["hubris:ReadiedAction","Replay:Undeath\u0027s Touch","Exhume"],"picked":"SKIP","floor":30},{"not_picked":["ReplayTheSpireMod:Limb From Limb","Sword Boomerang","StuffTheSpire:Slingshot+1"],"picked":"SKIP","floor":31},{"not_picked":["Limit Break","hubris:StunningStrike"],"picked":"Corruption","floor":33},{"not_picked":["Carnage","Life Link","Clothesline+1"],"picked":"SKIP","floor":35},{"not_picked":["infinitespire:OneForAll+1","Flex+1","StuffTheSpire:Resist"],"picked":"SKIP","floor":36},{"not_picked":["Cleave+1","Intimidate","Blood for Blood"],"picked":"SKIP","floor":38},{"not_picked":["Combust+1","StuffTheSpire:Incineration+1"],"picked":"Shrug It Off","floor":39}],"player_experience":1406026,"relics_obtained":[{"floor":7,"key":"The Courier"},{"floor":9,"key":"War Paint"},{"floor":11,"key":"halation:IllGainedPizza"},{"floor":14,"key":"King of Hearts"},{"floor":26,"key":"aspiration:FrozenJewel"},{"floor":28,"key":"halation:LettersToHer"},{"floor":30,"key":"Art of War"},{"floor":39,"key":"jedi:firstaidkit"}],"event_choices":[{"damage_healed":0,"gold_gain":444,"player_choice":"GO GO GO GO ","damage_taken":43,"relics_obtained":[],"max_hp_gain":0,"max_hp_loss":0,"event_name":"betterSkull:BetterSkull","floor":2,"gold_loss":0,"cards_upgraded":[]}],"is_beta":false,"boss_relics":[{"not_picked":["Snecko Eye","Honey Jar"],"picked":"conspire:SeveredTorchhead"},{"not_picked":["thethorton:BottledFunds","halation:SmartPhone"],"picked":"conspire:RunicOctahedron"}],"items_purged_floors":[3,8,19,22,37],"is_endless":false,"potions_floor_spawned":[10,12,14,25,28,30,33,35,38],"killed_by":"Gensokyo:Doremy","ascension_level":6}}