{"host":"4rvakrj1idbgia3f","time":1610247190,"event":{"mods":["BaseMod","Colored Map","Colored Powertips","DeckTracker","Highlight Path","Minty Spire (QoL Compilation)","Random Character Button","StSLib"],"gold_per_floor":[118,138,138,12,28,28,55,75,375,355,86,86,97,108,108,184,184,204,204,204,222,238,238,263,291,291,291,291],"floor_reached":27,"playtime":1586,"items_purged":["Pain","Defend_P"],"score":506,"play_id":"51266b40-9cfb-402c-83c7-7c5e7d0f68b7","local_time":"20210110115310","is_ascension_mode":true,"campfire_choices":[{"data":"BowlingBash","floor":6.0,"key":"SMITH"},{"data":"Eruption","floor":12.0,"key":"SMITH"},{"data":"Vigilance","floor":15.0,"key":"SMITH"},{"data":"Consecrate","floor":23,"key":"SMITH"}],"circlet_count":0,"master_deck":["AscendersBane","Strike_P+1","Strike_P+1","Strike_P+1","Strike_P","Defend_P","Defend_P","Defend_P","Eruption+1","Vigilance+1","EmptyMind","EmptyBody","BowlingBash+1","Consecrate+1","Brilliance","FlurryOfBlows","CutThroughFate","LessonLearned","Protect","RitualDagger+1","FlurryOfBlows","InnerPeace+1","Shame"],"relics":["PureWater","NeowsBlessing","WarpedTongs","Bird Faced Urn","Old Coin","OrangePellets","Cursed Key","WingedGreaves","Toxic Egg 2","Singing Bowl"],"acts_visited":["Exordium","TheCity"],"potions_floor_usage":[25],"damage_taken":[{"damage":0.0,"enemies":"Jaw Worm","floor":1.0,"turns":1.0},{"damage":0.0,"enemies":"Cultist","floor":2.0,"turns":1.0},{"damage":0.0,"enemies":"Small Slimes","floor":5.0,"turns":1.0},{"damage":25.0,"enemies":"Gremlin Nob","floor":7.0,"turns":4.0},{"damage":2.0,"enemies":"Red Slaver","floor":8.0,"turns":3.0},{"damage":0.0,"enemies":"3 Louse","floor":13.0,"turns":1.0},{"damage":0.0,"enemies":"Looter","floor":14.0,"turns":1.0},{"damage":24.0,"enemies":"Hexaghost","floor":16.0,"turns":8.0},{"damage":0,"enemies":"3 Byrds","floor":18,"turns":4},{"damage":5,"enemies":"Chosen","floor":21,"turns":7},{"damage":0,"enemies":"Snake Plant","floor":22,"turns":2},{"damage":2,"enemies":"Gremlin Leader","floor":24,"turns":8},{"damage":24,"enemies":"Slavers","floor":25,"turns":6},{"damage":25,"enemies":"Book of Stabbing","floor":27,"turns":3}],"seed_played":"5183628489962291196","potions_obtained":[{"floor":1.0,"key":"Explosive Potion"},{"floor":8.0,"key":"FairyPotion"},{"floor":10.0,"key":"SteroidPotion"},{"floor":14.0,"key":"ColorlessPotion"},{"floor":22,"key":"Block Potion"},{"floor":25,"key":"Strength Potion"}],"is_trial":false,"path_per_floor":["M","M","?","$","M","R","E","M","T","?","$","R","M","M","R","B",null,"M","?","?","M","M","R","E","E","T","E"],"character_chosen":"WATCHER","items_purchased":["BowlingBash","OrangePellets"],"campfire_rested":0,"item_purchase_floors":[4,11],"current_hp_per_floor":[61,61,61,61,61,61,36,34,34,34,34,34,34,34,34,10,54,54,48,48,43,43,43,41,17,17,0,0],"gold":291,"neow_bonus":"THREE_ENEMY_KILL","is_daily":false,"chose_seed":false,"campfire_upgraded":4,"win_rate":0.0,"timestamp":1610247190,"path_taken":["M","M","?","$","M","R","E","?","T","?","$","R","M","?","R","BOSS","M","?","?","?","M","R","E","E","T","E"],"items_purchased_type":["Card","Relic"],"build_version":"2020-12-22","purchased_purges":2,"victory":false,"max_hp_per_floor":[68,68,68,68,68,68,68,68,68,68,68,68,68,68,68,68,68,68,68,68,68,68,68,68,68,68,68,68],"card_choices":[{"not_picked":["Nirvana","Perseverance"],"picked":"EmptyMind","floor":1.0},{"not_picked":["Swivel","ThirdEye"],"picked":"EmptyBody","floor":2.0},{"not_picked":["Protect","ThirdEye"],"picked":"Consecrate","floor":5.0},{"not_picked":["SashWhip","EmptyFist"],"picked":"Brilliance","floor":7.0},{"not_picked":["Crescendo","EmptyMind"],"picked":"FlurryOfBlows","floor":8.0},{"not_picked":["SandsOfTime","BowlingBash","WreathOfFlame"],"picked":"SKIP","floor":13.0},{"not_picked":["JustLucky","FollowUp"],"picked":"CutThroughFate","floor":14.0},{"not_picked":["ConjureBlade","Devotion"],"picked":"LessonLearned","floor":16.0},{"not_picked":["SashWhip+1","CrushJoints+1"],"picked":"Protect","floor":18},{"not_picked":["Crescendo","EmptyBody"],"picked":"FlurryOfBlows","floor":21},{"not_picked":["PathToVictory","CrushJoints","Fasting2"],"picked":"SKIP","floor":22},{"not_picked":["BattleHymn","Collect","Protect"],"picked":"SKIP","floor":24},{"not_picked":["EmptyFist","Fasting2"],"picked":"InnerPeace+1","floor":25}],"player_experience":1986657,"relics_obtained":[{"floor":7.0,"key":"Bird Faced Urn"},{"floor":9.0,"key":"Old Coin"},{"floor":24,"key":"WingedGreaves"},{"floor":25,"key":"Toxic Egg 2"},{"floor":26,"key":"Singing Bowl"}],"event_choices":[{"damage_healed":0.0,"max_hp_gain":0.0,"max_hp_loss":0.0,"gold_gain":0.0,"event_name":"Accursed Blacksmith","player_choice":"Rummage","floor":3.0,"gold_loss":0.0,"damage_taken":0.0,"relics_obtained":["WarpedTongs"],"cards_obtained":["Pain"]},{"damage_healed":0.0,"max_hp_gain":0.0,"max_hp_loss":0.0,"gold_gain":0.0,"event_name":"The Woman in Blue","player_choice":"Bought 1 Potion","floor":10.0,"gold_loss":0.0,"damage_taken":0.0},{"damage_healed":0,"gold_gain":0,"player_choice":"Joined the Cult","damage_taken":6,"max_hp_gain":0,"max_hp_loss":0,"event_name":"Nest","floor":19,"gold_loss":0,"cards_obtained":["RitualDagger"]},{"damage_healed":0,"gold_gain":0,"player_choice":"Upgraded","damage_taken":0,"max_hp_gain":0,"max_hp_loss":0,"event_name":"Upgrade Shrine","floor":20,"gold_loss":0,"cards_upgraded":["RitualDagger"]}],"is_beta":false,"boss_relics":[{"not_picked":["Astrolabe","Runic Dome"],"picked":"Cursed Key"}],"items_purged_floors":[4,11],"is_endless":false,"potions_floor_spawned":[1,8,14,22,25],"killed_by":"Book of Stabbing","ascension_level":20}}