{"host":"sc0o2qwpf9j16a4i","time":1610272471,"event":{"mods":["AchievementEnabler","BaseMod","BetterRewards","Block Reminder","Colored Map","Colored Powertips","Custom Start","Highlight Path","Minty Spire (QoL Compilation)","Relic Stats"],"gold_per_floor":[112,187,187,207,217,217,252,9,34,34,67,78,103,149,149,226,226,245,256,42,57,72,72,106,106,156,156,174,174,189,220,220,220,220],"floor_reached":33,"playtime":952,"items_purged":["Decay"],"score":775,"play_id":"ef222c28-eeac-44c8-aec7-3a7e7269ffb9","local_time":"20210110115431","is_ascension_mode":true,"campfire_choices":[{"data":"WindmillStrike","floor":6,"key":"SMITH"},{"data":"Wallop","floor":10,"key":"SMITH"},{"floor":15,"key":"REST"},{"floor":23,"key":"REST"},{"floor":25,"key":"REST"},{"floor":32,"key":"REST"}],"circlet_count":0,"master_deck":["AscendersBane","Strike_P","Strike_P","Strike_P","Strike_P","Defend_P","Defend_P","Defend_P","Defend_P","Eruption","Vigilance","Wireheading","Crescendo+1","MentalFortress","Consecrate","WindmillStrike+1","ClearTheMind+1","SandsOfTime","Wallop+1","CarveReality","Halt+1","SashWhip","FlurryOfBlows","Brilliance","Prostrate+1","Wallop","Tantrum","EmptyBody+1","Evaluate+1","Prostrate+1","EmptyBody+1","Halt+1","Indignation+1","Ghostly+1","Ghostly+1","Ghostly+1","Fasting2"],"relics":["PureWater","Damaru","Potion Belt","Melange","Lee\u0027s Waffle","Toxic Egg 2","Omamori","OrangePellets","Dream Catcher","InkBottle","Boot","PreservedInsect","VioletLotus","Yang","Happy Flower","Red Mask"],"acts_visited":["Exordium","TheCity"],"potions_floor_usage":[7,18,19,31,31,33],"damage_taken":[{"damage":0,"enemies":"Small Slimes","floor":1,"turns":3},{"damage":7,"enemies":"Jaw Worm","floor":4,"turns":4},{"damage":0,"enemies":"Cultist","floor":5,"turns":2},{"damage":1,"enemies":"Gremlin Nob","floor":7,"turns":3},{"damage":13,"enemies":"Lagavulin","floor":11,"turns":5},{"damage":24,"enemies":"Exordium Thugs","floor":12,"turns":3},{"damage":16,"enemies":"Hexaghost","floor":16,"turns":7},{"damage":15,"enemies":"Spheric Guardian","floor":18,"turns":4},{"damage":1,"enemies":"Chosen","floor":19,"turns":3},{"damage":4,"enemies":"Centurion and Healer","floor":21,"turns":4},{"damage":32,"enemies":"Snake Plant","floor":22,"turns":4},{"damage":24,"enemies":"Slavers","floor":24,"turns":4},{"damage":15,"enemies":"Shelled Parasite and Fungi","floor":28,"turns":5},{"damage":9,"enemies":"Sentry and Sphere","floor":30,"turns":4},{"damage":0,"enemies":"Masked Bandits","floor":31,"turns":4},{"damage":23,"enemies":"Champ","floor":33,"turns":1}],"seed_played":"6185236302022335701","potions_obtained":[{"floor":5,"key":"Explosive Potion"},{"floor":11,"key":"DuplicationPotion"},{"floor":16,"key":"SkillPotion"},{"floor":19,"key":"CultistPotion"},{"floor":22,"key":"BottledMiracle"},{"floor":28,"key":"Explosive Potion"}],"is_trial":false,"path_per_floor":["M","?","?","M","M","R","E","$","T","R","E","M","T","T","R","B",null,"M","M","$","M","M","R","E","R","T","?","M","?","M","?","R","B"],"character_chosen":"WATCHER","items_purchased":["Damaru","Potion Belt","Melange","Wireheading","Lee\u0027s Waffle","Toxic Egg 2","Crescendo+1","MentalFortress","Consecrate","OrangePellets","CarveReality","Tantrum","EmptyBody+1"],"campfire_rested":4,"item_purchase_floors":[0,0,0,0,0,0,0,0,0,8,8,20,20],"current_hp_per_floor":[75,64,64,57,57,57,56,56,56,56,43,19,19,19,41,25,63,48,47,47,43,11,33,9,31,31,31,16,16,7,7,18,0,0],"gold":220,"neow_bonus":"","is_daily":false,"chose_seed":false,"campfire_upgraded":2,"win_rate":0.0,"timestamp":1610272471,"path_taken":["M","?","?","M","?","R","E","$","T","R","E","M","?","?","R","BOSS","M","?","$","M","M","R","E","R","T","?","M","?","M","?","R","BOSS"],"items_purchased_type":["Relic","Relic","Relic","Card","Relic","Relic","Card","Card","Card","Relic","Card","Card","Card"],"build_version":"2020-12-22","purchased_purges":1,"victory":false,"max_hp_per_floor":[75,75,75,75,75,75,75,75,75,75,75,75,75,75,75,75,75,75,75,75,75,75,75,75,75,75,75,75,37,37,37,37,37,37],"relic_stats":{"OrangePellets":[3],"Lee\u0027s Waffle":51,"Dream Catcher":4,"Happy Flower":[4],"counters":[84,392],"Melange":[15],"Yang":[30],"PreservedInsect":133,"VioletLotus":[5],"Boot":[39],"obtain_stats":[{"Ice Cream":14,"Gremlin Horn":30,"Vajra":39,"Whetstone":43,"Sling":37,"Boot":13,"Old Coin":7,"Centennial Puzzle":37,"HornCleat":22,"Strawberry":28,"Philosopher\u0027s Stone":34,"MealTicket":10,"Fusion Hammer":17,"VioletLotus":34,"Kunai":14,"Toxic Egg 2":0,"Girya":40,"Happy Flower":26,"Dead Branch":0,"Blue Candle":0,"Astrolabe":34,"Oddly Smooth Stone":39,"War Paint":5,"Question Card":0,"Akabeko":10,"WarpedTongs":2,"OrangePellets":0,"SlaversCollar":17,"Shuriken":0,"MutagenicStrength":25,"Black Star":0,"StrikeDummy":26,"Meat on the Bone":0,"Regal Pillow":30,"Singing Bowl":10,"Melange":0,"Yang":24,"Incense Burner":29,"TeardropLocket":5,"Ancient Tea Set":9,"ClockworkSouvenir":30,"Dream Catcher":9,"Matryoshka":25,"Shovel":42,"Mummified Hand":7,"Red Mask":31,"InkBottle":14,"Runic Pyramid":17,"Potion Belt":0,"Lee\u0027s Waffle":0,"Damaru":26,"PreservedInsect":14,"Omamori":7,"GoldenEye":24,"White Beast Statue":10,"Anchor":26,"CaptainsWheel":0,"Ornamental Fan":9,"HolyWater":17,"Membership Card":0,"PureWater":0},{"Ice Cream":41,"Gremlin Horn":49,"Vajra":29,"Whetstone":31,"Sling":28,"Boot":74,"Old Coin":4,"Centennial Puzzle":52,"HornCleat":61,"Strawberry":48,"Philosopher\u0027s Stone":27,"MealTicket":57,"Fusion Hammer":8,"VioletLotus":51,"Kunai":7,"Toxic Egg 2":68,"Girya":30,"Happy Flower":80,"Dead Branch":53,"Blue Candle":53,"Astrolabe":66,"Oddly Smooth Stone":29,"War Paint":38,"Question Card":35,"Akabeko":57,"WarpedTongs":54,"OrangePellets":53,"SlaversCollar":60,"Shuriken":10,"MutagenicStrength":47,"Black Star":0,"StrikeDummy":61,"Meat on the Bone":53,"Regal Pillow":25,"Singing Bowl":4,"Melange":68,"Yang":80,"Incense Burner":64,"TeardropLocket":14,"Ancient Tea Set":57,"ClockworkSouvenir":25,"Dream Catcher":4,"Matryoshka":24,"Shovel":31,"Mummified Hand":4,"Red Mask":83,"InkBottle":7,"Runic Pyramid":20,"Potion Belt":68,"Lee\u0027s Waffle":68,"Damaru":24,"PreservedInsect":59,"Omamori":72,"GoldenEye":47,"White Beast Statue":16,"Anchor":24,"CaptainsWheel":35,"Ornamental Fan":15,"HolyWater":42,"Membership Card":35,"PureWater":0},{"Ice Cream":208,"Gremlin Horn":243,"Vajra":149,"Whetstone":160,"Sling":145,"Boot":352,"Old Coin":16,"Centennial Puzzle":261,"HornCleat":300,"Strawberry":240,"Philosopher\u0027s Stone":140,"MealTicket":277,"Fusion Hammer":38,"VioletLotus":256,"Kunai":30,"Toxic Egg 2":332,"Girya":155,"Happy Flower":378,"Dead Branch":262,"Blue Candle":262,"Astrolabe":326,"Oddly Smooth Stone":149,"War Paint":197,"Question Card":188,"Akabeko":277,"WarpedTongs":265,"OrangePellets":262,"SlaversCollar":296,"Shuriken":47,"MutagenicStrength":235,"Black Star":0,"StrikeDummy":300,"Meat on the Bone":262,"Regal Pillow":126,"Singing Bowl":16,"Melange":332,"Yang":378,"Incense Burner":311,"TeardropLocket":62,"Ancient Tea Set":277,"ClockworkSouvenir":126,"Dream Catcher":16,"Matryoshka":120,"Shovel":160,"Mummified Hand":16,"Red Mask":391,"InkBottle":30,"Runic Pyramid":100,"Potion Belt":332,"Lee\u0027s Waffle":332,"Damaru":120,"PreservedInsect":286,"Omamori":344,"GoldenEye":235,"White Beast Statue":75,"Anchor":120,"CaptainsWheel":188,"Ornamental Fan":67,"HolyWater":216,"Membership Card":188,"PureWater":0}],"InkBottle":[16]},"card_choices":[{"not_picked":["PathToVictory+1","Crescendo+1"],"picked":"WindmillStrike","floor":1},{"not_picked":["Consecrate","Wireheading"],"picked":"ClearTheMind+1","floor":4},{"not_picked":["Consecrate","PathToVictory+1"],"picked":"SandsOfTime","floor":5},{"not_picked":["Adaptation","SpiritShield+1"],"picked":"Wallop","floor":7},{"not_picked":["CrushJoints","JustLucky"],"picked":"Halt+1","floor":11},{"not_picked":["EmptyBody+1","Consecrate"],"picked":"SashWhip","floor":12},{"not_picked":["Halt+1","CutThroughFate"],"picked":"FlurryOfBlows","floor":15},{"not_picked":["DeusExMachina+1","Ragnarok"],"picked":"Brilliance","floor":16},{"not_picked":["Crescendo+1","FollowUp"],"picked":"Prostrate+1","floor":18},{"not_picked":["ClearTheMind+1","Halt+1"],"picked":"Wallop","floor":19},{"not_picked":["PathToVictory+1","Weave"],"picked":"Evaluate+1","floor":21},{"not_picked":["Judgement+1","CrushJoints"],"picked":"Prostrate+1","floor":22},{"not_picked":["SandsOfTime","PathToVictory+1"],"picked":"EmptyBody+1","floor":23},{"not_picked":["FollowUp","Blasphemy+1"],"picked":"Halt+1","floor":24},{"not_picked":["DeceiveReality+1","Consecrate+1"],"picked":"Indignation+1","floor":28},{"not_picked":["FlyingSleeves","JustLucky","CarveReality"],"picked":"SKIP","floor":30},{"not_picked":["JustLucky","Protect+1"],"picked":"Fasting2","floor":31}],"player_experience":577874,"relics_obtained":[{"floor":7,"key":"Omamori"},{"floor":9,"key":"Dream Catcher"},{"floor":11,"key":"InkBottle"},{"floor":13,"key":"Boot"},{"floor":14,"key":"PreservedInsect"},{"floor":24,"key":"Yang"},{"floor":26,"key":"Happy Flower"},{"floor":31,"key":"Red Mask"}],"event_choices":[{"damage_healed":0,"gold_gain":75,"player_choice":"Gather Gold","damage_taken":11,"max_hp_gain":0,"max_hp_loss":0,"event_name":"World of Goop","floor":2,"gold_loss":0},{"damage_healed":0,"gold_gain":0,"player_choice":"Cursed","damage_taken":0,"max_hp_gain":0,"max_hp_loss":0,"event_name":"Wheel of Change","floor":3,"gold_loss":0,"cards_obtained":["Decay"]},{"damage_healed":0,"gold_gain":0,"player_choice":"Ignored","damage_taken":0,"max_hp_gain":0,"max_hp_loss":0,"event_name":"The Mausoleum","floor":27,"gold_loss":0},{"damage_healed":0,"gold_gain":0,"player_choice":"Became a Ghost","damage_taken":0,"max_hp_gain":0,"max_hp_loss":38,"event_name":"Ghosts","floor":29,"gold_loss":0,"cards_obtained":["Ghostly","Ghostly","Ghostly"]},{"damage_healed":0,"gold_gain":0,"player_choice":"Fought Bandits","damage_taken":0,"max_hp_gain":0,"max_hp_loss":0,"event_name":"Masked Bandits","floor":31,"gold_loss":0}],"is_beta":false,"boss_relics":[{"not_picked":["Empty Cage","SlaversCollar"],"picked":"VioletLotus"}],"items_purged_floors":[20],"is_endless":false,"potions_floor_spawned":[5,11,16,19,22,28],"killed_by":"Champ","ascension_level":20}}