{"host":"pi8b3ffzwvxqztac","time":1610317143,"event":{"mods":["BaseMod","Colored Map","Downfall","Minty Spire (QoL Compilation)","StSLib"],"gold_per_floor":[99,111,123,135,149,161,161,217,67,78,96,96,96,113,126,227,227,227,241,241,241,241,241,267,293,218,232,248,248,258,283,301,396,396,396,409,17,17,2,2,2,52,79,79,79,79,90,31,49,49,49,49,5,5,5],"floor_reached":56,"playtime":4053,"items_purged":[],"score":1826,"play_id":"205c58c7-9c7d-4a17-91af-8bcfdb360778","local_time":"20210111111903","is_ascension_mode":true,"campfire_choices":[{"floor":1,"key":"RECALL"},{"floor":9,"key":"REST"},{"data":"sneckomod:UnknownStrength","floor":18,"key":"SMITH"},{"data":"sneckomod:UnknownDexterity","floor":23,"key":"SMITH"},{"floor":26,"key":"REST"},{"floor":29,"key":"REST"},{"data":"sneckomod:MorePower","floor":35,"key":"SMITH"},{"data":"sneckomod:WideSting","floor":40,"key":"SMITH"},{"data":"sneckomod:MasterEye","floor":44,"key":"SMITH"},{"data":"sneckomod:UnknownUncommonPower","floor":46,"key":"SMITH"},{"data":"sneckomod:MasterEye","floor":54,"key":"SMITH"}],"circlet_count":0,"master_deck":["AscendersBane","sneckomod:Defend","sneckomod:Defend","sneckomod:Defend","sneckomod:TailWhip","sneckomod:SnekBite","sneckomod:Unknown","sneckomod:Unknown","sneckomod:UnlimitedRolls","sneckomod:QuickBite+1","sneckomod:UnknownDexterity+1","sneckomod:SnakeSap","sneckomod:UnknownStrength+1","sneckomod:QuickBite","sneckomod:UnknownCommonSkill","sneckomod:Rotation+1","sneckomod:Unknown1Cost","sneckomod:UnknownWeak","sneckomod:UnknownRareAttack","sneckomod:SlitherStrike+1","Bite","Bite","Bite","Bite","Bite","sneckomod:UnknownBlock","sneckomod:UnknownExhaust","sneckomod:UnknownCommonSkill+1","sneckomod:DiceBlock","sneckomod:WideSting+1","sneckomod:QuickMove+1","sneckomod:MorePower+1","sneckomod:UnknownUncommonPower+1","sneckomod:UnknownBlock","sneckomod:UnknownColorless+1","sneckomod:DiceCrush","sneckomod:UnknownUncommonPower+1","sneckomod:UnknownBlock","sneckomod:UnknownRareSkill+1","sneckomod:MasterEye+1","sneckomod:UnknownVulnerable","sneckomod:Unknown2Cost+1","sneckomod:UnknownDexterity+1","sneckomod:SoulRoll+1","sneckomod:MasterEye+1","sneckomod:QuickMove","sneckomod:UnknownBlock+1","sneckomod:UnknownDexterity+1","sneckomod:SnakeSap","sneckomod:UnknownBlock"],"relics":["sneckomod:SneckoSoul","Lantern","downfall:HeartBlessingBlue","downfall:HeartBlessingRed","expansioncontent:StudyCardRelic","Boot","Ornamental Fan","downfall:HeartBlessingGreen","Mummified Hand","Busted Crown","Pear","Strawberry","Membership Card","War Paint","Juzu Bracelet"],"acts_visited":["Exordium","TheCity","TheBeyond","TheEnding"],"potions_floor_usage":[10,13,15,25,32,33,52,55],"damage_taken":[{"damage":6,"enemies":"Cultist","floor":2,"turns":3},{"damage":0,"enemies":"Small Slimes","floor":3,"turns":3},{"damage":6,"enemies":"Jaw Worm","floor":4,"turns":3},{"damage":15,"enemies":"Blue Slaver","floor":5,"turns":5},{"damage":5,"enemies":"2 Fungi Beasts","floor":6,"turns":3},{"damage":6,"enemies":"Gremlin Nob","floor":8,"turns":3},{"damage":11,"enemies":"Blue Slaver","floor":10,"turns":3},{"damage":0,"enemies":"Large Slime","floor":11,"turns":4},{"damage":0,"enemies":"3 Louse","floor":13,"turns":1},{"damage":5,"enemies":"Blue Slaver","floor":14,"turns":3},{"damage":10,"enemies":"Large Slime","floor":15,"turns":4},{"damage":32,"enemies":"downfall:Watcher","floor":16,"turns":9},{"damage":11,"enemies":"Spheric Guardian","floor":19,"turns":3},{"damage":46,"enemies":"Book of Stabbing","floor":25,"turns":5},{"damage":8,"enemies":"Centurion and Healer","floor":27,"turns":3},{"damage":20,"enemies":"Chosen and Byrds","floor":28,"turns":5},{"damage":10,"enemies":"3 Cultists","floor":30,"turns":6},{"damage":38,"enemies":"Slavers","floor":31,"turns":3},{"damage":4,"enemies":"Centurion and Healer","floor":32,"turns":5},{"damage":5,"enemies":"downfall:Defect","floor":33,"turns":6},{"damage":22,"enemies":"3 Darklings","floor":36,"turns":6},{"damage":1,"enemies":"downfall:FleeingMerchant","floor":37,"turns":4},{"damage":0,"enemies":"downfall:FleeingMerchant","floor":39,"turns":4},{"damage":0,"enemies":"downfall:FleeingMerchant","floor":42,"turns":3},{"damage":0,"enemies":"Nemesis","floor":43,"turns":5},{"damage":34,"enemies":"3 Shapes","floor":47,"turns":3},{"damage":18,"enemies":"Maw","floor":49,"turns":8},{"damage":14,"enemies":"downfall:Silent","floor":50,"turns":10},{"damage":0,"enemies":"downfall:CharBossMerchant","floor":52,"turns":1},{"damage":15,"enemies":"downfall:NeowBoss","floor":55,"turns":22}],"seed_played":"-8673410168029992131","potions_obtained":[{"floor":4,"key":"FearPotion"},{"floor":6,"key":"Swift Potion"},{"floor":8,"key":"SteroidPotion"},{"floor":11,"key":"SmokeBomb"},{"floor":14,"key":"LiquidMemories"},{"floor":21,"key":"CultistPotion"},{"floor":28,"key":"Block Potion"},{"floor":30,"key":"Dexterity Potion"},{"floor":31,"key":"ColorlessPotion"},{"floor":43,"key":"sneckomod:OffclassReductionPotion"},{"floor":49,"key":"SmokeBomb"}],"is_trial":false,"path_per_floor":["R","M","M","M","M","M","T","?","R","M","M","?","M","M","M","B",null,"R","M","?","?","?","R","T","E","R","M","M","R","M","E","M","B",null,"R","M","$","?","$","R","T","?","E","R","?","R","M","$","M","B",null,"E","$","R","B",null],"character_chosen":"THE_SNECKO","items_purchased":["Pear","sneckomod:DiceCrush","sneckomod:UnknownUncommonPower","Membership Card","War Paint","sneckomod:MasterEye","sneckomod:UnknownVulnerable","sneckomod:MasterEye","sneckomod:QuickMove","sneckomod:SnakeSap","sneckomod:UnknownBlock"],"campfire_rested":3,"item_purchase_floors":[37,37,37,42,42,42,42,48,48,53,53],"current_hp_per_floor":[81,75,76,70,56,51,51,46,86,75,76,76,76,71,62,31,87,87,79,76,76,62,62,62,27,51,46,39,64,70,44,50,61,78,78,72,92,92,100,100,107,108,110,110,110,110,80,80,76,105,110,110,111,111,113],"gold":5,"neow_bonus":"ONE_RANDOM_RARE_CARD","is_daily":false,"chose_seed":false,"campfire_upgraded":7,"win_rate":0.0,"timestamp":1610317143,"path_taken":["R","M","M","M","M","M","T","?","R","M","M","?","M","?","M","BOSS","R","M","?","?","?","R","T","E","R","M","M","R","M","E","M","BOSS","R","M","$","?","$","R","T","?","E","R","?","R","M","?","M","BOSS","E","$","R","BOSS"],"items_purchased_type":["Relic","Card","Card","Relic","Relic","Card","Card","Card","Card","Card","Card"],"build_version":"2020-12-22","purchased_purges":0,"victory":true,"max_hp_per_floor":[90,90,91,91,92,92,92,93,103,103,104,104,104,104,105,106,106,106,109,76,76,81,81,81,82,82,83,84,84,84,84,84,84,84,84,85,98,98,100,100,107,108,110,110,110,110,110,110,112,112,112,112,113,113,113],"card_choices":[{"not_picked":["sneckomod:SoulDraw","sneckomod:Rotation"],"picked":"sneckomod:QuickBite","floor":2},{"not_picked":["sneckomod:SlitherStrike","sneckomod:ImprovisedAttack"],"picked":"sneckomod:UnknownDexterity","floor":3},{"not_picked":["sneckomod:UnknownX","sneckomod:Unknown1Cost"],"picked":"sneckomod:SnakeSap","floor":4},{"not_picked":["sneckomod:Nope","sneckomod:UnknownDexterity"],"picked":"sneckomod:UnknownStrength","floor":5},{"not_picked":["sneckomod:DiceBlock","sneckomod:DiceBoulder"],"picked":"sneckomod:QuickBite","floor":6},{"not_picked":["sneckomod:UnknownUncommonAttack","sneckomod:UnknownClassHEXA_GHOST_PURPLE"],"picked":"sneckomod:UnknownCommonSkill","floor":8},{"not_picked":["sneckomod:ImprovisedAttack","sneckomod:SoulCleanse"],"picked":"sneckomod:Rotation","floor":10},{"not_picked":["sneckomod:UnknownX","sneckomod:IronFang"],"picked":"sneckomod:Unknown1Cost","floor":11},{"not_picked":["sneckomod:UnknownCommonAttack","sneckomod:Cheat","sneckomod:UnknownClassHEXA_GHOST_PURPLE"],"picked":"SKIP","floor":14},{"not_picked":["sneckomod:UnknownClassSLIMEBOUND","sneckomod:Unknown1Cost"],"picked":"sneckomod:UnknownWeak","floor":15},{"not_picked":["sneckomod:SerpentMind","sneckomod:DangerNoodle"],"picked":"sneckomod:UnknownRareAttack","floor":16},{"not_picked":["sneckomod:UnknownCommonAttack","sneckomod:SoulRoll"],"picked":"sneckomod:SlitherStrike+1","floor":19},{"not_picked":["sneckomod:SoulCleanse","sneckomod:UnknownStrike"],"picked":"sneckomod:UnknownBlock","floor":25},{"not_picked":["sneckomod:DiceBlock","sneckomod:RainOfDice+1"],"picked":"sneckomod:UnknownExhaust","floor":27},{"not_picked":["sneckomod:UnknownCommonAttack+1","sneckomod:TrashToTreasure"],"picked":"sneckomod:UnknownCommonSkill+1","floor":28},{"not_picked":["sneckomod:SoulExchange","sneckomod:UnknownBlock"],"picked":"sneckomod:DiceBlock","floor":30},{"not_picked":["sneckomod:UnknownStrike+1","sneckomod:UnknownBlock"],"picked":"sneckomod:WideSting","floor":31},{"not_picked":["sneckomod:RainOfDice","sneckomod:QuickBite"],"picked":"sneckomod:QuickMove","floor":32},{"not_picked":["sneckomod:UnknownRareAttack","sneckomod:SerpentMind"],"picked":"sneckomod:MorePower","floor":33},{"not_picked":[],"picked":"sneckomod:UnknownUncommonPower+1","floor":36},{"not_picked":["sneckomod:UnknownClassSLIMEBOUND+1"],"picked":"SKIP","floor":36},{"not_picked":["sneckomod:UnknownClassBLUE"],"picked":"SKIP","floor":36},{"not_picked":[],"picked":"sneckomod:UnknownBlock","floor":37},{"not_picked":[],"picked":"sneckomod:UnknownColorless+1","floor":37},{"not_picked":[],"picked":"sneckomod:UnknownBlock","floor":39},{"not_picked":[],"picked":"sneckomod:UnknownRareSkill+1","floor":39},{"not_picked":["sneckomod:UnknownUncommonSkill"],"picked":"SKIP","floor":42},{"not_picked":[],"picked":"sneckomod:Unknown2Cost+1","floor":43},{"not_picked":[],"picked":"sneckomod:UnknownDexterity+1","floor":43},{"not_picked":[],"picked":"sneckomod:SoulRoll+1","floor":47},{"not_picked":[],"picked":"sneckomod:UnknownBlock+1","floor":49},{"not_picked":[],"picked":"sneckomod:UnknownDexterity+1","floor":49}],"player_experience":502241,"relics_obtained":[{"floor":8,"key":"Lantern"},{"floor":24,"key":"Boot"},{"floor":25,"key":"Ornamental Fan"},{"floor":31,"key":"Mummified Hand"},{"floor":41,"key":"Strawberry"},{"floor":43,"key":"Juzu Bracelet"}],"event_choices":[{"damage_healed":0,"gold_gain":0,"player_choice":"Upgraded","damage_taken":0,"max_hp_gain":0,"max_hp_loss":0,"event_name":"Upgrade Shrine","floor":12,"gold_loss":0,"cards_upgraded":["sneckomod:QuickBite"]},{"damage_healed":0,"gold_gain":0,"player_choice":"Became a vampire","damage_taken":0,"max_hp_gain":0,"max_hp_loss":33,"event_name":"Vampires","floor":20,"gold_loss":0,"cards_obtained":["Bite","Bite","Bite","Bite","Bite"]}],"is_beta":false,"boss_relics":[{"not_picked":["Fusion Hammer","Runic Dome"],"picked":"expansioncontent:StudyCardRelic"},{"not_picked":["Snecko Eye","SacredBark"],"picked":"Busted Crown"}],"items_purged_floors":[],"is_endless":false,"potions_floor_spawned":[4,6,8,11,14,28,30,31,43,49,52],"ascension_level":11}}