{"host":"hszimsrtxxc2k25w","time":1610307067,"event":{"mods":["AchievementEnabler","BaseMod","Colored Map","DeckTracker","Minty Spire (QoL Compilation)","Rare Cards Sparkle","SuperFastMode"],"gold_per_floor":[117,117,117,132,152,177,177,191,191,219,219,219,219,239,239,313,313,324,324,261,261,279,279,305,92,92,92,112,112,135,148,148,148,148],"floor_reached":33,"playtime":510,"items_purged":["Strike_R"],"score":571,"play_id":"41f74cd8-e4b4-45c2-a580-ecc2cff94262","local_time":"20210111043107","is_ascension_mode":true,"campfire_choices":[{"data":"Carnage","floor":7.0,"key":"SMITH"},{"data":"Immolate","floor":11,"key":"SMITH"},{"floor":15,"key":"REST"},{"data":"Bludgeon","floor":23,"key":"SMITH"},{"floor":29,"key":"REST"},{"data":"Pommel Strike","floor":32,"key":"SMITH"}],"circlet_count":0,"master_deck":["AscendersBane","Strike_R","Strike_R","Strike_R","Strike_R","Defend_R","Defend_R","Defend_R","Defend_R","Bash+1","Flame Barrier","Perfected Strike+1","Carnage+1","Battle Trance+1","Pommel Strike+1","Immolate+1","Shrug It Off","Bludgeon+1","Shrug It Off","Writhe","Pommel Strike+1","Pommel Strike","Perfected Strike+1","Wild Strike","Perfected Strike+1","Pommel Strike"],"relics":["Burning Blood","NeowsBlessing","Gremlin Horn","Pear","Red Skull","Velvet Choker","MawBank","Bag of Preparation","MealTicket","DollysMirror","Tiny Chest","Blood Vial"],"acts_visited":["Exordium","TheCity"],"potions_floor_usage":[14,24],"damage_taken":[{"damage":0.0,"enemies":"2 Louse","floor":1.0,"turns":1.0},{"damage":0.0,"enemies":"Jaw Worm","floor":4.0,"turns":1.0},{"damage":0.0,"enemies":"Cultist","floor":5.0,"turns":1.0},{"damage":32.0,"enemies":"Gremlin Nob","floor":6.0,"turns":4.0},{"damage":12,"enemies":"Exordium Wildlife","floor":8,"turns":2},{"damage":30,"enemies":"Lagavulin","floor":10,"turns":6},{"damage":6,"enemies":"Looter","floor":14,"turns":2},{"damage":38,"enemies":"Slime Boss","floor":16,"turns":7},{"damage":26,"enemies":"2 Thieves","floor":18,"turns":3},{"damage":0,"enemies":"Chosen","floor":22,"turns":3},{"damage":34,"enemies":"Slavers","floor":24,"turns":5},{"damage":9,"enemies":"Centurion and Healer","floor":28,"turns":2},{"damage":2,"enemies":"Snecko","floor":31,"turns":3},{"damage":117,"enemies":"Collector","floor":33,"turns":7}],"seed_played":"-2549505600478876406","potions_obtained":[{"floor":1.0,"key":"BloodPotion"},{"floor":3.0,"key":"ColorlessPotion"},{"floor":18,"key":"FairyPotion"},{"floor":24,"key":"ColorlessPotion"},{"floor":28,"key":"Swift Potion"}],"is_trial":false,"path_per_floor":["M","?","?","M","M","E","R","M","T","E","R","?","?","M","R","B",null,"M","T","$","?","M","R","E","$","T","?","M","R","T","M","R","B"],"character_chosen":"IRONCLAD","items_purchased":["DollysMirror","Wild Strike"],"campfire_rested":2,"item_purchase_floors":[25,25],"current_hp_per_floor":[74,79,79,80,80,54,54,48,58,34,34,7,7,25,52,20,73,53,53,53,53,59,59,31,46,46,46,43,70,70,76,76,0,0],"gold":148,"neow_bonus":"THREE_ENEMY_KILL","is_daily":false,"chose_seed":false,"campfire_upgraded":4,"win_rate":0.0,"timestamp":1610307067,"path_taken":["M","?","?","?","M","E","R","M","T","E","R","?","?","M","R","BOSS","M","?","$","?","M","R","E","$","T","?","M","R","?","M","R","BOSS"],"items_purchased_type":["Relic","Card"],"build_version":"2020-12-22","purchased_purges":1,"victory":false,"max_hp_per_floor":[75,80,80,80,80,80,80,80,90,90,90,90,90,90,90,90,90,90,90,90,90,90,90,90,90,90,90,90,90,90,90,90,90,90],"card_choices":[{"not_picked":["Ghostly Armor","Sword Boomerang"],"picked":"Flame Barrier","floor":1.0},{"not_picked":["Heavy Blade","Thunderclap"],"picked":"Perfected Strike","floor":4.0},{"not_picked":["Entrench","Infernal Blade"],"picked":"Carnage","floor":5.0},{"not_picked":["Demon Form","Evolve"],"picked":"Battle Trance","floor":6.0},{"not_picked":["Heavy Blade","Headbutt"],"picked":"Pommel Strike","floor":8},{"not_picked":["Sentinel","Thunderclap"],"picked":"Immolate","floor":10},{"not_picked":["Pummel","Armaments"],"picked":"Shrug It Off","floor":14},{"not_picked":["Impervious","Demon Form"],"picked":"Bludgeon","floor":16},{"not_picked":["Wild Strike","Flex"],"picked":"Shrug It Off","floor":18},{"not_picked":["Flex","Sever Soul"],"picked":"Pommel Strike+1","floor":22},{"not_picked":["Hemokinesis+1","Rage"],"picked":"Pommel Strike","floor":24},{"not_picked":["Anger","Sentinel"],"picked":"Perfected Strike+1","floor":28},{"not_picked":["Sword Boomerang","Armaments"],"picked":"Pommel Strike","floor":31}],"player_experience":616649,"relics_obtained":[{"floor":6.0,"key":"Gremlin Horn"},{"floor":9,"key":"Pear"},{"floor":10,"key":"Red Skull"},{"floor":19,"key":"MawBank"},{"floor":24,"key":"MealTicket"},{"floor":26,"key":"Tiny Chest"},{"floor":30,"key":"Blood Vial"}],"event_choices":[{"damage_healed":0.0,"max_hp_gain":5.0,"max_hp_loss":0.0,"gold_gain":0.0,"event_name":"Big Fish","player_choice":"Donut","floor":2.0,"gold_loss":0.0,"damage_taken":0.0},{"damage_healed":0.0,"max_hp_gain":0.0,"max_hp_loss":0.0,"gold_gain":0.0,"event_name":"Lab","player_choice":"Got Potions","floor":3.0,"gold_loss":0.0,"damage_taken":0.0},{"damage_healed":0,"gold_gain":0,"player_choice":"Entered Light","damage_taken":27,"max_hp_gain":0,"max_hp_loss":0,"event_name":"Shining Light","floor":12,"gold_loss":0,"cards_upgraded":["Battle Trance","Bash"]},{"damage_healed":0,"gold_gain":0,"player_choice":"Upgraded","damage_taken":0,"max_hp_gain":0,"max_hp_loss":0,"event_name":"Upgrade Shrine","floor":13,"gold_loss":0,"cards_upgraded":["Perfected Strike"]},{"damage_healed":0,"gold_gain":0,"player_choice":"Opened","damage_taken":0,"relics_obtained":["Bag of Preparation"],"max_hp_gain":0,"max_hp_loss":0,"event_name":"The Mausoleum","floor":21,"gold_loss":0,"cards_obtained":["Writhe"]},{"damage_healed":0,"gold_gain":0,"player_choice":"Ignored","damage_taken":0,"max_hp_gain":0,"max_hp_loss":0,"event_name":"Ghosts","floor":27,"gold_loss":0}],"is_beta":false,"boss_relics":[{"not_picked":["Philosopher\u0027s Stone","SacredBark"],"picked":"Velvet Choker"}],"items_purged_floors":[20],"is_endless":false,"potions_floor_spawned":[1,5,8,10,18,24,28,31],"killed_by":"Collector","ascension_level":20}}