{"host":"fxrgx7wt2cpkbhka","time":1610268833,"event":{"mods":["AchievementEnabler","BaseMod","Colored Powertips","Minty Spire (QoL Compilation)","Permanent Neow","Slay-I","StSLib","Waifu the Spire"],"gold_per_floor":[115,127,127,127,50,80,90,110,110,140,160,160,160,170,170,272,272,284,199,219,219,181,181,181],"floor_reached":23,"playtime":665,"items_purged":[],"score":358,"play_id":"06b5401f-d6d9-4a0e-8484-ee47d9b5a816","local_time":"20210110005353","is_ascension_mode":true,"campfire_choices":[{"data":"Perfected Strike","floor":12,"key":"SMITH"},{"floor":15,"key":"REST"}],"circlet_count":0,"master_deck":["AscendersBane","Strike_R+1","Strike_R+1","Strike_R+1","Strike_R+1","Strike_R+1","Defend_R+1","Bash","Perfected Strike+1","Metallicize","Perfected Strike","Twin Strike","Twin Strike","Shrug It Off","Clash","Inflame+1","Ghostly Armor"],"relics":["Burning Blood","NeowsBlessing","Shuriken","Odd Mushroom","Mercury Hourglass","Blue Candle","Empty Cage","Calipers"],"acts_visited":["Exordium","TheCity"],"potions_floor_usage":[7,8,16],"damage_taken":[{"damage":0,"enemies":"Small Slimes","floor":1,"turns":1},{"damage":0,"enemies":"Jaw Worm","floor":2,"turns":1},{"damage":0,"enemies":"Lagavulin","floor":6,"turns":1},{"damage":7,"enemies":"2 Louse","floor":7,"turns":2},{"damage":39,"enemies":"The Mushroom Lair","floor":8,"turns":6},{"damage":22,"enemies":"Gremlin Nob","floor":10,"turns":4},{"damage":18,"enemies":"Large Slime","floor":11,"turns":5},{"damage":11,"enemies":"3 Louse","floor":14,"turns":2},{"damage":30,"enemies":"The Guardian","floor":16,"turns":9},{"damage":30,"enemies":"2 Thieves","floor":18,"turns":3},{"damage":16,"enemies":"3 Byrds","floor":20,"turns":5},{"damage":40,"enemies":"Gremlin Leader","floor":23,"turns":2}],"seed_played":"-7254652272192640373","potions_obtained":[{"floor":2,"key":"HeartOfIron"},{"floor":7,"key":"Fruit Juice"},{"floor":8,"key":"Fire Potion"},{"floor":20,"key":"EssenceOfSteel"}],"is_trial":false,"path_per_floor":["M","M","?","?","$","E","M","?","T","E","M","R","?","M","R","B",null,"M","?","M","?","$","E"],"character_chosen":"IRONCLAD","items_purchased":["Metallicize","Ghostly Armor"],"campfire_rested":1,"item_purchase_floors":[5,22],"current_hp_per_floor":[78,80,73,73,73,79,83,50,50,34,22,22,22,17,42,18,68,44,44,34,34,34,0,0],"gold":181,"neow_bonus":"THREE_ENEMY_KILL","is_daily":false,"chose_seed":false,"campfire_upgraded":1,"win_rate":0.0,"timestamp":1610268833,"path_taken":["M","M","?","?","?","E","M","?","T","E","M","R","?","M","R","BOSS","M","?","M","?","$","E"],"items_purchased_type":["Card","Card"],"build_version":"2020-12-22","purchased_purges":0,"victory":false,"max_hp_per_floor":[80,80,80,80,80,80,85,85,85,85,85,85,85,85,85,85,85,85,85,85,85,85,85,85],"card_choices":[{"not_picked":["Armaments","Sword Boomerang"],"picked":"Perfected Strike","floor":1},{"not_picked":["Headbutt","Power Through","Sentinel"],"picked":"SKIP","floor":2},{"not_picked":["Offering","Dropkick"],"picked":"Perfected Strike","floor":6},{"not_picked":["Cleave","Feel No Pain","Rupture"],"picked":"SKIP","floor":7},{"not_picked":["Exhume","True Grit"],"picked":"Twin Strike","floor":10},{"not_picked":["Pummel","True Grit"],"picked":"Twin Strike","floor":11},{"not_picked":["Armaments","Body Slam"],"picked":"Shrug It Off","floor":14},{"not_picked":["Headbutt+1","Havoc"],"picked":"Clash","floor":18},{"not_picked":["Whirlwind","Perfected Strike"],"picked":"Inflame+1","floor":20}],"player_experience":696092,"relics_obtained":[{"floor":6,"key":"Shuriken"},{"floor":8,"key":"Odd Mushroom"},{"floor":9,"key":"Mercury Hourglass"},{"floor":10,"key":"Blue Candle"}],"event_choices":[{"cards_removed":["Defend_R"],"damage_healed":0,"gold_gain":0,"player_choice":"Card Removal","damage_taken":7,"max_hp_gain":0,"max_hp_loss":0,"event_name":"Golden Wing","floor":3,"gold_loss":0},{"damage_healed":0,"gold_gain":0,"player_choice":"Ignored","damage_taken":0,"max_hp_gain":0,"max_hp_loss":0,"event_name":"Golden Idol","floor":4,"gold_loss":0},{"damage_healed":0,"gold_gain":0,"player_choice":"Fought Mushrooms","damage_taken":0,"max_hp_gain":0,"max_hp_loss":0,"event_name":"Mushrooms","floor":8,"gold_loss":0},{"damage_healed":0,"gold_gain":0,"player_choice":"Ignored","damage_taken":0,"max_hp_gain":0,"max_hp_loss":0,"event_name":"Liars Game","floor":13,"gold_loss":0},{"damage_healed":0,"gold_gain":0,"player_choice":"Obtained Relic","damage_taken":0,"relics_obtained":["Calipers"],"max_hp_gain":0,"max_hp_loss":0,"event_name":"Addict","floor":19,"gold_loss":85},{"damage_healed":0,"gold_gain":0,"player_choice":"Simplicity","damage_taken":0,"max_hp_gain":0,"max_hp_loss":0,"event_name":"Back to Basics","floor":21,"gold_loss":0,"cards_upgraded":["Strike_R","Strike_R","Strike_R","Strike_R","Strike_R","Defend_R"]}],"is_beta":false,"boss_relics":[{"not_picked":["Runic Cube","Snecko Eye"],"picked":"Empty Cage"}],"items_purged_floors":[],"is_endless":false,"potions_floor_spawned":[2,7,8,20],"killed_by":"Gremlin Leader","ascension_level":12}}