{"host":"qhhcmep1unj6mpf7","time":1610255291,"event":{"mods":["2.2 Compatiblity","AchievementEnabler","BaseMod","Colored Map","DeckTracker","Highlight Path","Keyboard Shortcuts","Minty Spire (QoL Compilation)","Permanent Neow","Quick Restart","Random Character Button","StSLib","SuperFastMode","everything is the same but u backflip on backflip"],"gold_per_floor":[115,133,143,153,168,201,201,201,226,0,16,16,16],"floor_reached":12,"playtime":399,"items_purged":["Regret"],"score":139,"play_id":"27c307b1-57a7-413d-b930-e2dff63f34b5","local_time":"20210110140811","is_ascension_mode":true,"campfire_choices":[{"data":"Double Tap","floor":7,"key":"SMITH"}],"circlet_count":0,"master_deck":["AscendersBane","Strike_R","Strike_R","Strike_R","Strike_R","Strike_R","Defend_R","Defend_R","Defend_R","Defend_R","Bash","Double Tap+1","Carnage","Dark Embrace","True Grit"],"relics":["Burning Blood","Juzu Bracelet","Bag of Preparation","Bronze Scales"],"acts_visited":["Exordium"],"potions_floor_usage":[12],"damage_taken":[{"damage":6,"enemies":"Cultist","floor":1,"turns":3},{"damage":0,"enemies":"2 Louse","floor":2,"turns":2},{"damage":12,"enemies":"Small Slimes","floor":3,"turns":4},{"damage":11,"enemies":"Blue Slaver","floor":4,"turns":4},{"damage":12,"enemies":"Exordium Thugs","floor":5,"turns":4},{"damage":33,"enemies":"3 Sentries","floor":6,"turns":10},{"damage":11,"enemies":"Large Slime","floor":11,"turns":8},{"damage":44,"enemies":"Lagavulin","floor":12,"turns":6}],"seed_played":"5099811854021264530","potions_obtained":[{"floor":1,"key":"Regen Potion"},{"floor":2,"key":"SpeedPotion"}],"is_trial":false,"path_per_floor":["M","M","M","M","M","E","R","?","T","$","M","E"],"character_chosen":"IRONCLAD","items_purchased":["Bronze Scales"],"campfire_rested":0,"item_purchase_floors":[10],"current_hp_per_floor":[68,74,68,63,57,30,30,30,30,30,25,0,0],"gold":16,"neow_bonus":"ONE_RANDOM_RARE_CARD","is_daily":false,"chose_seed":false,"campfire_upgraded":1,"win_rate":0.0,"timestamp":1610255291,"path_taken":["M","M","M","M","M","E","R","?","T","$","M","E"],"items_purchased_type":["Relic"],"build_version":"2020-12-22","purchased_purges":1,"victory":false,"max_hp_per_floor":[75,75,75,75,75,75,75,75,75,75,75,75,75],"card_choices":[{"not_picked":["Intimidate","Twin Strike"],"picked":"Carnage","floor":1},{"not_picked":["Perfected Strike","Anger","Intimidate"],"picked":"SKIP","floor":2},{"not_picked":["Thunderclap","Hemokinesis"],"picked":"Dark Embrace","floor":3},{"not_picked":["Armaments","Iron Wave"],"picked":"True Grit","floor":4},{"not_picked":["Thunderclap","Rampage","Reckless Charge"],"picked":"SKIP","floor":5},{"not_picked":["Heavy Blade","Iron Wave","Hemokinesis"],"picked":"SKIP","floor":6},{"not_picked":["Heavy Blade","Iron Wave","Hemokinesis"],"picked":"SKIP","floor":6},{"not_picked":["Spot Weakness","Shrug It Off","Twin Strike"],"picked":"SKIP","floor":11}],"player_experience":340709,"relics_obtained":[{"floor":6,"key":"Juzu Bracelet"}],"event_choices":[{"damage_healed":0,"gold_gain":0,"player_choice":"Box","damage_taken":0,"relics_obtained":["Bag of Preparation"],"max_hp_gain":0,"max_hp_loss":0,"event_name":"Big Fish","floor":8,"gold_loss":0,"cards_obtained":["Regret"]}],"is_beta":false,"boss_relics":[],"items_purged_floors":[10],"is_endless":false,"potions_floor_spawned":[1,2,6],"killed_by":"Lagavulin","ascension_level":14}}