{"host":"Bilverbakes","time":1610246207,"event":{"mods":["2.2 Compatiblity","AchievementEnabler","BaseMod","Bestiary","Colored Map","Minty Spire (QoL Compilation)","Relic Stats","StSLib","ojb\u0027s Info Mod"],"gold_per_floor":[118,128,53,103,118,152,178,178,178,188,219,242,242,267,267,267,267],"floor_reached":16,"playtime":783,"items_purged":[],"score":244,"play_id":"03840cff-47c8-4e81-99f6-1768406538de","local_time":"20210109203647","is_ascension_mode":true,"campfire_choices":[{"data":"Whirlwind","floor":8.0,"key":"SMITH"},{"data":"Uppercut","floor":13.0,"key":"SMITH"},{"floor":15,"key":"REST"}],"circlet_count":0,"master_deck":["AscendersBane","Strike_R","Strike_R","Strike_R","Defend_R","Defend_R","Defend_R","Bash","Dropkick","Pommel Strike","Ghostly Armor","Anger","Whirlwind+1","Uppercut+1","Evolve"],"relics":["Burning Blood","CeramicFish","The Courier","Matryoshka"],"acts_visited":["Exordium"],"potions_floor_usage":[14],"damage_taken":[{"damage":5.0,"enemies":"2 Louse","floor":1.0,"turns":3.0},{"damage":7.0,"enemies":"Small Slimes","floor":2.0,"turns":3.0},{"damage":0.0,"enemies":"Cultist","floor":5.0,"turns":3.0},{"damage":6.0,"enemies":"Gremlin Nob","floor":6.0,"turns":3.0},{"damage":13.0,"enemies":"Blue Slaver","floor":7.0,"turns":3.0},{"damage":6.0,"enemies":"Exordium Thugs","floor":10.0,"turns":4.0},{"damage":37.0,"enemies":"Lagavulin","floor":11.0,"turns":8.0},{"damage":5.0,"enemies":"Exordium Wildlife","floor":12.0,"turns":4.0},{"damage":8,"enemies":"Gremlin Nob","floor":14,"turns":3},{"damage":40,"enemies":"Hexaghost","floor":16,"turns":10}],"seed_played":"-3813704402083554900","potions_obtained":[{"floor":2.0,"key":"Fire Potion"},{"floor":5.0,"key":"ColorlessPotion"},{"floor":11.0,"key":"GamblersBrew"},{"floor":12.0,"key":"SkillPotion"}],"is_trial":false,"path_per_floor":["M","M","?","?","M","E","M","R","T","M","E","M","R","E","R","B"],"character_chosen":"IRONCLAD","items_purchased":[],"campfire_rested":1,"item_purchase_floors":[],"current_hp_per_floor":[51,50,50,50,56,56,49,49,49,49,18,19,19,17,39,0,0],"gold":267,"neow_bonus":"TRANSFORM_TWO_CARDS","is_daily":false,"chose_seed":false,"campfire_upgraded":2,"win_rate":0.0,"timestamp":1610246207,"path_taken":["M","M","?","?","M","E","M","R","T","?","E","M","R","E","R","BOSS"],"items_purchased_type":[],"build_version":"2020-12-18","purchased_purges":0,"victory":false,"max_hp_per_floor":[75,75,75,75,75,75,75,75,75,75,75,75,75,75,75,75,75],"relic_stats":{"counters":[10,44],"CeramicFish":27,"obtain_stats":[{"Matryoshka":14,"CeramicFish":6,"The Courier":11,"Burning Blood":0},{"Matryoshka":9,"CeramicFish":4,"The Courier":7,"Burning Blood":0},{"Matryoshka":34,"CeramicFish":12,"The Courier":27,"Burning Blood":0}],"Burning Blood":54},"card_choices":[{"not_picked":["Body Slam","Heavy Blade","Sentinel"],"picked":"SKIP","floor":1.0},{"not_picked":["Clothesline","Iron Wave"],"picked":"Ghostly Armor","floor":2.0},{"not_picked":["Dropkick","Flex"],"picked":"Anger","floor":5.0},{"not_picked":["Heavy Blade","Flex"],"picked":"Whirlwind","floor":6.0},{"not_picked":["Clothesline","Burning Pact"],"picked":"Uppercut","floor":7.0},{"not_picked":["Whirlwind","Pommel Strike","Seeing Red"],"picked":"SKIP","floor":10.0},{"not_picked":["Perfected Strike","Infernal Blade","Twin Strike"],"picked":"SKIP","floor":11.0},{"not_picked":["Hemokinesis","Ghostly Armor"],"picked":"Evolve","floor":12.0},{"not_picked":["Body Slam","Reckless Charge","Wild Strike"],"picked":"SKIP","floor":14}],"player_experience":652573,"relics_obtained":[{"floor":6.0,"key":"CeramicFish"},{"floor":11.0,"key":"The Courier"},{"floor":14,"key":"Matryoshka"}],"event_choices":[{"cards_removed":["Strike_R"],"damage_healed":0.0,"max_hp_gain":0.0,"max_hp_loss":0.0,"gold_gain":0.0,"event_name":"The Cleric","player_choice":"Card Removal","floor":3.0,"gold_loss":75.0,"damage_taken":0.0},{"damage_healed":0.0,"max_hp_gain":0.0,"max_hp_loss":0.0,"gold_gain":50.0,"event_name":"Golden Shrine","player_choice":"Pray","floor":4.0,"gold_loss":0.0,"damage_taken":0.0}],"is_beta":true,"boss_relics":[],"items_purged_floors":[],"is_endless":false,"potions_floor_spawned":[2,5,11,12],"killed_by":"Hexaghost","ascension_level":20}}