{"host":"bi5oqvug881cbhv7","time":1610268363,"event":{"mods":["Aspiration","BaseMod","BetterRewards","Conspire","Downfall","Friendly Minions","Hubris","Infinite Spire","Jorbs\u0027s Wanderer Trilogy","Mad Scientist","Mimic Mod","Minty Spire (QoL Compilation)","Permanent Neow","StSLib","The Construct","The Gatherer","The Mystic","The Necromancer"],"gold_per_floor":[10012,10032,10032,9432,9447,9447,9479,9479,9479,9512,9512,9524,9537,8891,8891,8991,8991,9002,9002,8596,8709,8723,8723,8738,8773,8811,8811,8861,8861,8871,8882,8882,8981,9031,9045,9058,9058,9068,9068,9068,9068,9068,9095,7915,7934,7950,8177,8189,8189,8189,8189,8189,7339,7374,7374],"floor_reached":56,"playtime":6266,"items_purged":[],"score":1984,"play_id":"bb2728d1-276e-47b3-a219-f986e2b4b942","local_time":"20210110024603","is_ascension_mode":false,"campfire_choices":[{"data":"1","floor":6,"key":"LIFT"},{"floor":8,"key":"RECALL"},{"data":"2","floor":15,"key":"LIFT"},{"data":"3","floor":23,"key":"LIFT"},{"data":"Summon_Undead_Army","floor":40,"key":"SMITH"},{"data":"Summon_Vampire_Lady","floor":42,"key":"SMITH"},{"data":"Skeleton_Dragon","floor":49,"key":"SMITH"},{"data":"infinitespire:UltimateForm","floor":52,"key":"SMITH"}],"circlet_count":0,"master_deck":["Strike_W","Strike_W","Strike_W","Strike_W","Defend_W","Defend_W","Defend_W","Negative_Energy_Arrows","Bone_Wall","Bandage Up","Strike_from_Beyond","Negative_Energy_Sphere","Bones_to_Steel","Summon_Undead_Army+1","Negative_Energy_Mist","Good Instincts","Bone_Armory","Whirlwind_of_Bones","Negative_Energy_Javelin","expansioncontent:StudyTheSpire","Summon_Vampire_Lady+1","Vampiric_Strike","Summon_Lich","expansioncontent:DonusPower","Toxic_Smoke_Screen","Stop_Heart","Summon_Undead","Summon_Death_Knight","Negative_Energy_Sphere","Summon_Vampire_Lady+1","expansioncontent:DonusPower","Summon_Lich","expansioncontent:Collect","Negative_Energy_Javelin","Negative_Energy_Sphere","Bone_Armor","Finger_Of_Death","Summon_Lich","Death_Knell","Vampiric_Strike","Strike_from_Beyond","Cloudkill","Life_Drain","Negative_Energy_Sphere","Exploit","Exploit","Negative_Energy_Javelin","Summon_Lich","Slay_Living","Negative_Energy_Javelin","Summon_Undead","Negative_Energy_Mist","Skeleton_Dragon+1","Negative_Energy_Javelin","Finger_Of_Death","Masterful Stab","Finisher","Well Laid Plans","Negative_Energy_Javelin","Skeleton_Dragon","Summon_Undead_Army","champ:RecklessLeap","Death_Coil","Bone_Spikes","champ:Backstep","Finger_Of_Death","infinitespire:DeathsTouch","infinitespire:UltimateForm+1","Finger_Of_Death","Summon_Lich","Plague_Bolt","Stop_Heart","Summon_Vampire_Lady","Plague_Bolt","Necrotic_Claws+1","Summon_Lich+1","Toxic_Smoke_Screen+1","infinitespire:DeathsTouch","champ:RapidStrikes","Negative_Energy_Mist","Cloudkill","Negative_Energy_Burst","expansioncontent:StudyTheSpire","Summon_Undead_Army","Detonate_Bones","expansioncontent:DecasProtection","Negative_Energy_Shield+1","Negative_Energy_Sphere","Bone_Shift+1","Exploit+1","Negative_Energy_Shield+1","Necromantic_Selection","Strike_from_Beyond+1","Skeleton_Dragon","Life_Drain","Enlightenment","Pandemic","Hellfire"],"relics":["Vampire_Amulet","TheAbacus","Thread and Needle","infinitespire:ShieldingShard","CaptainsWheel","aspiration:HatOfInfinitePower","hubris:GlazedTorus","StoneCalendar","Frozen Eye","Mango","aspiration:ChemicalBlood","Regal Pillow","aspiration:Lifesprig","HandDrill","hubris:FunFungus","aspiration:Nostalgia","hexamod:SpiritBrand","conspire:BottledYoYo","Girya","conspire:GiftBox","Pear","Prayer Wheel","Medical Kit","aspiration:AnachronicSnailShell","HornCleat","Orichalcum","conspire:TreasureMap","FossilizedHelix","aspiration:ArtOfWarUpgrade","hubris:64BitClover","DollysMirror","infinitespire:Lychee Nut","Bronze Scales","Pen Nib","hubris:SlimyHat","Lee\u0027s Waffle","Dead Branch","Bottled Tornado","hubris:MobiusCoin","Pantograph","Mummified Hand","Orrery","conspire:SpecialSausage","infinitespire:Lucky Rock","hubris:EmptyBottle","hubris:DisguiseKit","Strawberry","Turnip","construct:ClawGrip","Omamori","Anchor","infinitespire:Satchel","infinitespire:Joker Card","Chemical X","hubris:CuriousFeather","Centennial Puzzle","Eternal Feather","Bag of Marbles"],"acts_visited":["Exordium","TheCity","TheBeyond","TheEnding"],"potions_floor_usage":[0,25,25,26,36,50,50,54,54,54,55,55,55,55],"damage_taken":[{"damage":0,"enemies":"2 Louse","floor":1,"turns":2},{"damage":0,"enemies":"Small Slimes","floor":2,"turns":3},{"damage":0,"enemies":"Cultist","floor":5,"turns":3},{"damage":0,"enemies":"3 Sentries","floor":7,"turns":3},{"damage":0,"enemies":"Gremlin Nob","floor":10,"turns":3},{"damage":0,"enemies":"Looter","floor":12,"turns":3},{"damage":0,"enemies":"2 Fungi Beasts","floor":13,"turns":2},{"damage":0,"enemies":"The Guardian","floor":16,"turns":6},{"damage":0,"enemies":"conspire:FuzzyDice","floor":18,"turns":4},{"damage":0,"enemies":"Spheric Guardian","floor":21,"turns":3},{"damage":0,"enemies":"3 Cultists","floor":22,"turns":1},{"damage":0,"enemies":"Snake Plant","floor":24,"turns":2},{"damage":0,"enemies":"Slavers","floor":25,"turns":3},{"damage":0,"enemies":"Snecko","floor":26,"turns":6},{"damage":0,"enemies":"Snecko","floor":30,"turns":3},{"damage":0,"enemies":"Centurion and Healer","floor":31,"turns":3},{"damage":0,"enemies":"Collector","floor":33,"turns":5},{"damage":0,"enemies":"Orb Walker","floor":35,"turns":2},{"damage":22,"enemies":"3 Shapes","floor":36,"turns":4},{"damage":0,"enemies":"Writhing Mass","floor":38,"turns":3},{"damage":0,"enemies":"Transient","floor":45,"turns":5},{"damage":0,"enemies":"Spire Growth","floor":46,"turns":3},{"damage":0,"enemies":"Reptomancer","floor":47,"turns":3},{"damage":0,"enemies":"Writhing Mass","floor":48,"turns":3},{"damage":0,"enemies":"hubris:GrandSnecko","floor":50,"turns":6},{"damage":6,"enemies":"Shield and Spear","floor":54,"turns":3},{"damage":49,"enemies":"The Heart","floor":55,"turns":7}],"seed_played":"-4608115550553520600","potions_obtained":[{"floor":1,"key":"champ:CounterPotion"},{"floor":31,"key":"DuplicationPotion"},{"floor":36,"key":"Dexterity Potion"},{"floor":54,"key":"Block Potion"}],"is_trial":false,"path_per_floor":["M","M","?","$","M","R","E","R","T","E","?","M","M","$","R","B",null,"M","?","$","M","M","R","M","E","MIM","R","?","AVR","M","M","R","B",null,"M","M","AVR","M","?","R","?","R","T","$","M","M","E","M","R","B",null,"R","$","E","B",null],"character_chosen":"NECROMANCER","items_purchased":["Summon_Lich","TheAbacus","Thread and Needle","infinitespire:ShieldingShard","Bandage Up","Strike_from_Beyond","Negative_Energy_Sphere","PowerPotion","Regen Potion","hubris:GlazedTorus","StoneCalendar","Summon_Undead_Army","Negative_Energy_Mist","Frozen Eye","Good Instincts","Regal Pillow","aspiration:Lifesprig","HandDrill","Bone_Armory","Acid_Javelin","Whirlwind_of_Bones","Negative_Energy_Javelin","Bone_Armory","expansioncontent:StudyTheSpire","aspiration:Nostalgia","conspire:BottledYoYo","Pear","Prayer Wheel","Medical Kit","Fruit Juice","Vampiric_Strike","Summon_Lich","expansioncontent:DonusPower","Toxic_Smoke_Screen","HornCleat","Orichalcum","conspire:TreasureMap","Stop_Heart","Summon_Undead","Summon_Death_Knight","Negative_Energy_Sphere","Art of War","hubris:64BitClover","DollysMirror","expansioncontent:DonusPower","Summon_Lich","expansioncontent:Collect","Bronze Scales","Pen Nib","hubris:SlimyHat","Lee\u0027s Waffle","Summon_Lich","Death_Knell","Pantograph","Mummified Hand","Orrery","hubris:EmptyBottle","hubris:DisguiseKit","infinitespire:Joker Card","Cloudkill","Negative_Energy_Burst","expansioncontent:StudyTheSpire","Summon_Undead_Army","Detonate_Bones","expansioncontent:DecasProtection","Chemical X","Centennial Puzzle","Eternal Feather","Skeleton_Dragon","Life_Drain","Enlightenment","Pandemic","DuplicationPotion"],"campfire_rested":0,"item_purchase_floors":[0,0,0,0,0,0,0,0,0,0,0,0,0,0,0,0,0,0,0,0,0,0,0,0,0,0,0,0,0,0,0,0,0,0,0,0,0,0,0,0,0,0,0,0,0,0,0,0,4,4,4,4,4,14,14,14,20,20,44,44,44,44,44,44,44,44,53,53,53,53,53,53,53],"current_hp_per_floor":[78,78,78,85,85,85,85,85,85,85,78,85,85,85,85,85,85,85,85,85,85,85,85,85,92,92,92,92,92,92,92,92,92,92,92,77,77,92,92,92,92,92,92,92,92,92,92,92,92,92,92,92,92,88,56],"gold":7374,"neow_bonus":"","is_daily":false,"chose_seed":false,"campfire_upgraded":4,"win_rate":0.0,"timestamp":1610268363,"path_taken":["M","M","?","$","M","R","E","R","T","E","?","M","M","$","R","BOSS","M","?","$","M","M","R","M","E","MIM","R","?","AVR","?","M","R","BOSS","M","M","AVR","M","?","R","?","R","T","$","M","?","E","M","R","BOSS","R","$","E","BOSS"],"items_purchased_type":["Card","Relic","Relic","Relic","Card","Card","Card","Potion","Potion","Relic","Relic","Card","Card","Relic","Card","Relic","Relic","Relic","Card","Card","Card","Card","Card","Card","Relic","Relic","Relic","Relic","Relic","Potion","Card","Card","Card","Card","Relic","Relic","Relic","Card","Card","Card","Card","Relic","Relic","Relic","Card","Card","Card","Relic","Relic","Relic","Relic","Card","Card","Relic","Relic","Relic","Relic","Relic","Relic","Card","Card","Card","Card","Card","Card","Relic","Relic","Relic","Card","Card","Card","Card","Potion"],"build_version":"2020-12-22","purchased_purges":0,"victory":true,"max_hp_per_floor":[78,78,78,85,85,85,85,85,85,85,85,85,85,85,85,85,85,85,85,85,85,85,85,85,92,92,92,92,92,92,92,92,92,92,92,92,92,92,92,92,92,92,92,92,92,92,92,92,92,92,92,92,92,92,92],"card_choices":[{"not_picked":["Summon_Death_Knight","Blood_Wake"],"picked":"Summon_Vampire_Lady","floor":0},{"not_picked":["Bone_Bullets","Flesh_Made_Foul"],"picked":"Negative_Energy_Javelin","floor":1},{"not_picked":["Blood_for_Blood","Negative_Energy_Mist"],"picked":"Negative_Energy_Sphere","floor":1},{"not_picked":["Corrupt","Epidemic"],"picked":"Bone_Armor","floor":2},{"not_picked":["Chill_Blood","Bone_Shift"],"picked":"Finger_Of_Death","floor":2},{"not_picked":["Toxic_Smoke_Screen","Shade_Step"],"picked":"Vampiric_Strike","floor":5},{"not_picked":["Shade_Step","Corrupt"],"picked":"Strike_from_Beyond","floor":5},{"not_picked":["Spectral_Walk","Grasp_Heart"],"picked":"Cloudkill","floor":7},{"not_picked":["Scare","Negative_Energy_Shield"],"picked":"Life_Drain","floor":10},{"not_picked":["Death_Coil","Shackles_Of_Pain"],"picked":"Negative_Energy_Sphere","floor":12},{"not_picked":["Scare","Death_March_Dance"],"picked":"Exploit","floor":12},{"not_picked":["Spectral_Armor","Negative_Energy_Shield"],"picked":"Exploit","floor":13},{"not_picked":["Bones_to_Steel","Epidemic"],"picked":"Negative_Energy_Javelin","floor":13},{"not_picked":["Requiem","Death_Knell"],"picked":"Summon_Lich","floor":14},{"not_picked":["Shackles_Of_Pain","Negative_Energy_Bomb"],"picked":"Slay_Living","floor":14},{"not_picked":["Blood_Whip","Death_Coil"],"picked":"Negative_Energy_Javelin","floor":14},{"not_picked":["Summon_Vampire_Lady","Finger_Of_Death"],"picked":"Summon_Undead","floor":14},{"not_picked":["Grasp_Heart","Consume_Illness"],"picked":"Negative_Energy_Mist","floor":14},{"not_picked":["Hellfire","Requiem"],"picked":"Skeleton_Dragon","floor":16},{"not_picked":["Scare","Blood_Is_Power"],"picked":"Negative_Energy_Javelin","floor":18},{"not_picked":["Negative_Energy_Sphere","Consume_Illness"],"picked":"Finger_Of_Death","floor":18},{"not_picked":["Toxic_Smoke_Screen+1","Negative_Energy_Shield","champ:CrookedStrike"],"picked":"Negative_Energy_Javelin","floor":21},{"not_picked":["Scare","Bone_Armor","champ:PreciseThrust"],"picked":"Skeleton_Dragon","floor":21},{"not_picked":["Finger_Of_Death+1","Negative_Energy_Shield","champ:Lariat"],"picked":"Summon_Undead_Army","floor":22},{"not_picked":["Negative_Energy_Sphere","Shackles_Of_Pain","Corrupt"],"picked":"champ:RecklessLeap","floor":22},{"not_picked":["Flesh_Made_Foul","Scare","champ:DefensiveShout"],"picked":"Death_Coil","floor":24},{"not_picked":["Siphon_Strength+1","Shade_Step","champ:Riposte"],"picked":"Bone_Spikes","floor":24},{"not_picked":["Blood_Shield","Shade_Step","Consume_Illness"],"picked":"champ:Backstep","floor":25},{"not_picked":["Death_March_Dance+1","Bones_to_Steel","champ:FightOn"],"picked":"Finger_Of_Death","floor":26},{"not_picked":["Chill_Blood","Hellfire","champ:AdrenalArmor"],"picked":"Finger_Of_Death","floor":30},{"not_picked":["Chill_Blood+1","Negative_Energy_Shield","champ:BladeFlurry"],"picked":"Summon_Lich","floor":30},{"not_picked":["Vampiric_Strike+1","Bone_Spikes","champ:Circumvent"],"picked":"Plague_Bolt","floor":31},{"not_picked":["Slay_Living","Blood_Curse","champ:FocusedDefense"],"picked":"Stop_Heart","floor":31},{"not_picked":["Cloudkill","Hellfire","champ:CrownThrow"],"picked":"Summon_Vampire_Lady","floor":33},{"not_picked":["Corrupt+1","Death_Knell+1","champ:FlashCut"],"picked":"Plague_Bolt","floor":35},{"not_picked":["Consume_Illness","Plague_Bolt","champ:ArenaPreparation"],"picked":"Necrotic_Claws+1","floor":35},{"not_picked":["Death_Knell+1","Chill_Blood+1","champ:FlashCut"],"picked":"Summon_Lich+1","floor":36},{"not_picked":["Exploit+1","Death_Coil","champ:Haymaker"],"picked":"Toxic_Smoke_Screen+1","floor":36},{"not_picked":["Blood_Whip+1","Scare+1","Bone_Armor+1"],"picked":"champ:RapidStrikes","floor":38},{"not_picked":["Consume_Illness+1","Negative_Energy_Javelin","champ:TornadoPunch"],"picked":"Negative_Energy_Mist","floor":38},{"not_picked":["Finger_Of_Death+1","Blood_Magic","champ:GladiatorStyle"],"picked":"Negative_Energy_Shield+1","floor":45},{"not_picked":["Bone_Bullets+1","Bone_Armory+1","champ:Riposte"],"picked":"Negative_Energy_Sphere","floor":45},{"not_picked":["Consume_Illness","Life_Tap","champ:StanceDance"],"picked":"Bone_Shift+1","floor":46},{"not_picked":["Blood_Is_Power","Epidemic","champ:Shatter"],"picked":"Exploit+1","floor":46},{"not_picked":["Blood_Is_Power","Vampiric_Strike","champ:Circumvent"],"picked":"Negative_Energy_Shield+1","floor":47},{"not_picked":["Scare","Blood_Whip","champ:FlashCut"],"picked":"Necromantic_Selection","floor":48},{"not_picked":["Flesh_Made_Foul","Acid_Javelin","champ:Lariat"],"picked":"Strike_from_Beyond+1","floor":48},{"not_picked":["Negative_Energy_Mist+1","Requiem","champ:Backstep"],"picked":"Hellfire","floor":54}],"player_experience":549368,"relics_obtained":[{"floor":7,"key":"Dead Branch"},{"floor":10,"key":"Bottled Tornado"},{"floor":18,"key":"infinitespire:Lucky Rock"},{"floor":25,"key":"Strawberry"},{"floor":26,"key":"Turnip"},{"floor":35,"key":"Omamori"},{"floor":43,"key":"infinitespire:Satchel"},{"floor":47,"key":"hubris:CuriousFeather"},{"floor":54,"key":"Bag of Marbles"}],"event_choices":[{"damage_healed":0,"gold_gain":0,"player_choice":"Ignored","damage_taken":0,"max_hp_gain":0,"max_hp_loss":0,"event_name":"Golden Wing","floor":3,"gold_loss":0},{"damage_healed":0,"gold_gain":0,"player_choice":"Success","damage_taken":7,"relics_obtained":["hubris:MobiusCoin"],"max_hp_gain":0,"max_hp_loss":0,"event_name":"Scrap Ooze","floor":11,"gold_loss":0},{"damage_healed":0,"gold_gain":0,"player_choice":"Upgraded","damage_taken":0,"max_hp_gain":0,"max_hp_loss":0,"event_name":"Upgrade Shrine","floor":28,"gold_loss":0,"cards_upgraded":["Summon_Vampire_Lady"]},{"cards_removed":["Defend_W"],"damage_healed":0,"gold_gain":0,"player_choice":"Removed Skill","damage_taken":0,"max_hp_gain":0,"max_hp_loss":0,"event_name":"Falling","floor":39,"gold_loss":0},{"damage_healed":0,"gold_gain":0,"player_choice":"Got Potions","damage_taken":0,"max_hp_gain":0,"max_hp_loss":0,"event_name":"Lab","floor":41,"gold_loss":0}],"is_beta":false,"boss_relics":[{"not_picked":["construct:WeddingRing","Sozu"],"picked":"conspire:SpecialSausage"},{"not_picked":["Tiny House","aspiration:IroncladSkillbook"],"picked":"construct:ClawGrip"}],"items_purged_floors":[],"is_endless":false,"potions_floor_spawned":[1,5,13,21,24,31,33,38,45,46,54],"ascension_level":0}}