{"host":"0ndhasp09f4rkdar","time":1610299779,"event":{"mods":["BaseMod","Dio Mod","Hermit","Hero for Fun","Lobotomy","Minty Spire (QoL Compilation)","Replay The Spire","StSLib","SuperFastMode","The Bladedancer"],"gold_per_floor":[115,126,126,226,238,238,269,269,340,340,356,383,395,395,395,395,395],"floor_reached":16,"playtime":713,"items_purged":[],"score":112,"play_id":"ac0fe6df-2eda-4a50-9b97-78966143a306","local_time":"20210111012939","is_ascension_mode":false,"campfire_choices":[{"data":"Perfected Strike","floor":6,"key":"SMITH"},{"floor":8,"key":"REST"},{"floor":15,"key":"REST"}],"circlet_count":0,"master_deck":["Strike_R","Strike_R","Strike_R","Strike_R","Strike_R","Defend_R","Defend_R","Defend_R","Bash","Wellcheers","Pummel+1","Perfected Strike+1","Spot Weakness","BodiesMountain","Armaments","Perfected Strike","Alriune","Power Through","QueenOfHatred","SpiderBud"],"relics":["Burning Blood","CogitoBucket","Boot","Mirror","ChangeAnything","Pondfish Scales"],"acts_visited":["Exordium"],"potions_floor_usage":[16,16,16],"damage_taken":[{"damage":0,"enemies":"Small Slimes","floor":1,"turns":3},{"damage":1,"enemies":"Cultist","floor":2,"turns":3},{"damage":0,"enemies":"2 Louse","floor":5,"turns":3},{"damage":9,"enemies":"3 Sentries","floor":7,"turns":2},{"damage":12,"enemies":"Blue Slaver","floor":10,"turns":2},{"damage":20,"enemies":"Exordium Thugs","floor":11,"turns":6},{"damage":11,"enemies":"Gremlin Nob","floor":12,"turns":3},{"damage":10,"enemies":"Exordium Wildlife","floor":13,"turns":4},{"damage":82,"enemies":"The Guardian","floor":16,"turns":7}],"seed_played":"-3163644026508031464","potions_obtained":[{"floor":2,"key":"AttackPotion"},{"floor":7,"key":"Toxic Potion"},{"floor":10,"key":"Strength Potion"},{"floor":12,"key":"Swift Potion"}],"is_trial":false,"path_per_floor":["M","M","?","?","M","R","E","R","T","M","M","E","M","?","R","B"],"character_chosen":"IRONCLAD","items_purchased":[],"campfire_rested":2,"item_purchase_floors":[],"current_hp_per_floor":[80,80,80,80,80,80,15,39,39,34,27,23,26,26,50,0,0],"gold":395,"neow_bonus":"","is_daily":false,"chose_seed":false,"campfire_upgraded":1,"win_rate":0.0,"timestamp":1610299779,"path_taken":["M","M","?","?","?","R","E","R","T","M","M","E","M","?","R","BOSS"],"items_purchased_type":[],"build_version":"2020-12-22","purchased_purges":0,"victory":false,"max_hp_per_floor":[80,80,80,80,80,80,80,80,80,80,80,80,80,80,80,80,80],"card_choices":[{"not_picked":["QueenBee","Woodsman"],"picked":"Wellcheers","floor":1},{"not_picked":["Massacre","Anger"],"picked":"Pummel","floor":1},{"not_picked":["SnowQueen","CrumblingArmor"],"picked":"Yin","floor":2},{"not_picked":["Feel No Pain","Disarm"],"picked":"Perfected Strike","floor":2},{"not_picked":["Body Slam","Perfected Strike"],"picked":"Spot Weakness","floor":5},{"not_picked":["SpiderBud","OSAHOGD"],"picked":"BodiesMountain","floor":7},{"not_picked":["Sword Boomerang","Hemokinesis"],"picked":"Armaments","floor":7},{"not_picked":["Warcry","Rage"],"picked":"Perfected Strike","floor":10},{"not_picked":["Funeral","Scorched"],"picked":"Alriune","floor":11},{"not_picked":["Wild Strike","Run Through"],"picked":"Power Through","floor":11},{"not_picked":["Murderer","DespairKnight"],"picked":"QueenOfHatred","floor":12},{"not_picked":["Feel No Pain","Thunderclap","Juggernaut"],"picked":"SKIP","floor":12},{"not_picked":["DreamingCurrent","LittleHelper"],"picked":"SpiderBud","floor":13},{"not_picked":["Clothesline","Defy Death","Power Through"],"picked":"SKIP","floor":13}],"player_experience":198645,"relics_obtained":[{"floor":7,"key":"Boot"},{"floor":9,"key":"Mirror"},{"floor":12,"key":"Pondfish Scales"}],"event_choices":[{"cards_removed":["Defend_R"],"damage_healed":0,"gold_gain":0,"player_choice":"Forget","damage_taken":0,"max_hp_gain":0,"max_hp_loss":0,"event_name":"Living Wall","floor":3,"gold_loss":0},{"damage_healed":0,"gold_gain":100,"player_choice":"Pray","damage_taken":0,"max_hp_gain":0,"max_hp_loss":0,"event_name":"Golden Shrine","floor":4,"gold_loss":0}],"is_beta":false,"boss_relics":[],"items_purged_floors":[],"is_endless":false,"potions_floor_spawned":[2,7,10,12],"killed_by":"The Guardian","ascension_level":0}}