{"host":"t3nmszc7fx0d6552","time":1610299108,"event":{"mods":["AchievementEnabler","BaseMod","Colored Map","Minty Spire (QoL Compilation)","Permanent Neow","StSLib","SuperFastMode"],"gold_per_floor":[110,125,137,147,37,37,67,80,80,91,17,17,32,51,51,130,130,150,75,93,108,108,108],"floor_reached":22,"playtime":690,"items_purged":[],"score":384,"play_id":"a6fabd88-f930-4e86-a035-a1c2a6486281","local_time":"20210111021828","is_ascension_mode":true,"campfire_choices":[{"floor":6,"key":"REST"},{"floor":12,"key":"REST"},{"data":"Feel No Pain","floor":15,"key":"SMITH"}],"circlet_count":0,"master_deck":["AscendersBane","Strike_R","Strike_R","Strike_R","Defend_R","Defend_R","Defend_R","Bash","Uppercut","Sword Boomerang","Inflame","Cleave","Armaments","Pummel","Feel No Pain+1","Metallicize","Seeing Red","Whirlwind","Demon Form","Power Through","True Grit","Metallicize+1"],"relics":["Empty Cage","Kunai","Du-Vu Doll","Velvet Choker"],"acts_visited":["Exordium","TheCity"],"potions_floor_usage":[7,13,16,16,21],"damage_taken":[{"damage":12,"enemies":"Cultist","floor":1,"turns":4},{"damage":19,"enemies":"Small Slimes","floor":2,"turns":3},{"damage":10,"enemies":"Jaw Worm","floor":3,"turns":4},{"damage":11,"enemies":"2 Fungi Beasts","floor":4,"turns":3},{"damage":8,"enemies":"Gremlin Nob","floor":7,"turns":3},{"damage":7,"enemies":"Blue Slaver","floor":8,"turns":3},{"damage":14,"enemies":"3 Louse","floor":10,"turns":3},{"damage":5,"enemies":"Exordium Thugs","floor":13,"turns":4},{"damage":15,"enemies":"Large Slime","floor":14,"turns":6},{"damage":6,"enemies":"Slime Boss","floor":16,"turns":6},{"damage":19,"enemies":"Chosen","floor":18,"turns":6},{"damage":14,"enemies":"Spheric Guardian","floor":20,"turns":4},{"damage":13,"enemies":"3 Cultists","floor":21,"turns":3},{"damage":12,"enemies":"Shelled Parasite and Fungi","floor":22,"turns":2}],"seed_played":"7360784414427203769","potions_obtained":[{"floor":3,"key":"Energy Potion"},{"floor":8,"key":"CultistPotion"},{"floor":10,"key":"Fire Potion"},{"floor":13,"key":"CultistPotion"},{"floor":20,"key":"LiquidMemories"}],"is_trial":false,"path_per_floor":["M","M","M","M","$","R","E","M","T","M","$","R","M","M","R","B",null,"M","?","M","M","M"],"character_chosen":"IRONCLAD","items_purchased":["CultistPotion","Metallicize"],"campfire_rested":2,"item_purchase_floors":[5,11],"current_hp_per_floor":[56,37,27,16,16,38,30,23,23,9,9,31,26,11,11,5,58,39,39,25,12,0,0],"gold":108,"neow_bonus":"BOSS_RELIC","is_daily":false,"chose_seed":false,"campfire_upgraded":1,"win_rate":0.0,"timestamp":1610299108,"path_taken":["M","M","M","?","$","R","E","M","T","M","$","R","M","?","R","BOSS","M","?","M","M","M"],"items_purchased_type":["Potion","Card"],"build_version":"2020-12-22","purchased_purges":0,"victory":false,"max_hp_per_floor":[75,75,75,75,75,75,75,75,75,75,75,75,75,75,75,75,75,75,75,75,75,75,75],"card_choices":[{"not_picked":["Clash","Warcry"],"picked":"Uppercut","floor":1},{"not_picked":["Hemokinesis","Wild Strike"],"picked":"Sword Boomerang","floor":2},{"not_picked":["Armaments","Pummel"],"picked":"Inflame","floor":3},{"not_picked":["Headbutt","Body Slam"],"picked":"Cleave","floor":4},{"not_picked":["Headbutt","Barricade"],"picked":"Armaments","floor":7},{"not_picked":["Rage","Twin Strike"],"picked":"Pummel","floor":8},{"not_picked":["Clash","Pummel"],"picked":"Feel No Pain","floor":10},{"not_picked":["Twin Strike","Searing Blow"],"picked":"Seeing Red","floor":13},{"not_picked":["Havoc","Heavy Blade"],"picked":"Whirlwind","floor":14},{"not_picked":["Berserk","Limit Break"],"picked":"Demon Form","floor":16},{"not_picked":["Havoc","Sword Boomerang"],"picked":"Power Through","floor":18},{"not_picked":["Fire Breathing","Rupture"],"picked":"True Grit","floor":20},{"not_picked":["Perfected Strike","Sever Soul"],"picked":"Metallicize+1","floor":21}],"player_experience":1375319,"relics_obtained":[{"floor":7,"key":"Kunai"},{"floor":9,"key":"Du-Vu Doll"}],"event_choices":[{"cards_removed":["Strike_R"],"damage_healed":0,"gold_gain":0,"player_choice":"Gave Gold","damage_taken":0,"max_hp_gain":0,"max_hp_loss":0,"event_name":"Beggar","floor":19,"gold_loss":75}],"is_beta":false,"boss_relics":[{"not_picked":["Fusion Hammer","Black Star"],"picked":"Velvet Choker"}],"items_purged_floors":[],"is_endless":false,"potions_floor_spawned":[3,8,10,13,20],"killed_by":"Shelled Parasite and Fungi","ascension_level":20}}