{"host":"s794kqxf2n1qz2yr","time":1610315961,"event":{"mods":["100% Spire Juice","2.2 Compatiblity","AchievementEnabler","Aspiration","BaseMod","Downfall","Friendly Minions","Minty Spire (QoL Compilation)","Permanent Neow","StSLib","The Animator"],"gold_per_floor":[109,109,109,119,36,36,36,36,36,36,69,69,89,103,103,208,18,30,30,30,44,0,35,62,62,62,62,77,97,97,112,112,207,207,217,217,217,232,252,252,268,287,287,314,326,376,387,398,398,398],"floor_reached":51,"playtime":3229,"items_purged":[],"score":824,"play_id":"2a6f610f-c7f3-4e05-b44f-ec8c796a07dc","local_time":"20210110215921","daily_mods":["SealedDeck"],"is_ascension_mode":false,"campfire_choices":[{"floor":6,"key":"REST"},{"data":"Moonworks:CloudOfSeagulls","floor":8,"key":"SMITH"},{"data":"Moonworks:JonathanRush","floor":15,"key":"SMITH"},{"data":"Moonworks:MeltingMemories","floor":27,"key":"SMITH"},{"data":"Moonworks:LulusLuckyEgg","floor":30,"key":"SMITH"},{"data":"Moonworks:LulusLuckyEgg","floor":32,"key":"SMITH"},{"data":"Impatience","floor":40,"key":"SMITH"},{"data":"Moonworks:WindyEnchantment","floor":49,"key":"SMITH"}],"circlet_count":0,"master_deck":["Moonworks:LulusLuckyEgg+1","Moonworks:LulusLuckyEgg+1","Moonworks:SakisCookie","Moonworks:ForcedRevival","Moonworks:JonathanRush+1","Moonworks:JonathanRush+1","Moonworks:CloudOfSeagulls+1","Moonworks:CloudOfSeagulls+1","Moonworks:Flamethrower","Moonworks:WindyEnchantment+1","Moonworks:NicePresent+1","Moonworks:MeltingMemories+1","Moonworks:NicePresent","Moonworks:WindyEnchantment","Moonworks:Dinner+1","Moonworks:Dash+1","Moonworks:NicePresent","Moonworks:Accelerator+1","Impatience+1","Moonworks:WindyEnchantment+1","Moonworks:WindyEnchantment","Moonworks:NicePresent+1","Moonworks:NicePresent+1","Moonworks:JonathanRush+1","Moonworks:JonathanRush+1"],"relics":["Moonworks:BrokenBomb","Moonworks:Homemark","Lantern","aspiration:FetidBarrel","Dream Catcher","Tiny House","Blood Vial","Pen Nib","Frozen Egg 2","aspiration:PoetsPen_weak","aspiration:HummingbirdHeart","Toy Ornithopter","aspiration:AnachronicSnailShell"],"acts_visited":["Exordium","TheCity","TheBeyond"],"potions_floor_usage":[23,35,35,38,38,42,44],"damage_taken":[{"damage":5,"enemies":"Cultist","floor":1,"turns":2},{"damage":12,"enemies":"2 Louse","floor":4,"turns":2},{"damage":22,"enemies":"Lagavulin","floor":11,"turns":3},{"damage":1,"enemies":"Jaw Worm","floor":13,"turns":2},{"damage":1,"enemies":"Exordium Wildlife","floor":14,"turns":2},{"damage":46,"enemies":"Hexaghost","floor":16,"turns":5},{"damage":0,"enemies":"Chosen","floor":18,"turns":3},{"damage":0,"enemies":"Spheric Guardian","floor":21,"turns":3},{"damage":3,"enemies":"Book of Stabbing","floor":23,"turns":3},{"damage":22,"enemies":"Snecko","floor":28,"turns":4},{"damage":0,"enemies":"Cultist and Chosen","floor":29,"turns":2},{"damage":0,"enemies":"Sentry and Sphere","floor":31,"turns":3},{"damage":54,"enemies":"Champ","floor":33,"turns":5},{"damage":0,"enemies":"3 Darklings","floor":35,"turns":2},{"damage":0,"enemies":"Orb Walker","floor":38,"turns":2},{"damage":9,"enemies":"Jaw Worm Horde","floor":39,"turns":2},{"damage":0,"enemies":"3 Darklings","floor":41,"turns":2},{"damage":2,"enemies":"Maw","floor":42,"turns":3},{"damage":12,"enemies":"Reptomancer","floor":44,"turns":3},{"damage":0,"enemies":"Sphere and 2 Shapes","floor":45,"turns":1},{"damage":3,"enemies":"Mind Bloom Boss Battle","floor":46,"turns":2},{"damage":0,"enemies":"Transient","floor":47,"turns":3},{"damage":0,"enemies":"3 Darklings","floor":48,"turns":2},{"damage":6,"enemies":"Donu and Deca","floor":50,"turns":3}],"seed_played":"-3312874200060468714","potions_obtained":[{"floor":13,"key":"Swift Potion"},{"floor":14,"key":"ColorlessPotion"},{"floor":17,"key":"Explosive Potion"},{"floor":28,"key":"EntropicBrew"},{"floor":39,"key":"PowerPotion"},{"floor":42,"key":"FearPotion"},{"floor":48,"key":"hexamod:EctoCoolerPotion"}],"is_trial":true,"path_per_floor":["M","?","?","M","$","R","$","R","T","?","E","$","M","M","R","B",null,"M","$","?","M","?","E","T","$","T","R","M","M","R","M","R","B",null,"M","?","?","M","M","R","M","M","T","E","M","?","M","M","R","B",null],"character_chosen":"THE_STARBREAKER","items_purchased":["Bandage Up"],"campfire_rested":1,"item_purchase_floors":[5],"current_hp_per_floor":[60,42,42,32,32,50,50,50,50,50,38,38,55,60,60,25,65,65,65,65,65,65,64,64,64,64,64,47,65,65,65,65,19,65,65,65,65,65,61,61,65,63,63,57,59,62,65,65,65,59],"gold":398,"neow_bonus":"","is_daily":false,"chose_seed":false,"campfire_upgraded":7,"win_rate":0.0,"timestamp":1610315961,"path_taken":["M","?","?","?","?","R","$","R","T","?","E","$","?","M","R","BOSS","M","?","?","?","?","E","?","?","T","R","M","M","R","M","R","BOSS","M","?","?","M","M","R","M","M","T","E","M","?","M","M","R","BOSS"],"items_purchased_type":["Card"],"build_version":"2020-12-22","purchased_purges":0,"victory":true,"max_hp_per_floor":[60,60,60,60,60,60,60,60,60,60,60,60,60,60,60,60,65,65,65,65,65,65,65,65,65,65,65,65,65,65,65,65,65,65,65,65,65,65,65,65,65,65,65,65,65,65,65,65,65,65],"card_choices":[{"not_picked":["Moonworks:BigMagnum","Moonworks:ImOnFire","Moonworks:Assault"],"picked":"SKIP","floor":1},{"not_picked":["Moonworks:ReproductionOfRecords","Moonworks:SealedMemories"],"picked":"Moonworks:NicePresent","floor":4},{"not_picked":["Moonworks:IntelligenceOfficer","Moonworks:RedAndBlue"],"picked":"Moonworks:MeltingMemories","floor":11},{"not_picked":["Moonworks:BigMagnum","Moonworks:DeployBits"],"picked":"Moonworks:NicePresent","floor":13},{"not_picked":["Moonworks:FinalSurgery","Moonworks:IndiscriminateFireSupport","Moonworks:CookingTime"],"picked":"SKIP","floor":14},{"not_picked":["Moonworks:BigMagnum","Moonworks:DeployBits"],"picked":"Moonworks:Dinner","floor":17},{"not_picked":["Moonworks:Assault","Moonworks:BigMagnum+1"],"picked":"Moonworks:WindyEnchantment","floor":18},{"not_picked":["Moonworks:ImOnFire+1","Moonworks:BigMagnum","Moonworks:CloudOfSeagulls"],"picked":"SKIP","floor":21},{"not_picked":["Moonworks:Gamble","Moonworks:IntelligenceOfficer+1"],"picked":"Moonworks:Dinner+1","floor":23},{"not_picked":["Moonworks:EvilSpyWorkPreparation","Moonworks:JonathanRush"],"picked":"Moonworks:Dash+1","floor":28},{"not_picked":["Moonworks:Assault","Moonworks:TreasureThief+1"],"picked":"Moonworks:NicePresent","floor":29},{"not_picked":["Moonworks:LuckyCharm","Moonworks:CrystalBarrier+1","Moonworks:CookingTime+1"],"picked":"SKIP","floor":31},{"not_picked":["Moonworks:CrystalBarrier+1","Moonworks:AccelHyper"],"picked":"Moonworks:Accelerator+1","floor":33},{"not_picked":["Moonworks:BigMagnum+1","Moonworks:Assault+1","Moonworks:BeyondHell+1"],"picked":"SKIP","floor":35},{"not_picked":["Chrysalis","Thinking Ahead"],"picked":"Impatience","floor":37},{"not_picked":["Moonworks:IntelligenceOfficer","Moonworks:BackdoorTrade"],"picked":"Moonworks:WindyEnchantment+1","floor":38},{"not_picked":["Moonworks:SakisCookie","Moonworks:Dinner+1"],"picked":"Moonworks:WindyEnchantment","floor":39},{"not_picked":["Moonworks:ImOnFire+1","Moonworks:ExtendedPhotonRifle"],"picked":"Moonworks:NicePresent+1","floor":41},{"not_picked":["Moonworks:AngelHand+1","Moonworks:ImOnFire","Moonworks:LulusLuckyEgg+1"],"picked":"SKIP","floor":42},{"not_picked":["Moonworks:DeployBits","Moonworks:CompletionReward+1"],"picked":"Moonworks:NicePresent+1","floor":44},{"not_picked":["Moonworks:SakisCookie+1","Moonworks:ImOnFire"],"picked":"Moonworks:JonathanRush+1","floor":45},{"not_picked":["Moonworks:SakisCookie+1","Moonworks:EvilMastermind"],"picked":"Moonworks:JonathanRush+1","floor":46},{"not_picked":["Moonworks:LulusLuckyEgg","Moonworks:ImOnFire+1","Moonworks:SakisCookie"],"picked":"SKIP","floor":47},{"not_picked":["Moonworks:MiracleWalker","Moonworks:SakisCookie+1","Moonworks:SealedMemories+1"],"picked":"SKIP","floor":48}],"player_experience":314158,"relics_obtained":[{"floor":9,"key":"aspiration:FetidBarrel"},{"floor":11,"key":"Dream Catcher"},{"floor":23,"key":"Blood Vial"},{"floor":24,"key":"Pen Nib"},{"floor":26,"key":"Frozen Egg 2"},{"floor":43,"key":"aspiration:HummingbirdHeart"},{"floor":44,"key":"Toy Ornithopter"},{"floor":46,"key":"aspiration:AnachronicSnailShell"}],"event_choices":[{"damage_healed":0,"gold_gain":0,"player_choice":"Success","damage_taken":18,"relics_obtained":["Lantern"],"max_hp_gain":0,"max_hp_loss":0,"event_name":"Scrap Ooze","floor":2,"gold_loss":0},{"damage_healed":0,"gold_gain":0,"player_choice":"Forge","damage_taken":0,"max_hp_gain":0,"max_hp_loss":0,"event_name":"Accursed Blacksmith","floor":3,"gold_loss":0,"cards_upgraded":["Moonworks:CloudOfSeagulls"]},{"damage_healed":0,"gold_gain":0,"player_choice":"Upgraded","damage_taken":0,"max_hp_gain":0,"max_hp_loss":0,"event_name":"Upgrade Shrine","floor":10,"gold_loss":0,"cards_upgraded":["Moonworks:JonathanRush"]},{"cards_removed":["Moonworks:Dinner"],"damage_healed":0,"gold_gain":0,"player_choice":"Offered Uncommon","damage_taken":0,"max_hp_gain":0,"max_hp_loss":0,"event_name":"Bonfire Elementals","floor":20,"gold_loss":0},{"damage_healed":0,"gold_gain":0,"player_choice":"Paid Fearfully","damage_taken":0,"max_hp_gain":0,"max_hp_loss":0,"event_name":"Masked Bandits","floor":22,"gold_loss":44},{"cards_removed":["Bandage Up"],"damage_healed":0,"gold_gain":0,"player_choice":"Removed Skill","damage_taken":0,"max_hp_gain":0,"max_hp_loss":0,"event_name":"Falling","floor":36,"gold_loss":0},{"damage_healed":0,"gold_gain":0,"player_choice":"Memory 1","damage_taken":0,"max_hp_gain":0,"max_hp_loss":0,"event_name":"SensoryStone","floor":37,"gold_loss":0},{"damage_healed":0,"gold_gain":0,"player_choice":"Fight","damage_taken":0,"max_hp_gain":0,"max_hp_loss":0,"event_name":"MindBloom","floor":46,"gold_loss":0}],"is_beta":false,"boss_relics":[{"not_picked":["Coffee Dripper","aspiration:WatcherSkillbook"],"picked":"Tiny House"},{"not_picked":["Philosopher\u0027s Stone","aspiration:RitualDagger"],"picked":"aspiration:PoetsPen_weak"}],"items_purged_floors":[],"is_endless":false,"potions_floor_spawned":[13,14,21,28,29,31,39,41,42,48],"ascension_level":0}}