{"host":"mmyob72dycyg5z21","time":1610263893,"event":{"mods":["Act Like it!","Alarm Clock","BaseMod","Bestiary","Better Note","Better Third Choice","Better Vampires","Colored Powertips","Custom Start","Gold Saver","Gremlin Skip","Luminous","Marked Mod","Minty Spire (QoL Compilation)","Rare Cards Sparkle","Spicy Shops","StSLib","SuperFastMode","[功能]功能增强和修复MOD","【功能Mod】精心准备"],"gold_per_floor":[622,641,143,143,163,163,180,180,180,60,60,79,79,100,100,229,229,253,353,168,218,93,129,129,153,153,173,173,15,15,36,36,166,166,189,189,96,429,439,439,0,30,30,30,45,0,0,18,18,18],"floor_reached":51,"playtime":705,"items_purged":["Beam Cell"],"score":1183,"play_id":"68989bbc-7d1b-49ac-b251-597476b39ca0","local_time":"20210110153133","is_ascension_mode":false,"campfire_choices":[{"data":"Prostrate","floor":6,"key":"SMITH"},{"data":"Flex","floor":8,"key":"SMITH"},{"data":"Gash","floor":15,"key":"SMITH"},{"data":"Deflect","floor":24,"key":"SMITH"},{"floor":28,"key":"REST"},{"floor":32,"key":"REST"},{"floor":40,"key":"REST"},{"data":"Clash","floor":47,"key":"SMITH"},{"floor":49,"key":"REST"}],"circlet_count":0,"master_deck":["Prostrate+1","Deflect+1","Gash+1","Flex+1","Clash+1"],"relics":["Unceasing Top","Incense Burner","Turnip","Centennial Puzzle","Blood Vial","Runic Dome","Medical Kit","Pen Nib","Bag of Preparation","The Courier","Singing Bowl","Philosopher\u0027s Stone","Letter Opener","Orichalcum","Red Mask","Whetstone","Smiling Mask"],"acts_visited":["Exordium","TheCity","TheBeyond"],"potions_floor_usage":[],"damage_taken":[{"damage":0,"enemies":"Small Slimes","floor":1,"turns":1},{"damage":0,"enemies":"Jaw Worm","floor":2,"turns":1},{"damage":0,"enemies":"2 Louse","floor":5,"turns":1},{"damage":0,"enemies":"Large Slime","floor":7,"turns":1},{"damage":0,"enemies":"Exordium Wildlife","floor":12,"turns":1},{"damage":0,"enemies":"Exordium Thugs","floor":14,"turns":1},{"damage":0,"enemies":"The Guardian","floor":16,"turns":1},{"damage":0,"enemies":"3 Byrds","floor":18,"turns":1},{"damage":0,"enemies":"Slavers","floor":23,"turns":1},{"damage":0,"enemies":"Spheric Guardian","floor":25,"turns":1},{"damage":0,"enemies":"Chosen and Byrds","floor":27,"turns":1},{"damage":0,"enemies":"Snake Plant","floor":31,"turns":1},{"damage":0,"enemies":"Champ","floor":33,"turns":1},{"damage":0,"enemies":"3 Darklings","floor":35,"turns":1},{"damage":0,"enemies":"Orb Walker","floor":39,"turns":1},{"damage":0,"enemies":"Nemesis","floor":42,"turns":1},{"damage":0,"enemies":"Spire Growth","floor":45,"turns":1},{"damage":0,"enemies":"Transient","floor":48,"turns":1},{"damage":0,"enemies":"Awakened One","floor":50,"turns":3}],"seed_played":"-5141699230020055506","potions_obtained":[{"floor":2,"key":"SteroidPotion"},{"floor":7,"key":"EntropicBrew"},{"floor":12,"key":"Energy Potion"}],"is_trial":true,"path_per_floor":["M","M","$","?","M","R","M","R","T","$","?","M","?","M","R","B",null,"M","?","$","?","$","E","R","M","T","M","R","$","?","M","R","B",null,"M","T","$","?","M","R","?","E","T","$","M","$","R","M","R","B",null],"character_chosen":"IRONCLAD","items_purchased":["Incense Burner","Turnip","Blood Vial","Medical Kit","Pen Nib","Singing Bowl","Orichalcum","Clash"],"campfire_rested":4,"item_purchase_floors":[3,3,10,20,22,29,37,46],"current_hp_per_floor":[80,80,80,85,85,85,85,85,85,85,64,66,66,68,68,70,85,85,85,85,85,85,85,85,85,85,85,85,85,85,87,87,89,89,91,91,91,91,93,93,93,95,95,95,97,97,97,99,99,99],"gold":18,"neow_bonus":"","is_daily":false,"chose_seed":false,"campfire_upgraded":5,"win_rate":0.0,"timestamp":1610263893,"path_taken":["M","M","$","?","M","R","M","R","T","$","?","?","?","M","R","BOSS","M","?","$","?","?","E","R","M","T","?","R","$","?","M","R","BOSS","M","?","$","?","M","R","?","E","T","$","M","?","R","M","R","BOSS"],"items_purchased_type":["Relic","Relic","Relic","Relic","Relic","Relic","Relic","Card"],"build_version":"2020-12-22","purchased_purges":1,"victory":true,"max_hp_per_floor":[80,80,80,85,85,85,85,85,85,85,85,85,85,85,85,85,85,85,85,85,85,85,85,85,85,85,85,85,85,85,87,87,89,89,91,91,91,91,93,93,93,95,95,95,97,97,97,99,99,99],"card_choices":[{"not_picked":["True Grit","Warcry","Infernal Blade"],"picked":"SKIP","floor":1},{"not_picked":["Twin Strike","Body Slam"],"picked":"Flex","floor":2},{"not_picked":["Carnage","Warcry","Anger"],"picked":"SKIP","floor":5},{"not_picked":["Battle Trance","Twin Strike","Anger"],"picked":"SKIP","floor":7},{"not_picked":["Clash","Iron Wave","Power Through"],"picked":"SKIP","floor":12},{"not_picked":["Heavy Blade","Perfected Strike","Shrug It Off"],"picked":"SKIP","floor":14},{"not_picked":["Sword Boomerang","Dropkick","Clothesline"],"picked":"SKIP","floor":18},{"not_picked":["Searing Blow","Cleave","Spot Weakness+1"],"picked":"SKIP","floor":23},{"not_picked":["Havoc","Flex+1","Armaments+1"],"picked":"SKIP","floor":25},{"not_picked":["Pommel Strike+1","Armaments","Pummel+1"],"picked":"SKIP","floor":27},{"not_picked":["Wild Strike","Pommel Strike","Spot Weakness"],"picked":"Singing Bowl","floor":31},{"not_picked":["Feed","Demon Form","Barricade"],"picked":"Singing Bowl","floor":33},{"not_picked":["Uppercut+1","Perfected Strike","Flex+1"],"picked":"Singing Bowl","floor":35},{"not_picked":["Sever Soul+1","Perfected Strike+1","Thunderclap+1"],"picked":"Singing Bowl","floor":39},{"not_picked":["Shockwave+1","Inflame+1","Flex+1"],"picked":"Singing Bowl","floor":42},{"not_picked":["Hemokinesis","Power Through+1","True Grit+1"],"picked":"Singing Bowl","floor":45},{"not_picked":["Blood for Blood+1","Wild Strike","Rampage"],"picked":"Singing Bowl","floor":48}],"player_experience":376313,"relics_obtained":[{"floor":9,"key":"Centennial Puzzle"},{"floor":23,"key":"Bag of Preparation"},{"floor":26,"key":"The Courier"},{"floor":36,"key":"Letter Opener"},{"floor":42,"key":"Whetstone"},{"floor":43,"key":"Smiling Mask"}],"event_choices":[{"damage_healed":0,"gold_gain":0,"player_choice":"Donut","damage_taken":0,"max_hp_gain":5,"max_hp_loss":0,"event_name":"Big Fish","floor":4,"gold_loss":0},{"damage_healed":0,"gold_gain":0,"player_choice":"Take Damage","damage_taken":21,"relics_obtained":["Golden Idol"],"max_hp_gain":0,"max_hp_loss":0,"event_name":"Golden Idol","floor":11,"gold_loss":0},{"damage_healed":0,"gold_gain":0,"player_choice":"Ignored","damage_taken":0,"max_hp_gain":0,"max_hp_loss":0,"event_name":"Golden Wing","floor":13,"gold_loss":0},{"damage_healed":0,"gold_gain":100,"player_choice":"Pray","damage_taken":0,"max_hp_gain":0,"max_hp_loss":0,"event_name":"Golden Shrine","floor":19,"gold_loss":0},{"damage_healed":0,"gold_gain":100,"player_choice":"Bet on Murderer","damage_taken":0,"max_hp_gain":0,"max_hp_loss":0,"event_name":"The Joust","floor":21,"gold_loss":50},{"damage_healed":0,"gold_gain":0,"player_choice":"Ignored","damage_taken":0,"max_hp_gain":0,"max_hp_loss":0,"event_name":"N\u0027loth","floor":30,"gold_loss":0},{"damage_healed":0,"gold_gain":333,"player_choice":"Gave Idol","damage_taken":0,"max_hp_gain":0,"max_hp_loss":0,"event_name":"The Moai Head","floor":38,"relics_lost":["Golden Idol"],"gold_loss":0},{"damage_healed":0,"gold_gain":0,"player_choice":"Paid","damage_taken":0,"relics_obtained":["Red Mask"],"max_hp_gain":0,"max_hp_loss":0,"event_name":"Tomb of Lord Red Mask","floor":41,"gold_loss":439}],"is_beta":false,"boss_relics":[{"not_picked":["Runic Cube","Empty Cage"],"picked":"Runic Dome"},{"not_picked":["SlaversCollar","Velvet Choker"],"picked":"Philosopher\u0027s Stone"}],"items_purged_floors":[20],"is_endless":false,"potions_floor_spawned":[2,7,12,16,18,25,27,35,39,42],"ascension_level":0}}