{"host":"mytek2nu1hrzdnew","time":1610240852,"event":{"mods":["100% Spire Juice","AchievementEnabler","Aspiration","BaseMod","Conspire","GifTheSpireLib","Gold Saver","Hubris","Ironclad Rager","Minty Spire (QoL Compilation)","Replay The Spire","StSLib","Stuff the Spire","Uncapped"],"gold_per_floor":[746,756,235,235,235,235,269,269,322,334,363,378,398,409,409,504,504,488,413,169,169,169],"floor_reached":21,"playtime":6966,"items_purged":["Defend_G","Defend_G"],"score":189,"play_id":"2d417839-b301-4b92-9c8f-e97298c61c57","local_time":"20210109200732","is_ascension_mode":false,"campfire_choices":[{"data":"StuffTheSpire:BumpUp","floor":6,"key":"SMITH"},{"data":"A Thousand Cuts","floor":8,"key":"SMITH"},{"floor":15,"key":"REST"}],"circlet_count":0,"master_deck":["Strike_G","Strike_G","Strike_G","Defend_G","Defend_G","Defend_G","Survivor","Neutralize","StuffTheSpire:BumpUp+1","A Thousand Cuts+1","Quick Slash","Blur","Quick Slash","StuffTheSpire:BumpUp","StuffTheSpire:DoubleShiv","Calculated Gamble"],"relics":["Ring of the Snake","aspiration:Nostalgia","Burning Blood","Replay:Accelerometer","aspiration:BabyByrd","Regal Pillow","hubris:OldNail","Replay:Towering Pillar of Hats","StuffTheSpire:Experiment12"],"acts_visited":["Exordium","TheCity"],"potions_floor_usage":[11],"damage_taken":[{"damage":1,"enemies":"2 Louse","floor":1,"turns":3},{"damage":0,"enemies":"Small Slimes","floor":2,"turns":4},{"damage":35,"enemies":"3 Sentries","floor":7,"turns":13},{"damage":0,"enemies":"Cultist","floor":10,"turns":3},{"damage":20,"enemies":"Gremlin Nob","floor":11,"turns":4},{"damage":26,"enemies":"Gremlin Gang","floor":12,"turns":4},{"damage":11,"enemies":"Lots of Slimes","floor":13,"turns":4},{"damage":6,"enemies":"3 Louse","floor":14,"turns":4},{"damage":39,"enemies":"The Guardian","floor":16,"turns":10},{"damage":32,"enemies":"2 Thieves","floor":18,"turns":4},{"damage":48,"enemies":"conspire:MimicChest","floor":21,"turns":6}],"seed_played":"8485237664837622215","potions_obtained":[{"floor":7,"key":"DistilledChaos"},{"floor":13,"key":"Ancient Potion"},{"floor":18,"key":"AttackPotion"}],"is_trial":false,"path_per_floor":["M","M","$","?","?","R","E","R","T","M","E","M","M","M","R","B",null,"M","?","$","?"],"character_chosen":"THE_SILENT","items_purchased":["A Thousand Cuts","Replay:Accelerometer","Quick Slash","StuffTheSpire:Experiment12"],"campfire_rested":1,"item_purchase_floors":[3,3,3,20],"current_hp_per_floor":[70,70,70,70,70,70,41,41,41,47,33,13,8,8,44,11,70,44,44,44,0,0],"gold":169,"neow_bonus":"NOSTALGIA","is_daily":false,"chose_seed":false,"campfire_upgraded":2,"win_rate":0.0,"timestamp":1610240852,"path_taken":["M","M","$","?","?","R","E","R","T","?","E","?","?","M","R","BOSS","M","?","$","?"],"items_purchased_type":["Card","Relic","Card","Relic"],"build_version":"2020-12-22","purchased_purges":2,"victory":false,"max_hp_per_floor":[70,70,70,70,70,70,70,70,70,70,70,70,70,70,70,70,70,70,70,70,70,70],"card_choices":[{"not_picked":["hubris:SlightOfHand","Heel Hook"],"picked":"StuffTheSpire:BumpUp","floor":1},{"not_picked":["StuffTheSpire:Injection","hubris:SlightOfHand","Replay:Poison Smokescreen"],"picked":"SKIP","floor":2},{"not_picked":["Toxin Wave","Reflex"],"picked":"Quick Slash","floor":7},{"not_picked":["Blade Dance","Dagger Throw"],"picked":"StuffTheSpire:BumpUp","floor":10},{"not_picked":["Night Terror","Reflex","StuffTheSpire:Injection"],"picked":"SKIP","floor":11},{"not_picked":["Outmaneuver","Bouncing Flask","Poisoned Stab"],"picked":"SKIP","floor":12},{"not_picked":["Finisher","Outmaneuver","Dash"],"picked":"SKIP","floor":13},{"not_picked":["Dodge and Roll","Deadly Poison"],"picked":"StuffTheSpire:DoubleShiv","floor":14},{"not_picked":["Footwork","Choke"],"picked":"Calculated Gamble","floor":18}],"player_experience":1044715,"relics_obtained":[{"floor":7,"key":"Regal Pillow"},{"floor":9,"key":"hubris:OldNail"},{"floor":11,"key":"Replay:Towering Pillar of Hats"}],"event_choices":[{"damage_healed":0,"gold_gain":0,"cards_transformed":["Strike_G"],"player_choice":"Transformed","damage_taken":0,"max_hp_gain":0,"max_hp_loss":0,"event_name":"Transmorgrifier","floor":5,"gold_loss":0,"cards_obtained":["Blur"]},{"cards_removed":["Strike_G"],"damage_healed":0,"gold_gain":0,"player_choice":"Gave Gold","damage_taken":0,"max_hp_gain":0,"max_hp_loss":0,"event_name":"Beggar","floor":19,"gold_loss":75}],"is_beta":false,"boss_relics":[{"not_picked":["StuffTheSpire:Kangaroo","hubris:BlackHole","Honey Jar"]}],"items_purged_floors":[3,20],"is_endless":false,"potions_floor_spawned":[7,13,16,18],"killed_by":"conspire:MimicChest","ascension_level":0}}