{"host":"4328iixd8pca51w5","time":1610285485,"event":{"mods":["2.2 Compatiblity","AchievementEnabler","BaseMod","CapriCore","Colored Map","KOR Keyword Fix","Minty Spire (QoL Compilation)","StSLib","The Immortal"],"gold_per_floor":[210,210,220,1,1,1,13,188,264,299,299,313,340,200,200,304,354,364,289,303,320,235,235,90,103,103,103,133,133,150,150,150,255,255,287,299,322,55,75,75,103,103,103,114,41,41,56,71,71,71],"floor_reached":51,"playtime":3069,"items_purged":["Pain","Doubt","MokouMod:Defend"],"score":1052,"play_id":"4b732666-e339-430b-86d0-5d87f0a19508","local_time":"20210110223125","is_ascension_mode":true,"campfire_choices":[{"data":"MokouMod:BurningDraft","floor":6.0,"key":"SMITH"},{"data":"MokouMod:SearingShot","floor":11.0,"key":"SMITH"},{"data":"MokouMod:FlickeringFlame","floor":15.0,"key":"SMITH"},{"data":"MokouMod:FujiyamaVolcano","floor":23.0,"key":"SMITH"},{"data":"MokouMod:Sear","floor":29.0,"key":"SMITH"},{"data":"MokouMod:Overheat","floor":32.0,"key":"SMITH"},{"data":"MokouMod:ScorchedEarth","floor":40,"key":"SMITH"},{"data":"MokouMod:Scorch","floor":46,"key":"SMITH"},{"floor":49,"key":"REST"}],"circlet_count":0,"master_deck":["MokouMod:Strike","MokouMod:Strike","MokouMod:Strike","MokouMod:Strike+1","MokouMod:Strike","MokouMod:Defend","MokouMod:Defend+1","MokouMod:HeatSpark","MokouMod:FlickeringFlame+1","MokouMod:BurningDraft+1","MokouMod:Fireball+1","MokouMod:SearingShot+1","MokouMod:IndiscriminateIgnition","MokouMod:ScorchedEarth+1","MokouMod:FujiyamaVolcano+1","MokouMod:Overheat+1","MokouMod:HeartofFire","MokouMod:Sear+1","MokouMod:Sear+1","MokouMod:Rebirth","CurseOfTheBell","MokouMod:FujiyamaVolcano+1","MokouMod:BurningDraft+1","MokouMod:IndiscriminateIgnition+1","MokouMod:Scorch+1"],"relics":["MokouMod:PhoenixFeather","WarpedTongs","Akabeko","Orichalcum","Singing Bowl","CaptainsWheel","Juzu Bracelet","Tiny House","Mango","Chemical X","Gremlin Horn","Whetstone","Mercury Hourglass","Calling Bell","MawBank","Matryoshka","Lizard Tail","Regal Pillow","Darkstone Periapt","Kunai","Thread and Needle"],"acts_visited":["Exordium","TheCity","TheBeyond"],"potions_floor_usage":[35,39,47,50,50,50],"damage_taken":[{"damage":12.0,"enemies":"Jaw Worm","floor":1.0,"turns":3.0},{"damage":3.0,"enemies":"Cultist","floor":3.0,"turns":2.0},{"damage":0.0,"enemies":"Small Slimes","floor":7.0,"turns":2.0},{"damage":8.0,"enemies":"3 Sentries","floor":10.0,"turns":5.0},{"damage":7.0,"enemies":"Blue Slaver","floor":12.0,"turns":2.0},{"damage":10.0,"enemies":"Gremlin Nob","floor":13.0,"turns":3.0},{"damage":30.0,"enemies":"The Guardian","floor":16.0,"turns":9.0},{"damage":6.0,"enemies":"Chosen","floor":18.0,"turns":3.0},{"damage":5.0,"enemies":"2 Thieves","floor":20.0,"turns":2.0},{"damage":0.0,"enemies":"Snake Plant","floor":21.0,"turns":2.0},{"damage":12.0,"enemies":"Chosen and Byrds","floor":25.0,"turns":3.0},{"damage":0.0,"enemies":"Gremlin Leader","floor":28.0,"turns":2.0},{"damage":0.0,"enemies":"3 Cultists","floor":30.0,"turns":2.0},{"damage":28,"enemies":"Automaton","floor":33,"turns":5},{"damage":31,"enemies":"3 Darklings","floor":35,"turns":3},{"damage":12,"enemies":"3 Shapes","floor":37,"turns":2},{"damage":6,"enemies":"Maw","floor":39,"turns":5},{"damage":0,"enemies":"Reptomancer","floor":41,"turns":3},{"damage":18,"enemies":"Spire Growth","floor":44,"turns":3},{"damage":6,"enemies":"Writhing Mass","floor":47,"turns":2},{"damage":0,"enemies":"4 Shapes","floor":48,"turns":1},{"damage":36,"enemies":"Donu and Deca","floor":50,"turns":3}],"seed_played":"4490525135101104306","potions_obtained":[{"floor":10.0,"key":"Fruit Juice"},{"floor":12.0,"key":"LiquidBronze"},{"floor":16.0,"key":"ColorlessPotion"},{"floor":17.0,"key":"FearPotion"},{"floor":18.0,"key":"LiquidBronze"},{"floor":21.0,"key":"SneckoOil"},{"floor":25.0,"key":"ColorlessPotion"},{"floor":33,"key":"Energy Potion"},{"floor":35,"key":"Energy Potion"},{"floor":41,"key":"GamblersBrew"},{"floor":42,"key":"LiquidBronze"},{"floor":42,"key":"ColorlessPotion"},{"floor":47,"key":"FearPotion"}],"is_trial":false,"path_per_floor":["M","?","M","$","T","R","M","?","T","E","R","M","E","$","R","B",null,"M","?","M","M","?","R","$","M","T","?","E","R","M","T","R","B",null,"M","$","M","$","M","R","E","?","T","M","$","R","M","M","R","B",null],"character_chosen":"MKU","items_purchased":["Akabeko","MokouMod:ScorchedEarth","Chemical X","Regal Pillow","MokouMod:Scorch"],"campfire_rested":1,"item_purchase_floors":[4,14,24,38,45],"current_hp_per_floor":[56,56,53,53,53,53,53,53,53,45,50,45,35,35,35,7,70,64,64,59,61,75,75,75,65,65,65,65,65,65,65,65,37,90,61,61,49,49,43,43,45,45,45,27,27,27,23,25,74,38],"gold":71,"neow_bonus":"HUNDRED_GOLD","is_daily":false,"chose_seed":false,"campfire_upgraded":8,"win_rate":0.0,"timestamp":1610285485,"path_taken":["M","?","M","$","?","R","?","?","T","E","R","M","E","$","R","BOSS","M","?","M","M","?","R","$","M","T","?","E","R","M","?","R","BOSS","M","$","M","$","M","R","E","?","T","M","$","R","M","M","R","BOSS"],"items_purchased_type":["Relic","Card","Relic","Relic","Card"],"build_version":"2020-12-22","purchased_purges":3,"victory":true,"max_hp_per_floor":[75,75,75,75,75,75,75,75,75,75,80,82,82,82,82,84,89,89,89,89,91,105,105,105,107,107,107,107,107,107,107,107,107,107,109,109,109,109,109,109,111,111,111,111,111,111,113,115,115,115],"card_choices":[{"not_picked":["MokouMod:TemporalFireSeal","MokouMod:Singe"],"picked":"MokouMod:FlickeringFlame","floor":1.0},{"not_picked":["MokouMod:ScorchedEarth","MokouMod:IndiscriminateIgnition"],"picked":"MokouMod:BurningDraft","floor":3.0},{"not_picked":["MokouMod:HeatCyclone","MokouMod:ExplosiveFlame"],"picked":"MokouMod:Fireball","floor":7.0},{"not_picked":["MokouMod:IndiscriminateIgnition","MokouMod:IllusoryBattlefield"],"picked":"MokouMod:SearingShot","floor":10.0},{"not_picked":["MokouMod:Refresh","MokouMod:TemporalFireSeal","MokouMod:Singe"],"picked":"Singing Bowl","floor":12.0},{"not_picked":["MokouMod:UncontrollableSolarReaction","MokouMod:FlamingFireTalons"],"picked":"MokouMod:IndiscriminateIgnition","floor":13.0},{"not_picked":["MokouMod:ProfanedFlare","MokouMod:ResonatingAura","MokouMod:BurningHiddenBullet"],"picked":"Singing Bowl","floor":16.0},{"not_picked":["MokouMod:IndiscriminateIgnition","MokouMod:RetainTemperature"],"picked":"MokouMod:FujiyamaVolcano","floor":17.0},{"not_picked":["MokouMod:BlazingComet","MokouMod:RoaringFlare"],"picked":"MokouMod:Overheat","floor":18.0},{"not_picked":["MokouMod:Fireball+1","MokouMod:CrimsonFlare"],"picked":"MokouMod:HeartofFire","floor":20.0},{"not_picked":["MokouMod:RoaringFlare","MokouMod:Firecracker","MokouMod:Stoke+1"],"picked":"Singing Bowl","floor":21.0},{"not_picked":["MokouMod:RetainTemperature","MokouMod:AdaptivePyromancy","MokouMod:Stoke"],"picked":"Singing Bowl","floor":25.0},{"not_picked":["MokouMod:CrimsonFlare","MokouMod:PhoenixFeathers+1"],"picked":"MokouMod:Sear","floor":28.0},{"not_picked":["MokouMod:Ember","MokouMod:Firecracker+1"],"picked":"MokouMod:Sear+1","floor":30.0},{"not_picked":["MokouMod:SpontaneousHumanCombustion","MokouMod:Ventilation"],"picked":"MokouMod:Rebirth","floor":33},{"not_picked":["MokouMod:Firecracker","MokouMod:UncontrollableSolarReaction+1","MokouMod:AdaptivePyromancy"],"picked":"Singing Bowl","floor":35},{"not_picked":["MokouMod:ResoluteFlare","MokouMod:ResonanceReactor+1"],"picked":"MokouMod:FujiyamaVolcano+1","floor":37},{"not_picked":["MokouMod:ScorchedEarth","MokouMod:RoaringFlare+1"],"picked":"MokouMod:BurningDraft+1","floor":39},{"not_picked":["MokouMod:Cataclysm","MokouMod:RoaringFlare+1","MokouMod:Ember"],"picked":"Singing Bowl","floor":41},{"not_picked":["MokouMod:SearingShot+1","MokouMod:EternalBurstReactor+1"],"picked":"MokouMod:IndiscriminateIgnition+1","floor":44},{"not_picked":["MokouMod:PhoenixFeathers+1","MokouMod:BurningDraft","MokouMod:Sear+1"],"picked":"Singing Bowl","floor":47},{"not_picked":["MokouMod:TemporalFireSeal+1","MokouMod:EnchantingBambooForest","MokouMod:AdaptivePyromancy+1"],"picked":"Singing Bowl","floor":48}],"player_experience":202445,"relics_obtained":[{"floor":5.0,"key":"Orichalcum"},{"floor":9.0,"key":"Singing Bowl"},{"floor":10.0,"key":"CaptainsWheel"},{"floor":13.0,"key":"Juzu Bracelet"},{"floor":26.0,"key":"Gremlin Horn"},{"floor":28.0,"key":"Whetstone"},{"floor":31.0,"key":"Mercury Hourglass"},{"floor":34,"key":"MawBank"},{"floor":34,"key":"Matryoshka"},{"floor":34,"key":"Lizard Tail"},{"floor":41,"key":"Darkstone Periapt"},{"floor":43,"key":"Kunai"},{"floor":43,"key":"Thread and Needle"}],"event_choices":[{"damage_healed":0.0,"max_hp_gain":0.0,"max_hp_loss":0.0,"gold_gain":0.0,"event_name":"Accursed Blacksmith","player_choice":"Rummage","floor":2.0,"gold_loss":0.0,"damage_taken":0.0,"relics_obtained":["WarpedTongs"],"cards_obtained":["Pain"]},{"damage_healed":0.0,"max_hp_gain":0.0,"max_hp_loss":0.0,"gold_gain":175.0,"event_name":"Liars Game","player_choice":"AGREE","floor":8.0,"gold_loss":0.0,"damage_taken":0.0,"cards_obtained":["Doubt"]},{"cards_removed":["MokouMod:Defend"],"damage_healed":0.0,"max_hp_gain":0.0,"max_hp_loss":0.0,"gold_gain":0.0,"event_name":"Beggar","player_choice":"Gave Gold","floor":19.0,"gold_loss":75.0,"damage_taken":0.0},{"damage_healed":0.0,"max_hp_gain":0.0,"max_hp_loss":0.0,"gold_gain":0.0,"event_name":"Addict","player_choice":"Obtained Relic","floor":22.0,"gold_loss":85.0,"damage_taken":0.0,"relics_obtained":["Mango"]},{"damage_healed":0.0,"max_hp_gain":0.0,"max_hp_loss":0.0,"gold_gain":0.0,"event_name":"Vampires","player_choice":"Ignored","floor":27.0,"gold_loss":0.0,"damage_taken":0.0},{"damage_healed":0,"gold_gain":0,"player_choice":"Got Potions","damage_taken":0,"max_hp_gain":0,"max_hp_loss":0,"event_name":"Lab","floor":42,"gold_loss":0}],"is_beta":false,"boss_relics":[{"not_picked":["Coffee Dripper","Fusion Hammer"],"picked":"Tiny House"},{"not_picked":["Cursed Key","Runic Dome"],"picked":"Calling Bell"}],"items_purged_floors":[4,14,38],"is_endless":false,"potions_floor_spawned":[10,12,16,18,21,25,33,35,41,47],"ascension_level":7}}