{"host":"wy5pcbg592uilh9l","time":1610310668,"event":{"mods":["AchievementEnabler","Act Like it!","BaseMod","BetterRewards","Curses Come First","Gensokyo","Hubris","Infinite Spire","Marisa????????","Minty Spire (QoL Compilation)","Permanent Neow","Replay The Spire","StSLib"],"gold_per_floor":[135,148,23,23,23,23,57,57,57,57,93,93,144,174,186,349,361,402,414,465,225,235,309,309,309,334,334,380,383,415,446,446,542,542,560,560,595,171,197,241,241,269,269,312,312,312,325,344,344,354],"floor_reached":51,"playtime":2997,"items_purged":["Strike_MRS","Strike_MRS","Defend_MRS","Defend_MRS","HandOfGreed+1"],"score":1251,"play_id":"425635e5-eb30-4282-b29f-b9408ec59486","local_time":"20210110143108","is_ascension_mode":true,"campfire_choices":[{"floor":6,"key":"REST"},{"floor":8,"key":"REST"},{"floor":15,"key":"REST"},{"floor":24,"key":"REST"},{"floor":27,"key":"REST"},{"floor":32,"key":"REST"},{"data":"UpSweep","floor":46,"key":"SMITH"},{"data":"EarthLightRay","floor":46,"key":"SMITH"},{"data":"Transmutation","floor":49,"key":"SMITH"},{"data":"ManaRampage","floor":49,"key":"SMITH"}],"circlet_count":0,"master_deck":["Strike_MRS","Defend_MRS","Defend_MRS","MasterSpark","UpSweep+1","Transmutation+1","ShootingEcho+1","MysteriousBeam+1","Acceleration","DeepEcoloBomb+1","MysteriousBeam+1","LuminesStrike+1","Clumsy","NonDirectionalLaser+1","WitchOfGreed","TreasureHunter+1","CurseOfTheBell","UnstableBomb+1","Dramatic Entrance+1","EarthLightRay+1","PropBag","ShootTheMoon+1","WitchLeyline+1","BlazeAway+1","ManaRampage+1","StarlightTyphoon","ReplayTheSpireMod:Uncanny Aura","6A+1","Orbital+1","Orbital+1","MysteriousBeam+1"],"relics":["MiniHakkero","Molten Egg 2","PreservedInsect","Sling","Blue Doll","hubris:SlimyHat","Lizard Tail","Pear","Gensokyo:NagashiBinaDoll","MawBank","ReplayFunnel","Replay:Grab Bag","Busted Crown","Philosopher\u0027s Stone","Calling Bell","Blood Vial","Sundial","Replay:Arrowhead","Unceasing Top","hubris:Icosahedron","Vajra","infinitespire:EmpoweringShard","Toy Ornithopter","Replay:Ringing Soul","Bottled Tornado","infinitespire:Joker Card","SproutingBranch","hubris:RunicObelisk","hubris:Towel","Membership Card","hubris:TenFootPole","hubris:Metronome","Juzu Bracelet","Frozen Egg 2","Incense Burner","hubris:CrystalStatue","Orichalcum"],"acts_visited":["Exordium","TheCity","TheBeyond"],"potions_floor_usage":[11,16,18,20,20,22,22,29,30,33,33,38,42,42,47,47,48,50],"damage_taken":[{"damage":0,"enemies":"Gensokyo:Python","floor":1,"turns":1},{"damage":0,"enemies":"Gensokyo:Gryphon","floor":2,"turns":2},{"damage":7,"enemies":"Gensokyo:Cirno","floor":7,"turns":5},{"damage":2,"enemies":"Gensokyo:2_Kodama","floor":11,"turns":3},{"damage":0,"enemies":"Gensokyo:Aya","floor":13,"turns":3},{"damage":0,"enemies":"Gensokyo:LivingMonolith","floor":14,"turns":2},{"damage":36,"enemies":"Gensokyo:Kokoro","floor":16,"turns":8},{"damage":12,"enemies":"Spheric Guardian","floor":18,"turns":3},{"damage":6,"enemies":"2 Thieves","floor":20,"turns":2},{"damage":6,"enemies":"Shelled Parasite and Fungi","floor":22,"turns":2},{"damage":40,"enemies":"Slavers","floor":23,"turns":3},{"damage":13,"enemies":"Replay:Snechameleon","floor":28,"turns":3},{"damage":9,"enemies":"Cultist and Chosen","floor":29,"turns":3},{"damage":36,"enemies":"Book of Stabbing","floor":30,"turns":3},{"damage":6,"enemies":"Snecko","floor":31,"turns":2},{"damage":40,"enemies":"Collector","floor":33,"turns":4},{"damage":15,"enemies":"3 Darklings","floor":35,"turns":2},{"damage":13,"enemies":"Orb Walker","floor":37,"turns":2},{"damage":0,"enemies":"Sphere and 2 Shapes","floor":39,"turns":2},{"damage":2,"enemies":"Reptomancer","floor":40,"turns":2},{"damage":0,"enemies":"Nemesis","floor":42,"turns":1},{"damage":25,"enemies":"R_Hoarder","floor":44,"turns":3},{"damage":0,"enemies":"Writhing Mass","floor":47,"turns":4},{"damage":0,"enemies":"Spire Growth","floor":48,"turns":1},{"damage":28,"enemies":"hubris:GrandSnecko","floor":50,"turns":5}],"seed_played":"-4127146953747083578","potions_obtained":[{"floor":7,"key":"DuplicationPotion"},{"floor":13,"key":"LifebloodPotion"},{"floor":16,"key":"Flashbang"},{"floor":16,"key":"Fire Potion"},{"floor":18,"key":"LifebloodPotion"},{"floor":20,"key":"Adrenaline Potion"},{"floor":20,"key":"Reflective Coating"},{"floor":22,"key":"Strength Potion"},{"floor":28,"key":"Swift Potion"},{"floor":29,"key":"Milkshake"},{"floor":29,"key":"LiquidBronze"},{"floor":31,"key":"Toxic Potion"},{"floor":33,"key":"Fruit Juice"},{"floor":37,"key":"Weak Potion"},{"floor":39,"key":"Energy Potion"},{"floor":40,"key":"DistilledChaos"},{"floor":44,"key":"Languid Potion"},{"floor":44,"key":"DuplicationPotion"},{"floor":47,"key":"Swift Potion"},{"floor":48,"key":"Adrenaline Potion"}],"is_trial":false,"path_per_floor":["M","M","COS","?","$","R","E","R","T","?","M","?","E","M","R","B",null,"M","?","M","$","M","E","R","?","T","R","E","M","E","M","R","B",null,"M","?","M","$","M","E","?","E","T","E","?","R","M","M","R","B",null],"character_chosen":"MARISA","items_purchased":["Molten Egg 2","Transmutation","PreservedInsect","Sling","Blue Doll","HandOfGreed+1","ShootingEcho+1","MysteriousBeam+1","Vajra","Dramatic Entrance+1","Strength Potion","Membership Card","hubris:TenFootPole","IllusionStar+1","ReplayTheSpireMod:Uncanny Aura","6A+1","SteroidPotion"],"campfire_rested":6,"item_purchase_floors":[0,0,0,0,0,0,0,0,21,21,21,38,38,38,38,38,38],"current_hp_per_floor":[28,28,28,28,28,50,43,65,65,60,58,58,58,58,83,47,85,73,73,69,69,65,31,56,56,56,81,75,77,55,54,82,61,97,85,85,79,92,102,107,107,111,111,89,89,89,113,117,117,98],"gold":354,"neow_bonus":"","is_daily":false,"chose_seed":false,"campfire_upgraded":4,"win_rate":0.0,"timestamp":1610310668,"path_taken":["M","M","COS","?","$","R","E","R","T","?","?","?","E","M","R","BOSS","M","?","M","$","M","E","R","?","T","R","E","M","E","M","R","BOSS","M","?","M","$","M","E","?","E","T","E","?","R","M","M","R","BOSS"],"items_purchased_type":["Relic","Card","Relic","Relic","Relic","Card","Card","Card","Relic","Card","Potion","Relic","Relic","Card","Card","Card","Potion"],"build_version":"2020-12-22","purchased_purges":5,"victory":true,"max_hp_per_floor":[75,75,75,75,75,75,75,75,75,85,85,85,85,85,85,85,85,85,85,85,85,85,85,85,85,85,85,88,88,91,94,94,97,97,100,100,100,108,111,111,111,111,111,114,114,114,114,117,117,117],"card_choices":[{"not_picked":["SporeBomb","EnergyFlow"],"picked":"Acceleration","floor":1},{"not_picked":["AlicesGift+1","LuminesStrike+1"],"picked":"DeepEcoloBomb+1","floor":2},{"not_picked":["GalacticHalo","RefractionSpark+1"],"picked":"MysteriousBeam+1","floor":7},{"not_picked":["BlazeAway","PowerUp"],"picked":"LuminesStrike+1","floor":11},{"not_picked":["FairyDestructionRay+1","DoubleSpark+1"],"picked":"NonDirectionalLaser+1","floor":13},{"not_picked":["ShootingEcho+1","MysteriousBeam+1"],"picked":"WitchOfGreed","floor":14},{"not_picked":["BigCrunch","StarDustReverie"],"picked":"TreasureHunter+1","floor":16},{"not_picked":[],"picked":"UnstableBomb+1","floor":18},{"not_picked":["DarkMatter"],"picked":"SKIP","floor":20},{"not_picked":[],"picked":"EarthLightRay","floor":22},{"not_picked":[],"picked":"PropBag","floor":23},{"not_picked":[],"picked":"ShootTheMoon+1","floor":28},{"not_picked":["OneTimeOff+1"],"picked":"SKIP","floor":29},{"not_picked":[],"picked":"WitchLeyline+1","floor":30},{"not_picked":[],"picked":"BlazeAway+1","floor":31},{"not_picked":[],"picked":"ManaRampage","floor":33},{"not_picked":[],"picked":"StarlightTyphoon","floor":35},{"not_picked":["EnergyRecoil+1"],"picked":"SKIP","floor":37},{"not_picked":[],"picked":"Orbital+1","floor":39},{"not_picked":["EnergyRecoil"],"picked":"SKIP","floor":40},{"not_picked":["Acceleration+1"],"picked":"SKIP","floor":42},{"not_picked":[],"picked":"Orbital+1","floor":44},{"not_picked":["NonDirectionalLaser+1"],"picked":"SKIP","floor":47},{"not_picked":[],"picked":"MysteriousBeam+1","floor":48}],"player_experience":253017,"relics_obtained":[{"floor":7,"key":"hubris:SlimyHat"},{"floor":9,"key":"Lizard Tail"},{"floor":13,"key":"ReplayFunnel"},{"floor":17,"key":"Blood Vial"},{"floor":17,"key":"Sundial"},{"floor":17,"key":"Replay:Arrowhead"},{"floor":23,"key":"infinitespire:EmpoweringShard"},{"floor":26,"key":"Toy Ornithopter"},{"floor":28,"key":"Replay:Ringing Soul"},{"floor":28,"key":"Bottled Tornado"},{"floor":30,"key":"infinitespire:Joker Card"},{"floor":33,"key":"SproutingBranch"},{"floor":40,"key":"hubris:Metronome"},{"floor":40,"key":"Juzu Bracelet"},{"floor":42,"key":"Frozen Egg 2"},{"floor":42,"key":"Incense Burner"},{"floor":43,"key":"hubris:CrystalStatue"},{"floor":44,"key":"Orichalcum"}],"event_choices":[{"cards_removed":["IllusionStar"],"damage_healed":0,"gold_gain":0,"player_choice":"Removed Skill","damage_taken":0,"max_hp_gain":0,"max_hp_loss":0,"event_name":"Falling","floor":41,"gold_loss":0},{"cards_removed":["Strike_MRS"],"damage_healed":0,"gold_gain":0,"player_choice":"Purged","damage_taken":0,"max_hp_gain":0,"max_hp_loss":0,"event_name":"Purifier","floor":45,"gold_loss":0}],"is_beta":false,"boss_relics":[{"not_picked":["hubris:GrandSneckoEye","Kintsugi"],"picked":"Replay:Grab Bag"},{"not_picked":["ReplayTheSpireMod:DimensionalGlitch","Cursed Key"],"picked":"Busted Crown"},{"not_picked":["Replay:Bronze Core","Coffee Dripper"],"picked":"Philosopher\u0027s Stone"},{"not_picked":["Snecko Eye","hubris:Stopwatch"],"picked":"Calling Bell"},{"not_picked":["Runic Pyramid","hubris:ScarierMask"],"picked":"hubris:RunicObelisk"}],"items_purged_floors":[0,0,0,0,38],"is_endless":false,"potions_floor_spawned":[7,13,16,20,22,29,33,39,44,47,48],"ascension_level":2}}