{"host":"ss2ocoam53r2lno0","time":1610301483,"event":{"mods":["Act Like it!","BaseMod","ChefMod","Clockwork Mod","Colored Powertips","Curses Come First","Dark Map","Displayed Cursed Tome","Downfall","Evolution","Googly Eyes","Hallownest","Highlight Path","Minty Spire (QoL Compilation)","Poor People Problems","Rare Cards Sparkle","Robot Space Explorer","Shade Mod","Shop Mod","Spicy Shops","StSLib","The Marked"],"gold_per_floor":[114,37,52,17,17,17,53,53,53,77,77,102,122,151,151,260,269,290,311,311,311,332,332,332],"floor_reached":23,"playtime":4070,"items_purged":[],"score":193,"play_id":"31d80501-1617-4a4a-b21c-05c64cf4abcd","local_time":"20210110185803","is_ascension_mode":false,"campfire_choices":[{"floor":6.0,"key":"REST"},{"floor":15.0,"key":"REST"}],"circlet_count":0,"master_deck":["RobotSpaceExplorer:Strike","RobotSpaceExplorer:Strike","RobotSpaceExplorer:Strike","RobotSpaceExplorer:Strike","RobotSpaceExplorer:Defend","RobotSpaceExplorer:Defend","RobotSpaceExplorer:Defend","RobotSpaceExplorer:Defend","RobotSpaceExplorer:Scan","RobotSpaceExplorer:MiniLasers","RobotSpaceExplorer:FrostMissile","RobotSpaceExplorer:PowerGlove","RobotSpaceExplorer:SurgingStrike","RobotSpaceExplorer:FreezeRay","RobotSpaceExplorer:MakeshiftVolley","RobotSpaceExplorer:TurboDodge","RobotSpaceExplorer:MiniDrones","RobotSpaceExplorer:StarLightning","RobotSpaceExplorer:Electropulse","RobotSpaceExplorer:TrailblazerForm","CurseOfTheBell","RobotSpaceExplorer:Calculate+1","RobotSpaceExplorer:MetalStrike","RobotSpaceExplorer:StarLightning+1"],"relics":["RobotSpaceExplorer:RoboCore","EVO:Axolotl","CeramicFish","Smiling Mask","Calling Bell","PreservedInsect","Letter Opener","Thread and Needle","Red Mask"],"acts_visited":["Hallownest:Greenpath","Hallownest:CityofTears"],"potions_floor_usage":[23],"damage_taken":[{"damage":10.0,"enemies":"Hallownest:2_Tiktiks_and_1_Crawlid","floor":1.0,"turns":4.0},{"damage":7.0,"enemies":"Hallownest:monsterHuskWarrior","floor":3.0,"turns":4.0},{"damage":11.0,"enemies":"Hallownest:eliteVengeflyKing","floor":7.0,"turns":7.0},{"damage":2.0,"enemies":"Hallownest:monsterHuskGuard","floor":10.0,"turns":3.0},{"damage":23.0,"enemies":"Hallownest:2_Tiktiks_1_Baldur_1_Crawlid","floor":12.0,"turns":4.0},{"damage":7.0,"enemies":"Hallownest:MossCreep_and_Mosskin","floor":13.0,"turns":6.0},{"damage":0.0,"enemies":"Hallownest:monsterMossCharger","floor":14.0,"turns":2.0},{"damage":53.0,"enemies":"Hallownest:BossBrokenVessel","floor":16.0,"turns":11.0},{"damage":16.0,"enemies":"Hallownest:Guard_and_Sentry","floor":18.0,"turns":6.0},{"damage":3.0,"enemies":"Hallownest:3_Youths","floor":19.0,"turns":16.0},{"damage":63.0,"enemies":"Hallownest:2_Flukemon","floor":22.0,"turns":8.0},{"damage":13,"enemies":"Hallownest:eliteWatcherKnight","floor":23,"turns":5}],"seed_played":"4995918742800662308","potions_obtained":[{"floor":0.0,"key":"SkillPotion"},{"floor":0.0,"key":"SpeedPotion"},{"floor":0.0,"key":"LiquidMemories"},{"floor":16.0,"key":"Ancient Potion"},{"floor":18.0,"key":"Swift Potion"}],"is_trial":false,"path_per_floor":["M","$","M","$","?","R","E","?","T","M","$","M","M","M","R","B",null,"M","M","?","?","M","E"],"character_chosen":"RobotSpaceExplorer","items_purchased":["RobotSpaceExplorer:PowerGlove","RobotSpaceExplorer:FreezeRay"],"campfire_rested":2,"item_purchase_floors":[2,4],"current_hp_per_floor":[65,65,58,58,58,75,64,64,64,62,62,39,32,32,54,1,75,59,56,56,70,7,0,0],"gold":332,"neow_bonus":"THREE_SMALL_POTIONS","is_daily":false,"chose_seed":false,"campfire_upgraded":0,"win_rate":0.0,"timestamp":1610301483,"path_taken":["M","$","M","$","?","R","E","?","T","M","?","M","M","M","R","BOSS","M","M","?","?","M","E"],"items_purchased_type":["Card","Card"],"build_version":"2020-12-22","purchased_purges":0,"victory":false,"max_hp_per_floor":[75,75,75,75,75,75,75,75,75,75,75,75,75,75,75,75,75,75,75,75,75,75,75,75],"card_choices":[{"not_picked":["RobotSpaceExplorer:MakeshiftVolley","RobotSpaceExplorer:RigExplosive"],"picked":"RobotSpaceExplorer:FrostMissile","floor":1.0},{"not_picked":["RobotSpaceExplorer:ExhaustFan","RobotSpaceExplorer:Calculate"],"picked":"RobotSpaceExplorer:SurgingStrike","floor":3.0},{"not_picked":["RobotSpaceExplorer:Electroshield","RobotSpaceExplorer:SwiftStep"],"picked":"RobotSpaceExplorer:MakeshiftVolley","floor":7.0},{"not_picked":["RobotSpaceExplorer:SwiftStep","RobotSpaceExplorer:Counterblock"],"picked":"RobotSpaceExplorer:TurboDodge","floor":10.0},{"not_picked":["RobotSpaceExplorer:SwiftStep","RobotSpaceExplorer:ImprovisedAttack"],"picked":"RobotSpaceExplorer:MiniDrones","floor":12.0},{"not_picked":["RobotSpaceExplorer:PowerGlove","RobotSpaceExplorer:Ammunition"],"picked":"RobotSpaceExplorer:StarLightning","floor":13.0},{"not_picked":["RobotSpaceExplorer:Ammunition","RobotSpaceExplorer:SelfCleaning"],"picked":"RobotSpaceExplorer:Electropulse","floor":14.0},{"not_picked":["RobotSpaceExplorer:BlastShield","RobotSpaceExplorer:Wormhole"],"picked":"RobotSpaceExplorer:TrailblazerForm","floor":16.0},{"not_picked":["RobotSpaceExplorer:ScrapMissile","RobotSpaceExplorer:RigExplosive"],"picked":"RobotSpaceExplorer:Calculate+1","floor":18.0},{"not_picked":["RobotSpaceExplorer:SurgingStrike","RobotSpaceExplorer:MakeshiftVolley+1"],"picked":"RobotSpaceExplorer:MetalStrike","floor":19.0},{"not_picked":["RobotSpaceExplorer:ScrapShield","RobotSpaceExplorer:Pulsar"],"picked":"RobotSpaceExplorer:StarLightning+1","floor":22.0}],"player_experience":639861,"relics_obtained":[{"floor":7.0,"key":"CeramicFish"},{"floor":9.0,"key":"Smiling Mask"},{"floor":17.0,"key":"PreservedInsect"},{"floor":17.0,"key":"Letter Opener"},{"floor":17.0,"key":"Thread and Needle"}],"event_choices":[],"is_beta":false,"boss_relics":[{"not_picked":["Runic Pyramid","Empty Cage"],"picked":"Calling Bell"}],"items_purged_floors":[],"is_endless":false,"potions_floor_spawned":[1,3,14,16,18],"killed_by":"Hallownest:eliteWatcherKnight","ascension_level":0}}