{"host":"mmyob72dycyg5z21","time":1610242755,"event":{"mods":["Act Like it!","Alarm Clock","BaseMod","Bestiary","Better Note","Better Third Choice","Better Vampires","Colored Powertips","Gold Saver","Gremlin Skip","Luminous","Marked Mod","Minty Spire (QoL Compilation)","Poor People Problems","Rare Cards Sparkle","Spicy Shops","StSLib","SuperFastMode","[功能]功能增强和修复MOD","【功能Mod】精心准备","【遗物卡牌】REMEMod"],"gold_per_floor":[1714,1745,974,974,1013,963,1008,1008,1085,1110,695,695,769,839,839,993,993,1025,596,605,621,630,674,674,741,764,773,773,821,834,881,881,1013,1013,1038,1062,447,463,481,531,531,549,549,589,32,32,12,43,43,43,43,43,31,74,74],"floor_reached":56,"playtime":1857,"items_purged":["Strike_R","Bash","Normality","Pain","HandOfGreed"],"score":1822,"play_id":"9125d75d-f48d-44d1-a068-d1509ba8909d","local_time":"20210110093915","is_ascension_mode":false,"campfire_choices":[{"data":"REME_BattleFury","floor":15.0,"key":"SMITH"},{"data":"Feel No Pain","floor":24.0,"key":"SMITH"},{"floor":32,"key":"RECALL"},{"data":"Barricade","floor":46,"key":"SMITH"},{"data":"REME_Flogging","floor":49,"key":"SMITH"},{"data":"REME_FearOfPain","floor":52,"key":"SMITH"}],"circlet_count":0,"master_deck":["Strike_R+1","Strike_R+1","Strike_R","Defend_R","Defend_R","Defend_R","REME_BattleFury+1","Thunderclap+1","Feel No Pain+1","Bludgeon+1","REME_TheLastStrike+1","Impervious+1","Entrench+1","Body Slam+1","Panache","Luminous:Mirror_Force_Luminous+1","Second Wind+1","Apotheosis+1","REME_Cut","Fiend Fire+1","Barricade+1","REME_FearOfPain+1","REME_Flogging+1","REME_BattleFury+1","REME_FirmDetermination","Dark Shackles+1","True Grit+1","Madness+1","Madness+1","Perfected Strike+1","Shrug It Off+1","Havoc+1","Reckless Charge+1"],"relics":["Dead Branch","Runic Dome","Membership Card","Molten Egg 2","Shuriken","TheAbacus","Centennial Puzzle","CeramicFish","Toy Ornithopter","Kunai","Calipers","Happy Flower","Bronze Scales","Chemical X","Sling","Pear","Golden Idol","Toxic Egg 2","Busted Crown","CaptainsWheel","HornCleat","OrangePellets","MealTicket","WarpedTongs","TungstenRod","Mummified Hand","Mango","Black Star","REME_CardOfGreed","REME_IWantAll","Dead Branch","DollysMirror","Omamori","Strawberry","Bottled Lightning","Whetstone","Boot","REME_HourglassOfDeath","Frozen Egg 2","Darkstone Periapt","Nunchaku","Toolbox","Ice Cream","Pantograph","Pocketwatch","Ginger","Mercury Hourglass"],"acts_visited":["Exordium","TheCity","TheBeyond","TheEnding"],"potions_floor_usage":[55,55],"damage_taken":[{"damage":0.0,"enemies":"Small Slimes","floor":1.0,"turns":2.0},{"damage":0.0,"enemies":"2 Louse","floor":2.0,"turns":2.0},{"damage":0.0,"enemies":"Jaw Worm","floor":5.0,"turns":1.0},{"damage":9.0,"enemies":"3 Sentries","floor":7.0,"turns":3.0},{"damage":0.0,"enemies":"Lagavulin","floor":10.0,"turns":4.0},{"damage":0.0,"enemies":"Large Slime","floor":14.0,"turns":5.0},{"damage":15.0,"enemies":"The Guardian","floor":16.0,"turns":9.0},{"damage":0.0,"enemies":"Spheric Guardian","floor":18.0,"turns":1.0},{"damage":13.0,"enemies":"Chosen","floor":21.0,"turns":2.0},{"damage":8.0,"enemies":"REME_1_Revenger","floor":23.0,"turns":2.0},{"damage":6.0,"enemies":"Book of Stabbing","floor":25.0,"turns":3.0},{"damage":1,"enemies":"Snecko","floor":29,"turns":2},{"damage":0,"enemies":"Snake Plant","floor":30,"turns":2},{"damage":0,"enemies":"REME_1_Revenger","floor":31,"turns":2},{"damage":1,"enemies":"Collector","floor":33,"turns":4},{"damage":0,"enemies":"Orb Walker","floor":35,"turns":1},{"damage":0,"enemies":"3 Shapes","floor":36,"turns":3},{"damage":0,"enemies":"Transient","floor":38,"turns":4},{"damage":1,"enemies":"Reptomancer","floor":40,"turns":2},{"damage":0,"enemies":"Giant Head","floor":44,"turns":2},{"damage":0,"enemies":"Nemesis","floor":48,"turns":1},{"damage":0,"enemies":"Time Eater","floor":50,"turns":2},{"damage":1,"enemies":"Shield and Spear","floor":54,"turns":2},{"damage":0,"enemies":"The Heart","floor":55,"turns":4}],"seed_played":"-2755506863210515097","potions_obtained":[{"floor":5.0,"key":"Ancient Potion"},{"floor":10.0,"key":"BlessingOfTheForge"},{"floor":14.0,"key":"Weak Potion"},{"floor":16.0,"key":"LiquidBronze"},{"floor":18.0,"key":"HeartOfIron"},{"floor":23.0,"key":"ColorlessPotion"}],"is_trial":false,"path_per_floor":["M","M","$","?","M","?","E","?","T","E","$","?","T","M","R","B",null,"M","$","?","M","?","E","R","E","T","?","?","M","M","E","R","B",null,"M","M","$","M","?","E","?","?","T","E","$","R","$","E","R","B",null,"R","$","E","B",null],"character_chosen":"IRONCLAD","items_purchased":["Membership Card","Molten Egg 2","Shuriken","REME_BattleFury","TheAbacus","Thunderclap+1","Centennial Puzzle","Happy Flower","Bronze Scales","Chemical X","Sling","Feel No Pain","Pear","Bludgeon+1","Body Slam+1","CaptainsWheel","HornCleat","OrangePellets","Panache","MealTicket","REME_CardOfGreed","REME_FearOfPain","REME_Flogging","REME_IWantAll","Dead Branch","DollysMirror","REME_HourglassOfDeath","Frozen Egg 2","Darkstone Periapt","Nunchaku","Explosive Potion","Toolbox","Shrug It Off+1","Havoc+1","Pocketwatch"],"campfire_rested":0,"item_purchase_floors":[3,3,3,3,3,3,3,11,11,11,11,11,11,11,19,19,19,19,19,19,37,37,37,37,37,37,45,45,45,45,45,45,47,53,53],"current_hp_per_floor":[80,80,80,80,80,80,71,59,59,59,69,47,47,47,47,37,90,90,90,90,77,77,69,69,65,65,65,65,64,64,78,78,77,106,106,106,106,106,104,113,113,99,99,100,115,115,119,119,119,119,119,119,119,121,122],"gold":74,"neow_bonus":"BOSS_RELIC","is_daily":false,"chose_seed":false,"campfire_upgraded":5,"win_rate":0.0,"timestamp":1610242755,"path_taken":["M","M","$","?","M","?","E","?","T","E","$","?","?","M","R","BOSS","M","$","?","?","?","E","R","E","T","?","?","M","M","E","R","BOSS","M","M","$","M","?","E","?","?","T","E","$","R","?","E","R","BOSS","R","$","E","BOSS"],"items_purchased_type":["Relic","Relic","Relic","Card","Relic","Card","Relic","Relic","Relic","Relic","Relic","Card","Relic","Card","Card","Relic","Relic","Relic","Card","Relic","Relic","Card","Card","Relic","Relic","Relic","Relic","Relic","Relic","Relic","Potion","Relic","Card","Card","Relic"],"build_version":"2020-12-22","purchased_purges":5,"victory":true,"max_hp_per_floor":[80,80,80,80,80,80,80,80,80,80,90,90,90,90,90,90,90,90,90,90,90,90,90,90,92,92,92,92,92,92,106,106,106,106,106,106,106,106,108,118,118,118,118,119,119,119,119,119,119,119,119,119,119,122,122],"card_choices":[{"not_picked":["Pummel","Heavy Blade","Anger"],"picked":"SKIP","floor":1.0},{"not_picked":["Body Slam","Headbutt","Perfected Strike"],"picked":"SKIP","floor":2.0},{"not_picked":["Anger+1","Clothesline+1","Dropkick+1"],"picked":"SKIP","floor":5.0},{"not_picked":["Metallicize","Disarm","Reckless Charge+1"],"picked":"SKIP","floor":7.0},{"not_picked":["Cleave+1","Combust","Thunderclap+1"],"picked":"SKIP","floor":10.0},{"not_picked":["Iron Wave+1","Pommel Strike+1"],"picked":"REME_TheLastStrike+1","floor":14.0},{"not_picked":["Exhume+1","REME_TheLastStrike+1"],"picked":"Impervious+1","floor":16.0},{"not_picked":[],"picked":"Entrench+1","floor":18.0},{"not_picked":["Wild Strike+1"],"picked":"SKIP","floor":21.0},{"not_picked":["Twin Strike+1"],"picked":"SKIP","floor":23.0},{"not_picked":[],"picked":"Second Wind+1","floor":25.0},{"not_picked":[],"picked":"REME_Cut","floor":29},{"not_picked":["Armaments+1"],"picked":"SKIP","floor":30},{"not_picked":[],"picked":"Fiend Fire+1","floor":31},{"not_picked":[],"picked":"Barricade","floor":33},{"not_picked":["Clothesline+1"],"picked":"SKIP","floor":35},{"not_picked":["Thunderclap+1"],"picked":"SKIP","floor":36},{"not_picked":["REME_Cut"],"picked":"SKIP","floor":38},{"not_picked":["REME_FirmDetermination"],"picked":"Singing Bowl","floor":39},{"not_picked":["Dark Shackles+1"],"picked":"Singing Bowl","floor":39},{"not_picked":["True Grit+1"],"picked":"Singing Bowl","floor":40},{"not_picked":["Perfected Strike+1"],"picked":"Singing Bowl","floor":44},{"not_picked":["Reckless Charge+1"],"picked":"SKIP","floor":48},{"not_picked":["Dramatic Entrance","Purity","REME_BuildACard"],"picked":"Singing Bowl","floor":54},{"not_picked":["Anger+1"],"picked":"SKIP","floor":54}],"player_experience":364946,"relics_obtained":[{"floor":7.0,"key":"CeramicFish"},{"floor":9.0,"key":"Kunai"},{"floor":10.0,"key":"Calipers"},{"floor":13.0,"key":"Toxic Egg 2"},{"floor":23.0,"key":"TungstenRod"},{"floor":25.0,"key":"Mummified Hand"},{"floor":31,"key":"Mango"},{"floor":40,"key":"Omamori"},{"floor":40,"key":"Strawberry"},{"floor":43,"key":"Bottled Lightning"},{"floor":44,"key":"Whetstone"},{"floor":44,"key":"Boot"},{"floor":48,"key":"Ice Cream"},{"floor":48,"key":"Pantograph"},{"floor":54,"key":"Ginger"},{"floor":54,"key":"Mercury Hourglass"}],"event_choices":[{"damage_healed":0.0,"max_hp_gain":0.0,"max_hp_loss":0.0,"gold_gain":0.0,"event_name":"betterThird:BetterSerpent","player_choice":"Ignored","floor":4.0,"gold_loss":0.0,"damage_taken":974.0},{"cards_removed":["Strike_R"],"damage_healed":0.0,"max_hp_gain":0.0,"max_hp_loss":0.0,"gold_gain":0.0,"event_name":"The Cleric","player_choice":"Card Removal","floor":6.0,"gold_loss":50.0,"damage_taken":0.0},{"damage_healed":0.0,"max_hp_gain":0.0,"max_hp_loss":0.0,"gold_gain":0.0,"event_name":"betterThird:BetterScrap","player_choice":"Relic ","floor":8.0,"gold_loss":0.0,"damage_taken":12.0,"cards_obtained":["ConjureBlade"]},{"damage_healed":0.0,"max_hp_gain":0.0,"max_hp_loss":0.0,"gold_gain":0.0,"event_name":"Golden Idol","player_choice":"Take Damage","floor":12.0,"gold_loss":0.0,"damage_taken":22.0,"relics_obtained":["Golden Idol"]},{"damage_healed":0.0,"max_hp_gain":0.0,"max_hp_loss":0.0,"gold_gain":0.0,"event_name":"Accursed Blacksmith","player_choice":"Rummage","floor":20.0,"gold_loss":0.0,"damage_taken":0.0,"relics_obtained":["WarpedTongs"],"cards_obtained":["Pain"]},{"cards_removed":["REME_BattleFury"],"damage_healed":0.0,"max_hp_gain":0.0,"max_hp_loss":0.0,"gold_gain":0.0,"event_name":"betterNote:BetterNote","player_choice":"Take \u0026 Give","floor":22.0,"gold_loss":0.0,"damage_taken":0.0,"cards_obtained":["Luminous:Mirror_Force_Luminous"]},{"damage_healed":0,"gold_gain":0,"player_choice":"Ignored","damage_taken":0,"max_hp_gain":0,"max_hp_loss":0,"event_name":"Vampires","floor":28,"gold_loss":0},{"damage_healed":0,"gold_gain":0,"player_choice":"Memory 2","damage_taken":5,"max_hp_gain":0,"max_hp_loss":0,"event_name":"SensoryStone","floor":39,"gold_loss":0},{"cards_removed":["Defend_R"],"damage_healed":0,"gold_gain":0,"player_choice":"Removed Skill","damage_taken":0,"max_hp_gain":0,"max_hp_loss":0,"event_name":"Falling","floor":41,"gold_loss":0},{"damage_healed":0,"gold_gain":0,"player_choice":"Embrace Madness","damage_taken":15,"max_hp_gain":0,"max_hp_loss":0,"event_name":"Winding Halls","floor":42,"gold_loss":0,"cards_obtained":["Madness","Madness"]}],"is_beta":false,"boss_relics":[{"not_picked":["EctoplasmExtend","SlaversCollar"],"picked":"Busted Crown"},{"not_picked":["Cursed Key","REME_DemonsWealth"],"picked":"Black Star"}],"items_purged_floors":[3,3,19,37,45],"is_endless":false,"potions_floor_spawned":[5,10,14,16,18,23,29,33,33,36,40,54],"ascension_level":0}}