{"host":"f6f8cjhjgha9mpdq","time":1610267512,"event":{"mods":["BaseMod","Minty Spire (QoL Compilation)","Permanent Neow","StSLib","SuperFastMode"],"gold_per_floor":[114,125,139,139,139,139,159,172,172,122,141,6,6,31,31,31,31],"floor_reached":16,"playtime":698,"items_purged":[],"score":173,"play_id":"e3e61f56-4e34-4dce-9f89-4b2aec1749aa","local_time":"20210110173152","is_ascension_mode":true,"campfire_choices":[{"floor":6,"key":"RECALL"},{"floor":13,"key":"REST"},{"floor":15,"key":"REST"}],"circlet_count":0,"master_deck":["AscendersBane","Strike_B","Strike_B","Strike_B","Defend_B","Defend_B","Defend_B","Zap","Dualcast","Steam Power","Turbo","Recycle","Consume","Undo","Meteor Strike","FTL"],"relics":["Fusion Hammer","Shuriken","Meat on the Bone","Prayer Wheel"],"acts_visited":["Exordium"],"potions_floor_usage":[7,14],"damage_taken":[{"damage":0,"enemies":"Cultist","floor":1,"turns":4},{"damage":6,"enemies":"Jaw Worm","floor":2,"turns":4},{"damage":0,"enemies":"Small Slimes","floor":3,"turns":4},{"damage":8,"enemies":"Exordium Thugs","floor":7,"turns":3},{"damage":30,"enemies":"Large Slime","floor":8,"turns":8},{"damage":1,"enemies":"Red Slaver","floor":11,"turns":4},{"damage":9,"enemies":"Lagavulin","floor":14,"turns":8},{"damage":65,"enemies":"Slime Boss","floor":16,"turns":9}],"seed_played":"4133705768165179047","potions_obtained":[{"floor":1,"key":"ColorlessPotion"},{"floor":8,"key":"ColorlessPotion"},{"floor":14,"key":"FearPotion"}],"is_trial":false,"path_per_floor":["M","M","M","?","T","R","M","M","T","?","M","$","R","E","R","B"],"character_chosen":"DEFECT","items_purchased":["Meteor Strike"],"campfire_rested":2,"item_purchase_floors":[12],"current_hp_per_floor":[64,58,58,58,58,58,50,20,20,20,31,31,52,43,64,0,0],"gold":31,"neow_bonus":"BOSS_RELIC","is_daily":false,"chose_seed":false,"campfire_upgraded":0,"win_rate":0.0,"timestamp":1610267512,"path_taken":["M","?","?","?","?","R","?","?","T","?","M","$","R","E","R","BOSS"],"items_purchased_type":["Card"],"build_version":"2020-12-22","purchased_purges":0,"victory":false,"max_hp_per_floor":[71,71,71,71,71,71,71,71,71,71,71,71,71,71,71,71,71],"card_choices":[{"not_picked":["Consume","Gash"],"picked":"Steam Power","floor":1},{"not_picked":["Rip and Tear","Sweeping Beam"],"picked":"Turbo","floor":2},{"not_picked":["Conserve Battery","Storm","Rebound"],"picked":"SKIP","floor":3},{"not_picked":["Steam","Barrage"],"picked":"Consume","floor":7},{"not_picked":["Beam Cell","Reinforced Body"],"picked":"Undo","floor":8},{"not_picked":["Thunder Strike","Steam Power","Coolheaded"],"picked":"SKIP","floor":11},{"not_picked":["Thunder Strike","Steam Power","Coolheaded"],"picked":"SKIP","floor":11},{"not_picked":["All For One","Recycle"],"picked":"FTL","floor":14}],"player_experience":542810,"relics_obtained":[{"floor":5,"key":"Shuriken"},{"floor":9,"key":"Meat on the Bone"},{"floor":14,"key":"Prayer Wheel"}],"event_choices":[{"damage_healed":0,"gold_gain":0,"cards_transformed":["Strike_B"],"player_choice":"Change","damage_taken":0,"max_hp_gain":0,"max_hp_loss":0,"event_name":"Living Wall","floor":4,"gold_loss":0,"cards_obtained":["Recycle"]},{"cards_removed":["Defend_B"],"damage_healed":0,"gold_gain":0,"player_choice":"Card Removal","damage_taken":0,"max_hp_gain":0,"max_hp_loss":0,"event_name":"The Cleric","floor":10,"gold_loss":50}],"is_beta":false,"boss_relics":[],"items_purged_floors":[],"is_endless":false,"potions_floor_spawned":[1,8,14],"killed_by":"Slime Boss","ascension_level":14}}