{"host":"gqcohn9v5baj3dmw","time":1610308968,"event":{"mods":["BaseMod","Better Note","Better Sensory Stone","Better Skull","Colored Map","Downfall","Marked Mod","Minty Spire (QoL Compilation)","Rare Cards Sparkle","Relic Stats","StSLib"],"gold_per_floor":[399,409,409,428,158,172,172,172,186,205,42,57,57,68,82,179,179,179,199,59,69,54,54,54,154,183,193,204,204,214,228,238,238,238,238],"floor_reached":33,"playtime":16536,"items_purged":["champ:Strike","champ:Strike","champ:Defend"],"score":265,"play_id":"341d499c-b29e-441d-9ecf-951b74c5b875","local_time":"20210110210248","is_ascension_mode":false,"campfire_choices":[{"data":"champ:Taunt","floor":1,"key":"SMITH"},{"floor":13,"key":"REST"},{"data":"champ:EnchantShield","floor":18,"key":"SMITH"},{"data":"champ:GutPunch","floor":23,"key":"SMITH"},{"floor":29,"key":"REST"}],"circlet_count":0,"master_deck":["champ:Strike","champ:Strike","champ:Defend","champ:Defend","champ:Defend","champ:Execute","champ:Taunt+1","champ:AdrenalArmor","champ:FlashCut","champ:Lariat","champ:FanOfKnives","champ:Balance","champ:RecklessLeap","champ:BringItOn","champ:Aggression","champ:Encircle","champ:Backstep","champ:GutPunch+1","champ:HoldFirm","champ:EnchantShield+1","champ:AdrenalArmor+1","champ:EnchantCrown","champ:BringItOn+1","champ:BerserkerStyle+1"],"relics":["champ:ChampionCrown","Old Coin","Omamori","Velvet Choker","Eternal Feather","downfall:CloakOfManyFaces","CultistMask","FaceOfCleric","NlothsMask","GremlinMask","SsserpentHead","Matryoshka"],"acts_visited":["Exordium","TheCity"],"potions_floor_usage":[14,16,21,26,26,26,32,33],"damage_taken":[{"damage":6,"enemies":"Jaw Worm","floor":2,"turns":4},{"damage":6,"enemies":"Cultist","floor":4,"turns":3},{"damage":7,"enemies":"downfall:FleeingMerchant","floor":5,"turns":4},{"damage":13,"enemies":"Small Slimes","floor":6,"turns":2},{"damage":21,"enemies":"Gremlin Gang","floor":9,"turns":3},{"damage":17,"enemies":"Lots of Slimes","floor":10,"turns":3},{"damage":28,"enemies":"downfall:FleeingMerchant","floor":11,"turns":4},{"damage":21,"enemies":"2 Fungi Beasts","floor":12,"turns":2},{"damage":1,"enemies":"3 Louse","floor":14,"turns":2},{"damage":28,"enemies":"Exordium Wildlife","floor":15,"turns":4},{"damage":86,"enemies":"downfall:Ironclad","floor":16,"turns":10},{"damage":22,"enemies":"Chosen","floor":19,"turns":4},{"damage":42,"enemies":"downfall:FleeingMerchant","floor":20,"turns":4},{"damage":14,"enemies":"Spheric Guardian","floor":21,"turns":4},{"damage":37,"enemies":"downfall:FleeingMerchant","floor":22,"turns":4},{"damage":32,"enemies":"downfall:FaceTrader","floor":25,"turns":6},{"damage":98,"enemies":"Gremlin Leader","floor":26,"turns":9},{"damage":18,"enemies":"Snecko","floor":27,"turns":7},{"damage":17,"enemies":"3 Cultists","floor":28,"turns":5},{"damage":49,"enemies":"Shelled Parasite and Fungi","floor":30,"turns":5},{"damage":41,"enemies":"Cultist and Chosen","floor":31,"turns":7},{"damage":49,"enemies":"Centurion and Healer","floor":32,"turns":7},{"damage":46,"enemies":"downfall:Watcher","floor":33,"turns":4}],"seed_played":"-4743228950306390191","potions_obtained":[{"floor":9,"key":"Strength Potion"},{"floor":12,"key":"SteroidPotion"},{"floor":14,"key":"LiquidMemories"},{"floor":16,"key":"EssenceOfSteel"},{"floor":19,"key":"Explosive Potion"},{"floor":25,"key":"BlessingOfTheForge"},{"floor":30,"key":"Energy Potion"},{"floor":31,"key":"SneckoOil"}],"is_trial":false,"path_per_floor":["R","M","?","M","$","M","T","?","M","M","$","M","R","M","M","B",null,"R","M","$","M","$","R","T","?","E","M","M","R","M","M","M","B"],"character_chosen":"THE_CHAMP","items_purchased":["champ:FanOfKnives","champ:Balance","champ:RecklessLeap","champ:Backstep"],"campfire_rested":2,"item_purchase_floors":[5,5,5,11],"current_hp_per_floor":[63,62,67,66,66,56,56,56,39,39,39,33,60,59,55,7,90,90,90,90,83,83,83,83,79,17,12,13,52,35,29,25,0,0,0],"gold":238,"neow_bonus":"ONE_RARE_RELIC","is_daily":false,"chose_seed":false,"campfire_upgraded":3,"win_rate":0.0,"timestamp":1610308968,"path_taken":["R","M","?","?","$","M","T","?","?","M","$","M","R","M","M","BOSS","R","M","?","M","$","R","T","?","E","M","M","R","M","M","M","BOSS"],"items_purchased_type":["Card","Card","Card","Card"],"build_version":"2020-12-22","purchased_purges":3,"victory":false,"max_hp_per_floor":[90,90,90,90,90,90,90,90,90,90,90,90,90,90,90,90,90,90,90,90,90,90,90,90,90,91,92,93,93,94,95,96,96,96,96],"relic_stats":{"SsserpentHead":0,"FaceOfCleric":6,"counters":[23,107],"Eternal Feather":12,"obtain_stats":[{"SsserpentHead":25,"Matryoshka":26,"FaceOfCleric":25,"Velvet Choker":17,"champ:ChampionCrown":0,"Eternal Feather":24,"GremlinMask":25,"CultistMask":25,"Omamori":7,"downfall:CloakOfManyFaces":25,"Old Coin":0,"NlothsMask":25},{"SsserpentHead":16,"Matryoshka":17,"FaceOfCleric":16,"Velvet Choker":11,"champ:ChampionCrown":0,"Eternal Feather":15,"GremlinMask":16,"CultistMask":16,"Omamori":4,"downfall:CloakOfManyFaces":16,"Old Coin":0,"NlothsMask":16},{"SsserpentHead":63,"Matryoshka":72,"FaceOfCleric":63,"Velvet Choker":41,"champ:ChampionCrown":0,"Eternal Feather":57,"GremlinMask":63,"CultistMask":63,"Omamori":13,"downfall:CloakOfManyFaces":63,"Old Coin":0,"NlothsMask":63}]},"card_choices":[{"not_picked":["champ:GutPunch","champ:GladiatorsShout"],"picked":"champ:AdrenalArmor","floor":2},{"not_picked":["champ:CrookedStrike","champ:EndlessRage"],"picked":"champ:FlashCut","floor":4},{"not_picked":["champ:GladiatorStyle","champ:DefensiveShout"],"picked":"champ:Lariat","floor":5},{"not_picked":["champ:GladiatorsShout","champ:BerserkersShout"],"picked":"champ:BringItOn","floor":6},{"not_picked":["champ:Backstep","champ:RageSigil"],"picked":"champ:Aggression","floor":9},{"not_picked":["champ:BerserkersShout","champ:Circumvent","champ:BladeFlurry"],"picked":"SKIP","floor":10},{"not_picked":["champ:PerfectedStrike","champ:GladiatorStyle"],"picked":"champ:Encircle","floor":11},{"not_picked":["champ:Haymaker","champ:BerserkersShout"],"picked":"champ:GutPunch","floor":12},{"not_picked":["champ:RisingSlash","champ:Balance","champ:Backstep"],"picked":"SKIP","floor":14},{"not_picked":["champ:Haymaker","champ:GutPunch"],"picked":"champ:HoldFirm","floor":15},{"not_picked":["champ:Devastate","champ:PerfectForm"],"picked":"champ:EnchantShield","floor":16},{"not_picked":["champ:CrookedStrike","champ:BladeFlurry"],"picked":"champ:AdrenalArmor+1","floor":19},{"not_picked":["champ:SwordSigil","champ:DefensiveShout"],"picked":"champ:EnchantCrown","floor":20},{"not_picked":["champ:BladeFlurry","champ:AdrenalArmor","champ:FaceSlap"],"picked":"SKIP","floor":21},{"not_picked":["champ:BerserkersShout","champ:EndlessRage"],"picked":"champ:BringItOn+1","floor":22},{"not_picked":["champ:SkillfulDodge","champ:ShieldSigil+1","champ:CalledShot+1"],"picked":"SKIP","floor":26},{"not_picked":["champ:Circumvent","champ:Backstep","champ:SkillfulDodge"],"picked":"SKIP","floor":27},{"not_picked":["champ:TornadoPunch","champ:EnGarde"],"picked":"champ:BerserkerStyle+1","floor":28},{"not_picked":["champ:Haymaker+1","champ:TornadoPunch","champ:PerfectedStrike"],"picked":"SKIP","floor":30},{"not_picked":["champ:CrookedStrike+1","champ:RecklessLeap","champ:EndlessRage"],"picked":"SKIP","floor":31},{"not_picked":["champ:Lariat+1","champ:EnragedBash","champ:FocusedGladiator+1"],"picked":"SKIP","floor":32}],"player_experience":485578,"relics_obtained":[{"floor":7,"key":"Omamori"},{"floor":24,"key":"Eternal Feather"},{"floor":25,"key":"downfall:CloakOfManyFaces"},{"floor":26,"key":"Matryoshka"}],"event_choices":[{"damage_healed":5,"gold_gain":0,"player_choice":"LEAVE ","damage_taken":0,"relics_obtained":[],"max_hp_gain":0,"max_hp_loss":0,"event_name":"betterSkull:BetterSkull","floor":3,"gold_loss":0,"cards_upgraded":[]},{"damage_healed":0,"gold_gain":1,"player_choice":"1","damage_taken":0,"max_hp_gain":0,"max_hp_loss":0,"event_name":"betterStone:BetterStone","floor":8,"gold_loss":0}],"is_beta":false,"boss_relics":[{"not_picked":["Empty Cage","Runic Pyramid"],"picked":"Velvet Choker"}],"items_purged_floors":[5,11,20],"is_endless":false,"potions_floor_spawned":[9,12,14,16,19,25,30,31],"killed_by":"downfall:Watcher","ascension_level":0}}