{"host":"fmwbmnqnrup981we","time":1610309559,"event":{"mods":["AchievementEnabler","Act Like it!","BaseMod","Better Match","Better Note","Better Skull","Better Synergies","Better Third Choice","Better Vampires","Block Reminder","Curses Come First","Downfall","Duelist Mod","Elementarium","GungeonMod","HexUI Lib","HornydragonMod","Marked Mod","Minty Spire (QoL Compilation)","Pikachu Mod","Quick Restart","Relic Stats","SIMod","StSLib","The Bug Knight","The Death Knight","The Forsaken","The Marked","The Necromancer","The Runesmith","The Servant 0.9.4","The Wild Card","TheHero","TheVacant","TheVelvet","Transform Curses","Waifu the Spire","Yuri Mod","everything is the same but u backflip on backflip"],"gold_per_floor":[116,41,57,7,7,24,58,74,99,110,110,144,144,164,164,260,260,270,286,286,367,347,377,377,412,412,21,42,42,42],"floor_reached":29,"playtime":1084,"items_purged":["Strike_P"],"score":298,"play_id":"509c92f1-5761-43ec-92af-e89fc68bd822","local_time":"20210110201239","is_ascension_mode":false,"campfire_choices":[{"floor":11,"key":"REST"},{"floor":15,"key":"REST"},{"floor":24,"key":"REST"}],"circlet_count":0,"master_deck":["Strike_P","Strike_P","Defend_P","Defend_P","Defend_P","Defend_P","Eruption","Vigilance","expansioncontent:LastStand","MarkedMod:FirstStrike","Mayhem+1","FollowUp+1","CMC+1","TalkToTheHand","BattleHymn","Evaluate","Prostrate","MarkedMod:FirstStrike","MarkedMod:GentlePulse","DevaForm","MarkedMod:GentlePulse+1","Halt","Evaluate","Flash of Steel","FlurryOfBlows","Halt","EmptyFist+1"],"relics":["PureWater","Tiny Chest","MarkedMod:AcupunctureKit","Ginger","Fusion Hammer","DemoMod:MeltedRock","FossilizedHelix","Kunai","HollowMod:LifeEnderRelic","CeramicFish"],"acts_visited":["Exordium","TheCity"],"potions_floor_usage":[16,16,23,29],"damage_taken":[{"damage":4,"enemies":"2 Louse","floor":1,"turns":2},{"damage":0,"enemies":"Cultist","floor":3,"turns":2},{"damage":0,"enemies":"Jaw Worm","floor":6,"turns":2},{"damage":16,"enemies":"Lagavulin","floor":7,"turns":6},{"damage":0,"enemies":"Exordium Wildlife","floor":8,"turns":2},{"damage":31,"enemies":"Exordium Thugs","floor":10,"turns":3},{"damage":6,"enemies":"HollowMod:MossKnight","floor":12,"turns":4},{"damage":8,"enemies":"3 Louse","floor":14,"turns":4},{"damage":33,"enemies":"Slime Boss","floor":16,"turns":5},{"damage":15,"enemies":"Chosen","floor":18,"turns":3},{"damage":36,"enemies":"2 Thieves","floor":19,"turns":4},{"damage":18,"enemies":"HollowMod:Nosk","floor":23,"turns":7},{"damage":0,"enemies":"theDuelist:KaibaA2","floor":25,"turns":4},{"damage":11,"enemies":"Snecko","floor":28,"turns":6},{"damage":18,"enemies":"3 Cultists","floor":29,"turns":3}],"seed_played":"1807505402139035031","potions_obtained":[{"floor":7,"key":"SteroidPotion"},{"floor":8,"key":"Dexterity Potion"},{"floor":10,"key":"BottledMiracle"},{"floor":14,"key":"champ:CounterPotion"},{"floor":18,"key":"DistilledChaos"},{"floor":19,"key":"ColorlessPotion"},{"floor":22,"key":"DemoMod:LeadSkinPotion"}],"is_trial":false,"path_per_floor":["M","?","M","?","$","M","E","M","T","M","R","E","?","M","R","B",null,"M","M","?","T","?","E","R","E","T","$","M","M"],"character_chosen":"WATCHER","items_purchased":["CeramicFish","Flash of Steel","FlurryOfBlows","Halt"],"campfire_rested":3,"item_purchase_floors":[27,27,27,27],"current_hp_per_floor":[68,68,68,68,68,68,52,52,52,21,42,36,36,28,49,16,72,57,21,21,21,21,3,24,24,24,24,13,0,0],"gold":42,"neow_bonus":"RANDOM_COLORLESS","is_daily":false,"chose_seed":false,"campfire_upgraded":0,"win_rate":0.0,"timestamp":1610309559,"path_taken":["M","?","M","?","?","M","E","?","T","M","R","E","?","M","R","BOSS","M","M","?","?","?","E","R","E","T","$","?","M"],"items_purchased_type":["Relic","Card","Card","Card"],"build_version":"2020-12-22","purchased_purges":1,"victory":false,"max_hp_per_floor":[72,72,72,72,72,72,72,72,72,72,72,72,72,72,72,72,72,72,72,72,72,72,72,72,72,72,72,72,72,72],"relic_stats":{"counters":[15,57],"CeramicFish":36,"Tiny Chest":1,"Ginger":[6],"Kunai":[2],"obtain_stats":[{"HollowMod:LifeEnderRelic":26,"CeramicFish":27,"Tiny Chest":7,"DemoMod:MeltedRock":20,"DemoMod:GlassGuonStoneRelic":3,"Fusion Hammer":17,"Ginger":12,"Kunai":25,"PureWater":0,"FossilizedHelix":23,"MarkedMod:AcupunctureKit":9},{"HollowMod:LifeEnderRelic":13,"CeramicFish":13,"Tiny Chest":4,"DemoMod:MeltedRock":11,"DemoMod:GlassGuonStoneRelic":2,"Fusion Hammer":9,"Ginger":7,"Kunai":13,"PureWater":0,"FossilizedHelix":12,"MarkedMod:AcupunctureKit":5},{"HollowMod:LifeEnderRelic":48,"CeramicFish":48,"Tiny Chest":12,"DemoMod:MeltedRock":37,"DemoMod:GlassGuonStoneRelic":4,"Fusion Hammer":30,"Ginger":21,"Kunai":48,"PureWater":0,"FossilizedHelix":44,"MarkedMod:AcupunctureKit":14}]},"card_choices":[{"not_picked":["Good Instincts","expansioncontent:ManipulateTime"],"picked":"expansioncontent:LastStand","floor":0},{"not_picked":["WreathOfFlame","Halt"],"picked":"MarkedMod:FirstStrike","floor":1},{"not_picked":["The Bomb+1","GreatAndPowerful+1"],"picked":"Mayhem+1","floor":2},{"not_picked":["Halt+1","CrushJoints+1"],"picked":"FollowUp+1","floor":2},{"not_picked":["Transmutation+1","Metamorphosis+1"],"picked":"CMC+1","floor":2},{"not_picked":["Blasphemy","BattleHymn"],"picked":"TalkToTheHand","floor":3},{"not_picked":["BowlingBash","ThirdEye"],"picked":"BattleHymn","floor":6},{"not_picked":["CrushJoints","Indignation"],"picked":"Evaluate","floor":7},{"not_picked":["Sanctity","FlyingSleeves"],"picked":"Prostrate","floor":8},{"not_picked":["MarkedMod:PinPointDefense","FlyingSleeves","WindmillStrike"],"picked":"SKIP","floor":10},{"not_picked":["Brilliance","FlyingSleeves"],"picked":"MarkedMod:FirstStrike","floor":12},{"not_picked":["MarkedMod:FirstStrike","Wireheading"],"picked":"MarkedMod:GentlePulse","floor":14},{"not_picked":["Wish","Omniscience"],"picked":"DevaForm","floor":16},{"not_picked":["Perseverance","Wireheading"],"picked":"MarkedMod:GentlePulse+1","floor":18},{"not_picked":["Evaluate","SignatureMove"],"picked":"Halt","floor":19},{"not_picked":["CarveReality","MarkedMod:NorthStar"],"picked":"Evaluate","floor":23},{"not_picked":["Collect","FlyingSleeves","Tantrum"],"picked":"SKIP","floor":25},{"not_picked":["SpiritShield","CutThroughFate+1"],"picked":"EmptyFist+1","floor":28}],"player_experience":435437,"relics_obtained":[{"floor":7,"key":"Tiny Chest"},{"floor":9,"key":"MarkedMod:AcupunctureKit"},{"floor":12,"key":"Ginger"},{"floor":23,"key":"FossilizedHelix"},{"floor":25,"key":"Kunai"},{"floor":26,"key":"HollowMod:LifeEnderRelic"}],"event_choices":[{"damage_healed":0,"gold_gain":0,"player_choice":"2","damage_taken":0,"max_hp_gain":0,"max_hp_loss":0,"event_name":"betterMatch:BetterMatch","floor":2,"gold_loss":0,"cards_obtained":["betterMatch:ColorlessRareCard","betterMatch:CommonCard","betterMatch:ColorlessRareCard"]},{"cards_removed":["Strike_P"],"damage_healed":0,"gold_gain":0,"player_choice":"Card Removal","damage_taken":0,"max_hp_gain":0,"max_hp_loss":0,"event_name":"The Cleric","floor":4,"gold_loss":50},{"damage_healed":0,"gold_gain":0,"player_choice":"Gave Potion","damage_taken":0,"relics_obtained":["DemoMod:MeltedRock"],"max_hp_gain":0,"max_hp_loss":0,"event_name":"WeMeetAgain","floor":20,"gold_loss":0},{"damage_healed":0,"gold_gain":0,"player_choice":"Bought 1 Potion","damage_taken":0,"max_hp_gain":0,"max_hp_loss":0,"event_name":"The Woman in Blue","floor":22,"gold_loss":0}],"is_beta":false,"boss_relics":[{"not_picked":["Tiny House","Velvet Choker"],"picked":"Fusion Hammer"}],"items_purged_floors":[27],"is_endless":false,"potions_floor_spawned":[7,8,10,14,18,19],"killed_by":"3 Cultists","ascension_level":0}}