{"host":"n6lk97i3f9btdmiv","time":1610261828,"event":{"mods":["100% Spire Juice","BaseMod","Better Note","Colored Map","Highlight Path","Minty Spire (QoL Compilation)","StSLib"],"gold_per_floor":[117,67,83,99,99,126,126,141,141,91,122,122,137,4,4,107,107,121,138,138,156,169,169,196,146,146,96,114,126,126,126,126,227,227,240,240,240,47,47,47,73,90,90,104,104,54,54,54,54,54,54],"floor_reached":50,"playtime":3642,"items_purged":["Moonworks:Strike","Moonworks:Defend","Moonworks:Strike","Moonworks:Defend","Moonworks:Defend","Moonworks:Defend"],"score":623,"play_id":"04e8907d-d356-48e8-8d1f-0effd40e0a60","local_time":"20210110015708","is_ascension_mode":false,"campfire_choices":[{"floor":7.0,"key":"REST"},{"data":"Moonworks:Ambush","floor":12.0,"key":"SMITH"},{"data":"Moonworks:LongDistanceShot","floor":15.0,"key":"SMITH"},{"data":"Moonworks:MetallicMonocoque","floor":23.0,"key":"SMITH"},{"data":"Moonworks:MetallicMonocoque","floor":30.0,"key":"SMITH"},{"data":"Finesse","floor":32.0,"key":"SMITH"},{"floor":40.0,"key":"RECALL"},{"data":"Moonworks:EvilSpyWorkPreparation","floor":45.0,"key":"SMITH"},{"data":"Moonworks:Flamethrower","floor":47.0,"key":"SMITH"},{"data":"Moonworks:WindyEnchantment","floor":49.0,"key":"SMITH"}],"circlet_count":0,"master_deck":["Moonworks:Ambush+1","Moonworks:LongDistanceShot+1","Moonworks:WindyEnchantment","Moonworks:WindyEnchantment","Finesse+1","Moonworks:MetallicMonocoque+1","Moonworks:WindyEnchantment+1","Moonworks:MetallicMonocoque+1","Moonworks:RedAndBlue","Moonworks:Flamethrower+1","Moonworks:Dinner","Moonworks:GoAway","Moonworks:EvilSpyWorkPreparation+1","Moonworks:WindyEnchantment+1","Moonworks:EvilSpyWorkPreparation+1"],"relics":["Moonworks:SBBomb","Moonworks:Homemark","Smiling Mask","Pantograph","Torii","Coffee Dripper","Unceasing Top","Shuriken","Moonworks:GoldenDie","Pen Nib","HornCleat"],"acts_visited":["Exordium","TheCity","TheBeyond"],"potions_floor_usage":[50],"damage_taken":[{"damage":1.0,"enemies":"Jaw Worm","floor":1.0,"turns":3.0},{"damage":0.0,"enemies":"2 Louse","floor":3.0,"turns":2.0},{"damage":0.0,"enemies":"Small Slimes","floor":4.0,"turns":3.0},{"damage":43.0,"enemies":"3 Sentries","floor":6.0,"turns":13.0},{"damage":2.0,"enemies":"2 Fungi Beasts","floor":8.0,"turns":4.0},{"damage":22.0,"enemies":"Lagavulin","floor":11.0,"turns":8.0},{"damage":1.0,"enemies":"Blue Slaver","floor":13.0,"turns":2.0},{"damage":8.0,"enemies":"The Guardian","floor":16.0,"turns":4.0},{"damage":0.0,"enemies":"Chosen","floor":18.0,"turns":2.0},{"damage":0.0,"enemies":"2 Thieves","floor":19.0,"turns":1.0},{"damage":1.0,"enemies":"Shelled Parasite and Fungi","floor":21.0,"turns":2.0},{"damage":0.0,"enemies":"Sentry and Sphere","floor":22.0,"turns":2.0},{"damage":10.0,"enemies":"Slavers","floor":24.0,"turns":2.0},{"damage":1.0,"enemies":"Snake Plant","floor":28.0,"turns":3.0},{"damage":0.0,"enemies":"3 Cultists","floor":29.0,"turns":2.0},{"damage":0.0,"enemies":"Automaton","floor":33.0,"turns":2.0},{"damage":3.0,"enemies":"3 Darklings","floor":35.0,"turns":4.0},{"damage":0.0,"enemies":"Reptomancer","floor":41.0,"turns":3.0},{"damage":0.0,"enemies":"3 Shapes","floor":42.0,"turns":3.0},{"damage":0.0,"enemies":"Writhing Mass","floor":44.0,"turns":4.0},{"damage":62,"enemies":"Time Eater","floor":50,"turns":7}],"seed_played":"-199821768141166269","potions_obtained":[{"floor":6.0,"key":"Strength Potion"},{"floor":8.0,"key":"Explosive Potion"},{"floor":16.0,"key":"EssenceOfSteel"},{"floor":18.0,"key":"PowerPotion"},{"floor":19.0,"key":"DuplicationPotion"}],"is_trial":false,"path_per_floor":["M","$","M","M","?","E","R","M","T","?","E","R","M","$","R","B",null,"M","M","?","M","M","R","E","$","T","$","M","M","R","?","R","B",null,"M","?","?","$","?","R","E","M","T","M","R","$","R","?","R","B"],"character_chosen":"THE_STARBREAKER","items_purchased":["Finesse","Moonworks:GoldenDie"],"campfire_rested":1,"item_purchase_floors":[14,38],"current_hp_per_floor":[59,59,59,59,52,9,27,25,25,25,3,3,2,2,2,19,60,60,60,60,59,59,59,49,49,49,49,48,48,48,48,48,60,60,60,60,60,60,60,60,60,60,60,60,60,60,60,57,57,0,0],"gold":54,"neow_bonus":"RANDOM_COMMON_RELIC","is_daily":false,"chose_seed":false,"campfire_upgraded":8,"win_rate":0.0,"timestamp":1610261828,"path_taken":["M","$","M","M","?","E","R","M","T","?","E","R","?","$","R","BOSS","M","M","?","M","M","R","E","$","T","$","M","M","R","?","R","BOSS","M","?","?","$","?","R","E","?","T","M","R","?","R","?","R","BOSS"],"items_purchased_type":["Card","Relic"],"build_version":"2020-12-22","purchased_purges":6,"victory":false,"max_hp_per_floor":[60,60,60,60,60,60,60,60,60,60,60,60,60,60,60,60,60,60,60,60,60,60,60,60,60,60,60,60,60,60,60,60,60,60,60,60,60,60,60,60,60,60,60,60,60,60,60,57,57,57,57],"card_choices":[{"not_picked":["Moonworks:JonathanRush","Moonworks:NicePresent","Moonworks:SakisCookie"],"picked":"SKIP","floor":1.0},{"not_picked":["Moonworks:CloudOfSeagulls","Moonworks:LulusLuckyEgg","Moonworks:IndiscriminateFireSupport"],"picked":"SKIP","floor":3.0},{"not_picked":["Moonworks:SakisCookie","Moonworks:StiffCrystal","Moonworks:Poppoformation"],"picked":"SKIP","floor":4.0},{"not_picked":["Moonworks:Poppoformation","Moonworks:OutOfAmmo","Moonworks:NicePresent"],"picked":"SKIP","floor":6.0},{"not_picked":["Moonworks:MiracleWalker","Moonworks:DeployBits"],"picked":"Moonworks:WindyEnchantment","floor":8.0},{"not_picked":["Moonworks:DevilHand","Moonworks:IndiscriminateFireSupport"],"picked":"Moonworks:WindyEnchantment","floor":11.0},{"not_picked":["Moonworks:MiracleRedBeanIceCream","Moonworks:ExtendedPhotonRifle","Moonworks:RagingMadness"],"picked":"SKIP","floor":13.0},{"not_picked":["Moonworks:Gamble","Moonworks:HolyNight"],"picked":"Moonworks:MetallicMonocoque","floor":16.0},{"not_picked":["Moonworks:BigMagnum","Moonworks:LulusLuckyEgg+1","Moonworks:SakisCookie"],"picked":"SKIP","floor":18.0},{"not_picked":["Moonworks:CookingTime","Moonworks:SelfDestruct+1"],"picked":"Moonworks:WindyEnchantment","floor":19.0},{"not_picked":["Moonworks:LulusLuckyEgg","Moonworks:NicePresent"],"picked":"Moonworks:RedAndBlue","floor":21.0},{"not_picked":["Moonworks:NicePresent","Moonworks:WindyEnchantment"],"picked":"Moonworks:Flamethrower","floor":22.0},{"not_picked":["Moonworks:WindyEnchantment","Moonworks:BigMagnum+1"],"picked":"Moonworks:Flamethrower","floor":24.0},{"not_picked":["Moonworks:StarBlastingFuse","Moonworks:ImOnFire","Moonworks:SealedMemories"],"picked":"SKIP","floor":28.0},{"not_picked":["Moonworks:FinalSurgery","Moonworks:Assault"],"picked":"Moonworks:Dinner","floor":29.0},{"not_picked":["Moonworks:FinalBattle","Moonworks:StarBlastingFuse"],"picked":"Moonworks:GoAway","floor":33.0},{"not_picked":["Moonworks:LulusLuckyEgg","Moonworks:IndiscriminateFireSupport+1","Moonworks:BigMagnum"],"picked":"SKIP","floor":35.0},{"not_picked":["Moonworks:AngelHand+1","Moonworks:JonathanRush"],"picked":"Moonworks:EvilSpyWorkPreparation+1","floor":41.0},{"not_picked":["Moonworks:LulusLuckyEgg","Moonworks:IndiscriminateFireSupport+1"],"picked":"Moonworks:WindyEnchantment+1","floor":42.0},{"not_picked":["Moonworks:CloudOfSeagulls","Moonworks:WindyEnchantment+1"],"picked":"Moonworks:EvilSpyWorkPreparation","floor":44.0}],"player_experience":442041,"relics_obtained":[{"floor":6.0,"key":"Pantograph"},{"floor":11.0,"key":"Torii"},{"floor":24.0,"key":"Unceasing Top"},{"floor":26.0,"key":"Shuriken"},{"floor":41.0,"key":"Pen Nib"},{"floor":43.0,"key":"HornCleat"}],"event_choices":[{"cards_removed":["Moonworks:Strike"],"damage_healed":0.0,"max_hp_gain":0.0,"max_hp_loss":0.0,"gold_gain":0.0,"event_name":"Golden Wing","player_choice":"Card Removal","floor":5.0,"gold_loss":0.0,"damage_taken":7.0},{"cards_removed":["Moonworks:Strike"],"damage_healed":0.0,"max_hp_gain":0.0,"max_hp_loss":0.0,"gold_gain":0.0,"event_name":"The Cleric","player_choice":"Card Removal","floor":10.0,"gold_loss":50.0,"damage_taken":0.0},{"damage_healed":0.0,"max_hp_gain":0.0,"max_hp_loss":0.0,"gold_gain":0.0,"event_name":"Duplicator","player_choice":"Copied","floor":20.0,"gold_loss":0.0,"damage_taken":0.0,"cards_obtained":["Moonworks:MetallicMonocoque"]},{"damage_healed":0.0,"max_hp_gain":0.0,"max_hp_loss":0.0,"gold_gain":0.0,"event_name":"The Woman in Blue","player_choice":"Bought 0 Potions","floor":31.0,"gold_loss":0.0,"damage_taken":0.0},{"damage_healed":0.0,"max_hp_gain":0.0,"max_hp_loss":0.0,"gold_gain":0.0,"event_name":"Tomb of Lord Red Mask","player_choice":"Ignored","floor":36.0,"gold_loss":0.0,"damage_taken":0.0},{"cards_removed":["Moonworks:Flamethrower"],"damage_healed":0.0,"max_hp_gain":0.0,"max_hp_loss":0.0,"gold_gain":0.0,"event_name":"Falling","player_choice":"Removed Skill","floor":37.0,"gold_loss":0.0,"damage_taken":0.0},{"damage_healed":0.0,"max_hp_gain":0.0,"max_hp_loss":0.0,"gold_gain":0.0,"event_name":"Lab","player_choice":"Got Potions","floor":39.0,"gold_loss":0.0,"damage_taken":0.0},{"damage_healed":0.0,"max_hp_gain":0.0,"max_hp_loss":3.0,"gold_gain":0.0,"event_name":"Winding Halls","player_choice":"Max HP","floor":48.0,"gold_loss":0.0,"damage_taken":0.0}],"is_beta":false,"boss_relics":[{"not_picked":["Astrolabe","SlaversCollar"],"picked":"Coffee Dripper"},{"not_picked":["Calling Bell","Tiny House"],"picked":"Moonworks:SBBomb"}],"items_purged_floors":[2,14,25,27,38,46],"is_endless":false,"potions_floor_spawned":[6,8,16,18,19,22,29,35],"killed_by":"Time Eater","ascension_level":0}}