{"host":"hf83sijwe64ts2lm","time":1610314085,"event":{"mods":["2.2 Compatiblity","BaseMod","Better Altar","Better Match","Better Note","Better Sensory Stone","Better Skull","Better Third Choice","Colored Map","Colored Powertips","Highlight Path","Hubris","Infinite Spire","Minty Spire (QoL Compilation)","Quick Restart","Rare Cards Sparkle","Relic Stats","Replay The Spire","Shop Mod","Spicy Shops","StSLib","Thieving Mod"],"gold_per_floor":[209,221,38,38,38,65,84,84,138,171,171,182,200,213,213,311,311,324,234,234],"floor_reached":19,"playtime":449,"items_purged":[],"score":255,"play_id":"47621cc3-5bf5-44b5-a6b5-9d6eef55b34d","local_time":"20210110162805","is_ascension_mode":true,"campfire_choices":[{"floor":8,"key":"RECALL"},{"floor":15,"key":"DIG"}],"circlet_count":0,"master_deck":["Strike_B","Strike_B","Strike_B","Strike_B","Defend_B","Defend_B","Defend_B","Defend_B","Zap+1","Dualcast","Cold Snap","Ball Lightning","Ball Lightning","ReplayGash","Decay","Ball Lightning","Barrage","Gash","Consume","Recycle","Gash","Echo Form","Defragment+1"],"relics":["Cracked Core","Ring of Peace","Ring of Misfortune","hubris:CrystalStatue","Turnip","Blood Vial","SacredBark"],"acts_visited":["Exordium","TheCity"],"potions_floor_usage":[6,13,13,14],"damage_taken":[{"damage":14,"enemies":"2 Louse","floor":1,"turns":3},{"damage":0,"enemies":"Cultist","floor":2,"turns":3},{"damage":0,"enemies":"Lagavulin","floor":6,"turns":5},{"damage":0,"enemies":"Small Slimes","floor":7,"turns":2},{"damage":5,"enemies":"3 Sentries","floor":10,"turns":6},{"damage":0,"enemies":"Looter","floor":12,"turns":2},{"damage":7,"enemies":"Exordium Wildlife","floor":13,"turns":2},{"damage":0,"enemies":"Large Slime","floor":14,"turns":3},{"damage":58,"enemies":"Fading Forest","floor":16,"turns":11},{"damage":22,"enemies":"Spheric Guardian","floor":18,"turns":4},{"damage":47,"enemies":"2 Thieves","floor":19,"turns":3}],"seed_played":"1627138738896402464","potions_obtained":[{"floor":2,"key":"Dexterity Potion"},{"floor":10,"key":"ColorlessPotion"},{"floor":12,"key":"SpeedPotion"},{"floor":13,"key":"PowerPotion"}],"is_trial":false,"path_per_floor":["M","M","$","?","?","E","M","R","T","E","?","M","M","M","R_BF","B",null,"M","M"],"character_chosen":"DEFECT","items_purchased":["Ball Lightning","ReplayGash"],"campfire_rested":0,"item_purchase_floors":[3,3],"current_hp_per_floor":[61,61,61,61,61,61,61,61,61,56,56,56,49,49,49,15,60,40,0,0],"gold":234,"neow_bonus":"HUNDRED_GOLD","is_daily":false,"chose_seed":false,"campfire_upgraded":0,"win_rate":0.0,"timestamp":1610314085,"path_taken":["M","M","$","?","?","E","?","R","T","E","?","M","M","M","R_BF","BOSS","M","M"],"items_purchased_type":["Card","Card"],"build_version":"2020-12-22","purchased_purges":0,"victory":false,"max_hp_per_floor":[75,75,75,75,75,75,75,75,75,75,75,75,75,75,75,75,75,75,75,75],"relic_stats":{"Blood Vial":6,"counters":[11,44],"Turnip":[7],"obtain_stats":[{"Blood Vial":15,"hubris:CrystalStatue":6,"Ring of Peace":4,"Ring of Misfortune":4,"SacredBark":17,"Turnip":10,"Cracked Core":0},{"Blood Vial":8,"hubris:CrystalStatue":3,"Ring of Peace":2,"Ring of Misfortune":2,"SacredBark":9,"Turnip":5,"Cracked Core":0},{"Blood Vial":26,"hubris:CrystalStatue":11,"Ring of Peace":6,"Ring of Misfortune":6,"SacredBark":37,"Turnip":19,"Cracked Core":0}]},"card_choices":[{"not_picked":["Barrage","Stack"],"picked":"Cold Snap","floor":1},{"not_picked":["Panic Button","Leap"],"picked":"Ball Lightning","floor":2},{"not_picked":["Lockon","BasicCrystalCard"],"picked":"Ball Lightning","floor":6},{"not_picked":["Machine Learning","Coolheaded"],"picked":"Barrage","floor":7},{"not_picked":["Coolheaded","Hologram"],"picked":"Gash","floor":10},{"not_picked":["Streamline","Cold Snap"],"picked":"Consume","floor":12},{"not_picked":["Chill","Coolheaded"],"picked":"Recycle","floor":13},{"not_picked":["Steam","Hologram"],"picked":"Gash","floor":14},{"not_picked":["ReplayRNGCard","Seek"],"picked":"Echo Form","floor":16},{"not_picked":["Hologram","Compile Driver"],"picked":"Defragment+1","floor":18}],"player_experience":129344,"relics_obtained":[{"floor":4,"key":"Ring of Peace"},{"floor":4,"key":"Ring of Misfortune"},{"floor":6,"key":"hubris:CrystalStatue"},{"floor":10,"key":"Turnip"},{"floor":15,"key":"Blood Vial"}],"event_choices":[{"damage_healed":0,"gold_gain":0,"cards_transformed":["Amnesia"],"player_choice":"Transformed","damage_taken":0,"max_hp_gain":0,"max_hp_loss":0,"event_name":"Transmorgrifier","floor":5,"gold_loss":0,"cards_obtained":["Decay"]},{"damage_healed":0,"gold_gain":0,"player_choice":"Grow","damage_taken":0,"max_hp_gain":0,"max_hp_loss":0,"event_name":"Living Wall","floor":11,"gold_loss":0,"cards_upgraded":["Zap"]}],"is_beta":false,"boss_relics":[{"not_picked":["Empty Cage","Ring of Chaos"],"picked":"SacredBark"}],"items_purged_floors":[],"is_endless":false,"potions_floor_spawned":[2,10,12,13],"killed_by":"2 Thieves","ascension_level":5}}