{"host":"9ndbo4kgsfoemf7y","time":1610264511,"event":{"mods":["AchievementEnabler","BaseMod","Colored Map","DeckTracker","Keyboard Shortcuts","Minty Spire (QoL Compilation)","Permanent Neow","Quick Restart","Relic Stats","StSLib","SuperFastMode"],"gold_per_floor":[368,368,318,46,57,57,92,92,92,124,124,156,194,204,204,300,300,317,26,125,142,168,168,204,31,31,79,8,19,19,33,33,152,152,166,186,186],"floor_reached":36,"playtime":1230,"items_purged":["Strike_B","Defend_B"],"score":510,"play_id":"a3873edc-baf0-47f6-bd9d-2d35029335c0","local_time":"20210110164151","is_ascension_mode":true,"campfire_choices":[{"data":"White Noise","floor":6.0,"key":"SMITH"},{"data":"Defragment","floor":8.0,"key":"SMITH"},{"floor":11.0,"key":"REST"},{"floor":15.0,"key":"REST"},{"data":"Seek","floor":23.0,"key":"SMITH"},{"data":"Aggregate","floor":30.0,"key":"SMITH"},{"floor":32.0,"key":"REST"}],"circlet_count":0,"master_deck":["Defend_B","Defend_B","Zap","Dualcast","White Noise+1","HandOfGreed","Defragment+1","Conserve Battery","Chill","Loop","Reinforced Body","Echo Form","Darkness+1","Cold Snap+1","Ball Lightning+1","Sweeping Beam+1","Seek+1","Turbo+1","Doom and Gloom+1","Aggregate+1","Defragment","Force Field","Stack","BootSequence","Reboot","Hologram"],"relics":["Cracked Core","Turnip","Happy Flower","Lantern","Astrolabe","TheAbacus","Tiny Chest","Kunai","Smiling Mask","SlaversCollar"],"acts_visited":["Exordium","TheCity","TheBeyond"],"potions_floor_usage":[],"damage_taken":[{"damage":3.0,"enemies":"Small Slimes","floor":1.0,"turns":2.0},{"damage":7.0,"enemies":"Jaw Worm","floor":5.0,"turns":3.0},{"damage":11.0,"enemies":"2 Louse","floor":7.0,"turns":2.0},{"damage":23.0,"enemies":"Lagavulin","floor":10.0,"turns":6.0},{"damage":16.0,"enemies":"Gremlin Nob","floor":12.0,"turns":3.0},{"damage":0.0,"enemies":"2 Fungi Beasts","floor":13.0,"turns":3.0},{"damage":3.0,"enemies":"Looter","floor":14.0,"turns":3.0},{"damage":4.0,"enemies":"The Guardian","floor":16.0,"turns":11.0},{"damage":0.0,"enemies":"Chosen","floor":18.0,"turns":4.0},{"damage":15.0,"enemies":"Shell Parasite","floor":21.0,"turns":5.0},{"damage":11.0,"enemies":"Sentry and Sphere","floor":24.0,"turns":4.0},{"damage":8.0,"enemies":"Gremlin Leader","floor":27.0,"turns":6.0},{"damage":0.0,"enemies":"Snecko","floor":29.0,"turns":3.0},{"damage":27.0,"enemies":"Snake Plant","floor":31.0,"turns":4.0},{"damage":12.0,"enemies":"Automaton","floor":33.0,"turns":9.0},{"damage":39.0,"enemies":"3 Darklings","floor":35.0,"turns":7.0},{"damage":21,"enemies":"3 Shapes","floor":36,"turns":3}],"seed_played":"3973198423332542946","potions_obtained":[{"floor":7.0,"key":"PotionOfCapacity"},{"floor":10.0,"key":"Fire Potion"},{"floor":12.0,"key":"SpeedPotion"},{"floor":13.0,"key":"BlessingOfTheForge"},{"floor":16.0,"key":"EssenceOfSteel"},{"floor":24.0,"key":"AttackPotion"},{"floor":29.0,"key":"PotionOfCapacity"}],"is_trial":false,"path_per_floor":["M","?","?","$","M","R","M","R","T","E","R","E","M","M","R","B",null,"M","$","?","M","T","R","M","$","T","E","$","M","R","M","R","B",null,"M","M"],"character_chosen":"DEFECT","items_purchased":["HandOfGreed","Seek","TheAbacus","Aggregate","Force Field"],"campfire_rested":3,"item_purchase_floors":[4,19,19,25,28],"current_hp_per_floor":[65,58,58,58,51,51,40,40,40,17,39,23,23,20,42,38,66,66,66,66,51,51,51,40,40,40,32,32,32,32,5,27,15,60,21,0,0],"gold":186,"neow_bonus":"TWO_FIFTY_GOLD","is_daily":false,"chose_seed":false,"campfire_upgraded":4,"win_rate":0.0,"timestamp":1610264511,"path_taken":["M","?","?","$","M","R","M","R","T","E","R","E","M","M","R","BOSS","M","$","?","M","?","R","M","$","T","E","$","M","R","M","R","BOSS","M","M"],"items_purchased_type":["Card","Card","Relic","Card","Card"],"build_version":"2020-12-22","purchased_purges":2,"victory":false,"max_hp_per_floor":[75,75,75,75,75,75,75,75,75,75,75,75,75,75,75,75,75,75,75,75,75,75,75,75,75,75,75,75,75,75,75,75,75,75,75,75,75],"relic_stats":{"TheAbacus":[48],"Happy Flower":[21],"counters":[17,77],"Astrolabe":["Darkness","Cold Snap","Ball Lightning"],"Tiny Chest":0,"Turnip":[9],"Kunai":[2],"Smiling Mask":0,"obtain_stats":[{"SlaversCollar":34,"Lantern":12,"TheAbacus":19,"Happy Flower":10,"Astrolabe":17,"Tiny Chest":22,"Turnip":9,"Kunai":26,"Cracked Core":0,"Smiling Mask":27},{"SlaversCollar":15,"Lantern":5,"TheAbacus":9,"Happy Flower":4,"Astrolabe":8,"Tiny Chest":10,"Turnip":3,"Kunai":11,"Cracked Core":0,"Smiling Mask":12},{"SlaversCollar":67,"Lantern":16,"TheAbacus":36,"Happy Flower":13,"Astrolabe":33,"Tiny Chest":41,"Turnip":7,"Kunai":45,"Cracked Core":0,"Smiling Mask":51}]},"card_choices":[{"not_picked":["Conserve Battery","Redo"],"picked":"White Noise","floor":1.0},{"not_picked":["Hologram","Undo"],"picked":"Defragment","floor":5.0},{"not_picked":["Ball Lightning","Reprogram"],"picked":"Conserve Battery","floor":7.0},{"not_picked":["Cold Snap","Sweeping Beam"],"picked":"Chill","floor":10.0},{"not_picked":["Consume","Recycle"],"picked":"Loop","floor":12.0},{"not_picked":["Hello World","Steam Power","Stack"],"picked":"SKIP","floor":13.0},{"not_picked":["Rebound","Turbo"],"picked":"Reinforced Body","floor":14.0},{"not_picked":["Core Surge","Thunder Strike"],"picked":"Echo Form","floor":16.0},{"not_picked":["Cold Snap","Tempest+1"],"picked":"Sweeping Beam+1","floor":18.0},{"not_picked":["Skim","Blizzard"],"picked":"Turbo+1","floor":21.0},{"not_picked":["Streamline","Turbo+1"],"picked":"Doom and Gloom+1","floor":24.0},{"not_picked":["Undo","Turbo"],"picked":"Defragment","floor":27.0},{"not_picked":["Aggregate","Heatsinks"],"picked":"Stack","floor":29.0},{"not_picked":["Steam","Turbo"],"picked":"BootSequence","floor":31.0},{"not_picked":["Echo Form","Core Surge"],"picked":"Reboot","floor":33.0},{"not_picked":["Doom and Gloom+1","Glacier+1"],"picked":"Hologram","floor":35.0}],"player_experience":807281,"relics_obtained":[{"floor":9.0,"key":"Turnip"},{"floor":10.0,"key":"Happy Flower"},{"floor":12.0,"key":"Lantern"},{"floor":22.0,"key":"Tiny Chest"},{"floor":26.0,"key":"Kunai"},{"floor":27.0,"key":"Smiling Mask"}],"event_choices":[{"cards_removed":["Decay"],"damage_healed":0.0,"max_hp_gain":0.0,"max_hp_loss":0.0,"gold_gain":0.0,"event_name":"Golden Wing","player_choice":"Card Removal","floor":2.0,"gold_loss":0.0,"damage_taken":7.0},{"cards_removed":["Strike_B"],"damage_healed":0.0,"max_hp_gain":0.0,"max_hp_loss":0.0,"gold_gain":0.0,"event_name":"The Cleric","player_choice":"Card Removal","floor":3.0,"gold_loss":50.0,"damage_taken":0.0},{"damage_healed":0.0,"max_hp_gain":0.0,"max_hp_loss":0.0,"gold_gain":99.0,"event_name":"Nest","player_choice":"Stole From Cult","floor":20.0,"gold_loss":0.0,"damage_taken":0.0}],"is_beta":false,"boss_relics":[{"not_picked":["Tiny House","Cursed Key"],"picked":"Astrolabe"},{"not_picked":["Coffee Dripper","Snecko Eye"],"picked":"SlaversCollar"}],"items_purged_floors":[4,25],"is_endless":false,"potions_floor_spawned":[7,10,12,13,16,24,29,31],"killed_by":"3 Shapes","ascension_level":6}}