{"host":"3po7ngt2j61s4rmj","time":1610260345,"event":{"mods":["Act Like it!","BaseMod","Elementarium","Hermit","JesterMod","Minty Spire (QoL Compilation)","Relic Stats","Shade Mod","StSLib"],"gold_per_floor":[117,130,205,216,216,216,16,16,16,54,72,115,115,134,134,264,264,264,254,137,16,16,16,16,16,16,16,16,16,16,16,16,16,16,16,16,16,16,16,16,16,16,16,16,16,16,16,16,16,16,16,16,16,16,16,16],"floor_reached":55,"playtime":4493,"items_purged":["jesterMod:Strike"],"score":982,"play_id":"deda94f7-92d2-4e3f-a8c0-cfbbf55d408b","local_time":"20210109233225","is_ascension_mode":true,"campfire_choices":[{"floor":6,"key":"REST"},{"data":"1","floor":13,"key":"LIFT"},{"floor":15,"key":"REST"},{"data":"2","floor":25,"key":"LIFT"},{"data":"3","floor":27,"key":"LIFT"},{"floor":32,"key":"REST"},{"floor":40,"key":"RECALL"},{"data":"jesterMod:Prankster","floor":42,"key":"SMITH"},{"data":"Elementarium:GildedEssence","floor":45,"key":"SMITH"},{"data":"jesterMod:Dodge","floor":49,"key":"SMITH"},{"data":"jesterMod:HitAndRun","floor":52,"key":"SMITH"}],"circlet_count":0,"master_deck":["jesterMod:Strike+1","jesterMod:Strike+1","jesterMod:Sickle+1","jesterMod:Defend+1","jesterMod:Defend+1","jesterMod:Defend","jesterMod:Defend","jesterMod:Dodge+1","jesterMod:BouncingKnife+1","jesterMod:Squander","jesterMod:OblivionStrike+1","jesterMod:Mending","jesterMod:HitAndRun+1","jesterMod:BouncingKnife+1","jesterMod:ButterKnife+1","jesterMod:Pillage","jesterMod:Inspiration+1","Elementarium:GildedEssence+1","jesterMod:Prankster+1","jesterMod:Precipitation+1","jesterMod:DanceOfChaos+1","jesterMod:ButterKnife+1","jesterMod:Precipitation+1","jesterMod:HitAndRun+1","jesterMod:Overthink+1","jesterMod:QuickStrike+1","jesterMod:Flee+1","jesterMod:SmokeScreen+1","jesterMod:Pause","jesterMod:Precipitation+1","jesterMod:Disposophobia+1","jesterMod:Prankster+1","jesterMod:DanceOfChaos+1","jesterMod:Inspiration"],"relics":["jesterMod:JokerCard","Sling","Golden Idol","HornCleat","White Beast Statue","Girya","Ectoplasm","Elementarium:HuntersSling","Elementarium:HatchlingPhoenix","Smiling Mask","Eternal Feather","Centennial Puzzle","Elementarium:ElementariumTrophy","Busted Crown","Prayer Wheel","Ornamental Fan","Thread and Needle","Oddly Smooth Stone"],"acts_visited":["Exordium","Elementarium:Elementarium","TheBeyond","TheEnding"],"potions_floor_usage":[14,16,23,23,23,24,30,31,33,33,33,35,36,38,41,47,48,50,50,55],"damage_taken":[{"damage":0,"enemies":"2 Louse","floor":1,"turns":4},{"damage":5,"enemies":"Small Slimes","floor":2,"turns":3},{"damage":9,"enemies":"Jaw Worm","floor":4,"turns":4},{"damage":5,"enemies":"3 Sentries","floor":10,"turns":6},{"damage":0,"enemies":"2 Fungi Beasts","floor":11,"turns":3},{"damage":21,"enemies":"Lagavulin","floor":12,"turns":7},{"damage":5,"enemies":"Exordium Thugs","floor":14,"turns":2},{"damage":0,"enemies":"Slime Boss","floor":16,"turns":7},{"damage":0,"enemies":"Elementarium:2_ELEMENTALS","floor":18,"turns":3},{"damage":14,"enemies":"Elementarium:WarGolem","floor":23,"turns":2},{"damage":13,"enemies":"Elementarium:MUD_AND_TAR_GOLEMS","floor":24,"turns":4},{"damage":29,"enemies":"Elementarium:VoidBeast","floor":28,"turns":4},{"damage":10,"enemies":"Elementarium:RubyGolem","floor":29,"turns":4},{"damage":2,"enemies":"Elementarium:CYCLONE_AND_ORB_OF_FIRE","floor":30,"turns":5},{"damage":0,"enemies":"Elementarium:FIRE_NOBILITY","floor":31,"turns":6},{"damage":12,"enemies":"Elementarium:GolemEmperor","floor":33,"turns":11},{"damage":0,"enemies":"Orb Walker","floor":35,"turns":3},{"damage":14,"enemies":"2 Orb Walkers","floor":36,"turns":3},{"damage":4,"enemies":"3 Shapes","floor":38,"turns":4},{"damage":14,"enemies":"Nemesis","floor":41,"turns":7},{"damage":1,"enemies":"Sphere and 2 Shapes","floor":44,"turns":5},{"damage":0,"enemies":"Reptomancer","floor":46,"turns":5},{"damage":5,"enemies":"3 Darklings","floor":47,"turns":3},{"damage":0,"enemies":"4 Shapes","floor":48,"turns":1},{"damage":20,"enemies":"Time Eater","floor":50,"turns":10},{"damage":34,"enemies":"Shield and Spear","floor":54,"turns":4},{"damage":31,"enemies":"The Heart","floor":55,"turns":3}],"seed_played":"-5443879898767828538","potions_obtained":[{"floor":1,"key":"FearPotion"},{"floor":11,"key":"SteroidPotion"},{"floor":12,"key":"Strength Potion"},{"floor":14,"key":"Fire Potion"},{"floor":16,"key":"Energy Potion"},{"floor":18,"key":"Fire Potion"},{"floor":23,"key":"SteroidPotion"},{"floor":24,"key":"Energy Potion"},{"floor":28,"key":"Explosive Potion"},{"floor":29,"key":"Weak Potion"},{"floor":30,"key":"Dexterity Potion"},{"floor":31,"key":"SkillPotion"},{"floor":33,"key":"Swift Potion"},{"floor":35,"key":"SkillPotion"},{"floor":36,"key":"FearPotion"},{"floor":38,"key":"SteroidPotion"},{"floor":41,"key":"SmokeBomb"},{"floor":44,"key":"GamblersBrew"},{"floor":46,"key":"SneckoOil"},{"floor":47,"key":"Strength Potion"},{"floor":54,"key":"AttackPotion"}],"is_trial":false,"path_per_floor":["M","M","?","M","?","R","$","?","T","E","M","E","R","M","R","B",null,"M","?","?","$","?","E","M","R","T","R","M","M","M","E","R","B",null,"M","?","?","M","?","R","E","R","T","M","R","E","M","M","R","B",null,"R","$","E","B"],"character_chosen":"THE_JESTER","items_purchased":["Sling","jesterMod:OblivionStrike+1","jesterMod:Prankster"],"campfire_rested":3,"item_purchase_floors":[7,7,21],"current_hp_per_floor":[70,65,54,45,38,59,59,59,59,54,54,33,33,28,47,47,65,65,65,65,65,65,51,38,38,38,50,21,11,9,9,43,31,65,65,51,51,47,47,62,48,63,63,62,65,65,60,60,65,45,65,65,65,31,0,0],"gold":16,"neow_bonus":"BOSS_RELIC","is_daily":false,"chose_seed":false,"campfire_upgraded":4,"win_rate":0.0,"timestamp":1610260345,"path_taken":["M","M","?","M","?","R","$","?","T","E","M","E","R","M","R","BOSS","M","?","?","$","?","E","M","R","T","R","M","M","M","E","R","BOSS","M","?","?","M","?","R","E","R","T","M","R","E","M","?","R","BOSS","R","$","E","BOSS"],"items_purchased_type":["Relic","Card","Card"],"build_version":"2020-12-22","purchased_purges":1,"victory":false,"max_hp_per_floor":[70,70,70,70,70,70,70,65,65,65,65,65,65,65,65,65,65,65,65,65,65,65,65,65,65,65,65,65,65,65,65,65,65,65,65,65,65,65,65,65,65,65,65,65,65,65,65,65,65,65,65,65,65,65,65,65],"relic_stats":{"Centennial Puzzle":[27],"Busted Crown":24,"counters":[27,123],"Golden Idol":199,"Ornamental Fan":[48],"Eternal Feather":65,"Prayer Wheel":3,"Ectoplasm":584,"Smiling Mask":0,"obtain_stats":[{"Girya":12,"Golden Idol":8,"jesterMod:JokerCard":0,"Oddly Smooth Stone":54,"Eternal Feather":26,"Thread and Needle":46,"jesterMod:JesterCap":0,"Elementarium:HuntersSling":20,"Sling":7,"Smiling Mask":23,"White Beast Statue":10,"Centennial Puzzle":31,"HornCleat":9,"Busted Crown":34,"Elementarium:ElementariumTrophy":33,"Ornamental Fan":41,"Molten Egg 2":5,"Prayer Wheel":36,"Ectoplasm":17,"Elementarium:HatchlingPhoenix":22},{"Girya":6,"Golden Idol":3,"jesterMod:JokerCard":0,"Oddly Smooth Stone":26,"Eternal Feather":11,"Thread and Needle":22,"jesterMod:JesterCap":0,"Elementarium:HuntersSling":9,"Sling":3,"Smiling Mask":10,"White Beast Statue":4,"Centennial Puzzle":15,"HornCleat":3,"Busted Crown":16,"Elementarium:ElementariumTrophy":16,"Ornamental Fan":20,"Molten Egg 2":3,"Prayer Wheel":18,"Ectoplasm":8,"Elementarium:HatchlingPhoenix":9},{"Girya":27,"Golden Idol":11,"jesterMod:JokerCard":0,"Oddly Smooth Stone":120,"Eternal Feather":45,"Thread and Needle":102,"jesterMod:JesterCap":0,"Elementarium:HuntersSling":39,"Sling":11,"Smiling Mask":41,"White Beast Statue":17,"Centennial Puzzle":64,"HornCleat":11,"Busted Crown":75,"Elementarium:ElementariumTrophy":75,"Ornamental Fan":92,"Molten Egg 2":11,"Prayer Wheel":81,"Ectoplasm":36,"Elementarium:HatchlingPhoenix":39}]},"card_choices":[{"not_picked":["jesterMod:Discretion","jesterMod:SmokeScreen"],"picked":"jesterMod:BouncingKnife","floor":1},{"not_picked":["jesterMod:SelfMockery","jesterMod:ButterKnife","jesterMod:Hide"],"picked":"SKIP","floor":2},{"not_picked":["jesterMod:QuickStrike","jesterMod:BouncingKnife"],"picked":"jesterMod:Squander","floor":4},{"not_picked":["jesterMod:Patience","jesterMod:MudBall+1"],"picked":"jesterMod:Mending","floor":10},{"not_picked":["jesterMod:Unleash","jesterMod:ButterKnife+1"],"picked":"jesterMod:HitAndRun+1","floor":11},{"not_picked":["jesterMod:Feint+1","jesterMod:Precipitation"],"picked":"jesterMod:BouncingKnife+1","floor":12},{"not_picked":["jesterMod:SmokeScreen","jesterMod:Dilapidation+1"],"picked":"jesterMod:ButterKnife+1","floor":14},{"not_picked":["jesterMod:BoilDown+1","jesterMod:Overthink"],"picked":"jesterMod:Pillage","floor":16},{"not_picked":["jesterMod:DaggerRain+1","jesterMod:PerfectDodge+1"],"picked":"jesterMod:Inspiration","floor":18},{"not_picked":["jesterMod:Talion+1","jesterMod:Contradiction+1"],"picked":"jesterMod:Precipitation+1","floor":23},{"not_picked":["jesterMod:Tinker+1","jesterMod:Precipitation+1"],"picked":"jesterMod:DanceOfChaos+1","floor":24},{"not_picked":["jesterMod:HitAndRun","jesterMod:Discretion"],"picked":"jesterMod:ButterKnife+1","floor":28},{"not_picked":["jesterMod:Anticipation","jesterMod:Pause","jesterMod:Talion+1"],"picked":"SKIP","floor":29},{"not_picked":["jesterMod:Rebuff+1","jesterMod:Tinker+1"],"picked":"jesterMod:Precipitation+1","floor":30},{"not_picked":["jesterMod:Discretion","jesterMod:Pause"],"picked":"jesterMod:HitAndRun","floor":31},{"not_picked":["jesterMod:ExperimentalTreatment+1","jesterMod:Frustration"],"picked":"jesterMod:Overthink","floor":33},{"not_picked":["jesterMod:Rebuff+1"],"picked":"SKIP","floor":35},{"not_picked":[],"picked":"jesterMod:QuickStrike+1","floor":36},{"not_picked":[],"picked":"jesterMod:Flee+1","floor":38},{"not_picked":[],"picked":"jesterMod:SmokeScreen+1","floor":38},{"not_picked":[],"picked":"jesterMod:Pause","floor":41},{"not_picked":[],"picked":"jesterMod:Precipitation+1","floor":44},{"not_picked":["jesterMod:SmokeScreen+1"],"picked":"SKIP","floor":44},{"not_picked":[],"picked":"jesterMod:Disposophobia+1","floor":46},{"not_picked":[],"picked":"jesterMod:Prankster+1","floor":47},{"not_picked":[],"picked":"jesterMod:DanceOfChaos+1","floor":47},{"not_picked":[],"picked":"jesterMod:Inspiration","floor":54}],"player_experience":1106173,"relics_obtained":[{"floor":9,"key":"HornCleat"},{"floor":10,"key":"White Beast Statue"},{"floor":12,"key":"Girya"},{"floor":23,"key":"Smiling Mask"},{"floor":26,"key":"Eternal Feather"},{"floor":31,"key":"Centennial Puzzle"},{"floor":36,"key":"Prayer Wheel"},{"floor":41,"key":"Ornamental Fan"},{"floor":46,"key":"Thread and Needle"},{"floor":54,"key":"Oddly Smooth Stone"}],"event_choices":[{"damage_healed":0,"gold_gain":75,"player_choice":"Gather Gold","damage_taken":11,"max_hp_gain":0,"max_hp_loss":0,"event_name":"World of Goop","floor":3,"gold_loss":0},{"damage_healed":0,"gold_gain":0,"player_choice":"Success","damage_taken":7,"relics_obtained":["Molten Egg 2"],"max_hp_gain":0,"max_hp_loss":0,"event_name":"Scrap Ooze","floor":5,"gold_loss":0},{"damage_healed":0,"gold_gain":0,"player_choice":"Lose Max HP","damage_taken":0,"relics_obtained":["Golden Idol"],"max_hp_gain":0,"max_hp_loss":5,"event_name":"Golden Idol","floor":8,"gold_loss":0},{"damage_healed":0,"gold_gain":0,"player_choice":"Toss","damage_taken":0,"max_hp_gain":0,"max_hp_loss":0,"event_name":"Elementarium:OnrushingOffering","floor":19,"gold_loss":10,"cards_obtained":["Elementarium:GildedEssence"]},{"damage_healed":0,"gold_gain":0,"player_choice":"Sling","damage_taken":0,"relics_obtained":["Elementarium:HuntersSling"],"max_hp_gain":0,"max_hp_loss":0,"event_name":"Elementarium:BigGameHunter","floor":20,"gold_loss":117},{"damage_healed":0,"gold_gain":0,"player_choice":"Egg","damage_taken":0,"relics_obtained":["Elementarium:HatchlingPhoenix"],"max_hp_gain":0,"max_hp_loss":0,"event_name":"Elementarium:IncubationChamber","floor":22,"relics_lost":["Molten Egg 2"],"gold_loss":0},{"damage_healed":0,"gold_gain":0,"player_choice":"Fight","damage_taken":0,"max_hp_gain":0,"max_hp_loss":0,"event_name":"Mysterious Sphere","floor":36,"gold_loss":0},{"damage_healed":0,"gold_gain":0,"player_choice":"Memory 1","damage_taken":0,"max_hp_gain":0,"max_hp_loss":0,"event_name":"SensoryStone","floor":37,"gold_loss":0},{"cards_removed":["jesterMod:Strike"],"damage_healed":0,"gold_gain":0,"player_choice":"Card Removal","damage_taken":0,"max_hp_gain":0,"max_hp_loss":0,"event_name":"Wheel of Change","floor":39,"gold_loss":0}],"is_beta":false,"boss_relics":[{"not_picked":["Runic Dome","Velvet Choker"],"picked":"Ectoplasm"},{"not_picked":["Philosopher\u0027s Stone","Coffee Dripper"],"picked":"Busted Crown"}],"items_purged_floors":[21],"is_endless":false,"potions_floor_spawned":[1,11,12,14,16,18,23,24,28,29,30,31,33,35,36,38,41,44,46,47,48,54],"killed_by":"The Heart","ascension_level":4}}