{"host":"ikjt6v4q6zrcj3if","time":1610251491,"event":{"mods":["100% Spire Juice","BaseMod","CapriCore","Colored Map","Downfall","Jorbs\u0027s Wanderer Trilogy","Koishi","Luminous","Minty Spire (QoL Compilation)","Permanent Neow","Quick Restart","Replay The Spire","StSLib","SuperFastMode","The Marked","The Necromancer","The Runesmith"],"gold_per_floor":[112,124,4,17,35,35,66,86,86,86,105,105,105,105,140,158,158,261,261,279,295,315,315,91,91,102,102,102],"floor_reached":27,"playtime":1044,"items_purged":["Regret"],"score":228,"play_id":"5bc3cbb8-5c4f-4647-aad8-677e13894da0","local_time":"20210110130451","is_ascension_mode":true,"campfire_choices":[{"data":"Moonworks:Ambush","floor":6,"key":"SMITH"},{"data":"Moonworks:LongDistanceShot","floor":10,"key":"SMITH"},{"data":"Moonworks:Defend","floor":14,"key":"SMITH"},{"data":"Moonworks:CloudOfSeagulls","floor":17,"key":"SMITH"},{"data":"Moonworks:AccelHyper","floor":25,"key":"SMITH"}],"circlet_count":0,"master_deck":["Moonworks:Strike","Moonworks:Strike","Moonworks:Strike","Moonworks:Strike","Moonworks:Defend","Moonworks:Defend","Moonworks:Defend","Moonworks:Defend+1","Moonworks:Ambush+1","Moonworks:LongDistanceShot+1","Moonworks:RagingMadness","Moonworks:CompletionReward","Moonworks:SakisCookie","Moonworks:SinkOrSwim","Moonworks:CloudOfSeagulls+1","Moonworks:AccelHyper+1","Moonworks:JonathanRush","Moonworks:WindyEnchantment+1","Moonworks:StiffCrystal","Moonworks:JonathanRush+1"],"relics":["Moonworks:Homemark","Coffee Dripper","Potion Belt","Mirror","Black Star","Matryoshka","Membership Card"],"acts_visited":["Exordium","TheCity"],"potions_floor_usage":[22,27],"damage_taken":[{"damage":1,"enemies":"Jaw Worm","floor":1,"turns":3},{"damage":1,"enemies":"Cultist","floor":2,"turns":3},{"damage":4,"enemies":"2 Louse","floor":4,"turns":3},{"damage":7,"enemies":"2 Fungi Beasts","floor":5,"turns":3},{"damage":6,"enemies":"Lagavulin","floor":7,"turns":7},{"damage":4,"enemies":"Looter","floor":8,"turns":4},{"damage":10,"enemies":"Exordium Wildlife","floor":11,"turns":3},{"damage":6,"enemies":"Blue Slaver","floor":16,"turns":4},{"damage":22,"enemies":"Slime Boss","floor":18,"turns":6},{"damage":11,"enemies":"Shell Parasite","floor":20,"turns":4},{"damage":11,"enemies":"Chosen","floor":21,"turns":3},{"damage":21,"enemies":"Centurion and Healer","floor":22,"turns":7},{"damage":11,"enemies":"Snecko","floor":26,"turns":4},{"damage":24,"enemies":"Gremlin Leader","floor":27,"turns":5}],"seed_played":"-3087589774216778030","potions_obtained":[{"floor":4,"key":"sneckomod:MuddlingPotion"},{"floor":5,"key":"SneckoOil"},{"floor":8,"key":"Elixir"},{"floor":16,"key":"GamblersBrew"},{"floor":20,"key":"champ:CounterPotion"},{"floor":26,"key":"SpeedPotion"}],"is_trial":false,"path_per_floor":["M","M","?","M","M","R","E","M","T","R","M","PTL","PTL","R","?","M","R","B",null,"M","M","M","T","$","R","M","E"],"character_chosen":"THE_STARBREAKER","items_purchased":["Membership Card","Moonworks:StiffCrystal"],"campfire_rested":0,"item_purchase_floors":[24,24],"current_hp_per_floor":[59,58,58,54,47,47,43,41,41,41,33,33,33,33,33,31,31,13,60,53,42,25,25,25,25,18,0,0],"gold":102,"neow_bonus":"BOSS_RELIC","is_daily":false,"chose_seed":false,"campfire_upgraded":5,"win_rate":0.0,"timestamp":1610251491,"path_taken":["M","M","?","M","M","R","E","M","T","R","M","PTL","PTL","R","?","M","R","BOSS","M","M","M","?","$","R","M","E"],"items_purchased_type":["Relic","Card"],"build_version":"2020-12-22","purchased_purges":1,"victory":false,"max_hp_per_floor":[60,60,60,60,60,60,60,60,60,60,60,60,60,60,60,60,60,60,60,60,60,60,60,60,60,60,60,60],"card_choices":[{"not_picked":["Moonworks:IndiscriminateFireSupport","Moonworks:SealedMemories"],"picked":"Moonworks:RagingMadness","floor":1},{"not_picked":["Moonworks:EvilSpyWorkPreparation","Moonworks:BigMagnum","Moonworks:Assault"],"picked":"SKIP","floor":2},{"not_picked":["Moonworks:EvilSpyWorkPreparation","Moonworks:BindingChains"],"picked":"Moonworks:CompletionReward","floor":4},{"not_picked":["Moonworks:LulusLuckyEgg","Moonworks:EvilSpyWorkPreparation"],"picked":"Moonworks:SakisCookie","floor":5},{"not_picked":["Moonworks:NicePresent","Moonworks:JonathanRush"],"picked":"Moonworks:SinkOrSwim","floor":7},{"not_picked":["Moonworks:Flamethrower","Moonworks:RedAndBlue","Moonworks:DeployBits"],"picked":"SKIP","floor":8},{"not_picked":["Moonworks:UnluckyCharm","Moonworks:SakisCookie","Moonworks:BigMagnum"],"picked":"SKIP","floor":11},{"not_picked":["Moonworks:FinalBattle","Moonworks:LulusLuckyEgg"],"picked":"Moonworks:CloudOfSeagulls","floor":16},{"not_picked":["Moonworks:WeAreWaruda","Moonworks:CrystalBarrier"],"picked":"Moonworks:AccelHyper","floor":18},{"not_picked":["Moonworks:LulusLuckyEgg","Moonworks:WindyEnchantment"],"picked":"Moonworks:JonathanRush","floor":20},{"not_picked":["Moonworks:RedAndBlue","Moonworks:SakisCookie","Moonworks:EvilSpyWorkPreparation"],"picked":"SKIP","floor":21},{"not_picked":["Moonworks:Assault","Moonworks:SelfDestruct"],"picked":"Moonworks:WindyEnchantment+1","floor":22},{"not_picked":["Moonworks:Heat300Percent","Moonworks:SakisCookie"],"picked":"Moonworks:JonathanRush+1","floor":26}],"player_experience":402671,"relics_obtained":[{"floor":7,"key":"Potion Belt"},{"floor":9,"key":"Mirror"},{"floor":23,"key":"Matryoshka"}],"event_choices":[{"damage_healed":0,"gold_gain":275,"player_choice":"Desecrate","damage_taken":0,"max_hp_gain":0,"max_hp_loss":0,"event_name":"Golden Shrine","floor":15,"gold_loss":0,"cards_obtained":["Regret"]}],"is_beta":false,"boss_relics":[{"not_picked":["Cursed Key","ReplayTheSpireMod:DimensionalGlitch"],"picked":"Black Star"}],"items_purged_floors":[24],"is_endless":false,"potions_floor_spawned":[4,5,8,16,20,26],"killed_by":"Gremlin Leader","ascension_level":1}}