{"host":"5x08nt64u3vxxcfi","time":1610260031,"event":{"mods":["BaseMod","Minty Spire (QoL Compilation)","StSLib","SuperFastMode"],"gold_per_floor":[18,18,37,37,49,79,79,90,90,103,138,138,157,188,188,284,284,294,474,54,54,74,74,84,84,163,198,12,12,30,47,47,150,150,163,209,209,244,294,294,321,321,402,422,422,451,9,9,9,9],"floor_reached":51,"playtime":1523,"items_purged":["Strike_G","Defend_G"],"score":1070,"play_id":"22efab14-4a4e-45a1-b29b-86613f8d1668","local_time":"20210110152711","is_ascension_mode":true,"campfire_choices":[{"data":"Footwork","floor":7.0,"key":"SMITH"},{"floor":12.0,"key":"REST"},{"data":"Neutralize","floor":15.0,"key":"SMITH"},{"data":"Blade Dance","floor":23.0,"key":"SMITH"},{"data":"Blade Dance","floor":25.0,"key":"SMITH"},{"data":"Apotheosis","floor":29,"key":"SMITH"},{"floor":32,"key":"REST"},{"floor":40,"key":"REST"},{"data":"Enlightenment","floor":49,"key":"SMITH"}],"circlet_count":0,"master_deck":["Defend_G","Defend_G","Defend_G","Defend_G","Survivor","Neutralize+1","Deflect","Prepared","Slice","Footwork+1","Concentrate","Dagger Throw+1","Blur","Sucker Punch+1","Finisher+1","Die Die Die+1","CurseOfTheBell","Blade Dance+1","Jack Of All Trades","Blade Dance+1","Choke+1","Footwork+1","Poisoned Stab+1","Leg Sweep","Phantasmal Killer","Apotheosis+1","Reflex+1","Dagger Throw+1","A Thousand Cuts","PiercingWail+1","Deflect+1","Dash+1","Cloak And Dagger+1","Cloak And Dagger+1","Backflip+1","Slice+1","Wraith Form v2","Backstab+1","Enlightenment+1"],"relics":["Ring of the Snake","Du-Vu Doll","Molten Egg 2","Singing Bowl","White Beast Statue","Pear","Calipers","Calling Bell","Bag of Marbles","Eternal Feather","CaptainsWheel","Mummified Hand","Question Card","Bottled Flame","Astrolabe","Toy Ornithopter","Pocketwatch","Regal Pillow","Paper Crane","InkBottle","OrangePellets"],"acts_visited":["Exordium","TheCity","TheBeyond"],"potions_floor_usage":[27,27,27,33,33,33,46,46,50,50],"damage_taken":[{"damage":1.0,"enemies":"Jaw Worm","floor":1.0,"turns":5.0},{"damage":4.0,"enemies":"Small Slimes","floor":3.0,"turns":4.0},{"damage":0.0,"enemies":"Cultist","floor":5.0,"turns":4.0},{"damage":20.0,"enemies":"Gremlin Nob","floor":6.0,"turns":6.0},{"damage":13.0,"enemies":"Exordium Thugs","floor":8.0,"turns":5.0},{"damage":0.0,"enemies":"2 Fungi Beasts","floor":10.0,"turns":3.0},{"damage":14.0,"enemies":"3 Sentries","floor":11.0,"turns":11.0},{"damage":9.0,"enemies":"Red Slaver","floor":13.0,"turns":3.0},{"damage":12.0,"enemies":"Gremlin Nob","floor":14.0,"turns":4.0},{"damage":19.0,"enemies":"The Guardian","floor":16.0,"turns":11.0},{"damage":3.0,"enemies":"Shell Parasite","floor":18.0,"turns":6.0},{"damage":0.0,"enemies":"2 Thieves","floor":22.0,"turns":3.0},{"damage":3.0,"enemies":"Sentry and Sphere","floor":24.0,"turns":3.0},{"damage":24,"enemies":"Slavers","floor":27,"turns":5},{"damage":12,"enemies":"Chosen and Byrds","floor":30,"turns":3},{"damage":7,"enemies":"Snecko","floor":31,"turns":3},{"damage":31,"enemies":"Collector","floor":33,"turns":11},{"damage":6,"enemies":"3 Darklings","floor":35,"turns":2},{"damage":4,"enemies":"3 Shapes","floor":38,"turns":5},{"damage":0,"enemies":"Mind Bloom Boss Battle","floor":39,"turns":5},{"damage":23,"enemies":"Giant Head","floor":41,"turns":8},{"damage":40,"enemies":"Spire Growth","floor":44,"turns":7},{"damage":8,"enemies":"Reptomancer","floor":46,"turns":8},{"damage":13,"enemies":"Awakened One","floor":50,"turns":15}],"seed_played":"-3987900544184708504","potions_obtained":[{"floor":1.0,"key":"SkillPotion"},{"floor":10.0,"key":"SmokeBomb"},{"floor":11.0,"key":"Weak Potion"},{"floor":13.0,"key":"LiquidBronze"},{"floor":14.0,"key":"CunningPotion"},{"floor":16.0,"key":"SteroidPotion"},{"floor":18.0,"key":"LiquidBronze"},{"floor":22.0,"key":"Fire Potion"},{"floor":27,"key":"Poison Potion"},{"floor":30,"key":"Energy Potion"},{"floor":31,"key":"DuplicationPotion"},{"floor":33,"key":"GamblersBrew"},{"floor":35,"key":"Fire Potion"},{"floor":38,"key":"DistilledChaos"},{"floor":39,"key":"DuplicationPotion"},{"floor":46,"key":"BlessingOfTheForge"}],"is_trial":false,"path_per_floor":["M","?","M","?","M","E","R","M","T","M","E","R","M","E","R","B",null,"M","?","$","?","M","R","M","R","T","E","$","R","M","M","R","B",null,"M","T","$","M","?","R","E","?","T","M","?","E","$","?","R","B",null],"character_chosen":"THE_SILENT","items_purchased":["Blade Dance","Choke+1","Mummified Hand","Apotheosis","Backstab+1","Enlightenment","CunningPotion","OrangePellets"],"campfire_rested":3,"item_purchase_floors":[20,20,20,28,47,47,47,47],"current_hp_per_floor":[62,62,58,58,58,38,38,25,25,25,21,45,36,24,24,5,61,58,33,33,33,33,48,45,60,60,36,36,54,42,35,77,46,72,68,68,68,64,64,82,59,59,59,19,19,21,21,68,68,65],"gold":9,"neow_bonus":"ONE_RARE_RELIC","is_daily":false,"chose_seed":false,"campfire_upgraded":6,"win_rate":0.0,"timestamp":1610260031,"path_taken":["M","?","M","?","M","E","R","M","T","M","E","R","?","E","R","BOSS","M","?","?","?","M","R","M","R","T","E","$","R","M","M","R","BOSS","M","?","$","M","?","R","E","?","T","M","?","E","$","?","R","BOSS"],"items_purchased_type":["Card","Card","Relic","Card","Card","Card","Potion","Relic"],"build_version":"2020-12-22","purchased_purges":2,"victory":true,"max_hp_per_floor":[70,70,70,70,70,70,70,70,70,70,80,80,80,80,80,80,80,80,80,80,80,80,80,80,80,80,80,80,80,80,80,80,80,80,82,82,82,82,82,82,82,78,78,78,78,78,78,68,68,68],"card_choices":[{"not_picked":["Endless Agony","PiercingWail"],"picked":"Deflect","floor":1.0},{"not_picked":["Dodge and Roll","Dagger Spray"],"picked":"Slice","floor":3.0},{"not_picked":["Quick Slash+1","All Out Attack+1"],"picked":"Footwork","floor":5.0},{"not_picked":["Blade Dance","Prepared"],"picked":"Glass Knife+1","floor":6.0},{"not_picked":["Eviscerate+1","Prepared"],"picked":"Concentrate","floor":8.0},{"not_picked":["Skewer+1","Flying Knee+1"],"picked":"Dagger Throw+1","floor":10.0},{"not_picked":["Caltrops","Accuracy"],"picked":"Blur","floor":11.0},{"not_picked":["Backflip","Acrobatics"],"picked":"Sucker Punch+1","floor":13.0},{"not_picked":["Deadly Poison","Unload+1"],"picked":"Finisher+1","floor":14.0},{"not_picked":["Doppelganger","Wraith Form v2"],"picked":"Die Die Die+1","floor":16.0},{"not_picked":["Acrobatics","Accuracy+1"],"picked":"Blade Dance","floor":18.0},{"not_picked":["Quick Slash+1","Skewer+1"],"picked":"Poisoned Stab+1","floor":22.0},{"not_picked":["Acrobatics","Deflect"],"picked":"Leg Sweep","floor":24.0},{"not_picked":["Riddle With Holes+1","Leg Sweep","Sucker Punch+1"],"picked":"Phantasmal Killer","floor":27},{"not_picked":["Tactician","Backflip+1","Quick Slash+1"],"picked":"Reflex+1","floor":30},{"not_picked":["Finisher+1","Heel Hook+1","Dodge and Roll"],"picked":"Dagger Throw+1","floor":31},{"not_picked":["Storm of Steel","Bullet Time","After Image"],"picked":"A Thousand Cuts","floor":33},{"not_picked":["Flying Knee+1","Underhanded Strike+1","Flechettes+1","Expertise+1"],"picked":"Singing Bowl","floor":35},{"not_picked":["Quick Slash+1","Prepared+1","A Thousand Cuts"],"picked":"Cloak And Dagger+1","floor":38},{"not_picked":["Poisoned Stab+1","Reflex+1","Backstab+1"],"picked":"Cloak And Dagger+1","floor":39},{"not_picked":["Malaise","Skewer+1","Crippling Poison"],"picked":"Backflip+1","floor":41},{"not_picked":["Prepared+1","Dagger Spray+1","Flying Knee+1"],"picked":"Slice+1","floor":44},{"not_picked":["Masterful Stab+1","Catalyst","Bane+1"],"picked":"Wraith Form v2","floor":46}],"player_experience":76146,"relics_obtained":[{"floor":4.0,"key":"Molten Egg 2"},{"floor":6.0,"key":"Singing Bowl"},{"floor":9.0,"key":"White Beast Statue"},{"floor":11.0,"key":"Pear"},{"floor":14.0,"key":"Calipers"},{"floor":17.0,"key":"Bag of Marbles"},{"floor":17.0,"key":"Eternal Feather"},{"floor":17.0,"key":"CaptainsWheel"},{"floor":26.0,"key":"Question Card"},{"floor":27,"key":"Bottled Flame"},{"floor":36,"key":"Toy Ornithopter"},{"floor":39,"key":"Pocketwatch"},{"floor":41,"key":"Regal Pillow"},{"floor":43,"key":"Paper Crane"},{"floor":46,"key":"InkBottle"}],"event_choices":[{"damage_healed":0.0,"max_hp_gain":0.0,"max_hp_loss":0.0,"gold_gain":0.0,"cards_transformed":["Strike_G"],"event_name":"Living Wall","player_choice":"Change","floor":2.0,"gold_loss":0.0,"damage_taken":0.0,"cards_obtained":["Prepared"]},{"damage_healed":0.0,"max_hp_gain":0.0,"max_hp_loss":0.0,"gold_gain":0.0,"event_name":"Wheel of Change","player_choice":"Relic","floor":4.0,"gold_loss":0.0,"damage_taken":0.0},{"damage_healed":0.0,"max_hp_gain":0.0,"max_hp_loss":0.0,"gold_gain":180.0,"event_name":"Knowing Skull","player_choice":"GOLD GOLD CARD ","floor":19.0,"potions_obtained":[],"gold_loss":0.0,"damage_taken":25.0,"cards_obtained":["Jack Of All Trades"]},{"damage_healed":0.0,"max_hp_gain":0.0,"max_hp_loss":0.0,"gold_gain":0.0,"event_name":"Duplicator","player_choice":"Copied","floor":21.0,"gold_loss":0.0,"damage_taken":0.0,"cards_obtained":["Footwork"]},{"damage_healed":0,"gold_gain":0,"player_choice":"Fight","damage_taken":0,"max_hp_gain":0,"max_hp_loss":0,"event_name":"MindBloom","floor":39,"gold_loss":0},{"damage_healed":0,"gold_gain":0,"player_choice":"Max HP","damage_taken":0,"max_hp_gain":0,"max_hp_loss":4,"event_name":"Winding Halls","floor":42,"gold_loss":0},{"cards_removed":["Glass Knife"],"damage_healed":0,"gold_gain":0,"player_choice":"Removed Attack","damage_taken":0,"max_hp_gain":0,"max_hp_loss":0,"event_name":"Falling","floor":45,"gold_loss":0},{"damage_healed":68,"gold_gain":0,"player_choice":"Heal","damage_taken":0,"max_hp_gain":0,"max_hp_loss":10,"event_name":"The Moai Head","floor":48,"gold_loss":0}],"is_beta":false,"boss_relics":[{"not_picked":["Busted Crown","Tiny House"],"picked":"Calling Bell"},{"not_picked":["Runic Dome","Philosopher\u0027s Stone"],"picked":"Astrolabe"}],"items_purged_floors":[20,47],"is_endless":false,"potions_floor_spawned":[1,10,11,13,14,16,18,22,24,27,30,31,33,35,38,39,41,44,46],"ascension_level":8}}