{"host":"Fun","time":1610314175,"event":{"mods":["BaseMod","Colored Map","Minty Spire (QoL Compilation)","Relic Stats","StSLib"],"gold_per_floor":[115,115,115,115,28,63,63,102,102,102,145,160,160,181,181,280,280,303,318,318,331,331,331,369,369,450,450,450,483,483,483],"floor_reached":30,"playtime":749,"items_purged":[],"score":522,"play_id":"98b50e61-ec94-4a79-9f2e-4426ff086baa","local_time":"20210110162935","is_ascension_mode":true,"campfire_choices":[{"data":"Defragment","floor":7,"key":"SMITH"},{"floor":10,"key":"REST"},{"data":"Coolheaded","floor":15,"key":"SMITH"},{"floor":23,"key":"REST"},{"floor":25,"key":"REST"},{"data":"Rainbow","floor":27,"key":"SMITH"}],"circlet_count":0,"master_deck":["AscendersBane","Strike_B","Strike_B","Strike_B","Defend_B","Defend_B","Defend_B","Defend_B","Zap","Dualcast","Chill","Defragment+1","Ball Lightning","Coolheaded+1","Leap","Cold Snap+1","Ball Lightning+1","Rainbow+1","Barrage+1","Go for the Eyes+1","Turbo","Coolheaded","Compile Driver+1"],"relics":["Cracked Core","WarpedTongs","Golden Idol","Ancient Tea Set","Molten Egg 2","MealTicket","Symbiotic Virus","Inserter","Strawberry","Blue Candle","Question Card","Anchor"],"acts_visited":["Exordium","TheCity"],"potions_floor_usage":[16,24,29],"damage_taken":[{"damage":2,"enemies":"Jaw Worm","floor":1,"turns":4},{"damage":41,"enemies":"Gremlin Nob","floor":6,"turns":5},{"damage":10,"enemies":"3 Sentries","floor":8,"turns":5},{"damage":9,"enemies":"Lagavulin","floor":11,"turns":6},{"damage":2,"enemies":"2 Louse","floor":12,"turns":2},{"damage":0,"enemies":"Small Slimes","floor":14,"turns":2},{"damage":7,"enemies":"The Guardian","floor":16,"turns":10},{"damage":7,"enemies":"Spheric Guardian","floor":18,"turns":4},{"damage":10,"enemies":"Chosen","floor":19,"turns":5},{"damage":9,"enemies":"Snecko","floor":21,"turns":4},{"damage":26,"enemies":"Slavers","floor":24,"turns":4},{"damage":43,"enemies":"Gremlin Leader","floor":29,"turns":7},{"damage":21,"enemies":"Snake Plant","floor":30,"turns":3}],"seed_played":"5550969091322012957","potions_obtained":[{"floor":6,"key":"SpeedPotion"},{"floor":14,"key":"Regen Potion"},{"floor":16,"key":"FocusPotion"},{"floor":24,"key":"Explosive Potion"},{"floor":29,"key":"Strength Potion"}],"is_trial":false,"path_per_floor":["M","?","?","T","$","E","R","E","T","R","E","M","?","M","R","B",null,"M","M","?","M","?","R","E","R","T","R","T","E","M"],"character_chosen":"DEFECT","items_purchased":["Defragment"],"campfire_rested":3,"item_purchase_floors":[5],"current_hp_per_floor":[69,74,74,74,74,33,33,23,23,45,36,34,27,27,27,35,65,58,48,42,33,33,55,36,60,60,60,60,17,0,0],"gold":483,"neow_bonus":"TEN_PERCENT_HP_BONUS","is_daily":false,"chose_seed":false,"campfire_upgraded":3,"win_rate":0.0,"timestamp":1610314175,"path_taken":["M","?","?","?","?","E","R","E","T","R","E","M","?","M","R","BOSS","M","M","?","?","?","R","E","R","T","R","?","E","M"],"items_purchased_type":["Card"],"build_version":"2020-12-18","purchased_purges":0,"victory":false,"max_hp_per_floor":[78,83,75,75,75,75,75,75,75,75,75,75,75,75,75,75,75,75,75,75,75,75,75,82,82,82,82,82,82,82,82],"relic_stats":{"Inserter":[13],"counters":[13,61],"Golden Idol":77,"Blue Candle":[0],"MealTicket":0,"Question Card":1,"obtain_stats":[{"Anchor":29,"Inserter":17,"Golden Idol":3,"Strawberry":24,"Blue Candle":26,"Molten Egg 2":8,"MealTicket":9,"Cracked Core":0,"Ancient Tea Set":6,"Symbiotic Virus":11,"Question Card":28,"WarpedTongs":0},{"Anchor":12,"Inserter":7,"Golden Idol":1,"Strawberry":11,"Blue Candle":11,"Molten Egg 2":3,"MealTicket":3,"Cracked Core":0,"Ancient Tea Set":2,"Symbiotic Virus":4,"Question Card":11,"WarpedTongs":0},{"Anchor":58,"Inserter":34,"Golden Idol":4,"Strawberry":51,"Blue Candle":51,"Molten Egg 2":14,"MealTicket":14,"Cracked Core":0,"Ancient Tea Set":9,"Symbiotic Virus":20,"Question Card":51,"WarpedTongs":0}],"WarpedTongs":[60]},"card_choices":[{"not_picked":["Steam","Barrage"],"picked":"Chill","floor":1},{"not_picked":["Gash","Barrage"],"picked":"Ball Lightning","floor":6},{"not_picked":["FTL+1","Redo"],"picked":"Coolheaded","floor":8},{"not_picked":["Meteor Strike+1","Storm"],"picked":"Leap","floor":11},{"not_picked":["Sweeping Beam+1","Streamline+1"],"picked":"Cold Snap+1","floor":12},{"not_picked":["Cold Snap+1","Steam"],"picked":"Ball Lightning+1","floor":14},{"not_picked":["Meteor Strike+1","Thunder Strike+1"],"picked":"Rainbow","floor":16},{"not_picked":["Hologram","Redo+1"],"picked":"Barrage+1","floor":18},{"not_picked":["Conserve Battery","Hologram"],"picked":"Go for the Eyes+1","floor":19},{"not_picked":["Ball Lightning+1","Doom and Gloom+1"],"picked":"Turbo","floor":21},{"not_picked":["Ball Lightning+1","Beam Cell+1"],"picked":"Coolheaded","floor":24},{"not_picked":["Streamline+1","Reprogram","Stack+1"],"picked":"Compile Driver+1","floor":29}],"player_experience":168127,"relics_obtained":[{"floor":6,"key":"Ancient Tea Set"},{"floor":8,"key":"Molten Egg 2"},{"floor":9,"key":"MealTicket"},{"floor":11,"key":"Symbiotic Virus"},{"floor":24,"key":"Strawberry"},{"floor":26,"key":"Blue Candle"},{"floor":28,"key":"Question Card"},{"floor":29,"key":"Anchor"}],"event_choices":[{"damage_healed":0,"gold_gain":0,"player_choice":"Donut","damage_taken":0,"max_hp_gain":5,"max_hp_loss":0,"event_name":"Big Fish","floor":2,"gold_loss":0},{"damage_healed":0,"gold_gain":0,"player_choice":"Lose Max HP","damage_taken":0,"relics_obtained":["Golden Idol"],"max_hp_gain":0,"max_hp_loss":8,"event_name":"Golden Idol","floor":3,"gold_loss":0},{"cards_removed":["Strike_B"],"damage_healed":0,"gold_gain":0,"player_choice":"Card Removal","damage_taken":7,"max_hp_gain":0,"max_hp_loss":0,"event_name":"Golden Wing","floor":13,"gold_loss":0},{"damage_healed":0,"gold_gain":0,"player_choice":"","damage_taken":6,"max_hp_gain":0,"max_hp_loss":0,"event_name":"Knowing Skull","floor":20,"potions_obtained":[],"gold_loss":0,"cards_obtained":[]},{"damage_healed":0,"gold_gain":0,"player_choice":"Ignored","damage_taken":0,"max_hp_gain":0,"max_hp_loss":0,"event_name":"The Mausoleum","floor":22,"gold_loss":0}],"is_beta":true,"boss_relics":[{"not_picked":["Busted Crown","Calling Bell"],"picked":"Inserter"}],"items_purged_floors":[],"is_endless":false,"potions_floor_spawned":[6,14,16,18,24,29],"killed_by":"Snake Plant","ascension_level":17}}