{"host":"7gewg82ormp6yt4e","time":1610287998,"event":{"mods":["BaseMod","Block Reminder","Colored Map","Colored Powertips","DeckTracker","Highlight Path","Minty Spire (QoL Compilation)","Relic Stats","StSLib","ojb\u0027s Info Mod"],"gold_per_floor":[115,128,144,154,15,15,29,29,29,55,55,71,71,15,15,91,91,111,125,157,157,157],"floor_reached":21,"playtime":826,"items_purged":[],"score":362,"play_id":"dbaf50a7-ebb1-4a34-a6f0-e447d7defe60","local_time":"20210110231318","is_ascension_mode":true,"campfire_choices":[{"data":"Hyperbeam","floor":6,"key":"SMITH"},{"data":"Panacea","floor":8,"key":"SMITH"},{"data":"Reprogram","floor":15,"key":"SMITH"}],"circlet_count":0,"master_deck":["AscendersBane","Zap","Dualcast","Hyperbeam+1","FTL","Leap","Streamline+1","Steam","Panacea+1","Capacitor","Beam Cell","Ball Lightning","Reprogram+1","Hyperbeam","Lockon","Echo Form","Fusion","Loop","Steam","Multi-Cast","Fission","Redo","Conserve Battery","Steam"],"relics":["Cracked Core","Oddly Smooth Stone","Vajra","Pandora\u0027s Box","Red Mask"],"acts_visited":["Exordium","TheCity"],"potions_floor_usage":[10,10,16,16],"damage_taken":[{"damage":3,"enemies":"2 Louse","floor":1,"turns":3},{"damage":0,"enemies":"Cultist","floor":2,"turns":2},{"damage":7,"enemies":"Jaw Worm","floor":3,"turns":3},{"damage":2,"enemies":"Looter","floor":4,"turns":2},{"damage":6,"enemies":"Blue Slaver","floor":7,"turns":4},{"damage":19,"enemies":"Lagavulin","floor":10,"turns":8},{"damage":0,"enemies":"Large Slime","floor":12,"turns":1},{"damage":18,"enemies":"The Guardian","floor":16,"turns":10},{"damage":24,"enemies":"Spheric Guardian","floor":18,"turns":4},{"damage":0,"enemies":"Chosen","floor":19,"turns":3},{"damage":3,"enemies":"Masked Bandits","floor":20,"turns":2},{"damage":36,"enemies":"Shelled Parasite and Fungi","floor":21,"turns":4}],"seed_played":"3125767393552043139","potions_obtained":[{"floor":1,"key":"FocusPotion"},{"floor":2,"key":"Weak Potion"},{"floor":4,"key":"ColorlessPotion"},{"floor":12,"key":"Regen Potion"},{"floor":20,"key":"BlessingOfTheForge"}],"is_trial":false,"path_per_floor":["M","M","M","M","$","R","M","R","T","E","?","M","$","$","R","B",null,"M","M","?","M"],"character_chosen":"DEFECT","items_purchased":["Panacea","Capacitor","SpeedPotion"],"campfire_rested":0,"item_purchase_floors":[5,5,14],"current_hp_per_floor":[61,61,54,52,52,52,46,46,46,27,27,27,27,27,27,24,54,30,30,27,0,0],"gold":157,"neow_bonus":"THREE_RARE_CARDS","is_daily":false,"chose_seed":false,"campfire_upgraded":3,"win_rate":0.0,"timestamp":1610287998,"path_taken":["M","M","M","M","$","R","M","R","T","E","?","M","?","$","R","BOSS","M","?","?","M"],"items_purchased_type":["Card","Card","Potion"],"build_version":"2020-12-22","purchased_purges":0,"victory":false,"max_hp_per_floor":[64,64,64,64,64,64,64,64,64,64,64,64,64,64,64,64,64,64,64,64,64,64],"relic_stats":{"counters":[12,46],"Pandora\u0027s Box":["Lockon","Echo Form","Fusion","Loop","Steam","Multi-Cast","Fission","Redo"],"obtain_stats":[{"Oddly Smooth Stone":9,"Vajra":10,"Pandora\u0027s Box":17,"Red Mask":20,"Cracked Core":0},{"Oddly Smooth Stone":5,"Vajra":6,"Pandora\u0027s Box":8,"Red Mask":11,"Cracked Core":0},{"Oddly Smooth Stone":14,"Vajra":22,"Pandora\u0027s Box":33,"Red Mask":42,"Cracked Core":0}]},"card_choices":[{"not_picked":["Multi-Cast","Creative AI"],"picked":"Hyperbeam","floor":0},{"not_picked":["Capacitor","Skim"],"picked":"FTL","floor":1},{"not_picked":["Consume","Compile Driver"],"picked":"Leap","floor":2},{"not_picked":["Steam","Barrage"],"picked":"Streamline","floor":3},{"not_picked":["Force Field","White Noise"],"picked":"Steam","floor":4},{"not_picked":["Tempest","Storm"],"picked":"Beam Cell","floor":7},{"not_picked":["Force Field","Redo"],"picked":"Ball Lightning","floor":10},{"not_picked":["Fission","Consume"],"picked":"Reprogram","floor":12},{"not_picked":["Reboot","Creative AI"],"picked":"Hyperbeam","floor":16},{"not_picked":["Chill","Gash","Loop"],"picked":"SKIP","floor":18},{"not_picked":["Streamline","Cold Snap"],"picked":"Conserve Battery","floor":19},{"not_picked":["Barrage","Compile Driver"],"picked":"Steam","floor":20}],"player_experience":2526346,"relics_obtained":[{"floor":9,"key":"Oddly Smooth Stone"},{"floor":10,"key":"Vajra"},{"floor":20,"key":"Red Mask"}],"event_choices":[{"damage_healed":0,"gold_gain":0,"player_choice":"Upgraded","damage_taken":0,"max_hp_gain":0,"max_hp_loss":0,"event_name":"Upgrade Shrine","floor":11,"gold_loss":0,"cards_upgraded":["Streamline"]},{"damage_healed":0,"gold_gain":0,"player_choice":"Fought Bandits","damage_taken":0,"max_hp_gain":0,"max_hp_loss":0,"event_name":"Masked Bandits","floor":20,"gold_loss":0}],"is_beta":false,"boss_relics":[{"not_picked":["Fusion Hammer","Sozu"],"picked":"Pandora\u0027s Box"}],"items_purged_floors":[],"is_endless":false,"potions_floor_spawned":[1,2,4,12,20],"killed_by":"Shelled Parasite and Fungi","ascension_level":20}}