{"host":"5x08nt64u3vxxcfi","time":1610274612,"event":{"mods":["BaseMod","Minty Spire (QoL Compilation)","StSLib","SuperFastMode"],"gold_per_floor":[111,123,298,315,89,89,124,142,142,157,23,48,48,21,21,119,119,135,135,147,30,44,44,74,74,101,501,7,21,21,21,21],"floor_reached":31,"playtime":857,"items_purged":["Strike_G","Strike_G"],"score":511,"play_id":"09494768-a79e-490e-8400-dc3359f33d9b","local_time":"20210110193012","is_ascension_mode":true,"campfire_choices":[{"data":"A Thousand Cuts","floor":13.0,"key":"SMITH"},{"data":"Footwork","floor":15.0,"key":"SMITH"},{"floor":23.0,"key":"REST"},{"floor":25,"key":"REST"}],"circlet_count":0,"master_deck":["AscendersBane","Strike_G","Strike_G","Strike_G","Defend_G","Defend_G","Defend_G","Defend_G","Defend_G","Survivor","Neutralize","Slice","Poisoned Stab","Leg Sweep","After Image","Slice","After Image","Deflect","Footwork+1","Accuracy","Slice","Poisoned Stab","Footwork","A Thousand Cuts+1","Quick Slash","A Thousand Cuts","Concentrate","Writhe","Slice","Infinite Blades","Acrobatics","Accuracy","Deflect","After Image","Poisoned Stab","Backflip"],"relics":["Ring of the Snake","Orrery","Ginger","Gambling Chip","Blue Candle","WristBlade","Bronze Scales","Bottled Tornado","Bag of Marbles","Old Coin","Eternal Feather","DollysMirror","Ornamental Fan"],"acts_visited":["Exordium","TheCity"],"potions_floor_usage":[27,31],"damage_taken":[{"damage":0.0,"enemies":"Small Slimes","floor":1.0,"turns":5.0},{"damage":0.0,"enemies":"Cultist","floor":2.0,"turns":4.0},{"damage":14.0,"enemies":"Jaw Worm","floor":4.0,"turns":4.0},{"damage":12.0,"enemies":"Gremlin Nob","floor":7.0,"turns":7.0},{"damage":1.0,"enemies":"Blue Slaver","floor":8.0,"turns":5.0},{"damage":1.0,"enemies":"Looter","floor":10.0,"turns":4.0},{"damage":0.0,"enemies":"Lagavulin","floor":12.0,"turns":12.0},{"damage":3.0,"enemies":"The Guardian","floor":16.0,"turns":9.0},{"damage":26.0,"enemies":"Chosen","floor":18.0,"turns":6.0},{"damage":13.0,"enemies":"Spheric Guardian","floor":20.0,"turns":5.0},{"damage":18.0,"enemies":"Shelled Parasite and Fungi","floor":22.0,"turns":6.0},{"damage":16.0,"enemies":"Gremlin Leader","floor":24.0,"turns":9.0},{"damage":10,"enemies":"Colosseum Slavers","floor":27,"turns":3},{"damage":33,"enemies":"Colosseum Nobs","floor":27,"turns":4},{"damage":10,"enemies":"Cultist and Chosen","floor":29,"turns":6},{"damage":11,"enemies":"Snake Plant","floor":31,"turns":2}],"seed_played":"133031389953715149","potions_obtained":[{"floor":0.0,"key":"DuplicationPotion"},{"floor":0.0,"key":"DuplicationPotion"},{"floor":7.0,"key":"ColorlessPotion"},{"floor":8.0,"key":"CunningPotion"},{"floor":16.0,"key":"Strength Potion"},{"floor":18.0,"key":"PowerPotion"},{"floor":22.0,"key":"FairyPotion"}],"is_trial":false,"path_per_floor":["M","M","?","M","$","?","E","M","T","M","$","E","R","$","R","B",null,"M","?","M","$","M","R","E","R","T","?","$","M","?","M"],"character_chosen":"THE_SILENT","items_purchased":["Orrery","Footwork","Quick Slash","Infinite Blades","Acrobatics","DollysMirror","Ornamental Fan","Poisoned Stab","CunningPotion"],"campfire_rested":2,"item_purchase_floors":[5,11,14,21,21,28,28,28,28],"current_hp_per_floor":[63,63,63,49,49,49,37,36,36,35,35,35,35,35,35,32,61,35,35,22,22,4,25,9,30,30,14,14,4,4,0,0],"gold":21,"neow_bonus":"THREE_SMALL_POTIONS","is_daily":false,"chose_seed":false,"campfire_upgraded":2,"win_rate":0.0,"timestamp":1610274612,"path_taken":["M","M","?","M","$","?","E","M","T","?","$","E","R","$","R","BOSS","M","?","M","$","M","R","E","R","T","?","$","M","?","?"],"items_purchased_type":["Relic","Card","Card","Card","Card","Relic","Relic","Card","Potion"],"build_version":"2020-12-22","purchased_purges":2,"victory":false,"max_hp_per_floor":[70,70,70,70,70,70,70,70,70,70,70,70,70,70,70,70,70,70,70,70,70,70,70,70,70,70,70,70,70,70,70,70],"card_choices":[{"not_picked":["Flying Knee","Caltrops"],"picked":"Slice","floor":1.0},{"not_picked":["Outmaneuver","Underhanded Strike"],"picked":"Poisoned Stab","floor":2.0},{"not_picked":["Terror","Escape Plan"],"picked":"Leg Sweep","floor":4.0},{"not_picked":["Backflip","Malaise"],"picked":"After Image","floor":5.0},{"not_picked":["Bane","PiercingWail"],"picked":"Slice","floor":5.0},{"not_picked":["Flying Knee","Tactician"],"picked":"After Image","floor":5.0},{"not_picked":["Deadly Poison","Backflip"],"picked":"Deflect","floor":5.0},{"not_picked":["Cloak And Dagger","Reflex"],"picked":"Footwork","floor":5.0},{"not_picked":["Reflex","Masterful Stab"],"picked":"Accuracy","floor":7.0},{"not_picked":["Reflex","Dodge and Roll"],"picked":"Slice","floor":8.0},{"not_picked":["Deadly Poison","Sucker Punch"],"picked":"Poisoned Stab","floor":10.0},{"not_picked":["Finisher","Dagger Throw"],"picked":"A Thousand Cuts","floor":12.0},{"not_picked":["Corpse Explosion","After Image"],"picked":"A Thousand Cuts","floor":16.0},{"not_picked":["Underhanded Strike","Deadly Poison"],"picked":"Concentrate","floor":18.0},{"not_picked":["Dash","Skewer"],"picked":"Slice","floor":20.0},{"not_picked":["Flying Knee","PiercingWail"],"picked":"Accuracy","floor":22.0},{"not_picked":["Eviscerate","Reflex","Bane"],"picked":"SKIP","floor":24},{"not_picked":["Bane","Accuracy"],"picked":"Deflect","floor":27},{"not_picked":["Dagger Spray","Grand Finale"],"picked":"Backflip","floor":29}],"player_experience":89736,"relics_obtained":[{"floor":7.0,"key":"Ginger"},{"floor":9.0,"key":"Gambling Chip"},{"floor":12.0,"key":"Blue Candle"},{"floor":24,"key":"Bottled Tornado"},{"floor":26,"key":"Bag of Marbles"},{"floor":27,"key":"Old Coin"},{"floor":27,"key":"Eternal Feather"}],"event_choices":[{"damage_healed":0.0,"max_hp_gain":0.0,"max_hp_loss":0.0,"gold_gain":175.0,"event_name":"Liars Game","player_choice":"AGREE","floor":3.0,"gold_loss":0.0,"damage_taken":0.0,"cards_obtained":["Doubt"]},{"cards_removed":["Doubt"],"damage_healed":0.0,"max_hp_gain":0.0,"max_hp_loss":0.0,"gold_gain":0.0,"event_name":"Purifier","player_choice":"Purged","floor":6.0,"gold_loss":0.0,"damage_taken":0.0},{"damage_healed":0.0,"max_hp_gain":0.0,"max_hp_loss":0.0,"gold_gain":0.0,"event_name":"The Mausoleum","player_choice":"Opened","floor":19.0,"gold_loss":0.0,"damage_taken":0.0,"relics_obtained":["Bronze Scales"],"cards_obtained":["Writhe"]},{"damage_healed":0,"gold_gain":0,"player_choice":"Fight","damage_taken":0,"max_hp_gain":0,"max_hp_loss":0,"event_name":"Colosseum","floor":27,"gold_loss":0},{"damage_healed":0,"gold_gain":0,"player_choice":"Fought Nobs","damage_taken":0,"max_hp_gain":0,"max_hp_loss":0,"event_name":"Colosseum","floor":27,"gold_loss":0},{"damage_healed":0,"gold_gain":0,"player_choice":"0 cards matched","damage_taken":0,"max_hp_gain":0,"max_hp_loss":0,"event_name":"Match and Keep!","floor":30,"gold_loss":0,"cards_obtained":[]}],"is_beta":false,"boss_relics":[{"not_picked":["Velvet Choker","Coffee Dripper"],"picked":"WristBlade"}],"items_purged_floors":[5,11],"is_endless":false,"potions_floor_spawned":[7,8,10,16,18,22,27],"killed_by":"Snake Plant","ascension_level":12}}