{"host":"4rvakrj1idbgia3f","time":1610285897,"event":{"mods":["BaseMod","Colored Map","Colored Powertips","DeckTracker","Highlight Path","Minty Spire (QoL Compilation)","Random Character Button","StSLib"],"gold_per_floor":[112,187,202,216,216,216,247,247,270,281,59,59,76,76,76],"floor_reached":14,"playtime":298,"items_purged":[],"score":180,"play_id":"90a31332-cc02-42ed-96f5-c56cc517ae47","local_time":"20210110223817","is_ascension_mode":true,"campfire_choices":[{"data":"Dagger Spray","floor":6.0,"key":"SMITH"},{"data":"Poisoned Stab","floor":8,"key":"SMITH"},{"data":"Noxious Fumes","floor":12,"key":"SMITH"}],"circlet_count":0,"master_deck":["AscendersBane","Strike_G","Strike_G","Strike_G","Strike_G","Strike_G","Defend_G","Defend_G","Defend_G","Defend_G","Defend_G","Survivor","Neutralize","Poisoned Stab+1","Noxious Fumes+1","Dagger Spray+1","PiercingWail","Bane"],"relics":["Ring of the Snake","NeowsBlessing","The Courier","Omamori","Blood Vial","Mummified Hand"],"acts_visited":["Exordium"],"potions_floor_usage":[7,7,14],"damage_taken":[{"damage":0.0,"enemies":"Cultist","floor":1.0,"turns":1.0},{"damage":0.0,"enemies":"Jaw Worm","floor":3.0,"turns":1.0},{"damage":0.0,"enemies":"2 Louse","floor":4.0,"turns":1.0},{"damage":24,"enemies":"Gremlin Nob","floor":7,"turns":4},{"damage":10,"enemies":"Lots of Slimes","floor":10,"turns":4},{"damage":5,"enemies":"Large Slime","floor":13,"turns":6},{"damage":15,"enemies":"3 Sentries","floor":14,"turns":2}],"seed_played":"-3248150857085983317","potions_obtained":[{"floor":3.0,"key":"DistilledChaos"},{"floor":4.0,"key":"Swift Potion"},{"floor":7,"key":"BlessingOfTheForge"}],"is_trial":false,"path_per_floor":["M","?","M","M","T","R","E","R","T","M","$","R","M","E"],"character_chosen":"THE_SILENT","items_purchased":["Mummified Hand"],"campfire_rested":0,"item_purchase_floors":[11],"current_hp_per_floor":[59,48,48,48,48,48,24,24,24,16,16,16,13,0,0],"gold":76,"neow_bonus":"THREE_ENEMY_KILL","is_daily":false,"chose_seed":false,"campfire_upgraded":3,"win_rate":0.0,"timestamp":1610285897,"path_taken":["M","?","M","M","?","R","E","R","T","M","$","R","M","E"],"items_purchased_type":["Relic"],"build_version":"2020-12-22","purchased_purges":0,"victory":false,"max_hp_per_floor":[66,66,66,66,66,66,66,66,66,66,66,66,66,66,66],"card_choices":[{"not_picked":["Dagger Throw","Deadly Poison"],"picked":"Poisoned Stab","floor":1.0},{"not_picked":["Underhanded Strike","Tactician"],"picked":"Noxious Fumes","floor":3.0},{"not_picked":["Bane","Cloak And Dagger"],"picked":"Dagger Spray","floor":4.0},{"not_picked":["Slice","Infinite Blades"],"picked":"PiercingWail","floor":7},{"not_picked":["Outmaneuver","Infinite Blades","Dagger Spray"],"picked":"SKIP","floor":10},{"not_picked":["Underhanded Strike","Deadly Poison"],"picked":"Bane","floor":13}],"player_experience":1998534,"relics_obtained":[{"floor":5.0,"key":"The Courier"},{"floor":7,"key":"Omamori"},{"floor":9,"key":"Blood Vial"}],"event_choices":[{"damage_healed":0.0,"max_hp_gain":0.0,"max_hp_loss":0.0,"gold_gain":75.0,"event_name":"World of Goop","player_choice":"Gather Gold","floor":2.0,"gold_loss":0.0,"damage_taken":11.0}],"is_beta":false,"boss_relics":[],"items_purged_floors":[],"is_endless":false,"potions_floor_spawned":[3,4,7],"killed_by":"3 Sentries","ascension_level":20}}