{"host":"dk2z91z2zpxxiy2a","time":1610269108,"event":{"mods":["Act Like it!","Aspiration","BaseMod","BetterRewards","Colored Map","Colored Powertips","Conspire","DeckTracker","Energized Spire","Halation","Hermit","Hubris","Key Reminder","Minty Spire (QoL Compilation)","Relic Stats","Replay The Spire","Shop Mod","StSLib","The Bladedancer","The Necromancer"],"gold_per_floor":[111,130,130,149,167,196,196,228,254,28,48,64,64,64,64,183,183,203,221,256,10,30,66,66,79,79,122,140,165,165,196,208,344,356,391,428,465,501,527,539,574,620,679,707,719,339,402,402,402,402,402,402,74,100,100],"floor_reached":56,"playtime":4297,"items_purged":["Detonate_Bones","Pot Of Greed"],"score":2039,"play_id":"fd708b89-cb87-4887-8014-063184f4d3f6","local_time":"20210110035828","is_ascension_mode":true,"campfire_choices":[{"data":"Blood_Curse","floor":7,"key":"SMITH"},{"data":"Summon_Death_Knight","floor":24,"key":"SMITH"},{"data":"Necromantic_Selection","floor":32,"key":"SMITH"},{"floor":40,"key":"RECALL"},{"data":"Blood_for_Blood","floor":45,"key":"SMITH"},{"data":"Summon_Lich","floor":49,"key":"SMITH"},{"data":"Summon_Vampire_Lady","floor":52,"key":"SMITH"}],"circlet_count":0,"master_deck":["Negative_Energy_Arrows","Bone_Wall","Summon_Lich+1","Blood_Curse+1","Necrotic_Claws","Bone_Bullets","Necromantic_Selection+1","Life_Drain","Blood_Shield","Plague_Bolt","Corrupt","Negative_Energy_Sphere","Summon_Lich","Spectral_Armor","Strike_from_Beyond","Negative_Energy_Shield","Injury","Blood_Wake","Toxic_Smoke_Screen","Spectral_Walk","Violent_Necrosis","Blood_for_Blood+1","Blood_for_Blood","Negative_Energy_Shield","Summon_Death_Knight+1","Negative_Energy_Mist","Pot Of Greed","Pot Of Greed","Pot Of Greed","Bone_Shift","Negative_Energy_Burst","Pot Of Greed","Summon_Vampire_Lady+1","Negative_Energy_Javelin","Life_Tap","Blood_Is_Power","Acid_Javelin","Chill_Blood","Blood_Wake","Spectral_Armor","Spectral_Armor+1","Shade_Step+1","Parasite","Shade_Step+1","Uncharnel","Dramatic Entrance"],"relics":["Vampire_Amulet","Toy Ornithopter","Dead Branch","Replay:WaspNest","aspiration:ChemicalBlood","aspiration:VileToxins","Bottled Tornado","Bronze Scales","Nunchaku","conspire:SpecialSausage","Red Mask","Replay:Rubber Ducky","Calipers","Centennial Puzzle","Oddly Smooth Stone","MerchantsRug","Pondfish Scales","ReplayTheSpireMod:Ring of Collecting","Pen Nib","aspiration:FrozenJewel","Onion Ring"],"acts_visited":["Exordium","TheCity","TheBeyond","TheEnding"],"potions_floor_usage":[5,6,11,16,23,25,33,33,33,36,37,41,44,46,50,55,55],"damage_taken":[{"damage":1,"enemies":"2 Louse","floor":1,"turns":2},{"damage":9,"enemies":"Jaw Worm","floor":2,"turns":3},{"damage":4,"enemies":"Small Slimes","floor":4,"turns":4},{"damage":12,"enemies":"3 Louse","floor":5,"turns":2},{"damage":24,"enemies":"Lagavulin","floor":6,"turns":7},{"damage":20,"enemies":"Replay:BlueRogue","floor":8,"turns":5},{"damage":9,"enemies":"Exordium Wildlife","floor":11,"turns":3},{"damage":8,"enemies":"Looter","floor":12,"turns":3},{"damage":20,"enemies":"The Guardian","floor":16,"turns":9},{"damage":13,"enemies":"Spheric Guardian","floor":18,"turns":4},{"damage":6,"enemies":"3 Byrds","floor":19,"turns":2},{"damage":19,"enemies":"Masked Bandits","floor":20,"turns":4},{"damage":12,"enemies":"conspire:HollyBat","floor":22,"turns":10},{"damage":12,"enemies":"conspire:Head Lice","floor":23,"turns":5},{"damage":10,"enemies":"Snecko","floor":25,"turns":6},{"damage":19,"enemies":"Book of Stabbing","floor":27,"turns":4},{"damage":9,"enemies":"Cultist and Chosen","floor":28,"turns":5},{"damage":22,"enemies":"Sentry and Sphere","floor":29,"turns":4},{"damage":21,"enemies":"Gremlin Leader","floor":31,"turns":6},{"damage":64,"enemies":"Collector","floor":33,"turns":10},{"damage":37,"enemies":"3 Shapes","floor":35,"turns":3},{"damage":20,"enemies":"Orb Walker","floor":36,"turns":4},{"damage":9,"enemies":"4 Shapes","floor":37,"turns":5},{"damage":6,"enemies":"Writhing Mass","floor":39,"turns":6},{"damage":26,"enemies":"Spire Growth","floor":41,"turns":6},{"damage":10,"enemies":"Giant Head","floor":42,"turns":7},{"damage":23,"enemies":"4 Shapes","floor":44,"turns":4},{"damage":6,"enemies":"Mind Bloom Boss Battle","floor":47,"turns":7},{"damage":34,"enemies":"Time Eater","floor":50,"turns":12},{"damage":6,"enemies":"Shield and Spear","floor":54,"turns":6},{"damage":32,"enemies":"The Heart","floor":55,"turns":8}],"seed_played":"3775455316370176833","potions_obtained":[{"floor":2,"key":"conspire:TimeTravelPotion"},{"floor":4,"key":"Venom Potion"},{"floor":8,"key":"Fire Potion"},{"floor":11,"key":"BlessingOfTheForge"},{"floor":23,"key":"ColorlessPotion"},{"floor":31,"key":"Block Potion"},{"floor":36,"key":"Elixir"},{"floor":37,"key":"LiquidMemories"},{"floor":39,"key":"Fire Potion"},{"floor":41,"key":"Death Potion"},{"floor":54,"key":"LiquidMemories"}],"is_trial":false,"path_per_floor":["M","M","?","M","M","E","R","E","T","$","M","M","?","$","R_BF","B",null,"M","M","?","$","M","E","R","M","T","E","M","M","?","E","R","B",null,"M","M","M","T","M","R","M","E","T","M","R","$","?","?","R","B",null,"R","$","E","B",null],"character_chosen":"NECROMANCER","items_purchased":["Summon_Lich","Toy Ornithopter","Bone_Bullets","Necromantic_Selection","Replay:WaspNest","aspiration:ChemicalBlood","Life_Drain","Bronze Scales","Spectral_Armor","Lee\u0027s Waffle","Blood_for_Blood","Negative_Energy_Shield","BargainBundle","Oddly Smooth Stone","MerchantsRug","Fruit Juice","Milkshake","Pen Nib","Uncharnel","aspiration:FrozenJewel","Dramatic Entrance"],"campfire_rested":0,"item_purchase_floors":[0,0,0,0,0,0,0,10,10,21,21,21,46,46,46,46,46,53,53,53,53],"current_hp_per_floor":[27,26,26,32,37,30,30,18,18,18,31,31,24,24,24,21,62,51,51,38,82,72,82,82,80,80,83,78,66,66,61,61,24,78,47,40,44,44,40,40,33,52,52,42,42,52,69,69,69,70,93,93,93,101,101],"gold":100,"neow_bonus":"","is_daily":false,"chose_seed":false,"campfire_upgraded":6,"win_rate":0.0,"timestamp":1610269108,"path_taken":["M","M","?","M","M","E","R","E","T","?","?","M","?","$","R_BF","BOSS","M","M","?","$","M","E","R","M","T","E","M","M","?","E","R","BOSS","M","M","M","?","M","R","M","E","T","M","R","$","?","?","R","BOSS","R","$","E","BOSS"],"items_purchased_type":["Card","Relic","Card","Card","Relic","Relic","Card","Relic","Card","Relic","Card","Card","Relic","Relic","Relic","Potion","Potion","Relic","Card","Relic","Card"],"build_version":"2020-12-22","purchased_purges":2,"victory":true,"max_hp_per_floor":[75,75,75,75,75,75,75,75,75,75,75,75,75,75,75,75,75,75,75,75,82,82,82,82,82,82,96,96,96,96,96,96,96,96,96,96,96,96,96,96,96,96,96,96,96,101,101,101,101,101,101,101,101,101,101],"relic_stats":{"Nunchaku":[15],"Centennial Puzzle":[15],"counters":[98,537],"Dead Branch":[117],"Bronze Scales":[861],"Pen Nib":[1],"obtain_stats":[{"Tiny House":53,"Calipers":42,"Gremlin Horn":9,"aspiration:SneckoTail":27,"Bottled Tornado":8,"halation:StarCompass":22,"Replay:Wanted Poster":54,"Centennial Puzzle":33,"Replay:Bronze Core":34,"Strawberry":42,"halation:VictoryRuler":23,"Vampire_Amulet":0,"Fusion Hammer":17,"Iron Hammer":41,"conspire:Dentures":26,"MerchantsRug":46,"Pear":30,"hubris:Teleporter":43,"Happy Flower":9,"ReplayTheSpireMod:CursedCoin":53,"Dead Branch":0,"Velvet Choker":0,"Oddly Smooth Stone":46,"Pen Nib":53,"aspiration:SeaSaltIceCream":53,"aspiration:FrozenJewel":53,"hubris:Zylophone":0,"SlaversCollar":46,"ReplayTheSpireMod:Shallot":14,"Shuriken":10,"halation:Jellyphish":19,"Bronze Scales":53,"ReplayTheSpireMod:Ring of Collecting":48,"Molten Egg 2":5,"Onion Ring":11,"aspiration:SilentSkillbook":17,"Pandora\u0027s Box":34,"Grinning Jar":26,"Mirror":11,"aspiration:HatOfInfinitePower":48,"halation:BlackBeret":38,"Darkstone Periapt":24,"hubris:Metronome":30,"halation:PapillonHeart":36,"aspiration:Lifesprig":22,"Regal Pillow":29,"StoneCalendar":50,"conspire:SpecialSausage":17,"Mango":27,"hubris:SlimyHat":25,"Bag of Preparation":26,"Ancient Tea Set":25,"conspire:InfiniteJournal":39,"Replay:Rubber Ducky":0,"Nunchaku":55,"Matryoshka":7,"aspiration:AnachronicSnailShell":27,"halation:Toothbrush":6,"Red Mask":28,"halation:PinkAlligatorPlush":34,"aspiration:ChemicalBlood":8,"Runic Pyramid":35,"aspiration:VileToxins":48,"Gremlin Food":54,"hubris:DisguiseKit":54,"Lee\u0027s Waffle":21,"BargainBundle":46,"Golden Idol":15,"Quantum Egg":9,"Replay:WaspNest":0,"Orichalcum":41,"MawBank":31,"keyreminder:keyreminder":14,"Pondfish Scales":42,"Busted Crown":28,"Ornamental Fan":21,"ChewingGum":31,"hubris:BundleOfHerbs":40,"Art of War":47,"Membership Card":0,"halation:PinkSoulGem":20,"Toy Ornithopter":0},{"Tiny House":38,"Calipers":93,"Gremlin Horn":17,"aspiration:SneckoTail":24,"Bottled Tornado":73,"halation:StarCompass":23,"Replay:Wanted Poster":38,"Centennial Puzzle":28,"Replay:Bronze Core":29,"Strawberry":62,"halation:VictoryRuler":81,"Vampire_Amulet":0,"Fusion Hammer":21,"Iron Hammer":32,"conspire:Dentures":24,"MerchantsRug":94,"Pear":55,"hubris:Teleporter":62,"Happy Flower":46,"ReplayTheSpireMod:CursedCoin":38,"Dead Branch":67,"Velvet Choker":40,"Oddly Smooth Stone":94,"Pen Nib":96,"aspiration:SeaSaltIceCream":38,"aspiration:FrozenJewel":96,"hubris:Zylophone":40,"SlaversCollar":34,"ReplayTheSpireMod:Shallot":20,"Shuriken":47,"halation:Jellyphish":22,"Bronze Scales":38,"ReplayTheSpireMod:Ring of Collecting":95,"Molten Egg 2":15,"Onion Ring":47,"aspiration:SilentSkillbook":49,"Pandora\u0027s Box":87,"Grinning Jar":82,"Mirror":18,"aspiration:HatOfInfinitePower":36,"halation:BlackBeret":30,"Darkstone Periapt":52,"hubris:Metronome":26,"halation:PapillonHeart":30,"aspiration:Lifesprig":51,"Regal Pillow":55,"StoneCalendar":37,"conspire:SpecialSausage":76,"Mango":83,"hubris:SlimyHat":24,"Bag of Preparation":52,"Ancient Tea Set":23,"conspire:InfiniteJournal":31,"Replay:Rubber Ducky":40,"Nunchaku":39,"Matryoshka":46,"aspiration:AnachronicSnailShell":25,"halation:Toothbrush":16,"Red Mask":26,"halation:PinkAlligatorPlush":57,"aspiration:ChemicalBlood":17,"Runic Pyramid":29,"aspiration:VileToxins":37,"Gremlin Food":66,"hubris:DisguiseKit":39,"Lee\u0027s Waffle":79,"BargainBundle":94,"Golden Idol":75,"Quantum Egg":46,"Replay:WaspNest":67,"Orichalcum":33,"MawBank":86,"keyreminder:keyreminder":20,"Pondfish Scales":33,"Busted Crown":25,"Ornamental Fan":22,"ChewingGum":27,"hubris:BundleOfHerbs":61,"Art of War":35,"Membership Card":40,"halation:PinkSoulGem":22,"Toy Ornithopter":67},{"Tiny House":230,"Calipers":500,"Gremlin Horn":84,"aspiration:SneckoTail":133,"Bottled Tornado":394,"halation:StarCompass":125,"Replay:Wanted Poster":230,"Centennial Puzzle":156,"Replay:Bronze Core":168,"Strawberry":345,"halation:VictoryRuler":434,"Vampire_Amulet":0,"Fusion Hammer":116,"Iron Hammer":187,"conspire:Dentures":133,"MerchantsRug":504,"Pear":311,"hubris:Teleporter":345,"Happy Flower":272,"ReplayTheSpireMod:CursedCoin":230,"Dead Branch":371,"Velvet Choker":248,"Oddly Smooth Stone":504,"Pen Nib":523,"aspiration:SeaSaltIceCream":230,"aspiration:FrozenJewel":523,"hubris:Zylophone":248,"SlaversCollar":203,"ReplayTheSpireMod:Shallot":105,"Shuriken":276,"halation:Jellyphish":119,"Bronze Scales":230,"ReplayTheSpireMod:Ring of Collecting":511,"Molten Egg 2":64,"Onion Ring":276,"aspiration:SilentSkillbook":286,"Pandora\u0027s Box":469,"Grinning Jar":440,"Mirror":91,"aspiration:HatOfInfinitePower":215,"halation:BlackBeret":172,"Darkstone Periapt":298,"hubris:Metronome":145,"halation:PapillonHeart":172,"aspiration:Lifesprig":292,"Regal Pillow":311,"StoneCalendar":222,"conspire:SpecialSausage":409,"Mango":444,"hubris:SlimyHat":133,"Bag of Preparation":298,"Ancient Tea Set":125,"conspire:InfiniteJournal":178,"Replay:Rubber Ducky":248,"Nunchaku":238,"Matryoshka":272,"aspiration:AnachronicSnailShell":141,"halation:Toothbrush":79,"Red Mask":145,"halation:PinkAlligatorPlush":323,"aspiration:ChemicalBlood":84,"Runic Pyramid":168,"aspiration:VileToxins":222,"Gremlin Food":363,"hubris:DisguiseKit":238,"Lee\u0027s Waffle":419,"BargainBundle":504,"Golden Idol":400,"Quantum Egg":272,"Replay:WaspNest":371,"Orichalcum":198,"MawBank":459,"keyreminder:keyreminder":105,"Pondfish Scales":198,"Busted Crown":141,"Ornamental Fan":119,"ChewingGum":150,"hubris:BundleOfHerbs":338,"Art of War":209,"Membership Card":248,"halation:PinkSoulGem":119,"Toy Ornithopter":371}],"Toy Ornithopter":80},"card_choices":[{"not_picked":["Bone_Armory","Chill_Blood"],"picked":"Blood_Shield","floor":1},{"not_picked":["Consume_Illness","Chill_Blood"],"picked":"Plague_Bolt","floor":2},{"not_picked":["Blood_Curse","Plague_Bolt"],"picked":"Corrupt","floor":4},{"not_picked":["Negative_Energy_Shield","Violent_Necrosis"],"picked":"Negative_Energy_Sphere","floor":5},{"not_picked":["Negative_Energy_Shield","Death_Coil"],"picked":"Summon_Lich","floor":6},{"not_picked":["Blood_Shield","Exploit","Bones_to_Steel"],"picked":"SKIP","floor":8},{"not_picked":["Shackles_Of_Pain","Chill_Blood"],"picked":"Strike_from_Beyond","floor":11},{"not_picked":["Blood_Magic","Toxic_Smoke_Screen"],"picked":"Negative_Energy_Shield","floor":12},{"not_picked":["Reap_The_Weak","Requiem"],"picked":"Blood_Wake","floor":16},{"not_picked":["Bone_Bullets+1","Shackles_Of_Pain"],"picked":"Toxic_Smoke_Screen","floor":18},{"not_picked":["Bones_to_Steel","Flesh_Made_Foul+1"],"picked":"Spectral_Walk","floor":19},{"not_picked":["Strike_from_Beyond+1","Bone_Armor"],"picked":"Violent_Necrosis","floor":20},{"not_picked":["Bone_Bullets","Blood_Curse"],"picked":"Summon_Death_Knight","floor":22},{"not_picked":["Death_March_Dance","Violent_Necrosis"],"picked":"Negative_Energy_Mist","floor":23},{"not_picked":["Scare+1","Death_Coil","Chill_Blood"],"picked":"SKIP","floor":25},{"not_picked":["Negative_Energy_Mist","Blood_Whip"],"picked":"Bone_Shift","floor":27},{"not_picked":["Bone_Shift","Strike_from_Beyond","Finger_Of_Death"],"picked":"SKIP","floor":28},{"not_picked":["Detonate_Bones","Bone_Shift","Toxic_Smoke_Screen"],"picked":"SKIP","floor":29},{"not_picked":["Blood_Curse","Blood_for_Blood","Necrotic_Claws"],"picked":"SKIP","floor":31},{"not_picked":["Detonate_Bones","Summon_Death_Knight"],"picked":"Summon_Vampire_Lady","floor":33},{"not_picked":["Death_Coil","Deaths_Shadow+1"],"picked":"Spectral_Armor+1","floor":35},{"not_picked":["Plague_Bolt","Negative_Energy_Mist"],"picked":"Shade_Step+1","floor":36},{"not_picked":["Bone_Spikes","Thousand_Bone_Knives+1","Bone_Shift"],"picked":"SKIP","floor":37},{"not_picked":["Death_Knell","Summon_Undead_Army","Bones_to_Steel+1"],"picked":"SKIP","floor":39},{"not_picked":["Reap_The_Weak","Toxic_Smoke_Screen","Spectral_Armor"],"picked":"SKIP","floor":41},{"not_picked":["Finger_Of_Death+1","Corrupt+1","Death_March_Dance"],"picked":"SKIP","floor":42},{"not_picked":["Life_Tap","Vampiric_Strike+1"],"picked":"Shade_Step+1","floor":44},{"not_picked":["Pandemic","Death_Knell","Blood_Magic"],"picked":"SKIP","floor":54}],"player_experience":459651,"relics_obtained":[{"floor":6,"key":"aspiration:VileToxins"},{"floor":8,"key":"Bottled Tornado"},{"floor":20,"key":"Red Mask"},{"floor":23,"key":"halation:VictoryRuler"},{"floor":26,"key":"Grinning Jar"},{"floor":27,"key":"Mango"},{"floor":31,"key":"MawBank"},{"floor":38,"key":"Replay:Rubber Ducky"},{"floor":42,"key":"Calipers"},{"floor":43,"key":"Centennial Puzzle"},{"floor":47,"key":"Pondfish Scales"},{"floor":48,"key":"ReplayTheSpireMod:Ring of Collecting"},{"floor":54,"key":"Onion Ring"}],"event_choices":[{"damage_healed":0,"gold_gain":0,"player_choice":"Ignored","damage_taken":0,"max_hp_gain":0,"max_hp_loss":0,"event_name":"Shining Light","floor":3,"gold_loss":0},{"damage_healed":0,"gold_gain":0,"player_choice":"Success","damage_taken":7,"relics_obtained":["Nunchaku"],"max_hp_gain":0,"max_hp_loss":0,"event_name":"Scrap Ooze","floor":13,"gold_loss":0},{"damage_healed":0,"gold_gain":0,"player_choice":"Take Wound","damage_taken":0,"relics_obtained":["Golden Idol"],"max_hp_gain":0,"max_hp_loss":0,"event_name":"Golden Idol","floor":15,"gold_loss":0,"cards_obtained":["Injury"]},{"damage_healed":0,"gold_gain":0,"player_choice":"Fought Bandits","damage_taken":0,"max_hp_gain":0,"max_hp_loss":0,"event_name":"Masked Bandits","floor":20,"gold_loss":0},{"damage_healed":0,"gold_gain":0,"player_choice":"Read","damage_taken":0,"max_hp_gain":0,"max_hp_loss":0,"event_name":"The Library","floor":30,"gold_loss":0,"cards_obtained":["Negative_Energy_Burst"]},{"damage_healed":0,"gold_gain":0,"player_choice":"Fight","damage_taken":0,"max_hp_gain":0,"max_hp_loss":0,"event_name":"MindBloom","floor":47,"gold_loss":0}],"is_beta":false,"boss_relics":[{"not_picked":["Tiny House","hubris:ScarierMask"],"picked":"conspire:SpecialSausage"},{"not_picked":["hubris:CrackedHourglass","aspiration:PoetsPen_weak"],"picked":"Pandora\u0027s Box"}],"items_purged_floors":[46,53],"is_endless":false,"potions_floor_spawned":[2,4,8,16,20,23,28,29,31,37,39,41,42,54],"ascension_level":7}}