{"host":"xlyaqk2h7qrmsurq","time":1610308757,"event":{"mods":["BaseMod","Bestiary","Colored Map","Highlight Path","Minty Spire (QoL Compilation)"],"gold_per_floor":[14,30,42,60,60,60,75,110,110,285,235,235,235,266,266,368,368,385,418,432,432,432,460,460,486,486,486,486,37,137,38,38,141,141,151,3,303,525,435,470,470,470,470],"floor_reached":42,"playtime":9060,"items_purged":["Strike_P","Strike_P"],"score":591,"play_id":"5fd4de99-100a-46e8-8145-0474eaeeb2ce","local_time":"20210110155917","is_ascension_mode":false,"campfire_choices":[{"data":"1","floor":6.0,"key":"LIFT"},{"floor":13.0,"key":"REST"},{"data":"2","floor":15.0,"key":"LIFT"},{"floor":24.0,"key":"REST"},{"data":"3","floor":27.0,"key":"LIFT"},{"floor":32.0,"key":"REST"},{"floor":41,"key":"RECALL"}],"circlet_count":0,"master_deck":["Strike_P","Defend_P","Defend_P","Defend_P","Defend_P","Eruption+1","Vigilance","EmptyBody","Protect","FlurryOfBlows","PathToVictory","DeceiveReality","SandsOfTime","Devotion","CarveReality","BowlingBash+1","ReachHeaven+1","Ghostly","Ghostly","Ghostly","Ghostly","Ghostly","DeusExMachina","Consecrate","RitualDagger","FlurryOfBlows","Consecrate","Tantrum+1","PathToVictory","LessonLearned","Vengeance+1","DevaForm"],"relics":["PureWater","Girya","Question Card","Darkstone Periapt","Shuriken","Velvet Choker","Red Mask","Juzu Bracelet","Lizard Tail","Orichalcum","HornCleat","Calipers","Unceasing Top","Sundial","SlaversCollar","Pocketwatch"],"acts_visited":["TheBeyond"],"potions_floor_usage":[],"damage_taken":[{"damage":0.0,"enemies":"2 Louse","floor":1.0,"turns":5.0},{"damage":0.0,"enemies":"Small Slimes","floor":2.0,"turns":4.0},{"damage":0.0,"enemies":"Jaw Worm","floor":3.0,"turns":4.0},{"damage":0.0,"enemies":"3 Louse","floor":4.0,"turns":4.0},{"damage":0.0,"enemies":"Gremlin Gang","floor":7.0,"turns":4.0},{"damage":34.0,"enemies":"3 Sentries","floor":8.0,"turns":10.0},{"damage":17.0,"enemies":"Gremlin Nob","floor":14.0,"turns":4.0},{"damage":8.0,"enemies":"Slime Boss","floor":16.0,"turns":9.0},{"damage":15.0,"enemies":"Spheric Guardian","floor":18.0,"turns":8.0},{"damage":23.0,"enemies":"Masked Bandits","floor":19.0,"turns":5.0},{"damage":10.0,"enemies":"Shell Parasite","floor":20.0,"turns":6.0},{"damage":3.0,"enemies":"Book of Stabbing","floor":23.0,"turns":5.0},{"damage":13.0,"enemies":"Slavers","floor":25.0,"turns":8.0},{"damage":1.0,"enemies":"Colosseum Slavers","floor":30.0,"turns":4.0},{"damage":0.0,"enemies":"Colosseum Nobs","floor":30.0,"turns":5.0},{"damage":0.0,"enemies":"Champ","floor":33.0,"turns":6.0},{"damage":0,"enemies":"3 Shapes","floor":35,"turns":4},{"damage":0,"enemies":"Reptomancer","floor":40,"turns":6},{"damage":75,"enemies":"Giant Head","floor":42,"turns":8}],"seed_played":"6535087780401836041","potions_obtained":[{"floor":1.0,"key":"Strength Potion"},{"floor":2.0,"key":"LiquidMemories"},{"floor":14.0,"key":"Explosive Potion"}],"is_trial":false,"path_per_floor":["M","M","M","M","?","R","M","E","T","?","?","?","R","E","R","B",null,"M","?","M","?","?","E","R","E","T","R","?","$","?","$","R","B",null,"M","$","?","?","?","E","R","E"],"character_chosen":"WATCHER","items_purchased":["Calipers","FlurryOfBlows","Consecrate","PathToVictory","BlessingOfTheForge","Explosive Potion"],"campfire_rested":3,"item_purchase_floors":[29,29,29,31,31,36],"current_hp_per_floor":[72,72,72,72,72,72,72,38,38,44,44,44,67,50,50,42,78,63,40,30,30,30,27,38,25,25,25,19,19,18,18,29,29,39,39,39,39,39,39,39,39,0,0],"gold":470,"neow_bonus":"ONE_RARE_RELIC","is_daily":false,"chose_seed":false,"campfire_upgraded":0,"win_rate":0.0,"timestamp":1610308757,"path_taken":["M","M","M","M","?","R","M","E","T","?","?","?","R","E","R","BOSS","M","?","M","?","?","E","R","E","T","R","?","$","?","?","R","BOSS","M","$","?","?","?","E","R","E"],"items_purchased_type":["Relic","Card","Card","Card","Potion","Potion"],"build_version":"2020-12-22","purchased_purges":2,"victory":false,"max_hp_per_floor":[72,72,72,72,72,72,72,72,72,78,78,78,78,78,78,78,78,78,78,78,78,39,39,39,39,39,39,39,39,39,39,39,39,39,39,39,39,39,39,39,39,39,39],"card_choices":[{"not_picked":["Consecrate","ForeignInfluence"],"picked":"EmptyBody","floor":1.0},{"not_picked":["WreathOfFlame","Weave","EmptyBody"],"picked":"SKIP","floor":2.0},{"not_picked":["FlurryOfBlows","Swivel"],"picked":"Protect","floor":3.0},{"not_picked":["ThirdEye","Vengeance"],"picked":"FlurryOfBlows","floor":4.0},{"not_picked":["Evaluate","ThirdEye"],"picked":"PathToVictory","floor":7.0},{"not_picked":["FlyingSleeves","EmptyFist"],"picked":"DeceiveReality","floor":8.0},{"not_picked":["FlyingSleeves","Protect","EmptyFist"],"picked":"SandsOfTime","floor":14.0},{"not_picked":["DeusExMachina","Scrawl","Vault"],"picked":"Devotion","floor":16.0},{"not_picked":["JustLucky","EmptyBody","Fasting2"],"picked":"CarveReality","floor":18.0},{"not_picked":["CrushJoints","Tantrum","Swivel"],"picked":"BowlingBash+1","floor":19.0},{"not_picked":["FlyingSleeves","Indignation","FollowUp"],"picked":"ReachHeaven","floor":20.0},{"not_picked":["FlurryOfBlows","WaveOfTheHand","Collect+1"],"picked":"DeusExMachina","floor":23.0},{"not_picked":["InnerPeace","Pray","PathToVictory"],"picked":"Consecrate","floor":25.0},{"not_picked":["JustLucky","Indignation","FlyingSleeves+1"],"picked":"Tantrum+1","floor":30.0},{"not_picked":["Alpha","DeusExMachina","ConjureBlade"],"picked":"LessonLearned","floor":33.0},{"not_picked":["BowlingBash+1","CarveReality","SandsOfTime+1"],"picked":"Vengeance+1","floor":35},{"not_picked":["Nirvana+1","Sanctity","Evaluate+1"],"picked":"DevaForm","floor":40}],"player_experience":293255,"relics_obtained":[{"floor":8.0,"key":"Question Card"},{"floor":9.0,"key":"Darkstone Periapt"},{"floor":14.0,"key":"Shuriken"},{"floor":19.0,"key":"Red Mask"},{"floor":23.0,"key":"Lizard Tail"},{"floor":25.0,"key":"Orichalcum"},{"floor":26.0,"key":"HornCleat"},{"floor":30.0,"key":"Unceasing Top"},{"floor":30.0,"key":"Sundial"},{"floor":40,"key":"Pocketwatch"}],"event_choices":[{"damage_healed":0.0,"max_hp_gain":0.0,"max_hp_loss":0.0,"gold_gain":0.0,"event_name":"Living Wall","player_choice":"Grow","floor":5.0,"gold_loss":0.0,"damage_taken":0.0,"cards_upgraded":["Eruption"]},{"damage_healed":0.0,"max_hp_gain":0.0,"max_hp_loss":0.0,"gold_gain":175.0,"event_name":"Liars Game","player_choice":"AGREE","floor":10.0,"gold_loss":0.0,"damage_taken":0.0,"cards_obtained":["Doubt"]},{"cards_removed":["Doubt"],"damage_healed":0.0,"max_hp_gain":0.0,"max_hp_loss":0.0,"gold_gain":0.0,"event_name":"The Cleric","player_choice":"Card Removal","floor":11.0,"gold_loss":50.0,"damage_taken":0.0},{"damage_healed":0.0,"max_hp_gain":0.0,"max_hp_loss":0.0,"gold_gain":0.0,"event_name":"Golden Wing","player_choice":"Ignored","floor":12.0,"gold_loss":0.0,"damage_taken":0.0},{"damage_healed":0.0,"max_hp_gain":0.0,"max_hp_loss":0.0,"gold_gain":0.0,"event_name":"Masked Bandits","player_choice":"Fought Bandits","floor":19.0,"gold_loss":0.0,"damage_taken":0.0},{"damage_healed":0.0,"max_hp_gain":0.0,"max_hp_loss":0.0,"gold_gain":0.0,"event_name":"WeMeetAgain","player_choice":"Gave Potion","floor":21.0,"gold_loss":0.0,"damage_taken":0.0,"relics_obtained":["Juzu Bracelet"]},{"damage_healed":0.0,"max_hp_gain":0.0,"max_hp_loss":39.0,"gold_gain":0.0,"event_name":"Ghosts","player_choice":"Became a Ghost","floor":22.0,"gold_loss":0.0,"damage_taken":0.0,"cards_obtained":["Ghostly","Ghostly","Ghostly","Ghostly","Ghostly"]},{"damage_healed":0.0,"max_hp_gain":0.0,"max_hp_loss":0.0,"gold_gain":0.0,"event_name":"Nest","player_choice":"Joined the Cult","floor":28.0,"gold_loss":0.0,"damage_taken":6.0,"cards_obtained":["RitualDagger"]},{"damage_healed":0.0,"max_hp_gain":0.0,"max_hp_loss":0.0,"gold_gain":0.0,"event_name":"Colosseum","player_choice":"Fight","floor":30.0,"gold_loss":0.0,"damage_taken":0.0},{"damage_healed":0.0,"max_hp_gain":0.0,"max_hp_loss":0.0,"gold_gain":0.0,"event_name":"Colosseum","player_choice":"Fought Nobs","floor":30.0,"gold_loss":0.0,"damage_taken":0.0},{"damage_healed":0,"gold_gain":300,"player_choice":"Gold","damage_taken":0,"max_hp_gain":0,"max_hp_loss":0,"event_name":"Wheel of Change","floor":37,"gold_loss":0},{"damage_healed":0,"gold_gain":222,"player_choice":"Wore Mask","damage_taken":0,"max_hp_gain":0,"max_hp_loss":0,"event_name":"Tomb of Lord Red Mask","floor":38,"gold_loss":0},{"cards_removed":["Strike_P"],"damage_healed":0,"gold_gain":0,"player_choice":"Upgrade and Remove","damage_taken":0,"max_hp_gain":0,"max_hp_loss":0,"event_name":"Designer","floor":39,"gold_loss":90,"cards_upgraded":["ReachHeaven"]}],"is_beta":false,"boss_relics":[{"not_picked":["Coffee Dripper","Philosopher\u0027s Stone"],"picked":"Velvet Choker"},{"not_picked":["Runic Dome","Empty Cage"],"picked":"SlaversCollar"}],"items_purged_floors":[29,36],"is_endless":false,"potions_floor_spawned":[1,2,14,18,19],"killed_by":"Giant Head","ascension_level":0}}