{"host":"q0qnzbgdx8oqogg9","time":1610314790,"event":{"mods":["BaseMod","Minty Spire (QoL Compilation)","Slay-I","StSLib"],"gold_per_floor":[115,37,51,61,76,76,101,101,101,101,112,131,95,122,122,224,224,224,224],"floor_reached":18,"playtime":493,"items_purged":[],"score":215,"play_id":"91b5ea60-957f-4b63-902d-39120e69198f","local_time":"20210110163950","is_ascension_mode":true,"campfire_choices":[{"data":"Perfected Strike","floor":6.0,"key":"SMITH"},{"data":"Headbutt","floor":8.0,"key":"SMITH"},{"data":"Bash","floor":10.0,"key":"SMITH"},{"floor":15.0,"key":"REST"}],"circlet_count":0,"master_deck":["Strike_R","Strike_R","Strike_R","Strike_R","Strike_R","Defend_R","Defend_R","Defend_R","Defend_R","Bash+1","Perfected Strike+1","Combust","Sever Soul","Headbutt+1","Headbutt","Armaments","Shrug It Off","Rupture","Whirlwind","Feed"],"relics":["Burning Blood","Happy Flower","Gremlin Horn","Letter Opener","Eternal Feather","Runic Pyramid"],"acts_visited":["Exordium","TheCity"],"potions_floor_usage":[],"damage_taken":[{"damage":1.0,"enemies":"Cultist","floor":1.0,"turns":3.0},{"damage":1.0,"enemies":"Small Slimes","floor":3.0,"turns":4.0},{"damage":5.0,"enemies":"Jaw Worm","floor":4.0,"turns":3.0},{"damage":9.0,"enemies":"3 Louse","floor":5.0,"turns":2.0},{"damage":32.0,"enemies":"Gremlin Nob","floor":7.0,"turns":4.0},{"damage":18.0,"enemies":"Lots of Slimes","floor":11.0,"turns":3.0},{"damage":3.0,"enemies":"Blue Slaver","floor":12.0,"turns":2.0},{"damage":35.0,"enemies":"Lagavulin","floor":14.0,"turns":4.0},{"damage":38,"enemies":"Hexaghost","floor":16,"turns":9},{"damage":66,"enemies":"Spheric Guardian","floor":18,"turns":5}],"seed_played":"2185399254527252488","potions_obtained":[{"floor":4.0,"key":"GamblersBrew"},{"floor":5.0,"key":"PowerPotion"},{"floor":11.0,"key":"Swift Potion"}],"is_trial":false,"path_per_floor":["M","$","M","M","M","R","E","R","T","R","M","M","$","E","R","B",null,"M"],"character_chosen":"IRONCLAD","items_purchased":["Combust","Rupture"],"campfire_rested":1,"item_purchase_floors":[2,13],"current_hp_per_floor":[80,80,80,80,77,77,51,51,51,51,39,42,42,13,46,14,64,0,0],"gold":224,"neow_bonus":"RANDOM_COMMON_RELIC","is_daily":false,"chose_seed":false,"campfire_upgraded":3,"win_rate":0.0,"timestamp":1610314790,"path_taken":["M","?","M","M","M","R","E","R","T","R","M","M","$","E","R","BOSS","M"],"items_purchased_type":["Card","Card"],"build_version":"2020-12-22","purchased_purges":0,"victory":false,"max_hp_per_floor":[80,80,80,80,80,80,80,80,80,80,80,80,80,80,80,80,80,80,80],"card_choices":[{"not_picked":["True Grit","Intimidate"],"picked":"Perfected Strike","floor":1.0},{"not_picked":["Flex","Blood for Blood"],"picked":"Sever Soul","floor":3.0},{"not_picked":["Uppercut","Heavy Blade"],"picked":"Headbutt","floor":4.0},{"not_picked":["Body Slam","Carnage"],"picked":"Headbutt","floor":5.0},{"not_picked":["Sever Soul","Second Wind","Sword Boomerang"],"picked":"SKIP","floor":7.0},{"not_picked":["Pummel","Fiend Fire"],"picked":"Armaments","floor":11.0},{"not_picked":["Sword Boomerang","Havoc"],"picked":"Shrug It Off","floor":12.0},{"not_picked":["Feel No Pain","Sentinel"],"picked":"Whirlwind","floor":14.0},{"not_picked":["Brutality","Demon Form"],"picked":"Feed","floor":16}],"player_experience":203542,"relics_obtained":[{"floor":7.0,"key":"Gremlin Horn"},{"floor":9.0,"key":"Letter Opener"},{"floor":14.0,"key":"Eternal Feather"}],"event_choices":[],"is_beta":false,"boss_relics":[{"not_picked":["Empty Cage","Astrolabe"],"picked":"Runic Pyramid"}],"items_purged_floors":[],"is_endless":false,"potions_floor_spawned":[4,5,11,16],"killed_by":"Spheric Guardian","ascension_level":5}}