{"host":"wg29woj1pduqw9vg","time":1610316486,"event":{"mods":["BaseMod","Bestiary","Better Third Choice","Colored Map","Downfall","Highlight Path","Minty Spire (QoL Compilation)","Quick Restart","StSLib"],"gold_per_floor":[99,99,99,99,99,119,171,171,171],"floor_reached":8,"playtime":323,"items_purged":[],"score":42,"play_id":"81c28713-4120-4bbc-9b27-30814b206a1a","local_time":"20210110140806","is_ascension_mode":false,"campfire_choices":[{"data":"sneckomod:SnekBite","floor":1.0,"key":"SMITH"}],"circlet_count":0,"master_deck":["sneckomod:Strike","sneckomod:Strike","sneckomod:Strike","sneckomod:Defend","sneckomod:Defend","sneckomod:Defend","sneckomod:TailWhip","sneckomod:SnekBite+1","sneckomod:Unknown","sneckomod:Unknown","sneckomod:ImprovisedGuard","sneckomod:Unknown0Cost","sneckomod:UnknownBlock"],"relics":["sneckomod:SneckoSoul","downfall:HeartsMalice","Happy Flower"],"acts_visited":["Exordium"],"potions_floor_usage":[],"damage_taken":[{"damage":0.0,"enemies":"Small Slimes","floor":2.0,"turns":1.0},{"damage":0.0,"enemies":"downfall:FleeingMerchant","floor":4.0,"turns":1.0},{"damage":0.0,"enemies":"2 Louse","floor":5.0,"turns":1.0},{"damage":1.0,"enemies":"Jaw Worm","floor":6.0,"turns":5.0},{"damage":0,"enemies":"3 Sentries","floor":8,"turns":1}],"seed_played":"-6014176264657008863","potions_obtained":[{"floor":6.0,"key":"champ:CounterPotion"}],"is_trial":false,"path_per_floor":["R","M","?","$","M","M","T","E"],"character_chosen":"THE_SNECKO","items_purchased":[],"campfire_rested":0,"item_purchase_floors":[],"current_hp_per_floor":[90,90,95,95,96,96,96,96,96],"gold":171,"neow_bonus":"THREE_ENEMY_KILL","is_daily":false,"chose_seed":false,"campfire_upgraded":1,"win_rate":0.0,"timestamp":1610316486,"path_taken":["R","M","?","$","M","M","T","E"],"items_purchased_type":[],"build_version":"2020-12-22","purchased_purges":0,"victory":false,"max_hp_per_floor":[90,90,95,95,96,97,97,97,97],"card_choices":[{"not_picked":["sneckomod:QuickMove","sneckomod:DefensiveFlair","sneckomod:IronFang"],"picked":"SKIP","floor":2.0},{"not_picked":["sneckomod:SoulRoll","sneckomod:UnknownWeak"],"picked":"sneckomod:ImprovisedGuard","floor":4.0},{"not_picked":["sneckomod:UnknownVulnerable","sneckomod:SoulRoll"],"picked":"sneckomod:Unknown0Cost","floor":5.0},{"not_picked":["sneckomod:QuickMove","sneckomod:UnknownClassBLUE"],"picked":"sneckomod:UnknownBlock","floor":6.0}],"player_experience":28240,"relics_obtained":[{"floor":7.0,"key":"Happy Flower"}],"event_choices":[{"damage_healed":0.0,"max_hp_gain":5.0,"max_hp_loss":0.0,"gold_gain":0.0,"event_name":"Big Fish","player_choice":"Donut","floor":3.0,"gold_loss":0.0,"damage_taken":0.0}],"is_beta":false,"boss_relics":[],"items_purged_floors":[],"is_endless":false,"potions_floor_spawned":[6],"killed_by":"3 Sentries","ascension_level":0}}