{"host":"a3oe3gstxz77c7qu","time":1610296556,"event":{"mods":["2.2 Compatiblity","Act Like it!","BaseMod","Bestiary","Better Altar","Better Match","Better Note","Better Skull","Better Third Choice","Block Reminder","Curses Come First","Custom Start","Dark Map","Downfall","Friendly Minions","GifTheSpireLib","Hermit","Jorbs\u0027s Wanderer Trilogy","Lobotomy","LobotomyExtend","Marisa????????","Minty Spire (QoL Compilation)","Permanent Neow","Quick Restart","Relic Stats","Replay The Spire","StSLib","The Bug Knight","The Disciple","Uncapped","Unknown Chances","Wandering Minibosses"],"gold_per_floor":[99,118,132,132,146,146,146,146,146,296,296,334,367,424,435,533,533,458,458,468,483,483,483,553,563,563,563,140,155,155,187,199,295,295,295,312,312,327,374,389,389,422,436,436,471,482,482,511,877,877,877],"floor_reached":52,"playtime":4866,"items_purged":["Shame"],"score":1008,"play_id":"154de06f-42cc-4335-8853-94dbbd42a848","local_time":"20210110163556","is_ascension_mode":true,"campfire_choices":[{"data":"Guardian:Strike_Guardian","floor":1,"key":"PURGE"},{"data":"Guardian:CurlUp","floor":8,"key":"SMITH"},{"floor":11,"key":"RECALL"},{"data":"Guardian:PiercingHide","floor":18,"key":"SMITH"},{"data":"Magnetism","floor":23,"key":"SMITH"},{"data":"Guardian:CrystalBeam","floor":27,"key":"SMITH"},{"data":"Guardian:AncientConstruct","floor":30,"key":"SMITH"},{"data":"Guardian:ConstructionForm","floor":35,"key":"SMITH"},{"data":"Guardian:StasisField","floor":47,"key":"SMITH"}],"circlet_count":0,"master_deck":["Guardian:Strike_Guardian","Guardian:Strike_Guardian","Guardian:Defend_Guardian+1","Guardian:Defend_Guardian+1","Guardian:Defend_Guardian+1","Guardian:Defend_Guardian","Guardian:CurlUp+1","Guardian:TwinSlam","Guardian:ExploitGems","Guardian:PiercingHide+1","Guardian:AncientConstruct+1","Guardian:Recover","Guardian:CrystalBeam+1","Magnetism+1","expansioncontent:DonusPower","Guardian:PiercingHide","Guardian:SpikerProtocol","Guardian:Preprogram","Guardian:Harden","Guardian:GemFinder","Guardian:ConstructionForm+1","Guardian:CrystalBeam+1","Guardian:Gem_Green","Parasite","Guardian:Gem_Cyan","Guardian:Gem_Cyan","Guardian:FloatingOrbs","Guardian:Gem_Cyan","Guardian:GemFire","Guardian:Gem_Lightblue","Guardian:StasisField+1","Guardian:ShieldSpikes"],"relics":["Honey Jar","LetterFromLob","ReplayTheSpireMod:Lightbulb","Meat on the Bone","Blue Candle","ChewingGum","downfall:HeartBlessingRed","Replay:PocketPolymizer","Snack Pack","Guardian:BottledStasis","hexamod:BolsterEngine","Coffee Dripper","Boot","ReplayTheSpireMod:TigerMarble","Bag of Preparation","Replay:Rubber Ducky","Bird Faced Urn"],"acts_visited":["Exordium","TheCity","TheBeyond"],"potions_floor_usage":[13,21,33,49,50,50],"damage_taken":[{"damage":0,"enemies":"2 Louse","floor":2,"turns":2},{"damage":4,"enemies":"Small Slimes","floor":3,"turns":4},{"damage":3,"enemies":"Jaw Worm","floor":5,"turns":4},{"damage":16,"enemies":"Jaw Worm","floor":6,"turns":7},{"damage":3,"enemies":"Large Slime","floor":12,"turns":14},{"damage":1,"enemies":"HollowMod:MossKnight","floor":13,"turns":12},{"damage":9,"enemies":"3 Sentries","floor":14,"turns":14},{"damage":7,"enemies":"3 Louse","floor":15,"turns":5},{"damage":7,"enemies":"downfall:Silent","floor":16,"turns":17},{"damage":3,"enemies":"Spheric Guardian","floor":20,"turns":6},{"damage":9,"enemies":"3 Byrds","floor":21,"turns":5},{"damage":19,"enemies":"Snake Plant","floor":25,"turns":6},{"damage":1,"enemies":"downfall:FleeingMerchant","floor":28,"turns":4},{"damage":4,"enemies":"Shelled Parasite and Fungi","floor":29,"turns":6},{"damage":0,"enemies":"Centurion and Healer","floor":31,"turns":9},{"damage":0,"enemies":"Snake Plant","floor":32,"turns":3},{"damage":12,"enemies":"downfall:Watcher","floor":33,"turns":10},{"damage":0,"enemies":"3 Darklings","floor":36,"turns":7},{"damage":0,"enemies":"Orb Walker","floor":38,"turns":3},{"damage":0,"enemies":"Writhing Mass","floor":40,"turns":8},{"damage":0,"enemies":"Giant Head","floor":42,"turns":10},{"damage":0,"enemies":"Transient","floor":43,"turns":5},{"damage":7,"enemies":"R_Hoarder","floor":45,"turns":7},{"damage":0,"enemies":"Spire Growth","floor":46,"turns":4},{"damage":1,"enemies":"Nemesis","floor":48,"turns":5},{"damage":6,"enemies":"Writhing Mass","floor":49,"turns":7},{"damage":0,"enemies":"downfall:Ironclad","floor":50,"turns":18}],"seed_played":"-4008628696085272515","potions_obtained":[{"floor":12,"key":"Doom Potion"},{"floor":13,"key":"GamblersBrew"},{"floor":15,"key":"Guardian:DefensiveModePotion"},{"floor":16,"key":"Ancient Potion"},{"floor":21,"key":"FairyPotion"},{"floor":31,"key":"Milkshake"},{"floor":32,"key":"DistilledChaos"},{"floor":36,"key":"SpeedPotion"},{"floor":45,"key":"AttackPotion"},{"floor":49,"key":"Ancient Potion"}],"is_trial":false,"path_per_floor":["R","M","M","?","M","?","T","R","?","?","R","M","E","?","M","B",null,"R","?","M","M","?","R","T","M","?","R","$","M","R","M","M","B",null,"R","M","?","M","T","M","T","E","M","?","E","M","R","E","M","B",null,null],"character_chosen":"GUARDIAN","items_purchased":["Guardian:SpikerProtocol","Guardian:BottledStasis","hexamod:BolsterEngine"],"campfire_rested":0,"item_purchase_floors":[28,28,28],"current_hp_per_floor":[80,80,76,76,73,57,57,57,57,57,57,54,53,44,49,42,80,80,80,77,68,68,68,68,57,57,57,58,56,56,60,60,54,80,80,80,80,80,80,80,80,80,80,80,77,77,77,78,80,80,80],"gold":877,"neow_bonus":"BOSS_RELIC","is_daily":false,"chose_seed":false,"campfire_upgraded":7,"win_rate":0.0,"timestamp":1610296556,"path_taken":["R","M","M","?","M","?","T","R","?","?","R","M","E","?","M","BOSS","R","?","M","M","?","R","T","M","?","R","$","?","R","M","M","BOSS","R","M","?","?","?","M","T","E","M","?","E","M","R","E","M","BOSS"],"items_purchased_type":["Card","Relic","Relic"],"build_version":"2020-12-22","purchased_purges":1,"victory":true,"max_hp_per_floor":[80,80,80,80,80,80,80,80,80,80,80,80,80,80,80,80,80,80,80,80,80,80,80,80,80,80,80,80,80,80,80,80,80,80,80,80,80,80,80,80,80,80,80,80,80,80,80,80,80,80,80],"relic_stats":{"counters":[27,201],"Blue Candle":[12],"Bird Faced Urn":[6],"Bag of Preparation":[12],"Boot":[54],"obtain_stats":[{"Guardian:BottledStasis":28,"Replay:PocketPolymizer":19,"downfall:HeartBlessingRed":18,"Blue Candle":14,"Guardian:ModeShifter":0,"Bag of Preparation":42,"Boot":39,"Replay:Rubber Ducky":45,"Bird Faced Urn":48,"Honey Jar":0,"ChewingGum":17,"LetterFromLob":2,"Snack Pack":24,"Coffee Dripper":34,"ReplayTheSpireMod:TigerMarble":41,"hexamod:BolsterEngine":28,"ReplayTheSpireMod:Lightbulb":7,"Meat on the Bone":13},{"Guardian:BottledStasis":13,"Replay:PocketPolymizer":9,"downfall:HeartBlessingRed":9,"Blue Candle":7,"Guardian:ModeShifter":0,"Bag of Preparation":21,"Boot":19,"Replay:Rubber Ducky":23,"Bird Faced Urn":25,"Honey Jar":0,"ChewingGum":9,"LetterFromLob":1,"Snack Pack":11,"Coffee Dripper":17,"ReplayTheSpireMod:TigerMarble":20,"hexamod:BolsterEngine":13,"ReplayTheSpireMod:Lightbulb":4,"Meat on the Bone":6},{"Guardian:BottledStasis":99,"Replay:PocketPolymizer":78,"downfall:HeartBlessingRed":78,"Blue Candle":56,"Guardian:ModeShifter":0,"Bag of Preparation":155,"Boot":137,"Replay:Rubber Ducky":167,"Bird Faced Urn":176,"Honey Jar":0,"ChewingGum":78,"LetterFromLob":2,"Snack Pack":89,"Coffee Dripper":127,"ReplayTheSpireMod:TigerMarble":145,"hexamod:BolsterEngine":99,"ReplayTheSpireMod:Lightbulb":17,"Meat on the Bone":42}],"Meat on the Bone":12},"card_choices":[{"not_picked":["Guardian:TemporalShield","Guardian:VentSteam","Guardian:Reroute"],"picked":"Guardian:Gem_Lightblue","floor":2},{"not_picked":["Guardian:PrimingBeam","Guardian:FloatingOrbs","Guardian:CrystalBeam"],"picked":"Guardian:PrismaticBarrier","floor":3},{"not_picked":["Guardian:ChargeCore","Guardian:ShieldCharger","Guardian:SpikerProtocol"],"picked":"Guardian:BronzeOrb","floor":5},{"not_picked":["Guardian:Repulse","Guardian:Gem_Lightblue","Guardian:Gem_Green"],"picked":"Guardian:PrismaticBarrier","floor":12},{"not_picked":["Guardian:DonusPower","Guardian:Gem_Fragmented","Guardian:RevengeProtocol"],"picked":"Guardian:ExploitGems","floor":13},{"not_picked":["Guardian:ChargeCore","Guardian:Incinerate","Guardian:RollAttack"],"picked":"Guardian:PiercingHide","floor":14},{"not_picked":["Guardian:Gem_Blue","Guardian:ShieldCharger","Guardian:FloatingOrbs"],"picked":"Guardian:Gem_Orange","floor":15},{"not_picked":["Guardian:StasisField","Guardian:FastForward","Guardian:StasisStrike"],"picked":"Guardian:AncientConstruct","floor":16},{"not_picked":["Guardian:PiercingHide","Guardian:WalkerClaw+1","Guardian:PrimingBeam"],"picked":"Guardian:Recover","floor":20},{"not_picked":["Guardian:VentSteam","Guardian:FloatingOrbs","Guardian:TemporalShield"],"picked":"Guardian:CrystalBeam","floor":21},{"not_picked":["Guardian:Suspension","Guardian:ChargeCore+1","Guardian:Recover"],"picked":"Guardian:Gem_Cyan","floor":25},{"not_picked":["Guardian:GuardianWhirl+1","Guardian:RefractedBeam","Guardian:Reroute+1"],"picked":"Guardian:PiercingHide","floor":28},{"not_picked":["Guardian:Repulse","Guardian:PrimingBeam+1","Guardian:CrystalBeam"],"picked":"Guardian:Gem_Cyan","floor":29},{"not_picked":["Guardian:HyperBeam_Guardian","Guardian:ChargeUp","Guardian:Suspension"],"picked":"Guardian:Harden","floor":31},{"not_picked":["Guardian:ShieldSpikes","Guardian:SpikerProtocol+1","Guardian:FloatingOrbs+1"],"picked":"Guardian:Gem_White","floor":32},{"not_picked":["Guardian:GemFire","Guardian:Gem_Synthetic","Guardian:HyperBeam_Guardian"],"picked":"Guardian:GemFinder","floor":33},{"not_picked":["Guardian:Gem_Cyan","Guardian:Gem_Lightblue"],"picked":"Guardian:Gem_Red","floor":36},{"not_picked":["Guardian:Planning+1","Guardian:CrystalBeam+1","Guardian:WalkerClaw","Guardian:FloatingOrbs"],"picked":"SKIP","floor":36},{"not_picked":["Guardian:Planning+1","Guardian:WalkerClaw","Guardian:FloatingOrbs"],"picked":"Guardian:CrystalBeam+1","floor":36},{"not_picked":["Guardian:Gem_Lightblue","Guardian:Gem_Cyan"],"picked":"Guardian:Gem_Green","floor":38},{"not_picked":["Guardian:Recover+1","Guardian:BronzeOrb+1","Guardian:VentSteam"],"picked":"Guardian:Gem_Green","floor":38},{"not_picked":["Guardian:Gem_Red","Guardian:Gem_Green"],"picked":"Guardian:Gem_Cyan","floor":40},{"not_picked":["Guardian:Gem_Cyan","Guardian:ConstructionForm","Guardian:Gem_Lightblue"],"picked":"Guardian:Gem_Fragmented","floor":40},{"not_picked":["Guardian:Gem_Green","Guardian:Gem_Red"],"picked":"Guardian:Gem_Cyan","floor":42},{"not_picked":["Guardian:Reroute","Guardian:Gem_Yellow","Guardian:Planning+1"],"picked":"Guardian:FloatingOrbs","floor":42},{"not_picked":["Guardian:Gem_Lightblue","Guardian:Gem_Green"],"picked":"Guardian:Gem_Cyan","floor":43},{"not_picked":["Guardian:TimeBomb","Guardian:PrimingBeam+1","Guardian:Gem_Red"],"picked":"Guardian:Gem_Blue","floor":43},{"not_picked":["Guardian:PiercingHide+1","Guardian:Suspension+1","Guardian:TemporalShield"],"picked":"Guardian:GemFire","floor":45},{"not_picked":["Guardian:Gem_Green","Guardian:Gem_Red"],"picked":"Guardian:Gem_Lightblue","floor":46},{"not_picked":["Guardian:Reroute+1","Guardian:Repulse","Guardian:Incinerate+1"],"picked":"Guardian:StasisField","floor":46},{"not_picked":["Guardian:TemporalStrike+1","Guardian:PrismaticBarrier","Guardian:Gem_Lightblue"],"picked":"Guardian:ShieldSpikes","floor":48},{"not_picked":["Guardian:FierceBash","Guardian:WalkerClaw+1","Guardian:PrimingBeam","Guardian:Gem_Cyan"],"picked":"SKIP","floor":49}],"player_experience":952880,"relics_obtained":[{"floor":2,"key":"LetterFromLob"},{"floor":7,"key":"ReplayTheSpireMod:Lightbulb"},{"floor":13,"key":"Meat on the Bone"},{"floor":14,"key":"Blue Candle"},{"floor":24,"key":"Snack Pack"},{"floor":39,"key":"Boot"},{"floor":41,"key":"ReplayTheSpireMod:TigerMarble"},{"floor":42,"key":"Bag of Preparation"},{"floor":45,"key":"Replay:Rubber Ducky"},{"floor":48,"key":"Bird Faced Urn"}],"event_choices":[{"damage_healed":0,"gold_gain":0,"player_choice":"Stole Relic","damage_taken":0,"relics_obtained":["Replay:PocketPolymizer"],"max_hp_gain":0,"max_hp_loss":0,"event_name":"Addict","floor":19,"gold_loss":0,"cards_obtained":["Shame"]},{"damage_healed":0,"gold_gain":0,"player_choice":"Ignored","damage_taken":0,"max_hp_gain":0,"max_hp_loss":0,"event_name":"Ghosts","floor":22,"gold_loss":0},{"damage_healed":0,"gold_gain":0,"player_choice":"Got Potions","damage_taken":0,"max_hp_gain":0,"max_hp_loss":0,"event_name":"Lab","floor":37,"gold_loss":0}],"is_beta":false,"boss_relics":[{"not_picked":["Busted Crown","Sozu"],"picked":"ChewingGum"},{"not_picked":["Snecko Heart","Kintsugi"],"picked":"Coffee Dripper"}],"items_purged_floors":[28],"is_endless":false,"potions_floor_spawned":[6,12,13,15,16,21,31,32,36,45,46,49],"ascension_level":4}}