{"host":"1p0ug38l8q9et435","time":1610251671,"event":{"mods":["AchievementEnabler","BaseMod","Colored Powertips","Downfall","Hermit","Minty Spire (QoL Compilation)","Spicy Shops","StSLib","UnlockEverythingMod"],"gold_per_floor":[135,186,234,234,270,348,381,381,381,381,417,417,417,501,501,816,816,846,846,130,172,172,274,334,334,334,412,412,412,412,67,67,355,355,406,454,3,36,84,190,490,577,577,682,37,37,207,246,246,246],"floor_reached":51,"playtime":1679,"items_purged":[],"score":1058,"play_id":"ee5b3e42-9ead-4a10-a2ed-f8f68d4c6643","local_time":"20210109200751","daily_mods":["Draft","Allstar","Colorless Cards","Heirloom","Midas"],"is_ascension_mode":false,"campfire_choices":[{"floor":8,"key":"REST"},{"floor":10,"key":"RECALL"},{"floor":15,"key":"REST"},{"floor":29,"key":"REST"},{"floor":32,"key":"REST"},{"floor":49,"key":"DIG"}],"circlet_count":0,"master_deck":["Trip","hermit:Quickdraw","hermit:Headshot","Mind Blast+1","hermit:Coalescence","hermit:Quickdraw","Bandage Up","hermit:CalledShot","hermit:Quickdraw","hermit:Vantage","Finesse","hermit:Quickdraw","hermit:Vantage","hermit:CalledShot","hermit:WideOpen","hermit:Glare","Defend_P","hermit:Quickdraw","Enlightenment","Dramatic Entrance","expansioncontent:Sear","hermit:ItchyTrigger","HandOfGreed","hermit:Quickdraw","hermit:Snipe","Mind Blast+1","hermit:Glare","expansioncontent:DarkVoid","Enlightenment+1","expansioncontent:Chronoboost+1","hermit:Quickdraw","expansioncontent:ChargeUp","hermit:Quickdraw","hermit:Deadeye+1"],"relics":["hermit:Momento","Guardian:GemstoneGun","Shuriken","PreservedInsect","Omamori","sneckomod:SneckoTalon","Juzu Bracelet","Pen Nib","Letter Opener","Sling","Akabeko","Frozen Egg 2","Mummified Hand","The Courier","Enchiridion","Ice Cream","Oddly Smooth Stone","Runic Pyramid","Bronze Scales","Singing Bowl","Centennial Puzzle","Art of War","hexamod:BolsterEngine","Mercury Hourglass","Pear","Membership Card","Ginger","Vajra","Regal Pillow","Pantograph","Lantern","Shovel","Thread and Needle","Sundial"],"acts_visited":["Exordium","TheCity","TheBeyond"],"potions_floor_usage":[6,33,33,47,50,50],"damage_taken":[{"damage":1,"enemies":"Jaw Worm","floor":1,"turns":2},{"damage":0,"enemies":"Cultist","floor":2,"turns":1},{"damage":5,"enemies":"Small Slimes","floor":3,"turns":3},{"damage":5,"enemies":"Looter","floor":5,"turns":2},{"damage":6,"enemies":"Gremlin Nob","floor":6,"turns":3},{"damage":0,"enemies":"2 Fungi Beasts","floor":7,"turns":1},{"damage":0,"enemies":"3 Louse","floor":11,"turns":1},{"damage":0,"enemies":"3 Sentries","floor":14,"turns":2},{"damage":14,"enemies":"The Guardian","floor":16,"turns":6},{"damage":0,"enemies":"Spheric Guardian","floor":18,"turns":1},{"damage":0,"enemies":"3 Byrds","floor":21,"turns":1},{"damage":0,"enemies":"Gremlin Leader","floor":23,"turns":1},{"damage":0,"enemies":"Snecko","floor":24,"turns":1},{"damage":0,"enemies":"Book of Stabbing","floor":27,"turns":1},{"damage":10,"enemies":"Automaton","floor":33,"turns":4},{"damage":0,"enemies":"3 Darklings","floor":35,"turns":1},{"damage":0,"enemies":"3 Shapes","floor":36,"turns":1},{"damage":24,"enemies":"Sphere and 2 Shapes","floor":38,"turns":1},{"damage":0,"enemies":"Jaw Worm Horde","floor":39,"turns":1},{"damage":0,"enemies":"Giant Head","floor":40,"turns":5},{"damage":0,"enemies":"Nemesis","floor":42,"turns":1},{"damage":0,"enemies":"Reptomancer","floor":44,"turns":1},{"damage":0,"enemies":"Mind Bloom Boss Battle","floor":47,"turns":4},{"damage":6,"enemies":"Spire Growth","floor":48,"turns":1},{"damage":51,"enemies":"Awakened One","floor":50,"turns":6}],"seed_played":"3577635344198669983","potions_obtained":[{"floor":1,"key":"BlessingOfTheForge"},{"floor":3,"key":"Ancient Potion"},{"floor":5,"key":"AttackPotion"},{"floor":14,"key":"Block Potion"},{"floor":16,"key":"PowerPotion"},{"floor":33,"key":"Explosive Potion"},{"floor":35,"key":"ColorlessPotion"}],"is_trial":true,"path_per_floor":["M","M","M","?","M","E","M","R","T","R","M","?","?","E","R","B",null,"M","?","$","M","?","E","M","?","T","E","?","R","?","$","R","B",null,"M","M","$","M","M","E","?","E","T","E","$","?","?","M","R","B",null],"character_chosen":"HERMIT","items_purchased":["Pen Nib","Letter Opener","Sling","Akabeko","hermit:Snipe","Ice Cream","Oddly Smooth Stone","Bronze Scales","Singing Bowl","Centennial Puzzle","Membership Card","Ginger","Vajra","Regal Pillow","Pantograph","Lantern","Shovel"],"campfire_rested":4,"item_purchase_floors":[20,20,20,20,20,31,31,37,37,37,45,45,45,45,45,45,45],"current_hp_per_floor":[75,75,75,75,74,69,69,75,75,75,75,75,75,75,75,65,75,75,75,75,75,75,75,75,75,75,75,59,75,75,75,75,69,75,75,75,75,51,53,59,59,59,59,69,69,69,85,79,79,38],"gold":246,"neow_bonus":"","is_daily":false,"chose_seed":false,"campfire_upgraded":0,"win_rate":0.0,"timestamp":1610251671,"path_taken":["M","M","M","?","?","E","M","R","T","R","M","?","?","E","R","BOSS","M","?","$","M","?","E","M","?","T","E","?","R","?","$","R","BOSS","M","M","$","M","M","E","?","E","T","E","?","?","?","M","R","BOSS"],"items_purchased_type":["Relic","Relic","Relic","Relic","Card","Relic","Relic","Relic","Relic","Relic","Relic","Relic","Relic","Relic","Relic","Relic","Relic"],"build_version":"2020-12-22","purchased_purges":0,"victory":true,"max_hp_per_floor":[75,75,75,75,75,75,75,75,75,75,75,75,75,75,75,75,75,75,75,75,75,75,75,75,75,75,75,75,75,75,75,75,75,75,75,75,75,75,77,79,79,79,79,89,89,85,85,85,85,85],"card_choices":[{"not_picked":["hermit:Vantage","hermit:Ricochet"],"picked":"Trip","floor":0},{"not_picked":["PanicButton","hermit:SprayPray"],"picked":"hermit:Quickdraw","floor":0},{"not_picked":["expansioncontent:GuardianWhirl","hermit:Vantage"],"picked":"hermit:Headshot","floor":0},{"not_picked":["hermit:Desperado","hermit:TrackingShot"],"picked":"Mind Blast","floor":0},{"not_picked":["hermit:Misfire","hermit:CursedWeapon"],"picked":"expansioncontent:GuardianWhirl","floor":0},{"not_picked":["hermit:LowProfile","hermit:GhostlyPresence"],"picked":"hermit:Coalescence","floor":0},{"not_picked":["Trip","hermit:ItchyTrigger"],"picked":"hermit:Quickdraw","floor":0},{"not_picked":["hermit:Spite","hermit:CalledShot"],"picked":"Bandage Up","floor":0},{"not_picked":["hermit:CursedWeapon","hermit:Showdown"],"picked":"hermit:CalledShot","floor":0},{"not_picked":["expansioncontent:CaCaw","hermit:Misfire"],"picked":"hermit:Quickdraw","floor":0},{"not_picked":["hermit:Misfire","hermit:HoleUp"],"picked":"hermit:Vantage","floor":0},{"not_picked":["hermit:WideOpen","hermit:LowProfile"],"picked":"Finesse","floor":0},{"not_picked":["hermit:GhostlyPresence","hermit:HighCaliber"],"picked":"hermit:Quickdraw","floor":0},{"not_picked":["hermit:Ricochet","hermit:HighCaliber"],"picked":"hermit:Vantage","floor":0},{"not_picked":["hermit:LoneWolf","hermit:Spite"],"picked":"hermit:CalledShot","floor":0},{"not_picked":["hermit:Snipe","hermit:SprayPray","hermit:Desperado"],"picked":"SKIP","floor":1},{"not_picked":["hermit:CalledShot","hermit:ShadowCloak"],"picked":"hermit:WideOpen","floor":2},{"not_picked":["hermit:DeadMansHand","hermit:Gambit"],"picked":"hermit:Glare","floor":3},{"not_picked":["Purity","hermit:BodyArmor"],"picked":"hermit:Quickdraw","floor":5},{"not_picked":["hermit:BodyArmor","hermit:Desperado"],"picked":"Enlightenment","floor":6},{"not_picked":["expansioncontent:Flail","hermit:Dive"],"picked":"Dramatic Entrance","floor":7},{"not_picked":["expansioncontent:DecasProtection","hermit:LuckOfTheDraw"],"picked":"expansioncontent:Sear","floor":11},{"not_picked":["hermit:HighCaliber","expansioncontent:DonusPower"],"picked":"hermit:ItchyTrigger","floor":14},{"not_picked":["expansioncontent:StudyTheSpire","Metamorphosis"],"picked":"HandOfGreed","floor":16},{"not_picked":["hermit:LowProfile","hermit:Desperado"],"picked":"hermit:Quickdraw","floor":18},{"not_picked":["hermit:Quickdraw","hermit:BodyArmor"],"picked":"Mind Blast+1","floor":21},{"not_picked":["hermit:Malice","hermit:DeadMansHand"],"picked":"hermit:Glare","floor":23},{"not_picked":["hermit:HighCaliber","hermit:TrackingShot"],"picked":"expansioncontent:DarkVoid","floor":24},{"not_picked":["hermit:Misfire+1","hermit:TrackingShot","Madness"],"picked":"SKIP","floor":27},{"not_picked":["hermit:Dive+1","expansioncontent:TimeRipple+1"],"picked":"Enlightenment+1","floor":35},{"not_picked":["hermit:Spite","hermit:SprayPray+1","hermit:GhostlyPresence"],"picked":"SKIP","floor":36},{"not_picked":["hermit:Dive+1","Dramatic Entrance"],"picked":"expansioncontent:Chronoboost+1","floor":38},{"not_picked":["Impatience+1","Forethought","hermit:Manifest+1"],"picked":"Singing Bowl","floor":39},{"not_picked":["hermit:LowProfile+1","expansioncontent:PolyBeam","hermit:HighCaliber"],"picked":"Singing Bowl","floor":40},{"not_picked":["hermit:Ricochet","hermit:Feint+1"],"picked":"hermit:Quickdraw","floor":42},{"not_picked":["hermit:LowProfile","hermit:HeroicBravado"],"picked":"expansioncontent:ChargeUp","floor":44},{"not_picked":["hermit:TrackingShot","hermit:Roulette+1"],"picked":"hermit:Quickdraw","floor":47},{"not_picked":["Discovery+1","hermit:Vantage+1"],"picked":"hermit:Deadeye+1","floor":48}],"player_experience":25882,"relics_obtained":[{"floor":6,"key":"Shuriken"},{"floor":9,"key":"PreservedInsect"},{"floor":14,"key":"Omamori"},{"floor":23,"key":"Frozen Egg 2"},{"floor":26,"key":"Mummified Hand"},{"floor":27,"key":"The Courier"},{"floor":28,"key":"Enchiridion"},{"floor":40,"key":"Art of War"},{"floor":42,"key":"hexamod:BolsterEngine"},{"floor":43,"key":"Mercury Hourglass"},{"floor":44,"key":"Pear"},{"floor":47,"key":"Thread and Needle"},{"floor":49,"key":"Sundial"}],"event_choices":[{"cards_removed":["expansioncontent:GuardianWhirl"],"damage_healed":0,"gold_gain":0,"player_choice":"Took Card","damage_taken":0,"max_hp_gain":0,"max_hp_loss":0,"event_name":"NoteForYourself","floor":4,"gold_loss":0,"cards_obtained":["Defend_P"]},{"damage_healed":0,"gold_gain":0,"player_choice":"Leave","damage_taken":0,"max_hp_gain":0,"max_hp_loss":0,"event_name":"The Cleric","floor":12,"gold_loss":0},{"damage_healed":0,"gold_gain":0,"player_choice":"Grow","damage_taken":0,"max_hp_gain":0,"max_hp_loss":0,"event_name":"Living Wall","floor":13,"gold_loss":0,"cards_upgraded":["Mind Blast"]},{"damage_healed":0,"gold_gain":0,"player_choice":"Stole Relic","damage_taken":0,"relics_obtained":["Juzu Bracelet"],"max_hp_gain":0,"max_hp_loss":0,"event_name":"Addict","floor":19,"gold_loss":0,"cards_obtained":["Shame"]},{"damage_healed":0,"gold_gain":0,"player_choice":"Ignored","damage_taken":0,"max_hp_gain":0,"max_hp_loss":0,"event_name":"Beggar","floor":22,"gold_loss":0},{"damage_healed":0,"gold_gain":0,"player_choice":"Ignored","damage_taken":0,"max_hp_gain":0,"max_hp_loss":0,"event_name":"Ghosts","floor":25,"gold_loss":0},{"damage_healed":0,"gold_gain":0,"player_choice":"Obtained Book","damage_taken":16,"max_hp_gain":0,"max_hp_loss":0,"event_name":"Cursed Tome","floor":28,"gold_loss":0},{"damage_healed":0,"gold_gain":300,"player_choice":"Gold","damage_taken":0,"max_hp_gain":0,"max_hp_loss":0,"event_name":"Wheel of Change","floor":41,"gold_loss":0},{"damage_healed":0,"gold_gain":0,"player_choice":"Max HP","damage_taken":0,"max_hp_gain":0,"max_hp_loss":4,"event_name":"Winding Halls","floor":46,"gold_loss":0},{"damage_healed":0,"gold_gain":0,"player_choice":"Fight","damage_taken":0,"max_hp_gain":0,"max_hp_loss":0,"event_name":"MindBloom","floor":47,"gold_loss":0}],"is_beta":false,"boss_relics":[{"not_picked":["Busted Crown","Empty Cage"],"picked":"sneckomod:SneckoTalon"},{"not_picked":["Black Star","Tiny House"],"picked":"Runic Pyramid"}],"items_purged_floors":[],"is_endless":false,"potions_floor_spawned":[1,3,5,14,16,21,27,33,35,38,39],"ascension_level":0}}