{"host":"3l94tha3a4jgu0q4","time":1610316005,"event":{"mods":["2.2 Compatiblity","AchievementEnabler","BaseMod","Colored Map","Colored Powertips","Highlight Path","Minty Spire (QoL Compilation)","Permanent Neow","StSLib","SuperFastMode","The IronCluck","slay the spire mod where everything is the same but ironclad has a cowboy hat"],"gold_per_floor":[114,114,127,127,150,193,193,227,251,291,13,26,26,100,100,189,189,144,144,144,144,144,144,144,144,144,44,44,44,19,19,19,19,19,19,0,0,0,0,0,0],"floor_reached":40,"playtime":835,"items_purged":["Strike_P","Strike_P"],"score":916,"play_id":"3f5a753c-2f9f-4320-91bb-3c9e4b12d47e","local_time":"20210110140005","is_ascension_mode":true,"campfire_choices":[{"data":"Eruption","floor":7.0,"key":"SMITH"},{"data":"MentalFortress","floor":13.0,"key":"SMITH"},{"data":"Wallop","floor":15.0,"key":"SMITH"},{"data":"TalkToTheHand","floor":23.0,"key":"SMITH"},{"data":"MentalFortress","floor":25.0,"key":"SMITH"},{"floor":28.0,"key":"REST"},{"floor":32.0,"key":"REST"}],"circlet_count":0,"master_deck":["AscendersBane","Strike_P","Strike_P","Defend_P+1","Defend_P+1","Defend_P","Defend_P","Eruption+1","Vigilance","TalkToTheHand","FearNoEvil","FlurryOfBlows","FlurryOfBlows","Wallop+1","FlurryOfBlows","MentalFortress+1","EmptyBody","FearNoEvil","Halt","Halt","Wish","MentalFortress+1","Writhe","EmptyFist","TalkToTheHand+1","FlurryOfBlows+1","EmptyBody","Indignation","Devotion","LikeWater","Madness","Madness","WheelKick","FlurryOfBlows"],"relics":["Philosopher\u0027s Stone","Golden Idol","Bag of Marbles","War Paint","Strawberry","Oddly Smooth Stone","Shuriken","Ectoplasm","MawBank","Singing Bowl","Potion Belt","Black Star","Red Mask"],"acts_visited":["Exordium","TheCity","TheBeyond"],"potions_floor_usage":[],"damage_taken":[{"damage":0.0,"enemies":"2 Louse","floor":1.0,"turns":3.0},{"damage":0.0,"enemies":"Cultist","floor":3.0,"turns":3.0},{"damage":0.0,"enemies":"Small Slimes","floor":5.0,"turns":2.0},{"damage":0.0,"enemies":"Gremlin Nob","floor":6.0,"turns":2.0},{"damage":18.0,"enemies":"3 Sentries","floor":8.0,"turns":7.0},{"damage":0.0,"enemies":"Gremlin Nob","floor":10.0,"turns":2.0},{"damage":0.0,"enemies":"2 Fungi Beasts","floor":12.0,"turns":2.0},{"damage":0.0,"enemies":"Gremlin Nob","floor":14.0,"turns":3.0},{"damage":0.0,"enemies":"Hexaghost","floor":16.0,"turns":8.0},{"damage":9.0,"enemies":"2 Thieves","floor":18.0,"turns":4.0},{"damage":25.0,"enemies":"3 Byrds","floor":21.0,"turns":6.0},{"damage":7.0,"enemies":"Centurion and Healer","floor":22.0,"turns":6.0},{"damage":14.0,"enemies":"Chosen and Byrds","floor":24.0,"turns":5.0},{"damage":22.0,"enemies":"Slavers","floor":29.0,"turns":6.0},{"damage":0.0,"enemies":"Cultist and Chosen","floor":31.0,"turns":4.0},{"damage":14.0,"enemies":"Champ","floor":33.0,"turns":9.0},{"damage":11.0,"enemies":"Orb Walker","floor":35.0,"turns":5.0},{"damage":22.0,"enemies":"3 Darklings","floor":38.0,"turns":5.0},{"damage":0.0,"enemies":"Maw","floor":39.0,"turns":6.0},{"damage":34,"enemies":"Nemesis","floor":40,"turns":4}],"seed_played":"5260160918085951866","potions_obtained":[{"floor":1.0,"key":"Strength Potion"},{"floor":5.0,"key":"Fire Potion"},{"floor":8.0,"key":"Regen Potion"},{"floor":12.0,"key":"Fruit Juice"},{"floor":16.0,"key":"PowerPotion"},{"floor":18.0,"key":"Dexterity Potion"},{"floor":33.0,"key":"Swift Potion"},{"floor":35.0,"key":"Swift Potion"},{"floor":39.0,"key":"LiquidBronze"}],"is_trial":false,"path_per_floor":["M","?","M","?","M","E","R","E","T","E","$","M","R","?","R","B",null,"M","?","?","M","M","R","M","R","T","$","R","E","$","M","R","B",null,"M","?","?","M","M","E"],"character_chosen":"WATCHER","items_purchased":["MentalFortress","EmptyBody","FearNoEvil","EmptyBody"],"campfire_rested":2,"item_purchase_floors":[11,11,11,30],"current_hp_per_floor":[61,61,61,61,61,61,61,43,50,55,55,55,55,55,55,55,66,62,62,62,37,30,30,16,16,16,16,38,16,16,16,38,24,62,51,51,42,20,20,0,0],"gold":0,"neow_bonus":"BOSS_RELIC","is_daily":false,"chose_seed":false,"campfire_upgraded":5,"win_rate":0.0,"timestamp":1610316005,"path_taken":["M","?","?","?","M","E","R","E","T","E","$","M","R","?","R","BOSS","M","?","?","M","M","R","M","R","T","?","R","E","$","M","R","BOSS","M","?","?","?","M","E"],"items_purchased_type":["Card","Card","Card","Card"],"build_version":"2020-12-22","purchased_purges":2,"victory":false,"max_hp_per_floor":[68,68,68,63,63,63,63,63,70,70,70,70,70,70,70,70,70,75,75,75,75,75,75,75,75,75,75,75,75,75,75,75,75,75,75,75,75,75,75,75,75],"card_choices":[{"not_picked":["EmptyMind","ClearTheMind"],"picked":"TalkToTheHand","floor":1.0},{"not_picked":["LikeWater","CutThroughFate"],"picked":"FearNoEvil","floor":3.0},{"not_picked":["PathToVictory","Evaluate"],"picked":"FlurryOfBlows","floor":5.0},{"not_picked":["Halt","FlyingSleeves"],"picked":"FlurryOfBlows","floor":6.0},{"not_picked":["Halt","Sanctity"],"picked":"Wallop","floor":8.0},{"not_picked":["Fasting2","JustLucky"],"picked":"FlurryOfBlows","floor":10.0},{"not_picked":["Evaluate","Worship"],"picked":"Halt","floor":12.0},{"not_picked":["Prostrate","Weave"],"picked":"Halt","floor":14.0},{"not_picked":["ConjureBlade","DeusExMachina"],"picked":"Wish","floor":16.0},{"not_picked":["Conclude","Crescendo"],"picked":"MentalFortress","floor":18.0},{"not_picked":["CutThroughFate","Halt"],"picked":"EmptyFist","floor":21.0},{"not_picked":["Halt","SashWhip"],"picked":"TalkToTheHand","floor":22.0},{"not_picked":["ThirdEye","CutThroughFate","BattleHymn"],"picked":"SKIP","floor":24.0},{"not_picked":["EmptyFist","Halt"],"picked":"FlurryOfBlows+1","floor":29.0},{"not_picked":["ClearTheMind","FearNoEvil"],"picked":"Indignation","floor":31.0},{"not_picked":["Scrawl","Judgement"],"picked":"Devotion","floor":33.0},{"not_picked":["PathToVictory+1","FlyingSleeves+1"],"picked":"LikeWater","floor":35.0},{"not_picked":["ThirdEye","Consecrate"],"picked":"WheelKick","floor":38.0},{"not_picked":["FearNoEvil","SashWhip"],"picked":"FlurryOfBlows","floor":39.0}],"player_experience":1917369,"relics_obtained":[{"floor":6.0,"key":"Bag of Marbles"},{"floor":8.0,"key":"War Paint"},{"floor":9.0,"key":"Strawberry"},{"floor":10.0,"key":"Oddly Smooth Stone"},{"floor":26.0,"key":"Singing Bowl"},{"floor":29.0,"key":"Potion Belt"}],"event_choices":[{"damage_healed":0.0,"max_hp_gain":0.0,"max_hp_loss":0.0,"gold_gain":0.0,"event_name":"The Woman in Blue","player_choice":"Bought 0 Potions","floor":2.0,"gold_loss":0.0,"damage_taken":0.0},{"damage_healed":0.0,"max_hp_gain":0.0,"max_hp_loss":5.0,"gold_gain":0.0,"event_name":"Golden Idol","player_choice":"Lose Max HP","floor":4.0,"gold_loss":0.0,"damage_taken":0.0,"relics_obtained":["Golden Idol"]},{"damage_healed":0.0,"max_hp_gain":0.0,"max_hp_loss":0.0,"gold_gain":0.0,"event_name":"Dead Adventurer","player_choice":"Searched \u00272\u0027 times","floor":14.0,"gold_loss":0.0,"damage_taken":0.0,"relics_obtained":["Shuriken"]},{"damage_healed":0.0,"max_hp_gain":0.0,"max_hp_loss":0.0,"gold_gain":0.0,"event_name":"Ghosts","player_choice":"Ignored","floor":19.0,"gold_loss":0.0,"damage_taken":0.0},{"damage_healed":0.0,"max_hp_gain":0.0,"max_hp_loss":0.0,"gold_gain":0.0,"event_name":"The Mausoleum","player_choice":"Opened","floor":20.0,"gold_loss":0.0,"damage_taken":0.0,"relics_obtained":["MawBank"],"cards_obtained":["Writhe"]},{"damage_healed":0.0,"max_hp_gain":0.0,"max_hp_loss":0.0,"gold_gain":0.0,"event_name":"Tomb of Lord Red Mask","player_choice":"Paid","floor":36.0,"gold_loss":19.0,"damage_taken":0.0,"relics_obtained":["Red Mask"]},{"damage_healed":0.0,"max_hp_gain":0.0,"max_hp_loss":0.0,"gold_gain":0.0,"event_name":"Winding Halls","player_choice":"Embrace Madness","floor":37.0,"gold_loss":0.0,"damage_taken":9.0,"cards_obtained":["Madness","Madness"]}],"is_beta":false,"boss_relics":[{"not_picked":["Snecko Eye","Fusion Hammer"],"picked":"Ectoplasm"},{"not_picked":["Busted Crown","SlaversCollar"],"picked":"Black Star"}],"items_purged_floors":[11,27],"is_endless":false,"potions_floor_spawned":[1,5,8,12,16,18,33,35,39],"killed_by":"Nemesis","ascension_level":14}}