{"host":"Timothy","time":1610278722,"event":{"mods":["AchievementEnabler","BaseMod","Bestiary","Highlight Path","Minty Spire (QoL Compilation)","Quick Restart","Slay-I"],"gold_per_floor":[114,127,127,95,111,111,123,48,73,73,89,101,101,101,101,101,101],"floor_reached":16,"playtime":216,"items_purged":["Defend_R"],"score":92,"play_id":"d07d2ff5-fff7-45c9-98bc-31a699bff2f8","local_time":"20210110033842","is_ascension_mode":false,"campfire_choices":[{"data":"Bash","floor":6,"key":"SMITH"},{"floor":13,"key":"REST"},{"floor":15,"key":"REST"}],"circlet_count":0,"master_deck":["Strike_R","Strike_R","Strike_R","Strike_R","Strike_R+1","Defend_R","Defend_R+1","Bash+1","Thunderclap","Heavy Blade","Heavy Blade"],"relics":["Burning Blood","NeowsBlessing","Centennial Puzzle"],"acts_visited":["Exordium"],"potions_floor_usage":[],"damage_taken":[{"damage":0,"enemies":"2 Louse","floor":1,"turns":1},{"damage":0,"enemies":"Small Slimes","floor":2,"turns":1},{"damage":0,"enemies":"Jaw Worm","floor":5,"turns":1},{"damage":24,"enemies":"Large Slime","floor":7,"turns":5},{"damage":37,"enemies":"Exordium Thugs","floor":11,"turns":4},{"damage":14,"enemies":"Blue Slaver","floor":12,"turns":3},{"damage":56,"enemies":"Hexaghost","floor":16,"turns":7}],"seed_played":"4408340505030576275","potions_obtained":[{"floor":2,"key":"GamblersBrew"},{"floor":7,"key":"SpeedPotion"}],"is_trial":false,"path_per_floor":["M","M","?","?","M","R","M","$","T","$","M","M","R","?","R","B"],"character_chosen":"IRONCLAD","items_purchased":[],"campfire_rested":2,"item_purchase_floors":[],"current_hp_per_floor":[80,80,64,64,70,70,52,52,52,52,21,13,37,30,54,0,0],"gold":101,"neow_bonus":"THREE_ENEMY_KILL","is_daily":false,"chose_seed":false,"campfire_upgraded":1,"win_rate":0.0,"timestamp":1610278722,"path_taken":["M","M","?","?","M","R","M","$","T","?","M","M","R","?","R","BOSS"],"items_purchased_type":[],"build_version":"2020-12-18","purchased_purges":1,"victory":false,"max_hp_per_floor":[80,80,80,80,80,80,80,80,80,80,80,80,80,80,80,80,80],"card_choices":[{"not_picked":["Warcry","Wild Strike","Infernal Blade"],"picked":"SKIP","floor":1},{"not_picked":["Entrench","Sentinel","Second Wind"],"picked":"SKIP","floor":2},{"not_picked":["Combust","Clothesline","Uppercut"],"picked":"SKIP","floor":5},{"not_picked":["Body Slam","Sever Soul"],"picked":"Thunderclap","floor":7},{"not_picked":["Havoc","Seeing Red"],"picked":"Heavy Blade","floor":11},{"not_picked":["Cleave","Rage"],"picked":"Heavy Blade","floor":12}],"player_experience":800610,"relics_obtained":[{"floor":9,"key":"Centennial Puzzle"}],"event_choices":[{"damage_healed":0,"gold_gain":0,"player_choice":"Entered Light","damage_taken":16,"max_hp_gain":0,"max_hp_loss":0,"event_name":"Shining Light","floor":3,"gold_loss":0,"cards_upgraded":["Defend_R","Strike_R"]},{"damage_healed":0,"gold_gain":0,"player_choice":"Left Gold","damage_taken":0,"max_hp_gain":0,"max_hp_loss":0,"event_name":"World of Goop","floor":4,"gold_loss":32},{"cards_removed":["Defend_R"],"damage_healed":0,"gold_gain":0,"player_choice":"Card Removal","damage_taken":7,"max_hp_gain":0,"max_hp_loss":0,"event_name":"Golden Wing","floor":14,"gold_loss":0}],"is_beta":true,"boss_relics":[],"items_purged_floors":[8],"is_endless":false,"potions_floor_spawned":[2,7],"killed_by":"Hexaghost","ascension_level":0}}