{"host":"Connor","time":1610254069,"event":{"mods":["Aspiration","BaseMod","Downfall","Hubris","Marisa????????","Minty Spire (QoL Compilation)","Replay The Spire","StSLib","The Cursed","The Jungle","The Servant 0.9.4"],"gold_per_floor":[113,131,111,36,46,46,60,60,60,70,87,118,135,153,153,153,153],"floor_reached":16,"playtime":417,"items_purged":["Strike_R"],"score":191,"play_id":"0760c82a-da03-4828-8bdf-ab5878d78f83","local_time":"20210109204749","is_ascension_mode":true,"campfire_choices":[{"floor":6,"key":"RECALL"},{"data":"Eclipse","floor":8,"key":"SMITH"},{"floor":15,"key":"REST"}],"circlet_count":0,"master_deck":["AscendersBane","Strike_R","Strike_R","Strike_R","Strike_R","Defend_R","Defend_R","Defend_R","Defend_R","Bash","Pommel Strike","Cleave","Flame Barrier","Eclipse+1","Disarm","Armaments"],"relics":["Burning Blood","Ancient Tea Set","Smiling Mask"],"acts_visited":["Exordium"],"potions_floor_usage":[7,11,12],"damage_taken":[{"damage":5,"enemies":"2 Louse","floor":1,"turns":4},{"damage":6,"enemies":"Cultist","floor":2,"turns":4},{"damage":9,"enemies":"Jaw Worm","floor":5,"turns":3},{"damage":0,"enemies":"3 Louse","floor":7,"turns":3},{"damage":11,"enemies":"Exordium Thugs","floor":10,"turns":3},{"damage":5,"enemies":"Lots of Slimes","floor":11,"turns":3},{"damage":36,"enemies":"3 Sentries","floor":12,"turns":6},{"damage":0,"enemies":"3 Louse","floor":13,"turns":4},{"damage":28,"enemies":"Large Slime","floor":14,"turns":6},{"damage":45,"enemies":"The Guardian","floor":16,"turns":6}],"seed_played":"-3368181866829397968","potions_obtained":[{"floor":2,"key":"Block Potion"},{"floor":3,"key":"Block Potion"},{"floor":7,"key":"SteroidPotion"}],"is_trial":false,"path_per_floor":["M","M","?","$","M","R","M","R","T","M","M","E","M","M","R","B"],"character_chosen":"IRONCLAD","items_purchased":[],"campfire_rested":1,"item_purchase_floors":[],"current_hp_per_floor":[69,69,69,69,66,66,72,72,72,67,68,38,44,22,44,0,0],"gold":153,"neow_bonus":"RANDOM_COMMON_RELIC","is_daily":false,"chose_seed":false,"campfire_upgraded":1,"win_rate":0.0,"timestamp":1610254069,"path_taken":["M","M","?","$","M","R","M","R","T","M","M","E","?","M","R","BOSS"],"items_purchased_type":[],"build_version":"2020-12-18","purchased_purges":1,"victory":false,"max_hp_per_floor":[75,75,75,75,75,75,75,75,75,75,75,75,75,75,75,75,75],"card_choices":[{"not_picked":["Wild Strike","Pummel"],"picked":"Pommel Strike","floor":1},{"not_picked":["Replay:Undeath\u0027s Touch","hubris:ReadiedAction"],"picked":"Cleave","floor":2},{"not_picked":["Inflame","Power Through"],"picked":"Flame Barrier","floor":5},{"not_picked":["Replay:Undeath\u0027s Touch","Shrug It Off"],"picked":"Eclipse","floor":7},{"not_picked":["Flex","Reckless Charge"],"picked":"Disarm","floor":10},{"not_picked":["Anger","Wild Strike"],"picked":"Armaments","floor":11},{"not_picked":["Headbutt","Replay:Undeath\u0027s Touch","ReplayTheSpireMod:Limb From Limb"],"picked":"SKIP","floor":12},{"not_picked":["Body Slam","Havoc","True Grit"],"picked":"SKIP","floor":13},{"not_picked":["Second Wind","Defy Death","Bloodletting"],"picked":"SKIP","floor":14}],"player_experience":582677,"relics_obtained":[{"floor":12,"key":"Smiling Mask"}],"event_choices":[{"damage_healed":0,"gold_gain":0,"player_choice":"Bought 1 Potion","damage_taken":0,"max_hp_gain":0,"max_hp_loss":0,"event_name":"The Woman in Blue","floor":3,"gold_loss":0}],"is_beta":true,"boss_relics":[],"items_purged_floors":[4],"is_endless":false,"potions_floor_spawned":[2,7,10],"killed_by":"The Guardian","ascension_level":16}}