{"host":"cwd5s03r1oaxs6mx","time":1610287693,"event":{"mods":["Act Like it!","BaseMod","Better Third Choice","BetterRewards","CapriCore","Card Filter","Colored Map","Custom Start","DeckTracker","Friendly Minions","Hubris","Infinite Spire","Marisa£¨Ùöéë¡¡Øª×âÞÞ£©","Minty Spire (QoL Compilation)","Quick Restart","Relic Stats","Shop Mod","Spicy Shops","StSLib","SuperFastMode"],"gold_per_floor":[117,127,127,19,29,29,29,54,54,1,15,32,46,72,72,145,145,160,160,174,174,16,16,45,45,72,91,91,91,13,26,26,105,105,118,118,133,153,169,169,169],"floor_reached":40,"playtime":5366,"items_purged":["Strike_R","Strike_R","Strike_R","Strike_R","Strike_R+1","Defend_R","Defend_R"],"score":1136,"play_id":"4cb735c7-0f65-4032-8f61-4b86a44eb356","local_time":"20210110230813","is_ascension_mode":true,"campfire_choices":[{"data":"Searing Blow","floor":6.0,"key":"SMITH"},{"floor":15.0,"key":"REST"},{"data":"Searing Blow+1","floor":15.0,"key":"SMITH"},{"floor":23.0,"key":"REST"},{"data":"Searing Blow+3","floor":23.0,"key":"SMITH"},{"data":"Searing Blow+4","floor":25.0,"key":"SMITH"},{"data":"Searing Blow+5","floor":29.0,"key":"SMITH"},{"data":"Searing Blow+6","floor":32.0,"key":"SMITH"}],"circlet_count":0,"master_deck":["AscendersBane","Defend_R","Bash+1","Rampage+1","Searing Blow+7","Armaments","Armaments","Impatience","Impervious","Warcry","Shrug It Off","Battle Trance","Disarm","True Grit+1","Disarm","Battle Trance"],"relics":["Burning Blood","infinitespire:Magic Flask","Whetstone","hubris:MysteriousPyramids","Bottled Flame","Omamori","Happy Flower","Ornamental Fan","hubris:Backtick","hubris:Potato","Membership Card","Gremlin Horn","hubris:ScarierMask"],"acts_visited":["Exordium","TheCity","TheBeyond"],"potions_floor_usage":[40],"damage_taken":[{"damage":12.0,"enemies":"2 Louse","floor":1.0,"turns":4.0},{"damage":7.0,"enemies":"Small Slimes","floor":2.0,"turns":4.0},{"damage":6.0,"enemies":"Cultist","floor":5.0,"turns":3.0},{"damage":27.0,"enemies":"Lagavulin","floor":8.0,"turns":7.0},{"damage":0.0,"enemies":"2 Fungi Beasts","floor":11.0,"turns":4.0},{"damage":0.0,"enemies":"Exordium Wildlife","floor":12.0,"turns":5.0},{"damage":0.0,"enemies":"3 Louse","floor":13.0,"turns":4.0},{"damage":42.0,"enemies":"Gremlin Nob","floor":14.0,"turns":5.0},{"damage":33.0,"enemies":"Slime Boss","floor":16.0,"turns":10.0},{"damage":20.0,"enemies":"2 Thieves","floor":18.0,"turns":5.0},{"damage":11.0,"enemies":"Spheric Guardian","floor":20.0,"turns":5.0},{"damage":32.0,"enemies":"Gremlin Leader","floor":24.0,"turns":7.0},{"damage":2.0,"enemies":"Snecko","floor":27.0,"turns":5.0},{"damage":4.0,"enemies":"Centurion and Healer","floor":31.0,"turns":3.0},{"damage":47.0,"enemies":"Champ","floor":33.0,"turns":10.0},{"damage":2.0,"enemies":"Orb Walker","floor":35.0,"turns":3.0},{"damage":4.0,"enemies":"3 Darklings","floor":37.0,"turns":4.0},{"damage":35.0,"enemies":"Spire Growth","floor":38.0,"turns":4.0},{"damage":18.0,"enemies":"Transient","floor":39.0,"turns":6.0},{"damage":50,"enemies":"Nemesis","floor":40,"turns":4}],"seed_played":"-1172125585685434385","potions_obtained":[{"floor":5.0,"key":"Regen Potion"},{"floor":8.0,"key":"SkillPotion"},{"floor":18.0,"key":"Fire Potion"},{"floor":33.0,"key":"DistilledChaos"},{"floor":39.0,"key":"BloodPotion"}],"is_trial":false,"path_per_floor":["M","M","?","$","M","R","?","E","T","$","M","M","M","E","R","B",null,"M","AVR","M","?","$","R","E","R","T","M","?","R","$","M","R","B",null,"M","AVR","M","M","M","E"],"character_chosen":"IRONCLAD","items_purchased":["Rampage","infinitespire:Magic Flask","Searing Blow","Whetstone","hubris:MysteriousPyramids","Bottled Flame","Armaments","Impatience","Shrug It Off","Membership Card","Battle Trance"],"campfire_rested":2,"item_purchase_floors":[0,0,0,0,0,0,0,4,10,22,30],"current_hp_per_floor":[62,61,61,61,61,61,61,40,40,40,46,52,58,22,44,17,61,47,47,42,42,42,64,53,53,53,57,57,57,57,59,59,18,61,65,65,67,38,26,0,0],"gold":169,"neow_bonus":"","is_daily":false,"chose_seed":false,"campfire_upgraded":6,"win_rate":0.0,"timestamp":1610287693,"path_taken":["M","M","?","$","M","R","?","E","T","$","M","M","M","E","R","BOSS","M","AVR","M","?","$","R","E","R","T","M","?","R","?","M","R","BOSS","M","AVR","M","M","M","E"],"items_purchased_type":["Card","Relic","Card","Relic","Relic","Relic","Card","Card","Card","Relic","Card"],"build_version":"2020-12-22","purchased_purges":7,"victory":false,"max_hp_per_floor":[75,75,75,75,75,75,75,75,75,75,75,75,75,75,75,75,75,75,75,75,75,75,75,75,75,75,75,75,75,75,75,75,75,75,75,75,75,75,75,75,75],"relic_stats":{"Happy Flower":[28],"Gremlin Horn":[3,3],"counters":[168,686],"Ornamental Fan":[4],"Whetstone":["Strike_MRS","UpSweep","Strike_R","Bash"],"obtain_stats":[{"infinitespire:BottledMercury":26,"Gremlin Horn":24,"Nilry\u0027s Codex":31,"CeramicFish":29,"Vajra":31,"Whetstone":6,"hubris:MysteriousPyramids":0,"Boot":12,"Sozu":34,"Centennial Puzzle":29,"Lizard Tail":6,"infinitespire:ShieldingShard":27,"hubris:AstralHammer":0,"DollysMirror":0,"Prayer Wheel":31,"Kunai":38,"hubris:MobiusCoin":45,"Girya":8,"Pear":54,"hubris:DuctTape":48,"Happy Flower":9,"Dead Branch":0,"Blue Candle":9,"Oddly Smooth Stone":29,"Letter Opener":0,"infinitespire:Magic Flask":25,"War Paint":8,"Question Card":0,"Akabeko":8,"hubris:Zylophone":19,"Du-Vu Doll":25,"Bottled Flame":14,"Molten Egg 2":26,"Pandora\u0027s Box":17,"hubris:PeanutButter":54,"Mark of Pain":34,"Black Star":17,"Unceasing Top":0,"hubris:Reverence":24,"Singing Bowl":12,"Magic Flower":9,"StoneCalendar":7,"Mango":37,"hubris:SlimyHat":0,"Bag of Preparation":0,"Burning Blood":0,"hubris:BlackHole":34,"Dream Catcher":25,"hubris:Icosahedron":22,"hubris:Backtick":28,"Mummified Hand":6,"infinitespire:Bottled Soul":10,"Pantograph":6,"Toolbox":54,"hubris:ScarierMask":17,"hubris:IronBody":28,"Chemical X":0,"hubris:ChampionShield":40,"Runic Pyramid":17,"Paper Frog":0,"Golden Idol":10,"The Courier":9,"infinitespire:FocusingShard":40,"Omamori":29,"hubris:Towel":5,"Medical Kit":0,"MawBank":24,"White Beast Statue":55,"Mercury Hourglass":46,"Peace Pipe":10,"Strange Spoon":19,"Anchor":10,"CaptainsWheel":46,"hubris:Spice":9,"Ornamental Fan":14,"hubris:BundleOfHerbs":40,"infinitespire:Burning Sword":17,"Art of War":31,"Membership Card":11,"Bottled Lightning":9,"hubris:CrackedHourglass":17,"Toy Ornithopter":45,"hubris:Potato":6,"infinitespire:Midas Blood":26,"hubris:BottledRain":0},{"infinitespire:BottledMercury":40,"Gremlin Horn":160,"Nilry\u0027s Codex":134,"CeramicFish":134,"Vajra":67,"Whetstone":85,"hubris:MysteriousPyramids":148,"Boot":58,"Sozu":17,"Centennial Puzzle":15,"Lizard Tail":106,"infinitespire:ShieldingShard":41,"hubris:AstralHammer":51,"DollysMirror":51,"Prayer Wheel":16,"Kunai":98,"hubris:MobiusCoin":22,"Girya":86,"Pear":146,"hubris:DuctTape":24,"Happy Flower":152,"Dead Branch":51,"Blue Candle":86,"Oddly Smooth Stone":66,"Letter Opener":28,"infinitespire:Magic Flask":93,"War Paint":118,"Question Card":28,"Akabeko":107,"hubris:Zylophone":38,"Du-Vu Doll":64,"Bottled Flame":8,"Molten Egg 2":12,"Pandora\u0027s Box":110,"hubris:PeanutButter":146,"Mark of Pain":45,"Black Star":60,"Unceasing Top":81,"hubris:Reverence":132,"Singing Bowl":108,"Magic Flower":5,"StoneCalendar":33,"Mango":48,"hubris:SlimyHat":0,"Bag of Preparation":51,"Burning Blood":0,"hubris:BlackHole":68,"Dream Catcher":64,"hubris:Icosahedron":39,"hubris:Backtick":93,"Mummified Hand":4,"infinitespire:Bottled Soul":34,"Pantograph":122,"Toolbox":79,"hubris:ScarierMask":88,"hubris:IronBody":93,"Chemical X":0,"hubris:ChampionShield":20,"Runic Pyramid":37,"Paper Frog":118,"Golden Idol":118,"The Courier":33,"infinitespire:FocusingShard":72,"Omamori":42,"hubris:Towel":84,"Medical Kit":0,"MawBank":12,"White Beast Statue":27,"Mercury Hourglass":76,"Peace Pipe":57,"Strange Spoon":38,"Anchor":6,"CaptainsWheel":76,"hubris:Spice":56,"Ornamental Fan":156,"hubris:BundleOfHerbs":72,"infinitespire:Burning Sword":9,"Art of War":67,"Membership Card":6,"Bottled Lightning":107,"hubris:CrackedHourglass":128,"Toy Ornithopter":74,"hubris:Potato":117,"infinitespire:Midas Blood":64,"hubris:BottledRain":100},{"infinitespire:BottledMercury":166,"Gremlin Horn":647,"Nilry\u0027s Codex":506,"CeramicFish":506,"Vajra":273,"Whetstone":310,"hubris:MysteriousPyramids":584,"Boot":238,"Sozu":85,"Centennial Puzzle":78,"Lizard Tail":357,"infinitespire:ShieldingShard":171,"hubris:AstralHammer":215,"DollysMirror":215,"Prayer Wheel":81,"Kunai":324,"hubris:MobiusCoin":97,"Girya":311,"Pear":567,"hubris:DuctTape":102,"Happy Flower":602,"Dead Branch":215,"Blue Candle":311,"Oddly Smooth Stone":269,"Letter Opener":120,"infinitespire:Magic Flask":318,"War Paint":436,"Question Card":120,"Akabeko":378,"hubris:Zylophone":160,"Du-Vu Doll":260,"Bottled Flame":46,"Molten Egg 2":70,"Pandora\u0027s Box":401,"hubris:PeanutButter":567,"Mark of Pain":190,"Black Star":247,"Unceasing Top":306,"hubris:Reverence":494,"Singing Bowl":387,"Magic Flower":34,"StoneCalendar":138,"Mango":205,"hubris:SlimyHat":0,"Bag of Preparation":215,"Burning Blood":0,"hubris:BlackHole":283,"Dream Catcher":260,"hubris:Icosahedron":163,"hubris:Backtick":318,"Mummified Hand":30,"infinitespire:Bottled Soul":142,"Pantograph":454,"Toolbox":301,"hubris:ScarierMask":313,"hubris:IronBody":318,"Chemical X":0,"hubris:ChampionShield":92,"Runic Pyramid":157,"Paper Frog":436,"Golden Idol":436,"The Courier":138,"infinitespire:FocusingShard":287,"Omamori":177,"hubris:Towel":309,"Medical Kit":0,"MawBank":70,"White Beast Statue":114,"Mercury Hourglass":296,"Peace Pipe":235,"Strange Spoon":160,"Anchor":38,"CaptainsWheel":296,"hubris:Spice":233,"Ornamental Fan":620,"hubris:BundleOfHerbs":287,"infinitespire:Burning Sword":56,"Art of War":273,"Membership Card":38,"Bottled Lightning":378,"hubris:CrackedHourglass":478,"Toy Ornithopter":289,"hubris:Potato":430,"infinitespire:Midas Blood":260,"hubris:BottledRain":329}],"Burning Blood":890},"card_choices":[{"not_picked":["Pummel","Flame Barrier","Iron Wave"],"picked":"SKIP","floor":1.0},{"not_picked":["Dropkick","True Grit"],"picked":"Armaments","floor":2.0},{"not_picked":["Fire Breathing","Flex","Twin Strike"],"picked":"SKIP","floor":5.0},{"not_picked":["Clothesline","Warcry","Perfected Strike"],"picked":"SKIP","floor":8.0},{"not_picked":["Clothesline","Perfected Strike"],"picked":"Warcry","floor":8.0},{"not_picked":["Evolve","Intimidate","Thunderclap"],"picked":"SKIP","floor":11.0},{"not_picked":["Cleave","Thunderclap"],"picked":"Battle Trance","floor":12.0},{"not_picked":["Wild Strike","Perfected Strike"],"picked":"Disarm","floor":13.0},{"not_picked":["Wild Strike","Entrench","Perfected Strike"],"picked":"SKIP","floor":14.0},{"not_picked":["Body Slam","Sword Boomerang"],"picked":"True Grit+1","floor":18.0},{"not_picked":["Pommel Strike","Whirlwind","Spot Weakness"],"picked":"SKIP","floor":20.0},{"not_picked":["Brutality","Searing Blow"],"picked":"Disarm","floor":24.0},{"not_picked":["Body Slam+1","infinitespire:OneForAll","Cleave"],"picked":"SKIP","floor":27.0},{"not_picked":["Body Slam+1","infinitespire:OneForAll","Cleave"],"picked":"SKIP","floor":27.0},{"not_picked":["Blood for Blood","Shrug It Off","Anger"],"picked":"SKIP","floor":31.0},{"not_picked":["Pommel Strike+1","Heavy Blade","Ghostly Armor"],"picked":"SKIP","floor":35.0},{"not_picked":["Headbutt+1","Rampage","Clash"],"picked":"SKIP","floor":37.0},{"not_picked":["Pummel","Sentinel","Body Slam"],"picked":"SKIP","floor":38.0},{"not_picked":["Anger","Body Slam","Armaments"],"picked":"SKIP","floor":39.0}],"player_experience":1016428,"relics_obtained":[{"floor":8.0,"key":"Omamori"},{"floor":9.0,"key":"Happy Flower"},{"floor":14.0,"key":"Ornamental Fan"},{"floor":24.0,"key":"Gremlin Horn"}],"event_choices":[{"damage_healed":0.0,"max_hp_gain":0.0,"max_hp_loss":0.0,"gold_gain":0.0,"event_name":"Match and Keep!","player_choice":"1 cards matched","floor":7.0,"gold_loss":0.0,"damage_taken":0.0,"cards_obtained":["Impervious"]},{"cards_removed":["Defend_R"],"damage_healed":0.0,"max_hp_gain":0.0,"max_hp_loss":0.0,"gold_gain":0.0,"event_name":"betterThird:BetterWriting","player_choice":"Elegance","floor":28.0,"gold_loss":0.0,"damage_taken":0.0}],"is_beta":false,"boss_relics":[{"not_picked":["hubris:Stopwatch","Tiny House"],"picked":"hubris:Backtick"},{"not_picked":["Black Star","Runic Cube"],"picked":"hubris:ScarierMask"}],"items_purged_floors":[0,0,0,0,0,19,36],"is_endless":false,"potions_floor_spawned":[5,8,11,16,18,31,33,38,39],"killed_by":"Nemesis","ascension_level":20}}