{"host":"7xbu8gt067z192g2","time":1610281234,"event":{"mods":["BaseMod","Better Note","Colored Map","Colored Powertips","Googly Eyes","Highlight Path","Minty Spire (QoL Compilation)","Rare Cards Sparkle","Replay The Spire","StSLib","The Bladedancer","The Cursed","The Hierophant","The Valiant","The Wild Card"],"gold_per_floor":[116,291,291,303,319,349,424,424,424,129,129,29,29,47,47,150,150,164,39,50,70,70,102,102,134,134,151,151,161,161,173,173,274,274,286,286,305,325,150,150,12,12,312,347,363,363,378,178,178,178],"floor_reached":51,"playtime":2482,"items_purged":["TheCursedMod:Defend_TheCursed","TheCursedMod:Strike_TheCursed","TheCursedMod:Strike_TheCursed","Forethought","Decay","Doubt"],"score":640,"play_id":"6b96c987-d112-4ac1-b6b5-0bf2d0e970a0","local_time":"20210110072034","is_ascension_mode":false,"campfire_choices":[{"data":"TheCursedMod:CollectTribute","floor":8,"key":"SMITH"},{"data":"TheCursedMod:HellfireBreathing","floor":11,"key":"SMITH"},{"data":"TheCursedMod:HellfireBreathing","floor":13,"key":"SMITH"},{"data":"TheCursedMod:CleanUpWorkshop","floor":15,"key":"SMITH"},{"floor":24,"key":"DIG"},{"floor":28,"key":"DIG"},{"floor":32,"key":"REST"},{"floor":40,"key":"DIG"},{"floor":49,"key":"DIG"}],"circlet_count":0,"master_deck":["TheCursedMod:Strike_TheCursed","TheCursedMod:Strike_TheCursed","TheCursedMod:Defend_TheCursed","TheCursedMod:Defend_TheCursed","TheCursedMod:Defend_TheCursed","TheCursedMod:CursedWand","TheCursedMod:CleanUpWorkshop+1","TheCursedMod:Dregs","Parasite","TheCursedMod:CollectTribute+1","TheCursedMod:HellfireBreathing+1","TheCursedMod:SpitefulStrike","TheCursedMod:SpitefulPray","TheCursedMod:DemonSword+1","TheCursedMod:HellfireBreathing+1","TheCursedMod:CircleOfAbyss","TheCursedMod:CursedBlade+1","TheCursedMod:RavingStaff+1","TheCursedMod:LuckyCharm","TheCursedMod:NeowsMight","TheCursedMod:SpitefulPlan","TheCursedMod:Grudge+1","TheCursedMod:CursedRelics+1","TheCursedMod:VoidForm","TheCursedMod:CursedShiv+1","TheCursedMod:NeowsMight","TheCursedMod:DemonSword+1"],"relics":["TheCursedMod:BlackMagicAdvanced","Molten Egg 2","Replay:Bottled Snecko","Frozen Eye","TheCursedMod:OminousMark","ReplayTheSpireMod:CursedCoin","Shovel","ReplayTheSpireMod:TigerMarble","Pen Nib","Question Card","Pet Ghost","Blue Candle","Old Coin","White Beast Statue","Replay:Ringing Soul"],"acts_visited":["Exordium","TheCity","TheBeyond"],"potions_floor_usage":[5,14,20,27,29,33,35,47],"damage_taken":[{"damage":7,"enemies":"Jaw Worm","floor":1,"turns":4},{"damage":0,"enemies":"Small Slimes","floor":4,"turns":3},{"damage":0,"enemies":"Cultist","floor":5,"turns":3},{"damage":28,"enemies":"Gremlin Nob","floor":6,"turns":5},{"damage":5,"enemies":"Looter","floor":14,"turns":3},{"damage":19,"enemies":"Hexaghost","floor":16,"turns":6},{"damage":0,"enemies":"Spheric Guardian","floor":18,"turns":3},{"damage":7,"enemies":"Shell Parasite","floor":20,"turns":2},{"damage":6,"enemies":"Chosen and Byrds","floor":21,"turns":4},{"damage":40,"enemies":"Gremlin Leader","floor":23,"turns":5},{"damage":16,"enemies":"Book of Stabbing","floor":25,"turns":3},{"damage":0,"enemies":"3 Cultists","floor":27,"turns":2},{"damage":0,"enemies":"Snake Plant","floor":29,"turns":2},{"damage":6,"enemies":"Snecko","floor":31,"turns":4},{"damage":0,"enemies":"Champ","floor":33,"turns":7},{"damage":0,"enemies":"3 Shapes","floor":35,"turns":3},{"damage":6,"enemies":"Orb Walker","floor":37,"turns":3},{"damage":8,"enemies":"Transient","floor":38,"turns":5},{"damage":3,"enemies":"Giant Head","floor":44,"turns":5},{"damage":3,"enemies":"Spire Growth","floor":45,"turns":3},{"damage":29,"enemies":"Maw","floor":47,"turns":7},{"damage":5,"enemies":"Replay:Hell Engine","floor":50,"turns":5}],"seed_played":"2833861455316756674","potions_obtained":[{"floor":1,"key":"Fire Potion"},{"floor":6,"key":"Adrenaline Potion"},{"floor":14,"key":"Swift Potion"},{"floor":20,"key":"TheCursedMod:DregsPotion"},{"floor":25,"key":"Weak Potion"},{"floor":27,"key":"SteroidPotion"},{"floor":29,"key":"BlessingOfTheForge"},{"floor":33,"key":"Explosive Potion"},{"floor":35,"key":"SkillPotion"},{"floor":44,"key":"Explosive Potion"},{"floor":45,"key":"Death Potion"},{"floor":47,"key":"ColorlessPotion"}],"is_trial":false,"path_per_floor":["M","?","?","M","M","E","?","R","T","$","R","$","R","M","R","B",null,"M","$","M","M","$","E","R","E","T","M","R","M","?","M","R","B",null,"M","?","M","M","$","R","$","T","T","E","M","?","M","$","R_BF","B",null],"character_chosen":"THE_CURSED","items_purchased":["Frozen Eye","TheCursedMod:HellfireBreathing","ReplayTheSpireMod:CursedCoin","TheCursedMod:NeowsMight"],"campfire_rested":1,"item_purchase_floors":[10,10,22,41],"current_hp_per_floor":[68,68,68,68,68,40,33,33,33,33,33,33,33,28,28,9,75,75,75,68,62,62,22,22,6,6,6,6,6,11,5,27,27,75,75,75,69,61,61,61,61,61,61,58,55,55,26,26,26,21],"gold":178,"neow_bonus":"THREE_RARE_CARDS","is_daily":false,"chose_seed":false,"campfire_upgraded":4,"win_rate":0.0,"timestamp":1610281234,"path_taken":["M","?","?","?","M","E","?","R","T","$","R","$","R","?","R","BOSS","M","$","M","?","$","E","R","E","T","M","R","M","?","M","R","BOSS","M","?","M","M","$","R","?","?","T","E","M","?","M","$","R_BF","BOSS"],"items_purchased_type":["Relic","Card","Relic","Card"],"build_version":"2020-12-22","purchased_purges":6,"victory":true,"max_hp_per_floor":[75,75,75,75,75,75,75,75,75,75,75,75,75,75,75,75,75,75,75,75,75,75,75,75,75,75,75,75,75,75,75,75,75,75,75,75,75,75,75,75,75,75,75,75,75,75,75,75,75,75],"card_choices":[{"not_picked":["TheCursedMod:Neurasthenia","TheCursedMod:ForbiddenAlchemy"],"picked":"TheCursedMod:CollectTribute","floor":0},{"not_picked":["TheCursedMod:Grudge","TheCursedMod:CursedBlade"],"picked":"TheCursedMod:HellfireBreathing","floor":1},{"not_picked":["TheCursedMod:SurpriseAttack","TheCursedMod:Stigma"],"picked":"TheCursedMod:SpitefulStrike","floor":4},{"not_picked":["TheCursedMod:CircleOfFocus","TheCursedMod:Mangle"],"picked":"TheCursedMod:SpitefulPray","floor":5},{"not_picked":["TheCursedMod:SmokeScreen","TheCursedMod:TroublousMinions"],"picked":"TheCursedMod:DemonSword+1","floor":6},{"not_picked":["TheCursedMod:CursedAmulet","TheCursedMod:DoubleShield"],"picked":"TheCursedMod:RavingStaff+1","floor":14},{"not_picked":["TheCursedMod:Neurasthenia","TheCursedMod:ShockAndAwe+1"],"picked":"TheCursedMod:CircleOfAbyss","floor":16},{"not_picked":["TheCursedMod:CursedBoomerang+1","TheCursedMod:LuckyCharm"],"picked":"TheCursedMod:CursedBlade+1","floor":18},{"not_picked":["TheCursedMod:FleshFromBone","TheCursedMod:Mangle+1"],"picked":"TheCursedMod:RavingStaff+1","floor":20},{"not_picked":["TheCursedMod:ReleasedKnowledge+1","TheCursedMod:RavingStaff+1"],"picked":"TheCursedMod:LuckyCharm","floor":21},{"not_picked":["TheCursedMod:SmokeScreen","TheCursedMod:CursedMace+1"],"picked":"TheCursedMod:NeowsMight","floor":23},{"not_picked":["TheCursedMod:Mangle+1","TheCursedMod:Stigma+1"],"picked":"TheCursedMod:SpitefulPlan","floor":25},{"not_picked":["TheCursedMod:Obscuration","TheCursedMod:RavingStaff+1","TheCursedMod:Stigma+1"],"picked":"TheCursedMod:Grudge+1","floor":27},{"not_picked":["TheCursedMod:CursedMace+1","TheCursedMod:CursedAmulet+1","TheCursedMod:Wield+1"],"picked":"TheCursedMod:CursedRelics+1","floor":29},{"not_picked":["TheCursedMod:Evocation","TheCursedMod:VitalStrike+1","TheCursedMod:SmokeScreen","TheCursedMod:CursedShiv+1"],"picked":"SKIP","floor":31},{"not_picked":["TheCursedMod:CollectTribute","TheCursedMod:Neurasthenia","TheCursedMod:CursedRelics+1"],"picked":"TheCursedMod:VoidForm","floor":33},{"not_picked":["TheCursedMod:SpitefulStrike+1","TheCursedMod:SurpriseAttack+1","TheCursedMod:BlessingInDisguise"],"picked":"TheCursedMod:CursedShiv+1","floor":35},{"not_picked":["TheCursedMod:CircleOfWindfury+1","TheCursedMod:SurpriseAttack+1","TheCursedMod:Wield+1","TheCursedMod:TacticalStrike+1"],"picked":"SKIP","floor":37},{"not_picked":["TheCursedMod:CircleOfWindfury+1","TheCursedMod:Evocation+1","TheCursedMod:RavingStaff+1","TheCursedMod:ReleasedKnowledge+1"],"picked":"SKIP","floor":38},{"not_picked":["TheCursedMod:TroublousMinions+1","TheCursedMod:CircleOfFlame+1","TheCursedMod:WearCloak+1"],"picked":"TheCursedMod:DemonSword+1","floor":44},{"not_picked":["TheCursedMod:FleshFromBone","TheCursedMod:Torture+1","TheCursedMod:SmokeScreen","TheCursedMod:CursedAmulet+1"],"picked":"SKIP","floor":45},{"not_picked":["TheCursedMod:SurpriseAttack+1","TheCursedMod:FuryStrike+1","TheCursedMod:SpitefulPlan+1","TheCursedMod:CircleOfFlame"],"picked":"SKIP","floor":47}],"player_experience":173322,"relics_obtained":[{"floor":6,"key":"Molten Egg 2"},{"floor":9,"key":"Replay:Bottled Snecko"},{"floor":23,"key":"Shovel"},{"floor":24,"key":"ReplayTheSpireMod:TigerMarble"},{"floor":25,"key":"Pen Nib"},{"floor":26,"key":"Question Card"},{"floor":28,"key":"Pet Ghost"},{"floor":40,"key":"Blue Candle"},{"floor":43,"key":"Old Coin"},{"floor":44,"key":"White Beast Statue"},{"floor":49,"key":"Replay:Ringing Soul"}],"event_choices":[{"damage_healed":0,"gold_gain":175,"player_choice":"AGREE","damage_taken":0,"max_hp_gain":0,"max_hp_loss":0,"event_name":"Liars Game","floor":2,"gold_loss":0,"cards_obtained":["Doubt"]},{"damage_healed":0,"gold_gain":0,"player_choice":"1 cards matched","damage_taken":0,"max_hp_gain":0,"max_hp_loss":0,"event_name":"Match and Keep!","floor":3,"gold_loss":0,"cards_obtained":["Forethought"]},{"damage_healed":0,"gold_gain":75,"player_choice":"Touch","damage_taken":7,"max_hp_gain":0,"max_hp_loss":0,"event_name":"FaceTrader","floor":7,"gold_loss":0},{"cards_removed":["TheCursedMod:RavingStaff"],"damage_healed":5,"gold_gain":0,"player_choice":"Offered Common","damage_taken":0,"max_hp_gain":0,"max_hp_loss":0,"event_name":"Bonfire Elementals","floor":30,"gold_loss":0},{"cards_removed":["TheCursedMod:RavingStaff"],"damage_healed":5,"gold_gain":0,"player_choice":"Offered Special","damage_taken":0,"max_hp_gain":0,"max_hp_loss":0,"event_name":"Bonfire Elementals","floor":30,"gold_loss":0},{"cards_removed":["Doubt"],"damage_healed":0,"gold_gain":0,"player_choice":"Give","damage_taken":0,"max_hp_gain":0,"max_hp_loss":0,"event_name":"betterNote:BetterNote","floor":36,"gold_loss":0,"cards_obtained":["TheCursedMod:Defend_TheCursed"]},{"damage_healed":0,"gold_gain":0,"player_choice":"Bought 0 Potions","damage_taken":0,"max_hp_gain":0,"max_hp_loss":0,"event_name":"The Woman in Blue","floor":46,"gold_loss":0}],"is_beta":false,"boss_relics":[{"not_picked":["Black Star","Replay:Drink Me"],"picked":"TheCursedMod:OminousMark"},{"not_picked":["Sozu","TheCursedMod:FourLeafCloverCharm"],"picked":"TheCursedMod:BlackMagicAdvanced"}],"items_purged_floors":[10,12,19,22,39,48],"is_endless":false,"potions_floor_spawned":[1,6,14,20,25,27,29,33,35,44,45,47],"ascension_level":0}}