{"host":"3xls0xm49ftugio7","time":1610241344,"event":{"mods":["2.2 Compatiblity","AchievementEnabler","Act Like it!","BaseMod","Colored Powertips","Downfall","GifTheSpireLib","Minty Spire (QoL Compilation)","Quick Restart","Relic Stats","StSLib","Waifu the Spire"],"gold_per_floor":[99,111,124,136,136,136,136,136,152,164,174,174,324,350,363,461,461,461,461,476,495,509,536,561,581,681,715,255,275,200,35,54,157,157,157,171,184,203,203,253,253,178,178,27,27,56,56,76,90,90],"floor_reached":51,"playtime":10744,"items_purged":["Slimebound:Icky","Guardian:Strike_Guardian","Guardian:Strike_Guardian"],"score":958,"play_id":"240cd020-e610-42be-ab98-b68e14128a31","local_time":"20210110031544","is_ascension_mode":true,"campfire_choices":[{"data":"Guardian:Preprogram","floor":1,"key":"SMITH"},{"data":"Guardian:TwinSlam","floor":6,"key":"SMITH"},{"data":"Guardian:WalkerClaw","floor":8,"key":"SMITH"},{"floor":12,"key":"REST"},{"data":"Guardian:EvasiveProtocol","floor":18,"key":"SMITH"},{"floor":30,"key":"REST"},{"data":"Guardian:TimeSifter","floor":35,"key":"SMITH"},{"floor":42,"key":"RECALL"},{"data":"Guardian:ExploitGems","floor":45,"key":"SMITH"}],"circlet_count":0,"master_deck":["Guardian:Strike_Guardian","Guardian:Defend_Guardian","Guardian:Defend_Guardian","Guardian:Defend_Guardian","Guardian:CurlUp","Guardian:TwinSlam+1","Guardian:WalkerClaw+1","Guardian:Preprogram+1","Guardian:Incinerate","Guardian:RevengeProtocol","Guardian:Recover","Guardian:EvasiveProtocol+1","Guardian:ExploitGems+1","Guardian:Recover","Guardian:FloatingOrbs","Guardian:ShieldCharger","Guardian:SpikerProtocol","Guardian:MultiBeam","Guardian:StasisStrike","Guardian:PrimingBeam","Guardian:TimeCapacitor","Guardian:Gem_Green","Guardian:FloatingOrbs+1","Guardian:TimeSifter+1","Guardian:TemporalStrike","Guardian:FloatingOrbs+1","Guardian:Gem_Synthetic","Guardian:TemporalShield","expansioncontent:Flail","expansioncontent:DonusPower","Guardian:ShieldSpikes+1","Guardian:Incinerate+1","Guardian:Gem_Green","Guardian:Gem_Crimson","Guardian:Gem_Yellow","Guardian:Gem_Blue","Guardian:Gem_White","Guardian:Reroute+1","Guardian:ArmoredProtocol+1"],"relics":["Guardian:ModeShifterPlus","Oddly Smooth Stone","Ginger","Darkstone Periapt","Nunchaku","Bag of Preparation","Orichalcum","Membership Card","InkBottle","downfall:HeartBlessingGreen","Black Star","Incense Burner","downfall:HeartBlessingBlue","OrangePellets","Pear","Guardian:SackOfGems","Bottled Flame"],"acts_visited":["Exordium","TheCity","TheBeyond"],"potions_floor_usage":[20,23,23,27,33,38,38,38,38,46,50,50],"damage_taken":[{"damage":2,"enemies":"Jaw Worm","floor":2,"turns":4},{"damage":6,"enemies":"Small Slimes","floor":3,"turns":3},{"damage":0,"enemies":"Cultist","floor":4,"turns":3},{"damage":7,"enemies":"Blue Slaver","floor":9,"turns":2},{"damage":8,"enemies":"Red Slaver","floor":10,"turns":3},{"damage":11,"enemies":"Exordium Thugs","floor":11,"turns":4},{"damage":13,"enemies":"Gremlin Nob","floor":14,"turns":4},{"damage":1,"enemies":"Blue Slaver","floor":15,"turns":4},{"damage":10,"enemies":"downfall:Watcher","floor":16,"turns":13},{"damage":5,"enemies":"Chosen","floor":20,"turns":5},{"damage":18,"enemies":"3 Cultists","floor":21,"turns":6},{"damage":6,"enemies":"Centurion and Healer","floor":22,"turns":8},{"damage":32,"enemies":"Gremlin Leader","floor":23,"turns":12},{"damage":0,"enemies":"Snake Plant","floor":25,"turns":5},{"damage":0,"enemies":"Book of Stabbing","floor":27,"turns":6},{"damage":0,"enemies":"downfall:FleeingMerchant","floor":28,"turns":4},{"damage":0,"enemies":"Cultist and Chosen","floor":29,"turns":5},{"damage":0,"enemies":"downfall:FleeingMerchant","floor":31,"turns":4},{"damage":0,"enemies":"Snecko","floor":32,"turns":5},{"damage":0,"enemies":"downfall:Silent","floor":33,"turns":7},{"damage":0,"enemies":"Orb Walker","floor":36,"turns":4},{"damage":7,"enemies":"3 Shapes","floor":37,"turns":6},{"damage":47,"enemies":"Jaw Worm Horde","floor":38,"turns":5},{"damage":0,"enemies":"Mind Bloom Boss Battle","floor":40,"turns":7},{"damage":0,"enemies":"downfall:FleeingMerchant","floor":44,"turns":4},{"damage":30,"enemies":"Giant Head","floor":46,"turns":9},{"damage":17,"enemies":"4 Shapes","floor":48,"turns":5},{"damage":4,"enemies":"Spire Growth","floor":49,"turns":5},{"damage":24,"enemies":"downfall:Defect","floor":50,"turns":7}],"seed_played":"-1669180940536069600","potions_obtained":[{"floor":2,"key":"SteroidPotion"},{"floor":4,"key":"LiquidBronze"},{"floor":11,"key":"Weak Potion"},{"floor":19,"key":"DistilledChaos"},{"floor":19,"key":"Guardian:DefensiveModePotion"},{"floor":25,"key":"Weak Potion"},{"floor":29,"key":"EntropicBrew"},{"floor":33,"key":"sneckomod:MuddlingPotion"},{"floor":46,"key":"Fruit Juice"},{"floor":48,"key":"Energy Potion"}],"is_trial":false,"path_per_floor":["R","M","M","M","?","R","T","R","M","M","M","R","?","E","M","B",null,"R","?","M","M","M","E","T","M","?","E","$","M","R","$","M","B",null,"R","M","M","M","?","?","T","R","?","$","R","E","T","M","M","B",null],"character_chosen":"GUARDIAN","items_purchased":["Membership Card","InkBottle","Guardian:SpikerProtocol","Guardian:MultiBeam","Guardian:BlockOnCardUsePotion","PowerPotion","Guardian:TimeCapacitor","Guardian:Gem_Fragmented","Guardian:Gem_Green","OrangePellets"],"campfire_rested":2,"item_purchase_floors":[28,28,28,28,28,28,31,31,31,44],"current_hp_per_floor":[72,70,64,64,61,61,61,61,54,46,35,56,56,43,42,32,62,62,62,57,39,33,1,1,1,1,1,1,1,22,22,22,22,60,60,60,53,6,63,63,63,73,68,68,68,48,48,31,27,8],"gold":90,"neow_bonus":"TRANSFORM_TWO_CARDS","is_daily":false,"chose_seed":false,"campfire_upgraded":6,"win_rate":0.0,"timestamp":1610241344,"path_taken":["R","M","M","M","?","R","T","R","M","M","M","R","?","E","M","BOSS","R","?","?","M","M","E","T","M","?","E","$","?","R","?","M","BOSS","R","M","M","M","?","?","T","R","?","$","R","E","?","M","M","BOSS"],"items_purchased_type":["Relic","Relic","Card","Card","Potion","Potion","Card","Card","Card","Relic"],"build_version":"2020-12-22","purchased_purges":3,"victory":true,"max_hp_per_floor":[72,72,72,72,72,72,72,72,72,72,72,72,72,72,72,72,72,72,72,72,72,72,72,72,72,72,72,72,72,72,72,72,72,72,72,72,72,72,63,63,63,73,73,73,73,83,83,83,83,88],"relic_stats":{"Darkstone Periapt":0,"OrangePellets":[8],"Nunchaku":[26],"counters":[29,159],"Bag of Preparation":[32],"Black Star":1,"Ginger":[12],"Orichalcum":[6],"obtain_stats":[{"Darkstone Periapt":14,"Pear":46,"Guardian:ModeShifterPlus":17,"Guardian:ModeShifter":0,"Oddly Smooth Stone":5,"downfall:HeartBlessingGreen":30,"Guardian:SackOfGems":46,"Bag of Preparation":24,"Incense Burner":40,"Ginger":7,"Orichalcum":27,"OrangePellets":44,"Nunchaku":23,"Bottled Flame":47,"downfall:HeartBlessingBlue":42,"Black Star":34,"Membership Card":28,"InkBottle":28},{"Darkstone Periapt":7,"Pear":26,"Guardian:ModeShifterPlus":9,"Guardian:ModeShifter":0,"Oddly Smooth Stone":3,"downfall:HeartBlessingGreen":17,"Guardian:SackOfGems":26,"Bag of Preparation":13,"Incense Burner":24,"Ginger":3,"Orichalcum":15,"OrangePellets":25,"Nunchaku":13,"Bottled Flame":26,"downfall:HeartBlessingBlue":24,"Black Star":20,"Membership Card":16,"InkBottle":16},{"Darkstone Periapt":23,"Pear":142,"Guardian:ModeShifterPlus":40,"Guardian:ModeShifter":0,"Oddly Smooth Stone":10,"downfall:HeartBlessingGreen":91,"Guardian:SackOfGems":142,"Bag of Preparation":71,"Incense Burner":129,"Ginger":10,"Orichalcum":82,"OrangePellets":133,"Nunchaku":71,"Bottled Flame":142,"downfall:HeartBlessingBlue":129,"Black Star":107,"Membership Card":86,"InkBottle":86}],"InkBottle":[50]},"card_choices":[{"not_picked":["Guardian:MultiBeam","Guardian:Gem_Green"],"picked":"Guardian:Gem_Red","floor":2},{"not_picked":["Guardian:PrimingBeam","Guardian:Planning"],"picked":"Guardian:Incinerate","floor":3},{"not_picked":["Guardian:Planning","Guardian:Suspension"],"picked":"Guardian:Gem_Red","floor":4},{"not_picked":["Guardian:Gem_Green","Guardian:Gem_Red"],"picked":"Guardian:Gem_Cyan","floor":9},{"not_picked":["Guardian:Planning","Guardian:TemporalStrike"],"picked":"Guardian:RevengeProtocol","floor":10},{"not_picked":["Guardian:TemporalShield","Guardian:EvasiveProtocol"],"picked":"Guardian:Gem_White","floor":11},{"not_picked":["Guardian:CrystalBeam","Guardian:TemporalShield"],"picked":"Guardian:Recover","floor":14},{"not_picked":["Guardian:Planning","Guardian:Recover"],"picked":"Guardian:EvasiveProtocol","floor":15},{"not_picked":["Guardian:HyperBeam_Guardian","Guardian:SphericShield"],"picked":"Guardian:ExploitGems","floor":16},{"not_picked":["Guardian:Reroute+1","Guardian:Recover"],"picked":"Guardian:Gem_Red","floor":20},{"not_picked":["Guardian:EvasiveProtocol","Guardian:ChargeCore"],"picked":"Guardian:Gem_Crimson","floor":21},{"not_picked":["Guardian:PrismaticBarrier","Guardian:RollAttack+1"],"picked":"Guardian:Recover","floor":22},{"not_picked":["Guardian:Recover","Guardian:TimeCapacitor+1"],"picked":"Guardian:FloatingOrbs","floor":23},{"not_picked":["Guardian:PiercingHide","Guardian:ChargeCore+1"],"picked":"Guardian:Gem_Yellow","floor":25},{"not_picked":["Guardian:HyperBeam_Guardian","Guardian:PiercingHide"],"picked":"Guardian:ShieldCharger","floor":27},{"not_picked":["Guardian:TimeCapacitor+1","Guardian:PrimingBeam+1"],"picked":"Guardian:Gem_White","floor":28},{"not_picked":["Guardian:Planning","Guardian:WalkerClaw+1"],"picked":"Guardian:StasisStrike","floor":29},{"not_picked":["Guardian:Gem_Red","Guardian:Reroute"],"picked":"Guardian:PrimingBeam","floor":31},{"not_picked":["Guardian:RefractedBeam","Guardian:MultiBeam+1"],"picked":"Guardian:FloatingOrbs+1","floor":32},{"not_picked":["Guardian:GemFinder","Guardian:GemFire"],"picked":"Guardian:TimeSifter","floor":33},{"not_picked":["Guardian:Gem_Cyan","Guardian:Reroute"],"picked":"Guardian:TemporalStrike","floor":36},{"not_picked":["Guardian:SpikerProtocol","Guardian:TemporalStrike"],"picked":"Guardian:FloatingOrbs+1","floor":37},{"not_picked":["Guardian:RollAttack+1","Guardian:Gem_Yellow"],"picked":"Guardian:Gem_Synthetic","floor":38},{"not_picked":["Guardian:Gem_Cyan","Guardian:Gem_Green"],"picked":"Guardian:TemporalShield","floor":40},{"not_picked":["expansioncontent:GoopSpray","expansioncontent:Hexaburn"],"picked":"expansioncontent:Flail","floor":43},{"not_picked":["expansioncontent:DarkVoid","expansioncontent:DecasProtection"],"picked":"expansioncontent:DonusPower","floor":43},{"not_picked":["Guardian:ChargeCore","Guardian:PiercingHide+1"],"picked":"Guardian:ShieldSpikes+1","floor":44},{"not_picked":["Guardian:ArmoredProtocol","Guardian:MultiBeam+1"],"picked":"Guardian:Incinerate+1","floor":46},{"not_picked":["Guardian:PiercingHide","Guardian:Gem_Crimson"],"picked":"Guardian:Reroute+1","floor":48},{"not_picked":["Guardian:VentSteam","Guardian:PiercingHide+1"],"picked":"Guardian:ArmoredProtocol+1","floor":49}],"player_experience":868479,"relics_obtained":[{"floor":7,"key":"Ginger"},{"floor":14,"key":"Darkstone Periapt"},{"floor":23,"key":"Nunchaku"},{"floor":24,"key":"Bag of Preparation"},{"floor":27,"key":"Orichalcum"},{"floor":40,"key":"Incense Burner"},{"floor":46,"key":"Pear"},{"floor":46,"key":"Guardian:SackOfGems"},{"floor":47,"key":"Bottled Flame"}],"event_choices":[{"damage_healed":0,"gold_gain":0,"player_choice":"Success","damage_taken":3,"relics_obtained":["Oddly Smooth Stone"],"max_hp_gain":0,"max_hp_loss":0,"event_name":"Scrap Ooze","floor":5,"gold_loss":0},{"damage_healed":0,"gold_gain":0,"player_choice":"Got Potions","damage_taken":0,"max_hp_gain":0,"max_hp_loss":0,"event_name":"Lab","floor":19,"gold_loss":0}],"is_beta":false,"boss_relics":[{"not_picked":["Busted Crown","sneckomod:SneckoTalon"],"picked":"Guardian:ModeShifterPlus"},{"not_picked":["Runic Pyramid","SacredBark"],"picked":"Black Star"}],"items_purged_floors":[28,31,44],"is_endless":false,"potions_floor_spawned":[2,4,11,25,29,32,33,36,46,48,49],"ascension_level":5}}