{"host":"llhd11jd6h92zheo","time":1610289623,"event":{"mods":["Act Like it!","BaseMod","Chen","Friendly Minions","Mari Mod (Legacy)","Mari\u0027s V1 Patch","Marisa£®ÏF”Í°°ƒß¿Ì…≥£©","Minty Spire (QoL Compilation)","Quick Restart","Reimu£®≤©¿ˆ¡È√Œ£©","Relic Stats","Replay The Spire","StSLib","The Alterego","The Bug Knight","The Marked","The Servant 0.9.4","UnlockEverythingMod","Yohane!","Yuri Mod","vexMod","°æ“≈ŒÔø®≈∆°øREMEMod"],"gold_per_floor":[8888,8888,8370,8391,8411,8411,8444,7958,8026,8026,8026,8034,8053,8068,8093,7567,7567,7660,7660,7671,7671,7683,7683,7598,7598,6899,6912,6935,6954,6954,6954,6969,6976,6976,7059,7059,7064,7064,7064,7064,7082,7082,7095,7095,7095,7095,6365,6365,6378,6391,6391,6386,6386,6386,5785,5805,5690],"floor_reached":58,"playtime":3709,"items_purged":["MariMod:Mari_Strike","MariMod:Mari_Defend","MariMod:Mari_Defend","MariMod:Mari_Strike"],"score":1188,"play_id":"5206cb10-211f-4d9e-a372-e3233418506f","local_time":"20210110224023","is_ascension_mode":false,"campfire_choices":[{"floor":6.0,"key":"RECALL"},{"floor":17.0,"key":"REST"},{"data":"alterego_mod:Venus","floor":25.0,"key":"SMITH"},{"data":"alterego_mod:TrashNCrash","floor":31,"key":"SMITH"},{"floor":34,"key":"REST"},{"data":"MariMod:Mari_Lock_On","floor":42,"key":"SMITH"},{"data":"MariMod:Mari_Overexertion","floor":44,"key":"SMITH"},{"data":"alterego_mod:Nekomimi","floor":46,"key":"SMITH"},{"data":"REME_Flogging","floor":51,"key":"SMITH"},{"data":"alterego_mod:Birthday","floor":54,"key":"SMITH"}],"circlet_count":0,"master_deck":["MariMod:Mari_Strike","MariMod:Mari_Strike","MariMod:Mari_Strike","MariMod:Mari_Defend","MariMod:Mari_Defend","MariMod:Mari_Defend","MariMod:Mari_Reminisce","MariMod:Mari_Debut","alterego_mod:Venus+1","MariMod:Mari_Golden_Glint","alterego_mod:Birthday","MariMod:Mari_Overexertion+1","MariMod:Mari_Delicacy+1","alterego_mod:TrashNCrash+1","alterego_mod:IdEs","alterego_mod:ChallengeComplete","alterego_mod:Nekomimi+1","alterego_mod:Cooking","MariMod:Mari_Lock_On+1","alterego_mod:Birthday+1","REME_Flogging+1","alterego_mod:Cooking"],"relics":["MariMod:MariTheSpark","REME_ComplimentaryCards","NeowsBlessing","ReplayTheSpireMod:Lightbulb","Tiny Chest","Quantum Egg","REME_HourglassOfDeath","Replay:Baseball","vexMod:RetaliationKit","Blue Doll","TentaclePot:ReiMu","HornCleat","Boot","InkBottle","REME_DuelDisc","Onion Ring","Durian","Garlic","Molten Egg 2","Anchor","REME_IWantAll","ClockworkSouvenir","REME_PuzzleBoxRelic"],"acts_visited":["Exordium","TheCity","TheBeyond","TheEnding"],"potions_floor_usage":[35,35,41,52,52,57,57,57,57],"damage_taken":[{"damage":0.0,"enemies":"Jaw Worm","floor":1.0,"turns":1.0},{"damage":0.0,"enemies":"Cultist","floor":4.0,"turns":1.0},{"damage":0.0,"enemies":"2 Louse","floor":5.0,"turns":1.0},{"damage":27.0,"enemies":"Gremlin Nob","floor":7.0,"turns":4.0},{"damage":22.0,"enemies":"Blue Slaver","floor":12.0,"turns":4.0},{"damage":4.0,"enemies":"Looter","floor":13.0,"turns":3.0},{"damage":15.0,"enemies":"Gremlin Gang","floor":14.0,"turns":5.0},{"damage":0.0,"enemies":"3 Louse","floor":15.0,"turns":3.0},{"damage":9.0,"enemies":"The Guardian","floor":18.0,"turns":5.0},{"damage":4.0,"enemies":"Shell Parasite","floor":20.0,"turns":3.0},{"damage":15.0,"enemies":"Spheric Guardian","floor":22.0,"turns":4.0},{"damage":0.0,"enemies":"Snecko","floor":27.0,"turns":4.0},{"damage":4,"enemies":"Cultist and Chosen","floor":29,"turns":4},{"damage":12,"enemies":"Centurion and Healer","floor":32,"turns":3},{"damage":5,"enemies":"Snake Plant","floor":33,"turns":3},{"damage":2,"enemies":"Champ","floor":35,"turns":4},{"damage":0,"enemies":"3 Shapes","floor":37,"turns":4},{"damage":33,"enemies":"3 Darklings","floor":40,"turns":5},{"damage":0,"enemies":"Transient","floor":41,"turns":5},{"damage":0,"enemies":"4 Shapes","floor":43,"turns":4},{"damage":0,"enemies":"Spire Growth","floor":49,"turns":3},{"damage":16,"enemies":"Writhing Mass","floor":50,"turns":2},{"damage":29,"enemies":"Awakened One","floor":52,"turns":4},{"damage":0,"enemies":"Shield and Spear","floor":56,"turns":3},{"damage":105,"enemies":"The Heart","floor":57,"turns":7}],"seed_played":"6431284266697087255","potions_obtained":[{"floor":1.0,"key":"Energy Potion"},{"floor":2.0,"key":"GrandPatriotsElixir:ReiMu"},{"floor":2.0,"key":"LifebloodPotion"},{"floor":7.0,"key":"DistilledChaos"},{"floor":15.0,"key":"Swift Potion"},{"floor":18.0,"key":"BlessingOfTheForge"},{"floor":27.0,"key":"SpeedPotion"},{"floor":32,"key":"CultistPotion"},{"floor":35,"key":"EntropicBrew"},{"floor":37,"key":"ZuzhouPotion:ReiMu"},{"floor":41,"key":"Fire Potion"},{"floor":56,"key":"MagicPotion:ReiMu"}],"is_trial":false,"path_per_floor":["M","?","$","M","M","R","E","$","T","PTL","PTL","M","M","M","M","$","R","B",null,"M","?","M","?","?","R","$","M","T","M","T","R","M","M","R","B",null,"M","?","?","M","M","R","M","R","T","R","$","T","M","M","R","B",null,"R","$","E","B",null],"character_chosen":"MARI","items_purchased":["ReplayTheSpireMod:Lightbulb","vexMod:BerryBomb","Quantum Egg","MariMod:Mari_Overexertion","MariMod:Mari_Delicacy+1","REME_HourglassOfDeath","Replay:Baseball","Blue Doll","TentaclePot:ReiMu","HornCleat","REME_Flogging","Durian","Garlic","Anchor","REME_IWantAll","ClockworkSouvenir"],"campfire_rested":2,"item_purchase_floors":[3,3,8,8,8,16,16,26,26,26,47,47,47,55,55,55],"current_hp_per_floor":[72,72,78,78,78,78,51,51,51,51,51,31,29,16,18,18,41,34,78,74,74,61,46,46,46,46,50,50,49,49,49,39,39,63,73,83,83,83,83,64,71,71,83,83,83,83,88,88,88,72,72,56,88,88,88,88,13],"gold":5690,"neow_bonus":"THREE_ENEMY_KILL","is_daily":false,"chose_seed":false,"campfire_upgraded":7,"win_rate":0.0,"timestamp":1610289623,"path_taken":["M","?","$","M","?","R","E","$","T","PTL","PTL","M","M","M","M","$","R","BOSS","M","?","M","?","?","R","$","M","T","M","?","R","?","M","R","BOSS","M","?","?","M","M","R","M","R","T","R","$","?","M","M","R","BOSS","R","$","E","BOSS"],"items_purchased_type":["Relic","Relic","Relic","Card","Card","Relic","Relic","Relic","Relic","Relic","Card","Relic","Relic","Relic","Relic","Relic"],"build_version":"2020-12-22","purchased_purges":4,"victory":true,"max_hp_per_floor":[72,72,78,78,78,78,78,78,78,78,78,78,78,78,78,78,78,78,78,78,78,78,83,83,83,83,83,83,83,83,83,83,83,83,83,83,83,83,83,83,83,83,83,83,83,83,88,88,88,88,88,88,88,88,88,88,88],"relic_stats":{"counters":[25,87],"Tiny Chest":2,"Boot":[31],"obtain_stats":[{"MariMod:MariTheSpark":0,"NeowsBlessing":0,"Quantum Egg":8,"TentaclePot:ReiMu":26,"vexMod:BerryBomb":3,"Blue Doll":26,"REME_DuelDisc":36,"Boot":28,"REME_IWantAll":55,"ClockworkSouvenir":55,"Replay:Baseball":16,"Anchor":55,"HornCleat":26,"REME_HourglassOfDeath":16,"Tiny Chest":7,"Onion Ring":45,"Molten Egg 2":48,"Durian":47,"Garlic":47,"REME_PuzzleBoxRelic":56,"ReplayTheSpireMod:Lightbulb":3,"vexMod:RetaliationKit":24,"InkBottle":30,"REME_ComplimentaryCards":0},{"MariMod:MariTheSpark":0,"NeowsBlessing":0,"Quantum Egg":4,"TentaclePot:ReiMu":11,"vexMod:BerryBomb":1,"Blue Doll":11,"REME_DuelDisc":16,"Boot":12,"REME_IWantAll":23,"ClockworkSouvenir":23,"Replay:Baseball":8,"Anchor":23,"HornCleat":11,"REME_HourglassOfDeath":8,"Tiny Chest":4,"Onion Ring":20,"Molten Egg 2":20,"Durian":20,"Garlic":20,"REME_PuzzleBoxRelic":24,"ReplayTheSpireMod:Lightbulb":1,"vexMod:RetaliationKit":11,"InkBottle":13,"REME_ComplimentaryCards":0},{"MariMod:MariTheSpark":0,"NeowsBlessing":0,"Quantum Egg":7,"TentaclePot:ReiMu":34,"vexMod:BerryBomb":1,"Blue Doll":34,"REME_DuelDisc":52,"Boot":38,"REME_IWantAll":77,"ClockworkSouvenir":77,"Replay:Baseball":22,"Anchor":77,"HornCleat":34,"REME_HourglassOfDeath":22,"Tiny Chest":7,"Onion Ring":68,"Molten Egg 2":68,"Durian":68,"Garlic":68,"REME_PuzzleBoxRelic":80,"ReplayTheSpireMod:Lightbulb":1,"vexMod:RetaliationKit":34,"InkBottle":42,"REME_ComplimentaryCards":0}],"InkBottle":[16]},"card_choices":[{"not_picked":["MariMod:Mari_Emotional_Episode","alterego_mod:Complex","alterego_mod:DestructionOfProperty"],"picked":"SKIP","floor":1.0},{"not_picked":["MariMod:Mari_Delicacy","alterego_mod:Punishment"],"picked":"MariMod:Mari_Golden_Glint","floor":4.0},{"not_picked":["MariMod:Mari_Lets_Go","alterego_mod:GachaTicket","alterego_mod:HighServant"],"picked":"SKIP","floor":5.0},{"not_picked":["MariMod:Mari_Research","MariMod:Mari_Tea_Time"],"picked":"alterego_mod:Birthday","floor":7.0},{"not_picked":["alterego_mod:PerceptionDisorder","alterego_mod:Complex"],"picked":"alterego_mod:TrashNCrash","floor":12.0},{"not_picked":["alterego_mod:HighServant","alterego_mod:Table","MariMod:Mari_Mic_Check"],"picked":"SKIP","floor":13.0},{"not_picked":["MariMod:Mari_No_Problem","MariMod:Mari_Reckless_Driving","alterego_mod:DeftHands"],"picked":"SKIP","floor":14.0},{"not_picked":["MariMod:Mari_Expensive_Tastes","alterego_mod:Bunnysuit","alterego_mod:MagicResistance"],"picked":"SKIP","floor":15.0},{"not_picked":["alterego_mod:Weigh","MariMod:Mari_The_MANSION"],"picked":"alterego_mod:IdEs","floor":18.0},{"not_picked":["MariMod:Mari_Reckless_Spending","MariMod:Mari_Dolphin_Strike"],"picked":"alterego_mod:ChallengeComplete","floor":20.0},{"not_picked":["MariMod:Mari_Reckless_Spending","MariMod:Mari_Reckless_Driving","MariMod:Mari_Its_Joke"],"picked":"SKIP","floor":22.0},{"not_picked":["alterego_mod:PurpleHair","alterego_mod:Support","alterego_mod:GoddessCore"],"picked":"SKIP","floor":27.0},{"not_picked":["alterego_mod:Stockings","alterego_mod:Crossover"],"picked":"alterego_mod:Nekomimi","floor":29},{"not_picked":["alterego_mod:Complex","MariMod:Mari_Cash_Back","alterego_mod:STier"],"picked":"SKIP","floor":29},{"not_picked":["alterego_mod:Belts","alterego_mod:Mirror+1"],"picked":"alterego_mod:Cooking","floor":32},{"not_picked":["alterego_mod:Valentines","alterego_mod:Cycle","MariMod:Mari_Lets_Go"],"picked":"SKIP","floor":33},{"not_picked":["MariMod:Mari_The_MANSION","alterego_mod:Palingenesis"],"picked":"MariMod:Mari_Lock_On","floor":35},{"not_picked":["alterego_mod:MagicResistance+1","MariMod:Mari_Lets_Go"],"picked":"alterego_mod:Birthday","floor":37},{"not_picked":["alterego_mod:Schoolgirl","MariMod:Mari_Hug","alterego_mod:Lingerie"],"picked":"SKIP","floor":37},{"not_picked":["alterego_mod:Undulate+1","alterego_mod:Crossover","alterego_mod:GoddessCore+1"],"picked":"SKIP","floor":40},{"not_picked":["MariMod:Mari_The_FLYING_CAR","MariMod:Mari_Shine+1","alterego_mod:BoobPocket+1"],"picked":"SKIP","floor":41},{"not_picked":["MariMod:Mari_Wishing_Fountain+1","alterego_mod:STier","alterego_mod:MagicResistance+1"],"picked":"SKIP","floor":43},{"not_picked":["MariMod:Mari_Pretty_Bomber_Head","MariMod:Mari_Approved+1","MariMod:Mari_Delicacy"],"picked":"SKIP","floor":49},{"not_picked":["MariMod:Mari_Golden_Glint","alterego_mod:Collar+1","MariMod:Mari_Glow+1"],"picked":"SKIP","floor":49},{"not_picked":["MariMod:Mari_Old_Costume","MariMod:Mari_Administrator_Privilege"],"picked":"alterego_mod:Cooking","floor":50},{"not_picked":["MariMod:Mari_The_FLYING_CAR+1","MariMod:Mari_The_HELICOPTER+1","alterego_mod:DeftHands+1"],"picked":"SKIP","floor":56}],"player_experience":294305,"relics_obtained":[{"floor":7.0,"key":"Tiny Chest"},{"floor":28.0,"key":"Boot"},{"floor":30,"key":"InkBottle"},{"floor":45,"key":"Onion Ring"},{"floor":48,"key":"Molten Egg 2"},{"floor":56,"key":"REME_PuzzleBoxRelic"}],"event_choices":[{"damage_healed":0.0,"max_hp_gain":0.0,"max_hp_loss":0.0,"gold_gain":0.0,"event_name":"Lab","player_choice":"Got Potions","floor":2.0,"gold_loss":0.0,"damage_taken":0.0},{"damage_healed":0.0,"max_hp_gain":5.0,"max_hp_loss":0.0,"gold_gain":0.0,"event_name":"Forgotten Altar","player_choice":"Shed Blood","floor":23.0,"gold_loss":0.0,"damage_taken":20.0},{"damage_healed":0.0,"max_hp_gain":0.0,"max_hp_loss":0.0,"gold_gain":0.0,"event_name":"Addict","player_choice":"Obtained Relic","floor":24.0,"gold_loss":85.0,"damage_taken":0.0,"relics_obtained":["vexMod:RetaliationKit"]},{"damage_healed":0,"gold_gain":0,"player_choice":"Ignored","damage_taken":0,"max_hp_gain":0,"max_hp_loss":0,"event_name":"Mysterious Sphere","floor":38,"gold_loss":0},{"damage_healed":0,"gold_gain":0,"player_choice":"Bought 0 Potions","damage_taken":0,"max_hp_gain":0,"max_hp_loss":0,"event_name":"The Woman in Blue","floor":39,"gold_loss":0}],"is_beta":false,"boss_relics":[{"not_picked":[]},{"not_picked":["vexMod:BigBerry","vexMod:EndlessSickness"],"picked":"REME_DuelDisc"}],"items_purged_floors":[3,8,16,26],"is_endless":false,"potions_floor_spawned":[1,7,15,18,27,32,35,37,41,56],"ascension_level":0}}