{"host":"2tgyrzvaa7l04o2e","time":1610293077,"event":{"mods":["BaseMod","Highlight Path","Minty Spire (QoL Compilation)","Permanent Neow","Relic Stats"],"gold_per_floor":[112,20,32,49,63,63,76,109,132,151,183,183,210,229,229,329,329,348,348,348,360,1,35,35,61,86,86,86],"floor_reached":27,"playtime":1620,"items_purged":[],"score":420,"play_id":"d0371ff9-1a10-426d-80da-4673dede01d7","local_time":"20210110163757","is_ascension_mode":true,"campfire_choices":[{"data":"Study","floor":6,"key":"SMITH"},{"floor":12,"key":"REST"},{"data":"Eruption","floor":15,"key":"SMITH"}],"circlet_count":0,"master_deck":["Strike_P","Strike_P","Strike_P","Defend_P","Defend_P","Eruption+1","Vigilance","Study+1","ThirdEye","WaveOfTheHand","EmptyFist","MentalFortress","Blasphemy","Perseverance+1","FollowUp+1","FearNoEvil+1","Conclude","FlyingSleeves+1","Decay"],"relics":["Busted Crown","Toy Ornithopter","Centennial Puzzle","Bronze Scales","Lizard Tail","Astrolabe","Enchiridion","Nloth\u0027s Gift","FossilizedHelix","Peace Pipe","Gambling Chip"],"acts_visited":["Exordium","TheCity"],"potions_floor_usage":[5,7,11,13,16,23],"damage_taken":[{"damage":0,"enemies":"Jaw Worm","floor":1,"turns":4},{"damage":0,"enemies":"Cultist","floor":3,"turns":2},{"damage":0,"enemies":"2 Louse","floor":4,"turns":2},{"damage":0,"enemies":"Large Slime","floor":5,"turns":4},{"damage":23,"enemies":"Lots of Slimes","floor":7,"turns":4},{"damage":22,"enemies":"Gremlin Nob","floor":8,"turns":4},{"damage":0,"enemies":"3 Louse","floor":10,"turns":2},{"damage":14,"enemies":"Lagavulin","floor":11,"turns":5},{"damage":2,"enemies":"Gremlin Nob","floor":13,"turns":3},{"damage":0,"enemies":"Looter","floor":14,"turns":2},{"damage":0,"enemies":"The Guardian","floor":16,"turns":14},{"damage":0,"enemies":"3 Byrds","floor":18,"turns":4},{"damage":0,"enemies":"Spheric Guardian","floor":21,"turns":2},{"damage":42,"enemies":"Slavers","floor":23,"turns":9},{"damage":29,"enemies":"Gremlin Leader","floor":25,"turns":7},{"damage":26,"enemies":"Book of Stabbing","floor":27,"turns":4}],"seed_played":"-6556019195489023629","potions_obtained":[{"floor":3,"key":"LiquidMemories"},{"floor":4,"key":"AttackPotion"},{"floor":5,"key":"DuplicationPotion"},{"floor":11,"key":"Explosive Potion"},{"floor":13,"key":"ColorlessPotion"},{"floor":21,"key":"SpeedPotion"}],"is_trial":false,"path_per_floor":["M","?","M","M","M","R","M","E","T","M","E","R","E","M","R","B",null,"M","?","?","M","$","E","?","E","T","E"],"character_chosen":"WATCHER","items_purchased":["FossilizedHelix","Conclude"],"campfire_rested":1,"item_purchase_floors":[22,22],"current_hp_per_floor":[65,65,65,65,70,70,49,27,27,27,18,39,42,42,42,47,66,66,50,50,50,50,13,13,26,26,0,0],"gold":86,"neow_bonus":"BOSS_RELIC","is_daily":false,"chose_seed":false,"campfire_upgraded":2,"win_rate":0.0,"timestamp":1610293077,"path_taken":["M","?","M","?","M","R","M","E","T","M","E","R","E","M","R","BOSS","M","?","?","?","$","E","?","E","T","E"],"items_purchased_type":["Relic","Card"],"build_version":"2020-12-22","purchased_purges":0,"victory":false,"max_hp_per_floor":[72,72,72,72,72,72,72,72,72,72,72,72,72,72,72,72,72,72,72,72,72,72,72,72,72,72,72,72],"relic_stats":{"Peace Pipe":0,"Centennial Puzzle":[15],"Lizard Tail":36,"Busted Crown":30,"counters":[16,72],"Bronze Scales":[195],"Astrolabe":["Perseverance","FollowUp","FearNoEvil"],"Gambling Chip":[2],"Nloth\u0027s Gift":0,"obtain_stats":[{"Astrolabe":17,"Enchiridion":19,"Akabeko":9,"Peace Pipe":23,"Centennial Puzzle":8,"Lizard Tail":13,"Busted Crown":0,"Bronze Scales":11,"Gambling Chip":25,"Nloth\u0027s Gift":20,"PureWater":0,"Toy Ornithopter":2,"FossilizedHelix":22},{"Astrolabe":11,"Enchiridion":12,"Akabeko":6,"Peace Pipe":14,"Centennial Puzzle":6,"Lizard Tail":9,"Busted Crown":0,"Bronze Scales":8,"Gambling Chip":15,"Nloth\u0027s Gift":12,"PureWater":0,"Toy Ornithopter":1,"FossilizedHelix":13},{"Astrolabe":46,"Enchiridion":50,"Akabeko":20,"Peace Pipe":61,"Centennial Puzzle":20,"Lizard Tail":30,"Busted Crown":0,"Bronze Scales":27,"Gambling Chip":68,"Nloth\u0027s Gift":50,"PureWater":0,"Toy Ornithopter":4,"FossilizedHelix":52}],"Toy Ornithopter":27},"card_choices":[{"not_picked":["PathToVictory"],"picked":"SKIP","floor":1},{"not_picked":["JustLucky"],"picked":"SKIP","floor":3},{"not_picked":[],"picked":"Study","floor":4},{"not_picked":["PathToVictory"],"picked":"SKIP","floor":5},{"not_picked":[],"picked":"ThirdEye","floor":7},{"not_picked":["Fasting2"],"picked":"SKIP","floor":8},{"not_picked":[],"picked":"WaveOfTheHand","floor":10},{"not_picked":["Crescendo"],"picked":"SKIP","floor":11},{"not_picked":[],"picked":"EmptyFist","floor":13},{"not_picked":[],"picked":"MentalFortress","floor":14},{"not_picked":[],"picked":"Blasphemy","floor":16},{"not_picked":["Prostrate"],"picked":"SKIP","floor":18},{"not_picked":["Worship"],"picked":"SKIP","floor":21},{"not_picked":[],"picked":"FlyingSleeves+1","floor":23},{"not_picked":["ConjureBlade"],"picked":"SKIP","floor":25}],"player_experience":570073,"relics_obtained":[{"floor":8,"key":"Centennial Puzzle"},{"floor":9,"key":"Akabeko"},{"floor":11,"key":"Bronze Scales"},{"floor":13,"key":"Lizard Tail"},{"floor":19,"key":"Enchiridion"},{"floor":23,"key":"Peace Pipe"},{"floor":25,"key":"Gambling Chip"}],"event_choices":[{"damage_healed":0,"gold_gain":0,"player_choice":"Paid Gold","damage_taken":0,"relics_obtained":["Toy Ornithopter"],"max_hp_gain":0,"max_hp_loss":0,"event_name":"WeMeetAgain","floor":2,"gold_loss":92},{"damage_healed":0,"gold_gain":0,"player_choice":"Obtained Book","damage_taken":16,"max_hp_gain":0,"max_hp_loss":0,"event_name":"Cursed Tome","floor":19,"gold_loss":0},{"damage_healed":0,"gold_gain":0,"player_choice":"Traded Relic","damage_taken":0,"relics_obtained":["Nloth\u0027s Gift"],"max_hp_gain":0,"max_hp_loss":0,"event_name":"N\u0027loth","floor":20,"relics_lost":["Akabeko"],"gold_loss":0},{"damage_healed":0,"gold_gain":0,"player_choice":"Smashed Altar","damage_taken":0,"max_hp_gain":0,"max_hp_loss":0,"event_name":"Forgotten Altar","floor":24,"gold_loss":0,"cards_obtained":["Decay"]}],"is_beta":false,"boss_relics":[{"not_picked":["Runic Pyramid","Philosopher\u0027s Stone"],"picked":"Astrolabe"}],"items_purged_floors":[],"is_endless":false,"potions_floor_spawned":[3,4,5,11,13,21],"killed_by":"Book of Stabbing","ascension_level":6}}