{"host":"f5uumzf5hfexzk8l","time":1610304263,"event":{"mods":["AchievementEnabler","BaseMod","Bestiary","Colored Map","Googly Eyes","Minty Spire (QoL Compilation)","Permanent Neow","Relic Sorter","Relic Stats","SuperFastMode","Unceasing Turn Reminder","everything is the same but u backflip on backflip"],"gold_per_floor":[17,34,51,69,80,80,114,114,114,114,124,124,158,45,45,123,123,141,41,53,53,53,53,79,79,156,190,209,209,221,221,221,295,295,313,331,331,344,273,273,306,306,331,78,97,97,107,39,39,39],"floor_reached":51,"playtime":2824,"items_purged":["Strike_P","Strike_P"],"score":1300,"play_id":"5fa39f74-d586-4e52-ba1b-b4052293960b","local_time":"20210110104423","is_ascension_mode":true,"campfire_choices":[{"data":"Eruption","floor":6.0,"key":"SMITH"},{"floor":8,"key":"REST"},{"data":"Defend_P","floor":12,"key":"PURGE"},{"floor":15,"key":"REST"},{"data":"Strike_P","floor":23,"key":"PURGE"},{"floor":25,"key":"REST"},{"data":"Strike_P","floor":29,"key":"PURGE"},{"floor":32,"key":"REST"},{"data":"InnerPeace+1","floor":40,"key":"PURGE"},{"floor":42,"key":"REST"},{"data":"DevaForm","floor":46,"key":"SMITH"},{"data":"LikeWater","floor":49,"key":"SMITH"}],"circlet_count":0,"master_deck":["AscendersBane","Defend_P","Defend_P","Defend_P","Eruption+1","Vigilance","FearNoEvil","ClearTheMind+1","CutThroughFate","CrushJoints","Protect","Evaluate+1","MentalFortress","WindmillStrike+1","DevaForm+1","CutThroughFate+1","FlurryOfBlows+1","TalkToTheHand+1","ThirdEye+1","Crescendo+1","MentalFortress","Establishment","ThirdEye+1","FlyingSleeves+1","FlurryOfBlows+1","WreathOfFlame+1","Indignation+1","EmptyBody+1","LikeWater+1","DeceiveReality+1","LikeWater"],"relics":["PureWater","Peace Pipe","Toxic Egg 2","Molten Egg 2","Anchor","VioletLotus","Kunai","Eternal Feather","TungstenRod","Sozu","Centennial Puzzle","Pen Nib","Oddly Smooth Stone"],"acts_visited":["Exordium","TheCity","TheBeyond"],"potions_floor_usage":[16,33],"damage_taken":[{"damage":4.0,"enemies":"Small Slimes","floor":1.0,"turns":3.0},{"damage":4.0,"enemies":"2 Louse","floor":2.0,"turns":2.0},{"damage":2.0,"enemies":"Jaw Worm","floor":3.0,"turns":4.0},{"damage":8.0,"enemies":"3 Louse","floor":4.0,"turns":2.0},{"damage":5.0,"enemies":"Exordium Thugs","floor":5.0,"turns":4.0},{"damage":28,"enemies":"Gremlin Nob","floor":7,"turns":4},{"damage":0,"enemies":"Large Slime","floor":11,"turns":2},{"damage":25,"enemies":"3 Sentries","floor":13,"turns":9},{"damage":12,"enemies":"The Guardian","floor":16,"turns":8},{"damage":28,"enemies":"Chosen","floor":18,"turns":9},{"damage":10,"enemies":"Spheric Guardian","floor":20,"turns":4},{"damage":76,"enemies":"Book of Stabbing","floor":24,"turns":6},{"damage":22,"enemies":"Slavers","floor":27,"turns":3},{"damage":32,"enemies":"Centurion and Healer","floor":28,"turns":8},{"damage":35,"enemies":"Cultist and Chosen","floor":30,"turns":9},{"damage":0,"enemies":"Champ","floor":33,"turns":12},{"damage":1,"enemies":"3 Shapes","floor":35,"turns":6},{"damage":38,"enemies":"3 Darklings","floor":36,"turns":8},{"damage":0,"enemies":"Writhing Mass","floor":38,"turns":3},{"damage":6,"enemies":"Reptomancer","floor":41,"turns":8},{"damage":8,"enemies":"Sphere and 2 Shapes","floor":45,"turns":6},{"damage":4,"enemies":"Maw","floor":47,"turns":8},{"damage":119,"enemies":"Awakened One","floor":50,"turns":23}],"seed_played":"5591987599289548949","potions_obtained":[{"floor":1.0,"key":"BlessingOfTheForge"},{"floor":5.0,"key":"Regen Potion"},{"floor":13,"key":"Dexterity Potion"},{"floor":16,"key":"SpeedPotion"},{"floor":33,"key":"FearPotion"}],"is_trial":false,"path_per_floor":["M","M","M","M","M","R","E","R","T","?","M","R","E","$","R","B",null,"M","$","M","?","?","R","E","R","T","E","M","R","M","?","R","B",null,"M","M","?","M","$","R","E","R","T","$","M","R","M","$","R","B",null],"character_chosen":"WATCHER","items_purchased":["WindmillStrike+1","WreathOfFlame+1","Oddly Smooth Stone","EmptyBody+1","LikeWater","LikeWater"],"campfire_rested":5,"item_purchase_floors":[14,39,44,44,44,48],"current_hp_per_floor":[57,53,51,43,38,38,10,30,30,30,30,30,5,5,25,28,58,30,30,20,42,42,42,6,26,26,4,36,48,13,13,45,45,62,61,23,23,23,23,38,32,67,67,67,59,68,64,64,68,9],"gold":39,"neow_bonus":"ONE_RARE_RELIC","is_daily":false,"chose_seed":false,"campfire_upgraded":3,"win_rate":0.0,"timestamp":1610304263,"path_taken":["M","M","M","M","M","R","E","R","T","?","M","R","E","$","R","BOSS","M","$","M","?","?","R","E","R","T","E","M","R","M","?","R","BOSS","M","M","?","M","?","R","E","R","T","$","M","R","M","$","R","BOSS"],"items_purchased_type":["Card","Card","Relic","Card","Card","Card"],"build_version":"2020-12-22","purchased_purges":2,"victory":true,"max_hp_per_floor":[68,68,68,68,68,68,68,68,68,68,68,68,68,68,68,68,68,68,68,68,68,68,68,68,68,68,68,68,68,68,68,68,68,68,68,68,68,68,68,68,68,68,68,68,68,68,68,68,68,68],"relic_stats":{"Peace Pipe":4,"Sozu":3,"Centennial Puzzle":[9],"counters":[23,151],"Eternal Feather":67,"VioletLotus":[26],"Pen Nib":[9],"Kunai":[49],"obtain_stats":[{"Oddly Smooth Stone":44,"Eternal Feather":26,"Pen Nib":43,"Peace Pipe":0,"Sozu":34,"Anchor":13,"Centennial Puzzle":41,"Molten Egg 2":9,"VioletLotus":17,"Kunai":24,"PureWater":0,"Toxic Egg 2":7,"TungstenRod":27},{"Oddly Smooth Stone":20,"Eternal Feather":12,"Pen Nib":20,"Peace Pipe":0,"Sozu":16,"Anchor":8,"Centennial Puzzle":20,"Molten Egg 2":6,"VioletLotus":9,"Kunai":12,"PureWater":0,"Toxic Egg 2":6,"TungstenRod":13},{"Oddly Smooth Stone":114,"Eternal Feather":57,"Pen Nib":114,"Peace Pipe":0,"Sozu":89,"Anchor":30,"Centennial Puzzle":114,"Molten Egg 2":19,"VioletLotus":38,"Kunai":57,"PureWater":0,"Toxic Egg 2":19,"TungstenRod":60}],"TungstenRod":30},"card_choices":[{"not_picked":["EmptyMind","BowlingBash"],"picked":"FearNoEvil","floor":1.0},{"not_picked":["InnerPeace","Consecrate"],"picked":"ClearTheMind","floor":2.0},{"not_picked":["WreathOfFlame","FlyingSleeves"],"picked":"CutThroughFate","floor":3.0},{"not_picked":["ClearTheMind","Protect"],"picked":"CrushJoints","floor":4.0},{"not_picked":["ForeignInfluence","Indignation"],"picked":"Protect","floor":5.0},{"not_picked":["SignatureMove","Study"],"picked":"Conclude","floor":7},{"not_picked":["FollowUp+1","CutThroughFate+1"],"picked":"Evaluate+1","floor":11},{"not_picked":["JustLucky+1","Meditate+1"],"picked":"MentalFortress","floor":13},{"not_picked":["LessonLearned+1","Brilliance+1"],"picked":"DevaForm","floor":16},{"not_picked":["FlyingSleeves+1","Prostrate+1"],"picked":"CutThroughFate+1","floor":18},{"not_picked":["CrushJoints+1","Wireheading+1"],"picked":"FlurryOfBlows+1","floor":20},{"not_picked":["Conclude+1","BowlingBash+1"],"picked":"InnerPeace+1","floor":24},{"not_picked":["Wireheading","Evaluate+1"],"picked":"TalkToTheHand+1","floor":27},{"not_picked":["JustLucky+1","Indignation+1"],"picked":"ThirdEye+1","floor":28},{"not_picked":["Wireheading","ForeignInfluence+1"],"picked":"Crescendo+1","floor":30},{"not_picked":["Omniscience+1","LessonLearned+1"],"picked":"Establishment","floor":33},{"not_picked":["FearNoEvil+1","Crescendo+1"],"picked":"ThirdEye+1","floor":35},{"not_picked":["WreathOfFlame+1","InnerPeace+1","SignatureMove+1"],"picked":"SKIP","floor":36},{"not_picked":["WreathOfFlame+1","InnerPeace+1","SignatureMove+1"],"picked":"SKIP","floor":36},{"not_picked":["Adaptation","Halt+1"],"picked":"FlurryOfBlows+1","floor":38},{"not_picked":["ForeignInfluence+1","Adaptation"],"picked":"Indignation+1","floor":41},{"not_picked":["Judgement+1","Conclude+1"],"picked":"DeceiveReality+1","floor":45},{"not_picked":["Conclude+1","Adaptation","WreathOfFlame+1"],"picked":"SKIP","floor":47}],"player_experience":387661,"relics_obtained":[{"floor":7,"key":"Toxic Egg 2"},{"floor":9,"key":"Molten Egg 2"},{"floor":13,"key":"Anchor"},{"floor":24,"key":"Kunai"},{"floor":26,"key":"Eternal Feather"},{"floor":27,"key":"TungstenRod"},{"floor":41,"key":"Centennial Puzzle"},{"floor":43,"key":"Pen Nib"}],"event_choices":[{"damage_healed":0,"gold_gain":0,"player_choice":"Grow","damage_taken":0,"max_hp_gain":0,"max_hp_loss":0,"event_name":"Living Wall","floor":10,"gold_loss":0,"cards_upgraded":["ClearTheMind"]},{"damage_healed":22,"gold_gain":0,"player_choice":"Heal","damage_taken":0,"max_hp_gain":0,"max_hp_loss":0,"event_name":"The Library","floor":21,"gold_loss":0},{"damage_healed":0,"gold_gain":0,"player_choice":"Copied","damage_taken":0,"max_hp_gain":0,"max_hp_loss":0,"event_name":"Duplicator","floor":31,"gold_loss":0,"cards_obtained":["MentalFortress"]},{"cards_removed":["Conclude"],"damage_healed":0,"gold_gain":0,"player_choice":"Took Card","damage_taken":0,"max_hp_gain":0,"max_hp_loss":0,"event_name":"NoteForYourself","floor":37,"gold_loss":0,"cards_obtained":["FlyingSleeves"]}],"is_beta":false,"boss_relics":[{"not_picked":["Coffee Dripper","Astrolabe"],"picked":"VioletLotus"},{"not_picked":["HolyWater","Tiny House"],"picked":"Sozu"}],"items_purged_floors":[14,19],"is_endless":false,"potions_floor_spawned":[1,5,11,13,16,24,27,30,33,38,41,47],"ascension_level":14}}