{"host":"zghbuvjjzzk6yre0","time":1610312805,"event":{"mods":["2.2 Compatiblity","AchievementEnabler","Act Like it!","Aspiration","BaseMod","Bestiary","Card Forge","ChefMod","Colored Powertips","Conspire","Curses Come First","Custom Start","Halation","Hubris","Minty Spire (QoL Compilation)","Q\u0027s Relics","Quick Restart","Reorder Act Four","Replay The Spire","StSLib","Strawberry Spire","Synergy Search","vexMod"],"gold_per_floor":[116,128,203,216,216,248,248,273,273,287,306,306,306,12,12,108,108,123,135,135,180,180,180,191,191,191,191,131,148,98,118,118,118,118],"floor_reached":33,"playtime":2956,"items_purged":[],"score":255,"play_id":"1617355c-cf90-41d0-b282-b007e5c538a9","local_time":"20210110220645","is_ascension_mode":false,"campfire_choices":[{"floor":7,"key":"RECALL"},{"floor":12,"key":"REST"},{"floor":15,"key":"DIG"},{"floor":23,"key":"REST"},{"floor":25,"key":"REST"},{"floor":32,"key":"REST"}],"circlet_count":0,"master_deck":["chefmod:Strike","chefmod:Strike","chefmod:Strike","chefmod:Strike","chefmod:QuickThaw","chefmod:Defend","chefmod:Defend","chefmod:Defend","chefmod:Defend","chefmod:TodaysSpecial","chefmod:ColdSteel","chefmod:Puree","chefmod:FireUp","chefmod:Fillet","chefmod:IcePick","chefmod:HotSoup","chefmod:Leftovers","chefmod:Fillet","chefmod:DeathByChocolate","strawberrySpire:Endurance+1","Shrug It Off+1","chefmod:HotSoup+1","Pain","chefmod:Chop+1","Heavy Blade","Thunderclap+1"],"relics":["chefmod:TrustyPot","Hammer of Thor","Seething Fire","Anvil of the Gods","Potion Belt","QRelics:GoldenAnkh","strawberrySpire:ShipInABottle","QRelics:MetalCrocodile","ReplayFunnel","aspiration:IroncladSkillbook","QRelics:ElephantFigurine","WarpedTongs","hubris:Metronome"],"acts_visited":["Exordium","TheCity"],"potions_floor_usage":[16,21,29,33,33,33,33],"damage_taken":[{"damage":3,"enemies":"Small Slimes","floor":1,"turns":3},{"damage":0,"enemies":"Cultist","floor":2,"turns":3},{"damage":3,"enemies":"Jaw Worm","floor":4,"turns":3},{"damage":8,"enemies":"Replay:BlueRogue","floor":6,"turns":8},{"damage":29,"enemies":"3 Sentries","floor":8,"turns":10},{"damage":0,"enemies":"Red Slaver","floor":10,"turns":3},{"damage":5,"enemies":"Blue Slaver","floor":11,"turns":4},{"damage":32,"enemies":"Hexaghost","floor":16,"turns":12},{"damage":19,"enemies":"3 Byrds","floor":18,"turns":7},{"damage":17,"enemies":"Shell Parasite","floor":19,"turns":7},{"damage":37,"enemies":"conspire:MimicChest","floor":21,"turns":10},{"damage":14,"enemies":"Centurion and Healer","floor":24,"turns":6},{"damage":13,"enemies":"Snecko","floor":29,"turns":4},{"damage":20,"enemies":"Chosen and Byrds","floor":31,"turns":6},{"damage":62,"enemies":"hubris:MusketHawk","floor":33,"turns":7}],"seed_played":"1379019324619469447","potions_obtained":[{"floor":1,"key":"Swift Potion"},{"floor":4,"key":"Fire Potion"},{"floor":10,"key":"Reflective Coating"},{"floor":16,"key":"Swift Potion"},{"floor":18,"key":"LiquidBronze"},{"floor":29,"key":"SteroidPotion"},{"floor":31,"key":"LiquidMemories"}],"is_trial":false,"path_per_floor":["M","M","?","M","?","E","R","E","T","M","M","R","T","$","R","B",null,"M","M","$","?","?","R","M","R","T","?","?","M","?","M","R","B"],"character_chosen":"THE_CHEF","items_purchased":["QRelics:MetalCrocodile","chefmod:Fillet"],"campfire_rested":4,"item_purchase_floors":[14,14],"current_hp_per_floor":[80,80,72,69,69,61,61,32,32,32,27,51,51,51,51,19,83,68,55,55,22,22,46,36,60,60,60,60,51,51,35,59,0,0],"gold":118,"neow_bonus":"TEN_PERCENT_HP_BONUS","is_daily":false,"chose_seed":false,"campfire_upgraded":0,"win_rate":0.0,"timestamp":1610312805,"path_taken":["M","M","?","?","?","E","R","E","T","M","M","R","?","$","R","BOSS","M","M","$","?","?","R","?","R","T","?","?","M","?","M","R","BOSS"],"items_purchased_type":["Relic","Card"],"build_version":"2020-12-22","purchased_purges":0,"victory":false,"max_hp_per_floor":[83,83,83,83,83,83,83,83,83,83,83,83,83,83,83,83,83,83,83,83,83,83,83,83,83,83,83,83,83,83,83,83,83,83],"card_choices":[{"not_picked":["chefmod:SliceAndDice","chefmod:OldCookbook"],"picked":"chefmod:ColdSteel","floor":1},{"not_picked":["chefmod:Defrost","chefmod:OldCookbook"],"picked":"chefmod:Puree","floor":2},{"not_picked":["chefmod:FreezerBurn","chefmod:Sorbet"],"picked":"chefmod:FireUp","floor":4},{"not_picked":["chefmod:SliceAndDice","chefmod:OldCookbook"],"picked":"chefmod:Fillet","floor":6},{"not_picked":["chefmod:Escargot","chefmod:CuttingBoard"],"picked":"chefmod:IcePick","floor":8},{"not_picked":["chefmod:FryPan","chefmod:BaoBuns"],"picked":"chefmod:HotSoup","floor":10},{"not_picked":["chefmod:HotSoup","chefmod:Gelato"],"picked":"chefmod:Leftovers","floor":11},{"not_picked":["chefmod:BananaSplit","chefmod:RisingDough+1"],"picked":"chefmod:DeathByChocolate","floor":16},{"not_picked":["Defy Death+1","chefmod:ZaruSoba+1","chefmod:Fillet"],"picked":"strawberrySpire:Endurance+1","floor":18},{"not_picked":["chefmod:FireUp","Inflame","Ghostly Armor"],"picked":"Shrug It Off+1","floor":19},{"not_picked":["Run Through","strawberrySpire:DebrisPile","Rage+1"],"picked":"chefmod:HotSoup+1","floor":21},{"not_picked":["Dark Embrace","Shrug It Off+1","chefmod:IcePick"],"picked":"chefmod:Chop+1","floor":24},{"not_picked":["chefmod:ZaruSoba+1","Shrug It Off","Disarm"],"picked":"Heavy Blade","floor":29},{"not_picked":["chefmod:Granita+1","chefmod:ZaruSoba+1","strawberrySpire:Hellbender"],"picked":"Thunderclap+1","floor":31}],"player_experience":205672,"relics_obtained":[{"floor":6,"key":"Potion Belt"},{"floor":8,"key":"QRelics:GoldenAnkh"},{"floor":13,"key":"strawberrySpire:ShipInABottle"},{"floor":15,"key":"ReplayFunnel"},{"floor":21,"key":"QRelics:ElephantFigurine"},{"floor":26,"key":"hubris:Metronome"}],"event_choices":[{"damage_healed":0,"gold_gain":75,"player_choice":"Touch","damage_taken":8,"max_hp_gain":0,"max_hp_loss":0,"event_name":"FaceTrader","floor":3,"gold_loss":0},{"damage_healed":0,"gold_gain":0,"player_choice":"Leave","damage_taken":0,"max_hp_gain":0,"max_hp_loss":0,"event_name":"conspire:Investor","floor":5,"gold_loss":0},{"damage_healed":0,"gold_gain":0,"player_choice":"Rummage","damage_taken":0,"relics_obtained":["WarpedTongs"],"max_hp_gain":0,"max_hp_loss":0,"event_name":"Accursed Blacksmith","floor":22,"gold_loss":0,"cards_obtained":["Pain"]},{"damage_healed":0,"gold_gain":0,"player_choice":"Ignored","damage_taken":0,"max_hp_gain":0,"max_hp_loss":0,"event_name":"Beggar","floor":27,"gold_loss":0},{"damage_healed":0,"gold_gain":0,"player_choice":"Bet on Murderer","damage_taken":0,"max_hp_gain":0,"max_hp_loss":0,"event_name":"The Joust","floor":30,"gold_loss":50}],"is_beta":false,"boss_relics":[{"not_picked":["aspiration:FutureDiary","aspiration:PoetsPen"],"picked":"aspiration:IroncladSkillbook"}],"items_purged_floors":[],"is_endless":false,"potions_floor_spawned":[1,4,10,16,18,29,31],"killed_by":"hubris:MusketHawk","ascension_level":0}}