{"host":"yii5it3292r9xs7s","time":1610248613,"event":{"mods":["ATMod(°¢èªMod)","Act Like it!","BaseMod","Better Vampires","Colored Powertips","Energized Spire","Hallownest","Minty Spire (QoL Compilation)","Red Circlet Mod","Relic Stats","StSLib","The Bug Knight","noobMod","¡¾¹¦ÄÜMod¡¿»ìãçÖ®»·ÐÞ¸´²¹¶¡","¡¾ÒÅÎï¿¨ÅÆ¡¿REMEMod","óô»ðÖ¸ÄÏ"],"gold_per_floor":[115,130,130,130,55,55,89,89,165,165,177,194,223,50,50,153,153,169,169,169,89,102,130,40,4,4,4,38,56,68,165,3,103,103,122,134,294,313,313,273,273,273,298,328,50,62,72,12,12,12],"floor_reached":51,"playtime":2395,"items_purged":["Writhe"],"score":1009,"play_id":"84a3cb1b-7f74-456f-a18c-eec274ccff86","local_time":"20210110111653","is_ascension_mode":true,"campfire_choices":[{"data":"HollowMod:ShadowDash","floor":8,"key":"SMITH"},{"data":"HollowMod:MantisMark","floor":15,"key":"SMITH"},{"floor":27,"key":"REST"},{"floor":49,"key":"REST"}],"circlet_count":0,"master_deck":["HollowMod:NailStrikeStart","HollowMod:NailStrikeStart","HollowMod:NailStrikeStart","HollowMod:NailStrikeStart","HollowMod:QuickDashStart","HollowMod:QuickDashStart","HollowMod:QuickDashStart","HollowMod:QuickDashStart","HollowMod:PogoStrike","Metallicize","HollowMod:ShadowDash+1","HollowMod:DescendingDark","HollowMod:AbyssShriek","HollowMod:MantisMark+1","HollowMod:AbyssShriek","HollowMod:LordofShades","HollowMod:VengefulVoid","Hallownest:skillCityofTearsMap","HollowMod:FallenFury","HollowMod:QuirrelsAssistance","HollowMod:ShapeofUnn","HollowMod:MonarchWings+1","Shame","AT_FamilyPortrait","HollowMod:LordofShades","HollowMod:WraithStrike","HollowMod:NailStrikeStart","HollowMod:NailStrikeStart","HollowMod:SharpenedShadows","HollowMod:MylasSalvation","Clumsy","HollowMod:ShadowDash","HollowMod:HuntersJournal","HollowMod:ShadowDash"],"relics":["HollowMod:VesselMask","REME_ComplimentaryCards","ice","AT_ATBox","Incense Burner","FossilizedHelix","HollowMod:LifeEnderRelic","Hallownest:DreamNailRelic","Fusion Hammer","CaptainsWheel","Hallownest:StagBellRelic1","Mercury Hourglass","Thread and Needle","Cursed Key","Hallownest:GodTamersBeastRelic","Hallownest:BeastSealRelic","AT_BellDemon","Blood Vial","REME_HourglassOfDeath","Frozen Eye","Happy Flower","Juzu Bracelet"],"acts_visited":["Hallownest:Greenpath","Hallownest:CityofTears","Hallownest:KingdomsEdge"],"potions_floor_usage":[46,50,50],"damage_taken":[{"damage":1,"enemies":"Hallownest:monsterHuskWarrior","floor":1,"turns":3},{"damage":7,"enemies":"2_ Uuma","floor":2,"turns":6},{"damage":46,"enemies":"Hallownest:eliteMossKnight","floor":7,"turns":11},{"damage":4,"enemies":"Hallownest:2_Tiktiks_and_1_Crawlid","floor":11,"turns":2},{"damage":17,"enemies":"Hallownest:2_Tiktiks_1_Baldur_1_Crawlid","floor":12,"turns":2},{"damage":0,"enemies":"Hallownest:eliteCrystalGuardian","floor":13,"turns":5},{"damage":57,"enemies":"Hallownest:BossFalseKnight","floor":16,"turns":8},{"damage":0,"enemies":"Hallownest:2_Mistakes","floor":18,"turns":3},{"damage":0,"enemies":"Hallownest:Flukemon_and_Top","floor":22,"turns":3},{"damage":0,"enemies":"Hallownest:eliteSoulWarrior","floor":23,"turns":6},{"damage":0,"enemies":"Hallownest:Nosk","floor":28,"turns":6},{"damage":10,"enemies":"Hallownest:2_Husk_Sentries","floor":29,"turns":4},{"damage":0,"enemies":"Hallownest:Master_and_Novice","floor":30,"turns":2},{"damage":48,"enemies":"Hallownest:BossMantisLord","floor":33,"turns":6},{"damage":36,"enemies":"Hallownest:3_Siblings","floor":35,"turns":5},{"damage":18,"enemies":"Hallownest:Shield_Heavy","floor":36,"turns":4},{"damage":4,"enemies":"Hallownest:Shield_Heavy","floor":37,"turns":3},{"damage":0,"enemies":"Hallownest:Shield_Heavy","floor":37,"turns":4},{"damage":21,"enemies":"Hallownest:Shield_Heavy","floor":37,"turns":3},{"damage":0,"enemies":"Hallownest:Shield_Heavy","floor":37,"turns":2},{"damage":0,"enemies":"Hallownest:Shield_Sturdy","floor":38,"turns":4},{"damage":11,"enemies":"Hallownest:eliteHiveKnight","floor":44,"turns":8},{"damage":9,"enemies":"Hallownest:2_Wing_and_1_Kings","floor":46,"turns":3},{"damage":0,"enemies":"Hallownest:2_Wandering_and_1_Horned","floor":47,"turns":2},{"damage":0,"enemies":"Hallownest:Radiance","floor":50,"turns":8}],"seed_played":"1316929660440050236","potions_obtained":[{"floor":11,"key":"SkillPotion"},{"floor":13,"key":"ColorlessPotion"},{"floor":22,"key":"Strength Potion"},{"floor":36,"key":"BlessingOfTheForge"}],"is_trial":false,"path_per_floor":["M","M","?","?","$","T","E","R","T","?","M","M","E","$","R","B",null,"M","?","?","?","M","E","?","R","T","R","E","M","M","?","R","B",null,"M","M","?","M","?","R","?","?","T","E","$","M","M","?","R","B",null],"character_chosen":"THE_BUGKNIGHT","items_purchased":["REME_HeartOfCthun","HollowMod:ShapeofUnn","AT_FamilyPortrait","HollowMod:SharpenedShadows","Frozen Eye","HollowMod:ShadowDash","HollowMod:HuntersJournal"],"campfire_rested":2,"item_purchase_floors":[14,25,32,40,45,45,45],"current_hp_per_floor":[82,81,91,82,82,82,42,42,42,42,38,21,21,21,21,53,96,96,96,99,99,99,99,99,99,99,105,105,95,95,95,95,47,128,92,74,49,49,49,49,49,49,49,38,38,31,33,40,95,116],"gold":12,"neow_bonus":"TEN_PERCENT_HP_BONUS","is_daily":false,"chose_seed":false,"campfire_upgraded":2,"win_rate":0.0,"timestamp":1610248613,"path_taken":["M","M","?","?","$","?","E","R","T","?","M","?","E","$","R","BOSS","M","?","?","?","M","E","?","R","T","R","E","M","?","?","R","BOSS","M","M","?","?","?","R","?","?","T","E","?","M","M","?","R","BOSS"],"items_purchased_type":["Card","Card","Card","Card","Relic","Card","Card"],"build_version":"2020-12-22","purchased_purges":1,"victory":true,"max_hp_per_floor":[82,82,92,92,92,92,92,92,92,92,92,92,92,92,92,96,96,99,99,99,99,103,105,105,105,105,105,107,112,113,113,113,128,128,132,136,152,159,159,159,159,159,159,173,173,177,177,184,184,188],"relic_stats":{"Blood Vial":6,"Happy Flower":[3],"counters":[25,113],"Juzu Bracelet":0,"Cursed Key":1,"obtain_stats":[{"AT_BellDemon":43,"Hallownest:StagBellRelic1":24,"AT_ATBox":0,"HollowMod:LifeEnderRelic":9,"Happy Flower":46,"HollowMod:VesselMask":0,"Thread and Needle":28,"ice":0,"Incense Burner":6,"Hallownest:DreamNailRelic":10,"Juzu Bracelet":47,"Cursed Key":34,"Hallownest:GodTamersBeastRelic":37,"Mercury Hourglass":26,"Blood Vial":44,"Frozen Eye":45,"CaptainsWheel":23,"REME_HourglassOfDeath":44,"Fusion Hammer":17,"FossilizedHelix":7,"REME_ComplimentaryCards":0,"Hallownest:BeastSealRelic":42},{"AT_BellDemon":21,"Hallownest:StagBellRelic1":10,"AT_ATBox":0,"HollowMod:LifeEnderRelic":3,"Happy Flower":23,"HollowMod:VesselMask":0,"Thread and Needle":11,"ice":0,"Incense Burner":2,"Hallownest:DreamNailRelic":3,"Juzu Bracelet":24,"Cursed Key":14,"Hallownest:GodTamersBeastRelic":20,"Mercury Hourglass":10,"Blood Vial":22,"Frozen Eye":22,"CaptainsWheel":10,"REME_HourglassOfDeath":22,"Fusion Hammer":7,"FossilizedHelix":3,"REME_ComplimentaryCards":0,"Hallownest:BeastSealRelic":21},{"AT_BellDemon":92,"Hallownest:StagBellRelic1":49,"AT_ATBox":0,"HollowMod:LifeEnderRelic":20,"Happy Flower":103,"HollowMod:VesselMask":0,"Thread and Needle":55,"ice":0,"Incense Burner":9,"Hallownest:DreamNailRelic":20,"Juzu Bracelet":105,"Cursed Key":67,"Hallownest:GodTamersBeastRelic":88,"Mercury Hourglass":49,"Blood Vial":100,"Frozen Eye":100,"CaptainsWheel":49,"REME_HourglassOfDeath":100,"Fusion Hammer":37,"FossilizedHelix":20,"REME_ComplimentaryCards":0,"Hallownest:BeastSealRelic":92}],"Mercury Hourglass":[227]},"card_choices":[{"not_picked":["HollowMod:InfectedCysts","HollowMod:CloakDash"],"picked":"HollowMod:ShadowDash","floor":1},{"not_picked":["HollowMod:MawleksShell","HollowMod:SiblingsSouls"],"picked":"HollowMod:DescendingDark","floor":2},{"not_picked":["HollowMod:GoodIntentions","HollowMod:TaintedHusks"],"picked":"HollowMod:AbyssShriek","floor":7},{"not_picked":["HollowMod:DashSlash","HollowMod:InfectedCysts"],"picked":"HollowMod:MantisMark","floor":11},{"not_picked":["HollowMod:DashSlash","HollowMod:CloakDash"],"picked":"HollowMod:AbyssShriek","floor":12},{"not_picked":["HollowMod:MidwifesHunger","HollowMod:SoulShaman"],"picked":"HollowMod:VengefulVoid","floor":13},{"not_picked":["HollowMod:HornetsHelp","HollowMod:VoidDash"],"picked":"HollowMod:LordofShades","floor":16},{"not_picked":["HollowMod:GoodIntentions","HollowMod:NewLittleFool"],"picked":"HollowMod:VengefulVoid","floor":18},{"not_picked":["HollowMod:InfectedAttack","HollowMod:RecoilStrike"],"picked":"HollowMod:FallenFury","floor":22},{"not_picked":["HollowMod:DashSlash","HollowMod:SoulVessel"],"picked":"HollowMod:QuirrelsAssistance","floor":23},{"not_picked":["HollowMod:GoodIntentions+1","HollowMod:InfectedAttack+1","HollowMod:ChannelNail"],"picked":"SKIP","floor":28},{"not_picked":["HollowMod:CloakDash","HollowMod:GrimmsGift+1","HollowMod:CycloneSlash"],"picked":"SKIP","floor":29},{"not_picked":["HollowMod:LifebloodCocoon","HollowMod:FastStrike"],"picked":"HollowMod:MonarchWings+1","floor":30},{"not_picked":["HollowMod:SlysStrikes","HollowMod:PureVessel"],"picked":"HollowMod:LordofShades","floor":33},{"not_picked":["HollowMod:CornifersMapStart","HollowMod:CloakDash"],"picked":"HollowMod:WraithStrike","floor":35},{"not_picked":["HollowMod:GoodIntentions+1","HollowMod:BaldurShell+1","HollowMod:CloakDash"],"picked":"SKIP","floor":36},{"not_picked":["HollowMod:CycloneSlash","HollowMod:InfectedAttack","HollowMod:GreatSlash"],"picked":"SKIP","floor":38},{"not_picked":["HollowMod:HeavyBlow+1","HollowMod:MantisMark","HollowMod:BaldurShell"],"picked":"SKIP","floor":44},{"not_picked":["HollowMod:DashSlash","HollowMod:NewJinnsSoul+1"],"picked":"HollowMod:ShadowDash","floor":46},{"not_picked":["HollowMod:SoulSplash+1","HollowMod:InfectionAssault","HollowMod:SharpenedNail+1"],"picked":"SKIP","floor":47}],"player_experience":8788,"relics_obtained":[{"floor":6,"key":"Incense Burner"},{"floor":7,"key":"FossilizedHelix"},{"floor":9,"key":"HollowMod:LifeEnderRelic"},{"floor":23,"key":"CaptainsWheel"},{"floor":26,"key":"Mercury Hourglass"},{"floor":28,"key":"Thread and Needle"},{"floor":43,"key":"AT_BellDemon"},{"floor":44,"key":"Blood Vial"},{"floor":44,"key":"REME_HourglassOfDeath"},{"floor":46,"key":"Happy Flower"},{"floor":47,"key":"Juzu Bracelet"}],"event_choices":[],"is_beta":false,"boss_relics":[{"not_picked":["SacredBark","energizedSpire:StickyHand"],"picked":"Fusion Hammer"},{"not_picked":["SlaversCollar","energizedSpire:HugeHouse"],"picked":"Cursed Key"}],"items_purged_floors":[5],"is_endless":false,"potions_floor_spawned":[11,13,22,29,30,36,37,37,37,38],"ascension_level":1}}