{"host":"a3oe3gstxz77c7qu","time":1610304382,"event":{"mods":["2.2 Compatiblity","Act Like it!","BaseMod","Bestiary","Better Altar","Better Match","Better Note","Better Skull","Better Third Choice","Block Reminder","Curses Come First","Custom Start","Dark Map","Downfall","Friendly Minions","GifTheSpireLib","Hermit","Jorbs\u0027s Wanderer Trilogy","Lobotomy","LobotomyExtend","Marisa????????","Minty Spire (QoL Compilation)","Permanent Neow","Quick Restart","Relic Stats","Replay The Spire","StSLib","The Bug Knight","The Disciple","Uncapped","Unknown Chances","Wandering Minibosses"],"gold_per_floor":[118,134,84,84,9,9,9,9,33,33,58,70,70,82,82,185,185,199,62,62,82,82,82,98,128,178,190,202,202,229,244,244,339,339,350,366,62,108,133,176,176,197,197,207,207,284,83,109,109,109,109],"floor_reached":52,"playtime":2800,"items_purged":["Overencumbered"],"score":1354,"play_id":"55e47ba6-5834-4132-b3ca-a94b8a953891","local_time":"20210110184622","is_ascension_mode":true,"campfire_choices":[{"data":"stsjorbsmod:ColorSpray","floor":6.0,"key":"SMITH"},{"data":"stsjorbsmod:EyeOfTheStorm","floor":8.0,"key":"SMITH"},{"floor":15.0,"key":"REST"},{"data":"stsjorbsmod:Rediscovery","floor":23.0,"key":"SMITH"},{"floor":32,"key":"REST"},{"data":"stsjorbsmod:GatherPower","floor":45,"key":"SMITH"},{"data":"stsjorbsmod:MagicMissiles","floor":49,"key":"SMITH"}],"circlet_count":0,"master_deck":["stsjorbsmod:ForbiddenGrimoire+1","stsjorbsmod:Strike_Wanderer+1","stsjorbsmod:Strike_Wanderer+1","stsjorbsmod:Strike_Wanderer+1","stsjorbsmod:Defend_Wanderer+1","stsjorbsmod:Defend_Wanderer+1","stsjorbsmod:Defend_Wanderer+1","stsjorbsmod:FreshAdventure+1","stsjorbsmod:EyeOfTheStorm+1","stsjorbsmod:ColorSpray+1","MeatLantern","stsjorbsmod:BurningFlask+1","BlueStar","stsjorbsmod:ArcaneForm+1","stsjorbsmod:Pyromancy+1","stsjorbsmod:MagicMissiles+1","stsjorbsmod:Rediscovery+1","stsjorbsmod:ChainLightning+1","stsjorbsmod:GatherPower+1","stsjorbsmod:SiphonEnergy+1","stsjorbsmod:WanderingMind","stsjorbsmod:ChatteringStrike+1","stsjorbsmod:MagicMissiles+1"],"relics":["stsjorbsmod:GrimoireRelic","CogitoBucket","RabbitCall","LetterFromLob","Ring of Fangs","ReplayTheSpireMod:Ring of Addiction","Potion Belt","Chameleon Ring","Replay:Baseball","Tiny Chest","Heaven_r","Moonlight_r","Amita_r","Painkiller Herb","wanderingMiniBosses:CarrionFlame","AspirationHeart","Bronze Scales","HollowMod:PaleOreRelic","BackwardClock","Torii","Frozen Egg 2","Philosopher\u0027s Stone","AtMidnight","AdjustmentMirror","Replay:Mystery Machine","Guide Book","CatCart","CeramicFish","Gambling Chip","Quantum Egg","Replay:WaspNest","Pen Nib"],"acts_visited":["Exordium","TheCity","TheBeyond"],"potions_floor_usage":[33,36,44,50,50,50],"damage_taken":[{"damage":0.0,"enemies":"Jaw Worm","floor":1.0,"turns":5.0},{"damage":0.0,"enemies":"Small Slimes","floor":2.0,"turns":3.0},{"damage":0.0,"enemies":"Gremlin Nob","floor":11.0,"turns":2.0},{"damage":0.0,"enemies":"2 Louse","floor":12.0,"turns":5.0},{"damage":28.0,"enemies":"Lagavulin","floor":13.0,"turns":4.0},{"damage":0.0,"enemies":"Exordium Thugs","floor":14.0,"turns":3.0},{"damage":34.0,"enemies":"Slime Boss","floor":16.0,"turns":8.0},{"damage":1.0,"enemies":"Shell Parasite","floor":18.0,"turns":4.0},{"damage":0.0,"enemies":"3 Byrds","floor":21.0,"turns":2.0},{"damage":0.0,"enemies":"Snake Plant","floor":24.0,"turns":3.0},{"damage":1.0,"enemies":"HollowMod:Nosk","floor":25.0,"turns":3.0},{"damage":0.0,"enemies":"Centurion and Healer","floor":27.0,"turns":4.0},{"damage":7.0,"enemies":"Snecko","floor":28.0,"turns":3.0},{"damage":13.0,"enemies":"Gremlin Leader","floor":30.0,"turns":3.0},{"damage":50.0,"enemies":"3 Cultists","floor":31.0,"turns":2.0},{"damage":1,"enemies":"Champ","floor":33,"turns":5},{"damage":0,"enemies":"3 Shapes","floor":35,"turns":3},{"damage":0,"enemies":"Orb Walker","floor":36,"turns":4},{"damage":0,"enemies":"Orin","floor":38,"turns":2},{"damage":11,"enemies":"Reptomancer","floor":40,"turns":3},{"damage":0,"enemies":"Jaw Worm Horde","floor":42,"turns":2},{"damage":1,"enemies":"Sphere and 2 Shapes","floor":44,"turns":3},{"damage":0,"enemies":"4 Shapes","floor":48,"turns":1},{"damage":15,"enemies":"Replay:Hell Engine","floor":50,"turns":2}],"seed_played":"-8867047709935235866","potions_obtained":[{"floor":7.0,"key":"sneckomod:MuddlingPotion"},{"floor":7.0,"key":"BlessingOfTheForge"},{"floor":7.0,"key":"PowerPotion"},{"floor":10.0,"key":"Explosive Potion"},{"floor":10.0,"key":"Explosive Potion"},{"floor":12.0,"key":"Regen Potion"},{"floor":14.0,"key":"LiquidMemories"},{"floor":21.0,"key":"EssenceOfSteel"},{"floor":25.0,"key":"Explosive Potion"},{"floor":30.0,"key":"stsjorbsmod:LiquidVirtue"},{"floor":31.0,"key":"Elixir"},{"floor":33,"key":"champ:CounterPotion"},{"floor":35,"key":"CultistPotion"},{"floor":38,"key":"LiquidMemories"}],"is_trial":false,"path_per_floor":["M","M","?","?","$","R","?","R","T","R","E","M","E","M","R","B",null,"?","T","?","?","?","T","?","E","T","?","?","T","E","?","T","B",null,"?","?","T","?","T","E","?","?","T","?","T","T","T","?","T","B",null,null],"character_chosen":"WANDERER","items_purchased":["stsjorbsmod:Rediscovery","Replay:Mystery Machine","Guide Book","Pen Nib","Adrenaline Potion"],"campfire_rested":2,"item_purchase_floors":[19,37,37,47,47],"current_hp_per_floor":[70,72,72,72,72,72,72,72,72,72,70,70,5,19,40,6,70,84,84,83,86,86,84,85,86,86,88,81,81,72,22,50,57,96,99,104,104,106,106,97,97,101,101,104,104,104,104,105,105,95,95],"gold":109,"neow_bonus":"","is_daily":false,"chose_seed":false,"campfire_upgraded":5,"win_rate":0.0,"timestamp":1610304382,"path_taken":["M","M","?","?","$","R","?","R","T","R","E","?","E","M","R","BOSS","?","T","?","?","?","T","?","E","T","?","?","?","E","?","T","BOSS","?","?","T","?","?","E","?","?","T","?","T","?","?","?","T","BOSS"],"items_purchased_type":["Card","Relic","Relic","Relic","Potion"],"build_version":"2020-12-22","purchased_purges":1,"victory":true,"max_hp_per_floor":[70,72,72,72,72,72,72,72,72,72,70,70,70,70,70,70,70,85,85,83,86,86,84,85,86,86,88,91,91,92,95,95,96,96,99,104,104,106,106,106,106,109,107,110,110,110,110,112,112,130,130],"relic_stats":{"Torii":3,"counters":[28,83],"Bronze Scales":[67],"CeramicFish":27,"Gambling Chip":[12],"Tiny Chest":2,"Pen Nib":[1],"obtain_stats":[{"RabbitCall":0,"Torii":29,"CeramicFish":39,"Painkiller Herb":17,"AdjustmentMirror":36,"Replay:Mystery Machine":37,"Amita_r":16,"CogitoBucket":0,"Ring of Fangs":7,"Chameleon Ring":7,"Gambling Chip":40,"Tiny Chest":11,"Philosopher\u0027s Stone":34,"HollowMod:PaleOreRelic":26,"Potion Belt":7,"BackwardClock":28,"ReplayTheSpireMod:Ring of Addiction":7,"Guide Book":37,"Quantum Egg":43,"AspirationHeart":18,"stsjorbsmod:GrimoireRelic":0,"Replay:WaspNest":46,"Pen Nib":47,"Frozen Egg 2":30,"Heaven_r":13,"Moonlight_r":13,"Replay:Baseball":9,"wanderingMiniBosses:CarrionFlame":18,"Bronze Scales":25,"AtMidnight":36,"LetterFromLob":1,"CatCart":38},{"RabbitCall":0,"Torii":15,"CeramicFish":22,"Painkiller Herb":7,"AdjustmentMirror":21,"Replay:Mystery Machine":21,"Amita_r":7,"CogitoBucket":0,"Ring of Fangs":2,"Chameleon Ring":2,"Gambling Chip":23,"Tiny Chest":3,"Philosopher\u0027s Stone":18,"HollowMod:PaleOreRelic":12,"Potion Belt":2,"BackwardClock":15,"ReplayTheSpireMod:Ring of Addiction":2,"Guide Book":21,"Quantum Egg":24,"AspirationHeart":9,"stsjorbsmod:GrimoireRelic":0,"Replay:WaspNest":25,"Pen Nib":25,"Frozen Egg 2":16,"Heaven_r":5,"Moonlight_r":5,"Replay:Baseball":2,"wanderingMiniBosses:CarrionFlame":9,"Bronze Scales":12,"AtMidnight":21,"LetterFromLob":1,"CatCart":22},{"RabbitCall":0,"Torii":51,"CeramicFish":71,"Painkiller Herb":30,"AdjustmentMirror":69,"Replay:Mystery Machine":69,"Amita_r":30,"CogitoBucket":0,"Ring of Fangs":8,"Chameleon Ring":8,"Gambling Chip":74,"Tiny Chest":10,"Philosopher\u0027s Stone":61,"HollowMod:PaleOreRelic":43,"Potion Belt":8,"BackwardClock":51,"ReplayTheSpireMod:Ring of Addiction":8,"Guide Book":69,"Quantum Egg":76,"AspirationHeart":35,"stsjorbsmod:GrimoireRelic":0,"Replay:WaspNest":79,"Pen Nib":79,"Frozen Egg 2":54,"Heaven_r":19,"Moonlight_r":19,"Replay:Baseball":8,"wanderingMiniBosses:CarrionFlame":35,"Bronze Scales":43,"AtMidnight":69,"LetterFromLob":5,"CatCart":71}]},"card_choices":[{"not_picked":["stsjorbsmod:WeightOfMemory","stsjorbsmod:MagicMirror"],"picked":"stsjorbsmod:ColorSpray","floor":1.0},{"not_picked":["Scorched","Variant","PunishingBird"],"picked":"Singing Bowl","floor":1.0},{"not_picked":["PunishingBird","OSAHOGD"],"picked":"MeatLantern","floor":1.0},{"not_picked":["stsjorbsmod:Will","stsjorbsmod:ThirstingSword"],"picked":"stsjorbsmod:BurningFlask","floor":2.0},{"not_picked":["CrumblingArmor","OldLady"],"picked":"BlueStar","floor":2.0},{"not_picked":["stsjorbsmod:RayOfFrost","stsjorbsmod:Firebolt"],"picked":"stsjorbsmod:ArcaneForm","floor":11.0},{"not_picked":["ShyLook","SingingMachine","LaLuna"],"picked":"Singing Bowl","floor":11.0},{"not_picked":["SpiderBud","CrumblingArmor","FieryBird"],"picked":"Singing Bowl","floor":12.0},{"not_picked":["stsjorbsmod:DisguiseSelf","stsjorbsmod:Mending","stsjorbsmod:AnimateObjects"],"picked":"SKIP","floor":12.0},{"not_picked":["stsjorbsmod:RayOfFrost","stsjorbsmod:Thorns","stsjorbsmod:Counterspell"],"picked":"SKIP","floor":14.0},{"not_picked":["QueenBee","Murderer","HeroicMonk"],"picked":"Singing Bowl","floor":14.0},{"not_picked":["stsjorbsmod:RayOfFrost","stsjorbsmod:Thorns","stsjorbsmod:Counterspell"],"picked":"SKIP","floor":14.0},{"not_picked":["stsjorbsmod:HoldMonster","stsjorbsmod:Trauma"],"picked":"stsjorbsmod:Pyromancy","floor":16.0},{"not_picked":["MHz","HappyTeddy","Scorched"],"picked":"Singing Bowl","floor":16.0},{"not_picked":["stsjorbsmod:Prestidigitation","stsjorbsmod:Channel+1"],"picked":"stsjorbsmod:MagicMissiles","floor":18.0},{"not_picked":["Wellcheers","SpiderBud","WallGazer"],"picked":"Singing Bowl","floor":18.0},{"not_picked":["stsjorbsmod:Prestidigitation","stsjorbsmod:UnseenServant+1"],"picked":"stsjorbsmod:ChainLightning+1","floor":21.0},{"not_picked":["DreamingCurrent","VoidDream","OldLady"],"picked":"Singing Bowl","floor":21.0},{"not_picked":["CherryBlossoms","SpiderBud","Wellcheers"],"picked":"Singing Bowl","floor":24.0},{"not_picked":["stsjorbsmod:Will+1","stsjorbsmod:Materialize+1","stsjorbsmod:WeightOfMemory"],"picked":"SKIP","floor":24.0},{"not_picked":["RedShoes","LongBird","CherryBlossoms"],"picked":"Singing Bowl","floor":25.0},{"not_picked":["stsjorbsmod:ParryingBlow","stsjorbsmod:HedgeWizard","stsjorbsmod:ArcaneWeapon"],"picked":"SKIP","floor":25.0},{"not_picked":["FairyFestival","PunishingBird","NakedNest"],"picked":"Singing Bowl","floor":27.0},{"not_picked":["stsjorbsmod:ArcaneWeapon","stsjorbsmod:Hurt+1","stsjorbsmod:DoubleCheck"],"picked":"SKIP","floor":27.0},{"not_picked":["HeroicMonk","NothingThere","Alriune"],"picked":"Singing Bowl","floor":28.0},{"not_picked":["stsjorbsmod:Mending","stsjorbsmod:Hibernate+1","stsjorbsmod:Firebolt"],"picked":"SKIP","floor":28.0},{"not_picked":["stsjorbsmod:Materialize","stsjorbsmod:Hibernate"],"picked":"stsjorbsmod:GatherPower","floor":30.0},{"not_picked":["Alriune","OSAHOGD","UniverseFragment"],"picked":"Singing Bowl","floor":30.0},{"not_picked":["LongBird","GreedKing","Freischutz"],"picked":"Singing Bowl","floor":31.0},{"not_picked":["stsjorbsmod:FaerieFire","stsjorbsmod:FracturedMind","stsjorbsmod:FranticSearch"],"picked":"SKIP","floor":31.0},{"not_picked":["stsjorbsmod:GatherPower","stsjorbsmod:Fireball"],"picked":"stsjorbsmod:SiphonEnergy","floor":33},{"not_picked":["Murderer","FieryBird","SnowQueen"],"picked":"Singing Bowl","floor":33},{"not_picked":["CENSORED","RedShoes","DespairKnight"],"picked":"Singing Bowl","floor":35},{"not_picked":["stsjorbsmod:UnseenServant+1","stsjorbsmod:Materialize","stsjorbsmod:RayOfFrost+1"],"picked":"SKIP","floor":35},{"not_picked":["DreamingCurrent","NakedNest","FairyFestival"],"picked":"Singing Bowl","floor":36},{"not_picked":["stsjorbsmod:Thorns+1","stsjorbsmod:DisguiseSelf","stsjorbsmod:Rest+1"],"picked":"SKIP","floor":36},{"not_picked":["stsjorbsmod:TrueStrike+1","stsjorbsmod:MageArmor+1"],"picked":"stsjorbsmod:WanderingMind","floor":38},{"not_picked":["SingingMachine","CherryBlossoms","WallGazer"],"picked":"Singing Bowl","floor":38},{"not_picked":["stsjorbsmod:MageArmor+1","stsjorbsmod:MistyStep+1"],"picked":"stsjorbsmod:DeathThroes","floor":40},{"not_picked":["Woodsman","LongBird","VoidDream"],"picked":"Singing Bowl","floor":40},{"not_picked":["stsjorbsmod:Materialize","stsjorbsmod:Firebolt"],"picked":"stsjorbsmod:ChatteringStrike+1","floor":42},{"not_picked":["Bloodbath","NakedNest","GalaxyChild"],"picked":"Singing Bowl","floor":42},{"not_picked":["LaLuna","WhitesApple","FairyFestival"],"picked":"Singing Bowl","floor":44},{"not_picked":["stsjorbsmod:RayOfFrost","stsjorbsmod:Prestidigitation+1","stsjorbsmod:WeightOfMemory"],"picked":"SKIP","floor":44},{"not_picked":["stsjorbsmod:ColorSpray+1","stsjorbsmod:OldPocket"],"picked":"stsjorbsmod:MagicMissiles","floor":48},{"not_picked":["Alriune","SnowQueen","FieryBird"],"picked":"Singing Bowl","floor":48}],"player_experience":957746,"relics_obtained":[{"floor":1.0,"key":"LetterFromLob"},{"floor":7.0,"key":"Ring of Fangs"},{"floor":7.0,"key":"ReplayTheSpireMod:Ring of Addiction"},{"floor":7.0,"key":"Potion Belt"},{"floor":7.0,"key":"Chameleon Ring"},{"floor":9.0,"key":"Replay:Baseball"},{"floor":11.0,"key":"Tiny Chest"},{"floor":18.0,"key":"wanderingMiniBosses:CarrionFlame"},{"floor":25.0,"key":"Bronze Scales"},{"floor":26.0,"key":"HollowMod:PaleOreRelic"},{"floor":29.0,"key":"Torii"},{"floor":30.0,"key":"Frozen Egg 2"},{"floor":36,"key":"AtMidnight"},{"floor":38,"key":"CatCart"},{"floor":39,"key":"CeramicFish"},{"floor":40,"key":"Gambling Chip"},{"floor":43,"key":"Quantum Egg"},{"floor":46,"key":"Replay:WaspNest"}],"event_choices":[{"cards_removed":["stsjorbsmod:Strike_Wanderer"],"damage_healed":0.0,"max_hp_gain":0.0,"max_hp_loss":0.0,"gold_gain":0.0,"event_name":"The Cleric","player_choice":"Card Removal","floor":3.0,"gold_loss":50.0,"damage_taken":0.0},{"damage_healed":0.0,"max_hp_gain":0.0,"max_hp_loss":5.0,"gold_gain":0.0,"event_name":"betterThird:BetterWriting","player_choice":"Simplicity","floor":20.0,"gold_loss":0.0,"damage_taken":0.0},{"damage_healed":0,"gold_gain":0,"player_choice":"Fight","damage_taken":0,"max_hp_gain":0,"max_hp_loss":0,"event_name":"OrinTheCat","floor":38,"gold_loss":0},{"cards_removed":["stsjorbsmod:DeathThroes"],"damage_healed":0,"gold_gain":0,"player_choice":"Removed Attack","damage_taken":0,"max_hp_gain":0,"max_hp_loss":0,"event_name":"Falling","floor":41,"gold_loss":0}],"is_beta":false,"boss_relics":[{"not_picked":["Runic Pyramid","Tiny House"],"picked":"Painkiller Herb"},{"not_picked":["Abe\u0027s Treasure","Runic Dome"],"picked":"Philosopher\u0027s Stone"}],"items_purged_floors":[5],"is_endless":false,"potions_floor_spawned":[12,14,21,25,30,31,33,35,38,48],"ascension_level":1}}