{"host":"oi6p1guiqfwwvxym","time":1610314822,"event":{"mods":["BaseMod","Colored Map","Minty Spire (QoL Compilation)"],"gold_per_floor":[113,128,128,128,146,176,176,207,207,221,171,171,197,209,221,333,345,369,400,181,181,193,193,212,243,243,243,243],"floor_reached":27,"playtime":2120,"items_purged":["Strike_B"],"score":266,"play_id":"6dff1417-4171-458e-8aac-7c2f458a49df","local_time":"20210110134022","is_ascension_mode":false,"campfire_choices":[{"data":"Dualcast","floor":7,"key":"SMITH"},{"floor":12,"key":"REST"},{"floor":15,"key":"REST"},{"data":"Fission","floor":23,"key":"SMITH"}],"circlet_count":0,"master_deck":["Strike_B","Strike_B","Defend_B","Defend_B","Defend_B","Defend_B","Zap","Dualcast+1","Rebound","Doom and Gloom","Rip and Tear","Compile Driver","Hologram","Conserve Battery","Fission+1","Turbo+1","Redo","Steam Power","Tempest+1","Glacier","Genetic Algorithm"],"relics":["Cracked Core","WarpedTongs","Happy Flower","Ornamental Fan","Mummified Hand","MawBank","Snecko Eye","MealTicket","Toy Ornithopter","Kunai"],"acts_visited":["Exordium","TheCity"],"potions_floor_usage":[8,25,25],"damage_taken":[{"damage":0.0,"enemies":"2 Louse","floor":1.0,"turns":2.0},{"damage":1.0,"enemies":"Cultist","floor":2.0,"turns":3.0},{"damage":3.0,"enemies":"Jaw Worm","floor":5.0,"turns":5.0},{"damage":30,"enemies":"Gremlin Nob","floor":6,"turns":4},{"damage":31,"enemies":"Lagavulin","floor":8,"turns":5},{"damage":7,"enemies":"Blue Slaver","floor":10,"turns":2},{"damage":29,"enemies":"Hexaghost","floor":16,"turns":11},{"damage":26,"enemies":"2 Thieves","floor":18,"turns":3},{"damage":3,"enemies":"Shell Parasite","floor":19,"turns":6},{"damage":13,"enemies":"Sentry and Sphere","floor":22,"turns":4},{"damage":15,"enemies":"Cultist and Chosen","floor":24,"turns":6},{"damage":0,"enemies":"Slavers","floor":25,"turns":2},{"damage":20,"enemies":"Book of Stabbing","floor":27,"turns":5}],"seed_played":"7088125444184656667","potions_obtained":[{"floor":0.0,"key":"ColorlessPotion"},{"floor":0.0,"key":"SteroidPotion"},{"floor":0.0,"key":"Strength Potion"},{"floor":8,"key":"Explosive Potion"}],"is_trial":false,"path_per_floor":["M","M","?","?","M","E","R","E","T","M","?","R","T","$","R","B",null,"M","M","$","?","M","R","M","E","T","E"],"character_chosen":"DEFECT","items_purchased":["MealTicket"],"campfire_rested":2,"item_purchase_floors":[20],"current_hp_per_floor":[75,74,74,74,71,41,41,10,10,3,3,25,25,25,47,18,75,49,46,46,46,33,33,18,18,18,0,0],"gold":243,"neow_bonus":"THREE_SMALL_POTIONS","is_daily":false,"chose_seed":false,"campfire_upgraded":2,"win_rate":0.0,"timestamp":1610314822,"path_taken":["M","M","?","?","?","E","R","E","T","M","?","R","?","?","R","BOSS","M","M","$","?","M","R","M","E","T","E"],"items_purchased_type":["Relic"],"build_version":"2020-12-22","purchased_purges":1,"victory":false,"max_hp_per_floor":[75,75,75,75,75,75,75,75,75,75,75,75,75,75,75,75,75,75,75,75,75,75,75,75,75,75,75,75],"card_choices":[{"not_picked":["Hello World","Echo Form"],"picked":"Rebound","floor":1.0},{"not_picked":["Beam Cell","Reinforced Body"],"picked":"Doom and Gloom","floor":2.0},{"not_picked":["Melter","Turbo"],"picked":"Rip and Tear","floor":5},{"not_picked":["Chaos","Echo Form"],"picked":"Compile Driver","floor":6},{"not_picked":["Redo","Compile Driver"],"picked":"Hologram","floor":8},{"not_picked":["Sunder","Turbo"],"picked":"Conserve Battery","floor":10},{"not_picked":["Meteor Strike","Amplify"],"picked":"Fission","floor":16},{"not_picked":["Doom and Gloom+1","Conserve Battery"],"picked":"Turbo+1","floor":18},{"not_picked":["Beam Cell","Rebound"],"picked":"Redo","floor":19},{"not_picked":["Hologram","Hello World"],"picked":"Tempest+1","floor":22},{"not_picked":["Coolheaded+1","Compile Driver"],"picked":"Glacier","floor":24},{"not_picked":["Rip and Tear","Stack"],"picked":"Genetic Algorithm","floor":25}],"player_experience":348127,"relics_obtained":[{"floor":6,"key":"Happy Flower"},{"floor":8,"key":"Ornamental Fan"},{"floor":9,"key":"Mummified Hand"},{"floor":13,"key":"MawBank"},{"floor":25,"key":"Toy Ornithopter"},{"floor":26,"key":"Kunai"}],"event_choices":[{"damage_healed":0.0,"max_hp_gain":0.0,"max_hp_loss":0.0,"gold_gain":0.0,"event_name":"Liars Game","player_choice":"Ignored","floor":3.0,"gold_loss":0.0,"damage_taken":0.0},{"damage_healed":0.0,"max_hp_gain":0.0,"max_hp_loss":0.0,"gold_gain":0.0,"event_name":"Accursed Blacksmith","player_choice":"Rummage","floor":4.0,"gold_loss":0.0,"damage_taken":0.0,"relics_obtained":["WarpedTongs"],"cards_obtained":["Pain"]},{"cards_removed":["Pain"],"damage_healed":0,"gold_gain":0,"player_choice":"Card Removal","damage_taken":0,"max_hp_gain":0,"max_hp_loss":0,"event_name":"The Cleric","floor":11,"gold_loss":50},{"damage_healed":0,"gold_gain":0,"cards_transformed":["Strike_B"],"player_choice":"Transformed","damage_taken":0,"max_hp_gain":0,"max_hp_loss":0,"event_name":"Transmorgrifier","floor":21,"gold_loss":0,"cards_obtained":["Steam Power"]}],"is_beta":false,"boss_relics":[{"not_picked":["Busted Crown","Astrolabe"],"picked":"Snecko Eye"}],"items_purged_floors":[20],"is_endless":false,"potions_floor_spawned":[5,6,8,24],"killed_by":"Book of Stabbing","ascension_level":0}}