{"host":"m6h67kf6cz80m3yv","time":1610275403,"event":{"mods":["Bartender","BaseMod","Better Third Choice","BetterRewards","CatGirl Mod","Colored Powertips","Downfall","Duelist Mod","Hermit","Marisa????????","Minty Spire (QoL Compilation)","Prisma Mod","Quick Restart","Shade Mod","Shop Mod","StSLib","SuperFastMode","The Dragon Tamer","The Marked","The Servant 0.9.4"],"gold_per_floor":[112,125,125,125,137,169,179,211,211,228,228,228,239,252,252,252,252],"floor_reached":16,"playtime":530,"items_purged":[],"score":148,"play_id":"b8267435-3e10-420b-bb1b-f9e116592b9f","local_time":"20210110084323","is_ascension_mode":true,"campfire_choices":[{"floor":12.0,"key":"REST"},{"floor":15.0,"key":"REST"}],"circlet_count":0,"master_deck":["Strike_S","Strike_S","Strike_S","Strike_S","Defend_S","Defend_S","Defend_S","Defend_S","KidneyShot","Exchange","Gouge","FastForward","Ricochet","Ricochet","FastForward","Potential","Comet","FastForward","MurderousAura","theDuelist:CurseAnubis","Orbit","TheWorld"],"relics":["Uniform","Peace Pipe","Ginger","StoneCalendar"],"acts_visited":["Exordium"],"potions_floor_usage":[16],"damage_taken":[{"damage":3.0,"enemies":"2 Louse","floor":1.0,"turns":4.0},{"damage":1.0,"enemies":"Small Slimes","floor":2.0,"turns":3.0},{"damage":9.0,"enemies":"Jaw Worm","floor":5.0,"turns":5.0},{"damage":26.0,"enemies":"3 Sentries","floor":6.0,"turns":8.0},{"damage":5.0,"enemies":"Red Slaver","floor":7.0,"turns":4.0},{"damage":20.0,"enemies":"Gremlin Nob","floor":8.0,"turns":5.0},{"damage":0.0,"enemies":"Lots of Slimes","floor":10.0,"turns":3.0},{"damage":4.0,"enemies":"Large Slime","floor":13.0,"turns":5.0},{"damage":0.0,"enemies":"Exordium Wildlife","floor":14.0,"turns":2.0},{"damage":48,"enemies":"Slime Boss","floor":16,"turns":6}],"seed_played":"-4560399800137839016","potions_obtained":[{"floor":1.0,"key":"Weak Potion"},{"floor":5.0,"key":"GamblersBrew"},{"floor":8.0,"key":"Block Potion"},{"floor":10.0,"key":"FearPotion"}],"is_trial":false,"path_per_floor":["M","M","?","?","M","E","M","E","T","M","?","R","M","M","R","B"],"character_chosen":"THE_SERVANT","items_purchased":[],"campfire_rested":2,"item_purchase_floors":[],"current_hp_per_floor":[62,61,61,61,52,26,21,1,1,1,1,22,18,18,39,0,0],"gold":252,"neow_bonus":"TEN_PERCENT_HP_BONUS","is_daily":false,"chose_seed":false,"campfire_upgraded":0,"win_rate":0.0,"timestamp":1610275403,"path_taken":["M","M","?","?","M","E","M","E","T","M","?","R","?","?","R","BOSS"],"items_purchased_type":[],"build_version":"2020-12-22","purchased_purges":0,"victory":false,"max_hp_per_floor":[71,71,71,71,71,71,71,71,71,71,71,71,71,71,71,71,71],"card_choices":[{"not_picked":["MoonPhase","BottledTime"],"picked":"Gouge","floor":1.0},{"not_picked":["Spin","Starlight"],"picked":"FastForward","floor":2.0},{"not_picked":["Snipe","Unruled"],"picked":"Ricochet","floor":5.0},{"not_picked":["ForgedInTime","Replace"],"picked":"Ricochet","floor":6.0},{"not_picked":["Ricochet","Reset"],"picked":"FastForward","floor":7.0},{"not_picked":["Read","Unruled"],"picked":"Potential","floor":8.0},{"not_picked":["Replace","FanOfKnives"],"picked":"Comet","floor":10.0},{"not_picked":["Spin","Rewind"],"picked":"Orbit","floor":13.0},{"not_picked":["TimeWarp","Hightail"],"picked":"TheWorld","floor":14.0}],"player_experience":345374,"relics_obtained":[{"floor":6.0,"key":"Peace Pipe"},{"floor":8.0,"key":"Ginger"},{"floor":9.0,"key":"StoneCalendar"}],"event_choices":[{"damage_healed":0.0,"max_hp_gain":0.0,"max_hp_loss":0.0,"gold_gain":0.0,"event_name":"Golden Wing","player_choice":"Ignored","floor":3.0,"gold_loss":0.0,"damage_taken":0.0},{"damage_healed":0.0,"max_hp_gain":0.0,"max_hp_loss":0.0,"gold_gain":0.0,"event_name":"The Cleric","player_choice":"Leave","floor":4.0,"gold_loss":0.0,"damage_taken":0.0},{"damage_healed":0.0,"max_hp_gain":0.0,"max_hp_loss":0.0,"gold_gain":0.0,"event_name":"Match and Keep!","player_choice":"3 cards matched","floor":11.0,"gold_loss":0.0,"damage_taken":0.0,"cards_obtained":["FastForward","MurderousAura","theDuelist:CurseAnubis"]}],"is_beta":false,"boss_relics":[],"items_purged_floors":[],"is_endless":false,"potions_floor_spawned":[1,5,8,10],"killed_by":"Slime Boss","ascension_level":6}}