{"host":"wby4rs3xnry3zy6c","time":1610246066,"event":{"mods":["AchievementEnabler","BaseMod","BetterRewards","Colored Map","Colored Powertips","Downfall","Hubris","Infinite Spire","Minty Spire (QoL Compilation)","Replay The Spire","Shop Mod","StSLib","The Cursed","The Necromancer"],"gold_per_floor":[116,41,41,41,61,97,97,121,121,21,46,46,46,71,71,190,190,213,213,229,252,252,271,271,370,393,393,499,519,532,532,532,657,657,678,373,394,394,409,444,444,465,537,558,558,579,592,442,442,442,442],"floor_reached":50,"playtime":2724,"items_purged":["Strike_R","Strike_R","Replay:Parry","Injury"],"score":526,"play_id":"08edf342-af42-4b2a-a115-2e0b89b7183e","local_time":"20210109203426","is_ascension_mode":false,"campfire_choices":[{"data":"Life Link","floor":7,"key":"SMITH"},{"data":"Anger","floor":12,"key":"SMITH"},{"data":"hubris:DuctTapeCard","floor":15,"key":"SMITH"},{"floor":24,"key":"REST"},{"floor":32,"key":"REST"},{"floor":41,"key":"REST"},{"floor":45,"key":"REST"},{"floor":49,"key":"REST"}],"circlet_count":0,"master_deck":["Strike_R","Defend_R","Defend_R","Defend_R","Defend_R","Bash","Life Link+1","hubris:DuctTapeCard+2","Twin Strike","Anger+1","Thunderclap","Flex","infinitespire:Punishment","Flex+1","Warcry","Headbutt+1","Anger","Replay:Dark Deal","infinitespire:Punishment","Rage","Pommel Strike+1"],"relics":["Black Blood","hubris:DuctTape","Golden Idol","Vajra","Kunai","hubris:Towel","Fusion Hammer","MutagenicStrength","infinitespire:Satchel","Ring of Hypnosis","Potion Belt","Snack Pack","hubris:TinFlute"],"acts_visited":["Exordium","TheCity","TheBeyond"],"potions_floor_usage":[16,16,16,30,33,44,44,44,44,50,50,50,50],"damage_taken":[{"damage":1,"enemies":"Jaw Worm","floor":1,"turns":4},{"damage":6,"enemies":"2 Louse","floor":5,"turns":3},{"damage":33,"enemies":"Gremlin Nob","floor":6,"turns":4},{"damage":1,"enemies":"Cultist","floor":8,"turns":2},{"damage":8,"enemies":"Red Slaver","floor":11,"turns":2},{"damage":5,"enemies":"Looter","floor":14,"turns":3},{"damage":53,"enemies":"Slime Boss","floor":16,"turns":10},{"damage":10,"enemies":"Chosen","floor":18,"turns":4},{"damage":15,"enemies":"3 Byrds","floor":20,"turns":4},{"damage":27,"enemies":"Snake Plant","floor":21,"turns":2},{"damage":16,"enemies":"Centurion and Healer","floor":23,"turns":5},{"damage":8,"enemies":"Cultist and Chosen","floor":29,"turns":4},{"damage":0,"enemies":"Snake Plant","floor":30,"turns":2},{"damage":47,"enemies":"Collector","floor":33,"turns":7},{"damage":8,"enemies":"Orb Walker","floor":35,"turns":2},{"damage":10,"enemies":"3 Shapes","floor":37,"turns":2},{"damage":19,"enemies":"Transient","floor":39,"turns":5},{"damage":62,"enemies":"Nemesis","floor":40,"turns":5},{"damage":22,"enemies":"Maw","floor":42,"turns":5},{"damage":33,"enemies":"Writhing Mass","floor":44,"turns":4},{"damage":24,"enemies":"Spire Growth","floor":46,"turns":3},{"damage":14,"enemies":"4 Shapes","floor":47,"turns":9},{"damage":64,"enemies":"Awakened One","floor":50,"turns":6}],"seed_played":"6869421673847436088","potions_obtained":[{"floor":1,"key":"champ:CounterPotion"},{"floor":11,"key":"FearPotion"},{"floor":14,"key":"SpeedPotion"},{"floor":21,"key":"champ:CounterPotion"},{"floor":23,"key":"Block Potion"},{"floor":30,"key":"Dexterity Potion"},{"floor":35,"key":"Cursed Concoction"},{"floor":39,"key":"EntropicBrew"},{"floor":42,"key":"Death Potion"},{"floor":46,"key":"champ:CounterPotion"}],"is_trial":false,"path_per_floor":["M","$","?","?","M","E","R","M","T","$","M","R","?","M","R","B",null,"M","?","M","M","AVR","M","R","?","T","?","?","M","M","?","R","B",null,"M","$","M","?","M","E","R","M","T","M","R","M","M","$","R","B"],"character_chosen":"IRONCLAD","items_purchased":["Replay:Dark Deal"],"campfire_rested":5,"item_purchase_floors":[36],"current_hp_per_floor":[80,80,80,80,80,53,53,58,58,58,56,56,56,57,57,10,80,76,76,67,46,46,36,60,60,60,60,60,58,64,64,80,39,80,80,80,80,80,73,23,47,39,39,18,42,34,32,32,56,0,0],"gold":442,"neow_bonus":"RANDOM_COLORLESS","is_daily":false,"chose_seed":false,"campfire_upgraded":3,"win_rate":0.0,"timestamp":1610246066,"path_taken":["M","$","?","?","M","E","R","?","T","?","M","R","?","M","R","BOSS","M","?","M","M","AVR","M","R","?","T","?","?","?","M","?","R","BOSS","M","$","M","?","M","E","R","M","T","?","R","M","M","$","R","BOSS"],"items_purchased_type":["Card"],"build_version":"2020-12-22","purchased_purges":4,"victory":false,"max_hp_per_floor":[80,80,80,80,80,80,80,80,80,80,80,80,80,80,80,80,80,80,80,80,80,80,80,80,80,80,80,80,80,80,80,80,80,80,80,80,80,80,80,80,80,80,80,80,80,80,80,80,80,80,80],"card_choices":[{"not_picked":["Discovery","expansioncontent:ManipulateTime"],"picked":"Replay:Parry","floor":0},{"not_picked":["Havoc","Seeing Red"],"picked":"Life Link","floor":1},{"not_picked":["Perfected Strike","Thunderclap"],"picked":"Twin Strike","floor":5},{"not_picked":["Pommel Strike","Offering","ReplayTheSpireMod:Strike From Hell"],"picked":"SKIP","floor":6},{"not_picked":["Perfected Strike","Reckless Charge"],"picked":"Anger","floor":8},{"not_picked":["Wild Strike","Searing Blow","Carnage"],"picked":"SKIP","floor":11},{"not_picked":["Cleave","ReplayTheSpireMod:Limb From Limb","Iron Wave"],"picked":"SKIP","floor":14},{"not_picked":["Replay:Undeath\u0027s Touch","Perfected Strike"],"picked":"Thunderclap","floor":18},{"not_picked":["Armaments","ReplayTheSpireMod:LeadingStrike"],"picked":"Flex","floor":20},{"not_picked":["Twin Strike","Warcry","Pommel Strike+1"],"picked":"SKIP","floor":21},{"not_picked":["True Grit+1","ReplayTheSpireMod:Strike From Hell"],"picked":"Flex+1","floor":23},{"not_picked":["Pommel Strike","Whirlwind"],"picked":"Warcry","floor":28},{"not_picked":["Sword Boomerang+1","Bloodletting"],"picked":"Headbutt+1","floor":29},{"not_picked":["Entrench","Run Through+1"],"picked":"Anger","floor":30},{"not_picked":["Havoc","Perfected Strike+1","Cleave+1"],"picked":"SKIP","floor":35},{"not_picked":["Armaments","Heavy Blade","Sword Boomerang+1"],"picked":"SKIP","floor":37},{"not_picked":["Armaments","Heavy Blade","Sword Boomerang+1"],"picked":"SKIP","floor":37},{"not_picked":["Thunderclap+1","Searing Blow+1","Cleave"],"picked":"SKIP","floor":39},{"not_picked":["ReplayTheSpireMod:Strike From Hell+1","hubris:CleavingFinish+1","Flame Barrier+1"],"picked":"SKIP","floor":40},{"not_picked":["Replay:Undeath\u0027s Touch","ReplayReversal","ReplayTheSpireMod:Corrosion Curse"],"picked":"SKIP","floor":42},{"not_picked":["Dropkick+1","Armaments"],"picked":"Rage","floor":44},{"not_picked":["Searing Blow","Headbutt","Power Through+1"],"picked":"SKIP","floor":46},{"not_picked":["Iron Wave","Clothesline+1"],"picked":"Pommel Strike+1","floor":47}],"player_experience":102073,"relics_obtained":[{"floor":3,"key":"hubris:DuctTape"},{"floor":6,"key":"Vajra"},{"floor":9,"key":"Kunai"},{"floor":26,"key":"infinitespire:Satchel"},{"floor":27,"key":"Ring of Hypnosis"},{"floor":28,"key":"Potion Belt"},{"floor":40,"key":"Snack Pack"},{"floor":43,"key":"hubris:TinFlute"}],"event_choices":[{"damage_healed":0,"gold_gain":0,"player_choice":"Take Wound","damage_taken":0,"relics_obtained":["Golden Idol"],"max_hp_gain":0,"max_hp_loss":0,"event_name":"Golden Idol","floor":4,"gold_loss":0,"cards_obtained":["Injury"]},{"damage_healed":0,"gold_gain":0,"player_choice":"Inject Mutagens","damage_taken":0,"relics_obtained":["MutagenicStrength"],"max_hp_gain":0,"max_hp_loss":0,"event_name":"Drug Dealer","floor":19,"gold_loss":0},{"damage_healed":0,"gold_gain":99,"player_choice":"Stole From Cult","damage_taken":0,"max_hp_gain":0,"max_hp_loss":0,"event_name":"Nest","floor":25,"gold_loss":0},{"damage_healed":0,"gold_gain":0,"player_choice":"Copied","damage_taken":0,"max_hp_gain":0,"max_hp_loss":0,"event_name":"Duplicator","floor":38,"gold_loss":0,"cards_obtained":["infinitespire:Punishment"]}],"is_beta":false,"boss_relics":[{"not_picked":["hubris:VirtuousBlindfold","hubris:Stopwatch"],"picked":"Fusion Hammer"},{"not_picked":["Busted Crown","Sozu"],"picked":"Black Blood"}],"items_purged_floors":[2,10,36,48],"is_endless":false,"potions_floor_spawned":[1,11,14,21,23,30,35,39,42,46,47],"killed_by":"Awakened One","ascension_level":0}}