{"host":"cr892wvdvh6p7gzy","time":1610238833,"event":{"mods":["A Magickal Journey","BaseMod","BetterRewards","Downfall","GifTheSpireLib","Hubris","Infinite Spire","Minty Spire (QoL Compilation)","READ ME - Guardian Mod","Replay The Spire","SOS???????","StSLib","The Bug Knight","The Dragon Tamer","The Necromancer","???Mod??????Boss"],"gold_per_floor":[112,82,136,19,35,35,35,35,35,54,80,80,80,80,80,175,175,190,190,290,277,296,296,314,314,385,399,414,513,513,524,524,622,622,636,636,649,455,195,195,210,224,248,248,248,263,276,289,289,289],"floor_reached":51,"playtime":3425,"items_purged":[],"score":673,"play_id":"5801eb06-fe85-40f4-a798-7c1f7f00f746","local_time":"20210110013353","is_ascension_mode":true,"campfire_choices":[{"data":"Dualcast","floor":6,"key":"SMITH"},{"data":"Streamline","floor":8,"key":"SMITH"},{"data":"Defragment","floor":12,"key":"SMITH"},{"floor":15,"key":"REST"},{"data":"Reinforced Body","floor":23,"key":"SMITH"},{"data":"Zap","floor":25,"key":"SMITH"},{"data":"Auto Shields","floor":30,"key":"SMITH"},{"floor":32,"key":"REST"},{"data":"Defragment","floor":40,"key":"SMITH"},{"floor":44,"key":"REST"},{"floor":49,"key":"REST"}],"circlet_count":0,"master_deck":["Strike_B","Strike_B","Strike_B","Strike_B","Defend_B","Defend_B","Defend_B","Defend_B","Zap+1","Dualcast+1","Streamline+1","Reinforced Body+1","Ball Lightning","Defragment+1","Electrodynamics+1","Auto Shields+1","Conserve Battery","Capacitor+1","Replay:Dark Deal+1","Defragment+1","Auto Shields+1"],"relics":["Cracked Core","Dream Catcher","Replay:Bottled Flurry","Odd Mushroom","hubris:Towel","hubris:BallOfYels","hubris:Backtick","Burning Blood","HollowMod:LifeEnderRelic","Guide Book","Bronze Scales","Bottled Tornado"],"acts_visited":["Exordium","TheCity","TheBeyond"],"potions_floor_usage":[11,16,16,21,28,37,41,41,46,46,47],"damage_taken":[{"damage":6,"enemies":"2 Louse","floor":1,"turns":3},{"damage":7,"enemies":"Jaw Worm","floor":5,"turns":3},{"damage":0,"enemies":"Small Slimes","floor":10,"turns":3},{"damage":10,"enemies":"The Mushroom Lair","floor":11,"turns":3},{"damage":23,"enemies":"Fading Forest","floor":16,"turns":11},{"damage":2,"enemies":"Chosen","floor":18,"turns":4},{"damage":21,"enemies":"2 Thieves","floor":21,"turns":5},{"damage":1,"enemies":"Sentry and Sphere","floor":22,"turns":3},{"damage":0,"enemies":"3 Cultists","floor":24,"turns":3},{"damage":5,"enemies":"Snecko","floor":27,"turns":4},{"damage":22,"enemies":"Centurion and Healer","floor":28,"turns":4},{"damage":33,"enemies":"Sentry and Sphere","floor":31,"turns":6},{"damage":17,"enemies":"Collector","floor":33,"turns":10},{"damage":14,"enemies":"3 Shapes","floor":35,"turns":3},{"damage":3,"enemies":"3 Darklings","floor":37,"turns":2},{"damage":30,"enemies":"Transient","floor":41,"turns":5},{"damage":24,"enemies":"Maw","floor":42,"turns":4},{"damage":30,"enemies":"Spire Growth","floor":46,"turns":4},{"damage":2,"enemies":"3 Darklings","floor":47,"turns":3},{"damage":32,"enemies":"Maw","floor":48,"turns":8},{"damage":45,"enemies":"infinitespire:MassOfShapes","floor":50,"turns":15}],"seed_played":"8556320817204164644","potions_obtained":[{"floor":1,"key":"hexamod:EctoCoolerPotion"},{"floor":5,"key":"Ancient Potion"},{"floor":11,"key":"Fruit Juice"},{"floor":18,"key":"SkillPotion"},{"floor":21,"key":"Elixir"},{"floor":27,"key":"DuplicationPotion"},{"floor":36,"key":"infinitespire:BlackPotion"},{"floor":36,"key":"FearPotion"},{"floor":36,"key":"Fire Potion"},{"floor":41,"key":"SteroidPotion"},{"floor":46,"key":"PowerPotion"}],"is_trial":false,"path_per_floor":["M","?","T","$","M","R","$","R","T","M","?","R","?","T","R","B",null,"M","?","?","M","M","R","M","R","T","M","M","?","R","M","R","B",null,"M","?","M","$","$","R","M","M","T","R","T","M","M","M","R","B",null],"character_chosen":"DEFECT","items_purchased":["Streamline","Reinforced Body","Replay:Dark Deal","Defragment","Guide Book","hexamod:EctoCoolerPotion"],"campfire_rested":4,"item_purchase_floors":[4,4,38,39,39,39],"current_hp_per_floor":[76,76,76,76,69,69,69,69,69,69,59,59,59,59,82,74,87,87,87,87,72,77,77,83,83,83,84,68,68,68,41,67,56,87,79,79,82,82,82,82,58,40,40,66,66,42,46,20,46,7],"gold":289,"neow_bonus":"TEN_PERCENT_HP_BONUS","is_daily":false,"chose_seed":false,"campfire_upgraded":7,"win_rate":0.0,"timestamp":1610238833,"path_taken":["M","?","?","$","M","R","$","R","T","M","?","R","?","?","R","BOSS","M","?","?","M","M","R","M","R","T","M","?","?","R","M","R","BOSS","M","?","?","?","$","R","M","M","T","R","?","M","M","M","R","BOSS"],"items_purchased_type":["Card","Card","Card","Card","Relic","Potion"],"build_version":"2020-12-22","purchased_purges":0,"victory":true,"max_hp_per_floor":[82,82,82,82,82,82,82,82,82,82,82,82,82,82,82,87,87,87,87,87,87,87,87,87,87,87,87,87,87,87,87,87,87,87,87,87,87,87,87,87,87,87,87,87,87,87,87,87,87,87],"card_choices":[{"not_picked":["hubris:Ukulele","Rebound","Heatsinks"],"picked":"SKIP","floor":1},{"not_picked":["Sweeping Beam","Cold Snap","Panic Button"],"picked":"SKIP","floor":5},{"not_picked":["BasicCrystalCard","Biased Cognition"],"picked":"Ball Lightning","floor":10},{"not_picked":["Panic Button","Steam"],"picked":"Defragment","floor":11},{"not_picked":["ReplayTheSpireMod:Fabricate Wheel","Seek"],"picked":"Electrodynamics","floor":16},{"not_picked":["Gash+1","Lockon","Chill"],"picked":"SKIP","floor":18},{"not_picked":["Melter+1","Go for the Eyes+1","Panic Button"],"picked":"SKIP","floor":21},{"not_picked":["Streamline","Hyperbeam","ReplayTheSpireMod:System Scan"],"picked":"SKIP","floor":22},{"not_picked":["Steam","Panic Button"],"picked":"Auto Shields","floor":24},{"not_picked":["Tempest","Beam Cell","Gash"],"picked":"SKIP","floor":27},{"not_picked":["Beam Cell+1","Redo","Rebound"],"picked":"SKIP","floor":28},{"not_picked":["Coolheaded","Sweeping Beam+1"],"picked":"Conserve Battery","floor":31},{"not_picked":["Go for the Eyes+1","Defragment","Undo"],"picked":"SKIP","floor":35},{"not_picked":["Turbo","Melter+1"],"picked":"Capacitor+1","floor":37},{"not_picked":["Stack","Double Energy"],"picked":"Auto Shields+1","floor":41},{"not_picked":["Compile Driver","Streamline+1","Coolheaded"],"picked":"SKIP","floor":42},{"not_picked":["Defragment+1","All For One","Stack+1"],"picked":"SKIP","floor":46},{"not_picked":["ReplaySolidLightProjector","Barrage+1","Double Energy+1"],"picked":"SKIP","floor":47},{"not_picked":["Leap","Barrage+1","Gash"],"picked":"SKIP","floor":48}],"player_experience":470805,"relics_obtained":[{"floor":3,"key":"Dream Catcher"},{"floor":9,"key":"Replay:Bottled Flurry"},{"floor":11,"key":"Odd Mushroom"},{"floor":14,"key":"hubris:BallOfYels"},{"floor":26,"key":"HollowMod:LifeEnderRelic"},{"floor":43,"key":"Bronze Scales"},{"floor":45,"key":"Bottled Tornado"}],"event_choices":[{"damage_healed":0,"gold_gain":0,"player_choice":"Left Gold","damage_taken":0,"max_hp_gain":0,"max_hp_loss":0,"event_name":"World of Goop","floor":2,"gold_loss":30},{"damage_healed":0,"gold_gain":0,"player_choice":"Fought Mushrooms","damage_taken":0,"max_hp_gain":0,"max_hp_loss":0,"event_name":"Mushrooms","floor":11,"gold_loss":0},{"damage_healed":0,"gold_gain":0,"player_choice":"Ignored","damage_taken":0,"max_hp_gain":0,"max_hp_loss":0,"event_name":"Cursed Tome","floor":19,"gold_loss":0},{"damage_healed":0,"gold_gain":100,"player_choice":"Pray","damage_taken":0,"max_hp_gain":0,"max_hp_loss":0,"event_name":"Golden Shrine","floor":20,"gold_loss":0},{"damage_healed":0,"gold_gain":99,"player_choice":"Stole From Cult","damage_taken":0,"max_hp_gain":0,"max_hp_loss":0,"event_name":"Nest","floor":29,"gold_loss":0},{"damage_healed":0,"gold_gain":0,"player_choice":"Got Potions","damage_taken":0,"max_hp_gain":0,"max_hp_loss":0,"event_name":"Lab","floor":36,"gold_loss":0}],"is_beta":false,"boss_relics":[{"not_picked":["Cursed Key","SacredBark"],"picked":"hubris:Backtick"},{"not_picked":["hubris:CrackedHourglass","Replay:Grab Bag","hubris:TerracottaHorce"]}],"items_purged_floors":[],"is_endless":false,"potions_floor_spawned":[1,5,11,18,21,27,41,46],"ascension_level":2}}