{"host":"50per11302020","time":1610240739,"event":{"mods":["AchievementEnabler","BaseMod","Colored Map","Minty Spire (QoL Compilation)","Relic Stats","StSLib"],"gold_per_floor":[359,22,33,33,53,53,53],"floor_reached":6,"playtime":399,"items_purged":[],"score":59,"play_id":"2563dee2-a9d3-424a-87e1-57703aa8c358","local_time":"20210109170539","is_ascension_mode":true,"campfire_choices":[],"circlet_count":0,"master_deck":["AscendersBane","Strike_G","Strike_G","Strike_G","Strike_G","Defend_G","Defend_G","Defend_G","Defend_G","Defend_G","Survivor","Neutralize","Decay","Terror","Crippling Poison","All Out Attack","Backflip","Setup","PiercingWail"],"relics":["Ring of the Snake","Membership Card","Meat on the Bone"],"acts_visited":["Exordium"],"potions_floor_usage":[6],"damage_taken":[{"damage":1.0,"enemies":"2 Louse","floor":1.0,"turns":3.0},{"damage":2.0,"enemies":"Cultist","floor":3.0,"turns":3.0},{"damage":9.0,"enemies":"Jaw Worm","floor":5.0,"turns":5.0},{"damage":51,"enemies":"Gremlin Nob","floor":6,"turns":5}],"seed_played":"9134535729618697481","potions_obtained":[{"floor":3.0,"key":"Weak Potion"},{"floor":5.0,"key":"Weak Potion"}],"is_trial":false,"path_per_floor":["M","$","M","?","M","E"],"character_chosen":"THE_SILENT","items_purchased":["Membership Card","Meat on the Bone","Crippling Poison","All Out Attack"],"campfire_rested":0,"item_purchase_floors":[2,2,2,2],"current_hp_per_floor":[62,62,60,60,51,0,0],"gold":53,"neow_bonus":"TWO_FIFTY_GOLD","is_daily":false,"chose_seed":false,"campfire_upgraded":0,"win_rate":0.0,"timestamp":1610240739,"path_taken":["M","$","M","?","M","E"],"items_purchased_type":["Relic","Relic","Card","Card"],"build_version":"2020-12-18","purchased_purges":0,"victory":false,"max_hp_per_floor":[70,70,70,70,70,70,70],"relic_stats":{"counters":[4,16],"obtain_stats":[{"Membership Card":2,"Ring of the Snake":0,"Meat on the Bone":2},{"Membership Card":1,"Ring of the Snake":0,"Meat on the Bone":1},{"Membership Card":3,"Ring of the Snake":0,"Meat on the Bone":3}],"Ring of the Snake":[8],"Meat on the Bone":0},"card_choices":[{"not_picked":["Flying Knee","Backflip"],"picked":"Terror","floor":1.0},{"not_picked":["Acrobatics","Underhanded Strike"],"picked":"Backflip","floor":3.0},{"not_picked":["Bane","Quick Slash"],"picked":"PiercingWail","floor":5.0}],"player_experience":141522,"relics_obtained":[],"event_choices":[{"damage_healed":0.0,"max_hp_gain":0.0,"max_hp_loss":0.0,"gold_gain":0.0,"cards_transformed":["Strike_G"],"event_name":"Transmorgrifier","player_choice":"Transformed","floor":4.0,"gold_loss":0.0,"damage_taken":0.0,"cards_obtained":["Setup"]}],"is_beta":true,"boss_relics":[],"items_purged_floors":[],"is_endless":false,"potions_floor_spawned":[3,5],"killed_by":"Gremlin Nob","ascension_level":13}}