{"host":"whe4vf9w0yuhsr02","time":1610318886,"event":{"mods":["Act Like it!","Ascension Reborn","BaseMod","Better Altar","Better Match","Better Note","Better Sensory Stone","Better Skull","Better Third Choice","Colored Map","Hallownest","Hermit","Highlight Path","Hubris","Lobotomy","LobotomyExtend","Minty Spire (QoL Compilation)","Quick Restart","Replay The Spire","StSLib","The Animator","The Factory","The Jungle","everything is the same but u backflip on backflip","vexMod"],"gold_per_floor":[112,112,65,85,85,85,113,113,158,32,32,61,61,92,92,224,224,60,173,386,304,304,304,11,11,91,91,105,143,200,155,155,272,272,311,425,481,331,331,331],"floor_reached":39,"playtime":2181,"items_purged":["Shame"],"score":561,"play_id":"70cc363c-d73c-4921-aff5-8bdc3a55ebca","local_time":"20210111004806","is_ascension_mode":true,"campfire_choices":[{"data":"Sunder","floor":6,"key":"SMITH"},{"data":"Streamline","floor":8,"key":"SMITH"},{"data":"Go for the Eyes","floor":13,"key":"SMITH"},{"floor":15,"key":"DIG"},{"floor":23,"key":"REST"},{"floor":27,"key":"REST"},{"floor":32,"key":"REST"}],"circlet_count":0,"master_deck":["Strike_B+1","Strike_B+1","Strike_B+1","Strike_B+1","Defend_B+1","Defend_B+1","Defend_B+1","Zap+1","Dualcast+1","Wellcheers","Sunder+1","Streamline+1","OldLady","Go for the Eyes+1","WallGazer","Sweeping Beam+1","Mercenary","Ball Lightning+1","MeatLantern","Auto Shields+1","OSAHOGD","Mirror Shield+1","VoidDream","Steam Power+1","BasicCrystalCard+1","Conserve Battery+1","BootSequence+1","hubris:PowerSurge","Echo Form+1","Streamline+1","Hologram+1","Beam Cell+1","GreedKing","White Noise+1","Turbo+1"],"relics":["Cracked Core","CogitoBucket","LetterFromLob","hubris:OldNail","Pocketwatch","Potion Belt","Replay:Wax Seal","Gremlin Food","Lee\u0027s Waffle","Replay:Mystery Machine","Toxic Egg 2","vexMod:ConsolationPrize","Ring of Chaos","Prayer Wheel","ChangeAnything","Blue Doll","Oddly Smooth Stone","Runic Capacitor","hubris:SphereOfDissonance","hubris:SoftwareUpdate","hubris:Backtick","Matryoshka","AspirationHeart","Replay:Antivirus Software","Bag of Marbles"],"acts_visited":["Exordium","Exordium","Hallownest:CityofTears"],"potions_floor_usage":[12,14,18,29,35,37],"damage_taken":[{"damage":0,"enemies":"Jaw Worm","floor":1,"turns":2},{"damage":2,"enemies":"Small Slimes","floor":4,"turns":3},{"damage":19,"enemies":"3 Sentries","floor":7,"turns":5},{"damage":0,"enemies":"Gremlin Nob","floor":12,"turns":2},{"damage":9,"enemies":"Replay:BlueRogue","floor":14,"turns":4},{"damage":31,"enemies":"The Guardian","floor":16,"turns":8},{"damage":23,"enemies":"Hallownest:3_Youths","floor":18,"turns":8},{"damage":2,"enemies":"Hallownest:Guard_and_Sentry","floor":21,"turns":3},{"damage":2,"enemies":"Hallownest:Master_and_Novice","floor":28,"turns":3},{"damage":4,"enemies":"Hallownest:eliteWatcherKnight","floor":29,"turns":9},{"damage":7,"enemies":"Hallownest:Glutton_and_Coward","floor":30,"turns":3},{"damage":18,"enemies":"Hallownest:BossSoulMaster","floor":33,"turns":8},{"damage":24,"enemies":"Hallownest:Shield_Heavy","floor":35,"turns":9},{"damage":46,"enemies":"Hallownest:2_Littles","floor":37,"turns":5},{"damage":50,"enemies":"Hallownest:Slobbering_and_Violent","floor":39,"turns":1}],"seed_played":"-8625449641947165620","potions_obtained":[{"floor":7,"key":"DistilledChaos"},{"floor":12,"key":"Languid Potion"},{"floor":16,"key":"Milkshake"},{"floor":18,"key":"Cursed Concoction"},{"floor":21,"key":"Block Potion"},{"floor":28,"key":"ColorlessPotion"},{"floor":30,"key":"Elixir"},{"floor":35,"key":"ColorlessPotion"}],"is_trial":false,"path_per_floor":["M","?","$","M","?","R","E","R","T","$","?","E","R","E","R_BF","B",null,"M","?","?","M","?","R","$","?","T","R","M","E","M","?","R","B",null,"M","?","M","?","M"],"character_chosen":"DEFECT","items_purchased":["Streamline","Replay:Wax Seal","Gremlin Food","Lee\u0027s Waffle","FairyPotion","Runic Capacitor","hubris:PowerSurge"],"campfire_rested":3,"item_purchase_floors":[3,10,10,10,10,24,24],"current_hp_per_floor":[75,75,75,73,75,75,59,59,59,82,82,82,82,74,74,49,82,59,59,7,5,5,29,29,13,13,37,35,34,30,30,54,39,82,71,25,9,46,0,0],"gold":331,"neow_bonus":"","is_daily":false,"chose_seed":false,"campfire_upgraded":3,"win_rate":0.0,"timestamp":1610318886,"path_taken":["M","?","$","M","?","R","E","R","T","$","?","E","R","E","R_BF","BOSS","M","?","?","?","?","R","$","?","T","R","M","E","M","?","R","BOSS","M","?","?","?","M"],"items_purchased_type":["Card","Relic","Relic","Relic","Potion","Relic","Card"],"build_version":"2020-12-22","purchased_purges":1,"victory":false,"max_hp_per_floor":[75,75,75,75,75,75,75,75,75,82,82,82,82,82,82,82,82,82,82,82,82,82,82,82,82,82,82,82,82,82,82,82,82,82,92,92,46,46,46,46],"card_choices":[{"not_picked":["SingingMachine","CrumblingArmor"],"picked":"Wellcheers","floor":1},{"not_picked":["Go for the Eyes","Cold Snap"],"picked":"Sunder","floor":1},{"not_picked":["MHz","SpiderBud"],"picked":"OldLady","floor":4},{"not_picked":["Rebound","Hologram"],"picked":"Go for the Eyes","floor":4},{"not_picked":["CrumblingArmor","Yin"],"picked":"WallGazer","floor":7},{"not_picked":["ReplayTheSpireMod:Repulse","Compile Driver"],"picked":"Sweeping Beam","floor":7},{"not_picked":["CherryBlossoms","Murderer"],"picked":"Mercenary","floor":12},{"not_picked":["Redo","Leap"],"picked":"Ball Lightning","floor":12},{"not_picked":["MHz","BlackArmy"],"picked":"MeatLantern","floor":14},{"not_picked":["hubris:DoWhile+1","Ball Lightning"],"picked":"Auto Shields+1","floor":14},{"not_picked":["Bloodbath","Freischutz"],"picked":"OSAHOGD","floor":16},{"not_picked":["Creative AI","hubris:SpecializedCircuitry"],"picked":"ReplayTheSpireMod:Fabricate Wheel+1","floor":16},{"not_picked":["SpiderBud","MHz"],"picked":"VoidDream","floor":18},{"not_picked":["Darkness+1","Aggregate+1"],"picked":"Steam Power+1","floor":18},{"not_picked":["Aggregate+1","Leap+1"],"picked":"BasicCrystalCard+1","floor":18},{"not_picked":["Doom and Gloom","ReplayGash"],"picked":"Conserve Battery+1","floor":21},{"not_picked":["Recycle+1","Melter"],"picked":"BootSequence+1","floor":21},{"not_picked":["Amplify+1","Steam Power+1"],"picked":"Streamline+1","floor":28},{"not_picked":["Redo+1","BasicCrystalCard+1","ReplaySort+1"],"picked":"SKIP","floor":28},{"not_picked":["Barrage+1","Doom and Gloom"],"picked":"Hologram+1","floor":29},{"not_picked":["Steam+1","Aggregate+1"],"picked":"Beam Cell+1","floor":30},{"not_picked":["Coolheaded+1","Barrage","Multi-Cast+1"],"picked":"SKIP","floor":30},{"not_picked":["QueenBee","BlackArmy"],"picked":"GreedKing","floor":35},{"not_picked":["Capacitor","Beam Cell"],"picked":"White Noise+1","floor":35},{"not_picked":["FIFO Queue","BasicCrystalCard+1"],"picked":"Turbo+1","floor":35},{"not_picked":["ReplaySort+1","Machine Learning","Beam Cell+1"],"picked":"SKIP","floor":37},{"not_picked":["Leap+1","Heatsinks+1","Undo+1"],"picked":"SKIP","floor":37}],"player_experience":467523,"relics_obtained":[{"floor":1,"key":"LetterFromLob"},{"floor":7,"key":"Pocketwatch"},{"floor":9,"key":"Potion Belt"},{"floor":12,"key":"Replay:Mystery Machine"},{"floor":14,"key":"Toxic Egg 2"},{"floor":15,"key":"vexMod:ConsolationPrize"},{"floor":26,"key":"hubris:SphereOfDissonance"},{"floor":29,"key":"hubris:SoftwareUpdate"}],"event_choices":[{"damage_healed":0,"gold_gain":0,"player_choice":"Box","damage_taken":0,"relics_obtained":["hubris:OldNail"],"max_hp_gain":0,"max_hp_loss":0,"event_name":"Big Fish","floor":2,"gold_loss":0,"cards_obtained":["Regret"]},{"cards_removed":["Regret"],"damage_healed":0,"gold_gain":0,"player_choice":"Purged","damage_taken":0,"max_hp_gain":0,"max_hp_loss":0,"event_name":"Purifier","floor":11,"gold_loss":0},{"damage_healed":0,"gold_gain":213,"player_choice":"RE RE GO GO ","damage_taken":58,"relics_obtained":["Blue Doll","Oddly Smooth Stone"],"max_hp_gain":0,"max_hp_loss":0,"event_name":"betterSkull:BetterSkull","floor":20,"gold_loss":0,"cards_upgraded":[]},{"damage_healed":0,"gold_gain":2,"player_choice":"2","damage_taken":0,"max_hp_gain":0,"max_hp_loss":16,"event_name":"betterStone:BetterStone","floor":25,"gold_loss":0},{"damage_healed":0,"gold_gain":114,"player_choice":"RE RE GO ","damage_taken":51,"relics_obtained":["Replay:Antivirus Software","Bag of Marbles"],"max_hp_gain":0,"max_hp_loss":0,"event_name":"betterSkull:BetterSkull","floor":36,"gold_loss":0,"cards_upgraded":[]}],"is_beta":false,"boss_relics":[{"not_picked":["Black Star","hubris:HollowSoul"],"picked":"Ring of Chaos"},{"not_picked":["hubris:TerracottaHorce","Replay:Wanted Poster"],"picked":"hubris:Backtick"}],"items_purged_floors":[24],"is_endless":false,"potions_floor_spawned":[7,12,16,18,21,28,30,35],"killed_by":"Hallownest:Slobbering_and_Violent","ascension_level":0}}