{"host":"4328iixd8pca51w5","time":1610273690,"event":{"mods":["2.2 Compatiblity","BaseMod","CapriCore","KOR Keyword Fix","Minty Spire (QoL Compilation)","StSLib","The Immortal"],"gold_per_floor":[119,219,63,26,44,44,71,82,134,205,205,228,228,270,270,375,375,397,496,525,544,561,602,64,86,136,136,161,161,5,5,5,112,139,158,179,179,204,62,62,71,96,96,122,150,177,177,203,203,203],"floor_reached":51,"playtime":2233,"items_purged":["MokouMod:Defend"],"score":920,"play_id":"e5400a0f-632f-4fb2-80ee-d043d4c5b6bf","local_time":"20210110191450","is_ascension_mode":true,"campfire_choices":[{"data":"MokouMod:SearingShot","floor":6.0,"key":"SMITH"},{"data":"MokouMod:FujiyamaVolcano","floor":11.0,"key":"SMITH"},{"data":"MokouMod:Sear","floor":13.0,"key":"SMITH"},{"floor":15.0,"key":"REST"},{"data":"MokouMod:RisingSunBarrier","floor":27.0,"key":"SMITH"},{"data":"MokouMod:BurningDraft","floor":29.0,"key":"SMITH"},{"data":"MokouMod:FlickeringFlame","floor":32.0,"key":"SMITH"},{"data":"MokouMod:Rebirth","floor":40.0,"key":"SMITH"},{"data":"MokouMod:ScorchedEarth","floor":47.0,"key":"SMITH"},{"data":"MokouMod:ScorchedEarth","floor":49,"key":"SMITH"}],"circlet_count":0,"master_deck":["MokouMod:Strike","MokouMod:Strike","MokouMod:HeatSpark","MokouMod:FlickeringFlame+1","MokouMod:ScorchedEarth+1","MokouMod:SearingShot+1","MokouMod:FujiyamaVolcano+1","MokouMod:Sear+1","MokouMod:BurningDraft+1","MokouMod:ScorchingColumn","MokouMod:RetainTemperature+1","MokouMod:Rebirth+1","MokouMod:Afterburner+1","MokouMod:Ember+1","MokouMod:IgnitionBarrier+1","MokouMod:ResoluteFlare+1","MokouMod:RisingSunBarrier+1","MokouMod:Scorch+1","MokouMod:Fireball+1","MokouMod:ExplosiveFlame","MokouMod:SacredFire+1","MokouMod:Rebirth+1","MokouMod:FlamingFireTalons+1","MokouMod:FujiyamaVolcano+1","MokouMod:Singe+1","MokouMod:Overheat+1","MokouMod:ScorchedEarth+1","MokouMod:Singe+1","MokouMod:IgnitionBarrier+1","MokouMod:FujiyamaVolcano+1","MokouMod:WarmUp+1","MokouMod:IndiscriminateIgnition+1","MokouMod:FujiyamaVolcano+1","MokouMod:IgnitionBlast+1"],"relics":["MokouMod:PhoenixFeather","Vajra","MealTicket","CeramicFish","Bottled Tornado","Toxic Egg 2","Empty Cage","Molten Egg 2","Mercury Hourglass","Happy Flower","Pen Nib","Chemical X","Astrolabe","Bird Faced Urn"],"acts_visited":["Exordium","TheCity","TheBeyond"],"potions_floor_usage":[50,50,50],"damage_taken":[{"damage":12.0,"enemies":"2 Louse","floor":1.0,"turns":3.0},{"damage":0.0,"enemies":"Cultist","floor":5.0,"turns":2.0},{"damage":30.0,"enemies":"Lagavulin","floor":7.0,"turns":7.0},{"damage":10.0,"enemies":"Small Slimes","floor":8.0,"turns":2.0},{"damage":22.0,"enemies":"Gremlin Nob","floor":10.0,"turns":4.0},{"damage":1.0,"enemies":"2 Fungi Beasts","floor":12.0,"turns":2.0},{"damage":0.0,"enemies":"Gremlin Nob","floor":14.0,"turns":2.0},{"damage":25.0,"enemies":"The Guardian","floor":16.0,"turns":5.0},{"damage":6.0,"enemies":"Spheric Guardian","floor":18.0,"turns":3.0},{"damage":12.0,"enemies":"Chosen","floor":20.0,"turns":3.0},{"damage":17.0,"enemies":"Centurion and Healer","floor":21.0,"turns":4.0},{"damage":22.0,"enemies":"Sentry and Sphere","floor":22.0,"turns":4.0},{"damage":24.0,"enemies":"Slavers","floor":23.0,"turns":2.0},{"damage":3.0,"enemies":"Chosen and Byrds","floor":25.0,"turns":3.0},{"damage":0.0,"enemies":"Snecko","floor":28.0,"turns":2.0},{"damage":15.0,"enemies":"Collector","floor":33.0,"turns":3.0},{"damage":30.0,"enemies":"Orb Walker","floor":35.0,"turns":3.0},{"damage":1.0,"enemies":"3 Shapes","floor":36.0,"turns":3.0},{"damage":4.0,"enemies":"Transient","floor":38.0,"turns":5.0},{"damage":14.0,"enemies":"Sphere and 2 Shapes","floor":42.0,"turns":3.0},{"damage":12.0,"enemies":"4 Shapes","floor":44.0,"turns":2.0},{"damage":28.0,"enemies":"Spire Growth","floor":45.0,"turns":3.0},{"damage":0.0,"enemies":"Jaw Worm Horde","floor":46.0,"turns":2.0},{"damage":0,"enemies":"Transient","floor":48,"turns":5},{"damage":76,"enemies":"Donu and Deca","floor":50,"turns":4}],"seed_played":"4715219777459486171","potions_obtained":[{"floor":7.0,"key":"LiquidMemories"},{"floor":12.0,"key":"Strength Potion"},{"floor":18.0,"key":"SkillPotion"},{"floor":21.0,"key":"Strength Potion"},{"floor":23.0,"key":"BlessingOfTheForge"},{"floor":33.0,"key":"Ancient Potion"},{"floor":35.0,"key":"AttackPotion"},{"floor":36.0,"key":"FearPotion"},{"floor":38.0,"key":"Weak Potion"}],"is_trial":false,"path_per_floor":["M","?","$","$","M","R","E","M","T","?","R","M","R","E","R","B",null,"M","?","M","M","M","E","$","M","T","R","M","R","$","?","R","B",null,"M","M","?","M","$","R","?","M","T","M","M","M","R","M","R","B",null],"character_chosen":"MKU","items_purchased":["Vajra","MokouMod:ScorchedEarth","MokouMod:RisingSunBarrier","MokouMod:Scorch+1","Mercury Hourglass","Happy Flower","Chemical X","MokouMod:ScorchedEarth","MokouMod:Singe+1"],"campfire_rested":1,"item_purchase_floors":[3,4,24,24,24,24,30,39,39],"current_hp_per_floor":[70,70,70,70,70,70,40,30,30,8,8,7,7,7,31,6,63,57,57,45,28,6,5,20,17,17,17,17,17,32,32,32,17,66,36,35,35,31,46,46,46,32,32,22,20,20,20,26,26,9],"gold":203,"neow_bonus":"TEN_PERCENT_HP_BONUS","is_daily":false,"chose_seed":false,"campfire_upgraded":9,"win_rate":0.0,"timestamp":1610273690,"path_taken":["M","?","?","$","M","R","E","M","T","?","R","M","R","E","R","BOSS","M","?","M","M","M","E","$","M","T","R","M","R","$","?","R","BOSS","M","M","?","M","$","R","?","M","T","M","M","?","R","M","R","BOSS"],"items_purchased_type":["Relic","Card","Card","Card","Relic","Relic","Relic","Card","Card"],"build_version":"2020-12-22","purchased_purges":1,"victory":true,"max_hp_per_floor":[82,82,82,82,82,82,82,82,82,82,82,82,82,82,82,82,82,82,82,82,82,82,82,82,82,82,82,82,82,82,82,82,82,82,82,82,82,82,82,82,82,82,82,82,82,82,82,82,82,82],"card_choices":[{"not_picked":["MokouMod:Scorch","MokouMod:FlareStarter"],"picked":"MokouMod:FlickeringFlame","floor":1.0},{"not_picked":["MokouMod:InfernalWave","MokouMod:ScorchingColumn"],"picked":"MokouMod:SearingShot","floor":5.0},{"not_picked":["MokouMod:CrimsonFlare","MokouMod:SacredFire"],"picked":"MokouMod:FujiyamaVolcano","floor":7.0},{"not_picked":["MokouMod:Firecracker","MokouMod:InfernalWave"],"picked":"MokouMod:Sear","floor":8.0},{"not_picked":["MokouMod:Sear","MokouMod:RoaringFlare"],"picked":"MokouMod:BurningDraft","floor":10.0},{"not_picked":["MokouMod:FusionFlare","MokouMod:FlickeringFlame"],"picked":"MokouMod:ScorchingColumn","floor":12.0},{"not_picked":["MokouMod:TemporalFireSeal","MokouMod:RadiantBlade"],"picked":"MokouMod:RetainTemperature+1","floor":14.0},{"not_picked":["MokouMod:Rekindle+1","MokouMod:RadiantBlade"],"picked":"MokouMod:Rebirth","floor":16.0},{"not_picked":["MokouMod:Stoke+1","MokouMod:EternalBurstReactor"],"picked":"MokouMod:Afterburner+1","floor":18.0},{"not_picked":["MokouMod:UncontrollableSolarReaction","MokouMod:CrimsonArmoury+1"],"picked":"MokouMod:Ember+1","floor":20.0},{"not_picked":["MokouMod:SearingShot","MokouMod:Singe"],"picked":"MokouMod:IgnitionBarrier+1","floor":21.0},{"not_picked":["MokouMod:RoaringFlare","MokouMod:FusionFlare","MokouMod:IgneousBlow"],"picked":"SKIP","floor":22.0},{"not_picked":["MokouMod:CrimsonArmoury+1","MokouMod:EternalBurstReactor+1"],"picked":"MokouMod:ResoluteFlare+1","floor":23.0},{"not_picked":["MokouMod:IgnitionBarrier+1","MokouMod:Singe+1"],"picked":"MokouMod:Fireball+1","floor":25.0},{"not_picked":["MokouMod:Sear+1","MokouMod:Stoke+1"],"picked":"MokouMod:Overheat+1","floor":28.0},{"not_picked":["MokouMod:SearingBlow+1","MokouMod:PhoenixForm"],"picked":"MokouMod:ExplosiveFlame","floor":33.0},{"not_picked":["MokouMod:Ember+1","MokouMod:Stoke+1"],"picked":"MokouMod:FujiyamaVolcano+1","floor":35.0},{"not_picked":["MokouMod:InfernalWave+1","MokouMod:Combust+1"],"picked":"MokouMod:Singe+1","floor":36.0},{"not_picked":["MokouMod:ImperishableFlame+1","MokouMod:Sear+1"],"picked":"MokouMod:Overheat+1","floor":38.0},{"not_picked":["MokouMod:SacredFire+1","MokouMod:Firecracker+1"],"picked":"MokouMod:FujiyamaVolcano+1","floor":42.0},{"not_picked":["MokouMod:SearingShot+1","MokouMod:EternalBurstReactor+1"],"picked":"MokouMod:WarmUp+1","floor":44.0},{"not_picked":["MokouMod:Singe+1","MokouMod:FlickeringFlame+1"],"picked":"MokouMod:IndiscriminateIgnition+1","floor":45.0},{"not_picked":["MokouMod:Trailblazer+1","MokouMod:InfernalWave+1"],"picked":"MokouMod:FujiyamaVolcano+1","floor":46.0},{"not_picked":["MokouMod:UncontrollableSolarReaction+1","MokouMod:Wildfire+1"],"picked":"MokouMod:IgnitionBlast+1","floor":48}],"player_experience":196114,"relics_obtained":[{"floor":7.0,"key":"MealTicket"},{"floor":9.0,"key":"CeramicFish"},{"floor":10.0,"key":"Bottled Tornado"},{"floor":14.0,"key":"Toxic Egg 2"},{"floor":23.0,"key":"Molten Egg 2"},{"floor":26.0,"key":"Pen Nib"},{"floor":43.0,"key":"Bird Faced Urn"}],"event_choices":[{"damage_healed":0.0,"max_hp_gain":0.0,"max_hp_loss":0.0,"gold_gain":100.0,"event_name":"Wheel of Change","player_choice":"Gold","floor":2.0,"gold_loss":0.0,"damage_taken":0.0},{"damage_healed":0.0,"max_hp_gain":0.0,"max_hp_loss":0.0,"gold_gain":0.0,"event_name":"Dead Adventurer","player_choice":"Searched \u00271\u0027 times","floor":10.0,"gold_loss":0.0,"damage_taken":0.0},{"damage_healed":0.0,"max_hp_gain":0.0,"max_hp_loss":0.0,"gold_gain":99.0,"event_name":"Nest","player_choice":"Stole From Cult","floor":19.0,"gold_loss":0.0,"damage_taken":0.0},{"damage_healed":0.0,"max_hp_gain":0.0,"max_hp_loss":0.0,"gold_gain":0.0,"event_name":"Vampires","player_choice":"Ignored","floor":31.0,"gold_loss":0.0,"damage_taken":0.0},{"cards_removed":["MokouMod:Overheat"],"damage_healed":0.0,"max_hp_gain":0.0,"max_hp_loss":0.0,"gold_gain":0.0,"event_name":"Falling","player_choice":"Removed Skill","floor":37.0,"gold_loss":0.0,"damage_taken":0.0},{"damage_healed":0.0,"max_hp_gain":0.0,"max_hp_loss":0.0,"gold_gain":0.0,"cards_transformed":["MokouMod:Defend"],"event_name":"Transmorgrifier","player_choice":"Transformed","floor":41.0,"gold_loss":0.0,"damage_taken":0.0,"cards_obtained":["MokouMod:IgnitionBarrier"]}],"is_beta":false,"boss_relics":[{"not_picked":["Black Star","Tiny House"],"picked":"Empty Cage"},{"not_picked":["Philosopher\u0027s Stone","SlaversCollar"],"picked":"Astrolabe"}],"items_purged_floors":[39],"is_endless":false,"potions_floor_spawned":[7,12,18,21,23,33,35,36,38,48],"ascension_level":5}}