{"host":"cjhtzh7tp54jdfyv","time":1610241541,"event":{"mods":["AchievementEnabler","BaseMod","Colored Map","Colored Powertips","Curses Come First","DeckTracker","Filter the Spire","Minty Spire (QoL Compilation)","RNG Fix","Relic Sorter","Relic Stats","StSLib","UnlockEverythingMod","ojb\u0027s Better Paths Mod","ojb\u0027s Info Mod"],"gold_per_floor":[112,128,142,58,77,77,110,35,35,68,68,68,94,114,114,192,192,208,218,245,52,52,81,131,131,131],"floor_reached":25,"playtime":1383,"items_purged":["Devotion"],"score":528,"play_id":"0fee7bfe-dcc8-4acb-9746-8e1b0962e5f9","local_time":"20210109201901","is_ascension_mode":true,"campfire_choices":[{"data":"Adaptation","floor":6.0,"key":"SMITH"},{"data":"Eruption","floor":15.0,"key":"SMITH"}],"circlet_count":0,"master_deck":["AscendersBane","Eruption+1","Vigilance","FlurryOfBlows","FlyingSleeves","Collect","Indignation","Adaptation+1","Swivel","ReachHeaven"],"relics":["Pandora\u0027s Box","Gremlin Horn","The Courier","Blood Vial","Happy Flower","Fusion Hammer","Red Mask","Lantern","Omamori"],"acts_visited":["Exordium","TheCity"],"potions_floor_usage":[25],"damage_taken":[{"damage":0.0,"enemies":"Cultist","floor":1.0,"turns":1.0},{"damage":0.0,"enemies":"2 Louse","floor":2.0,"turns":1.0},{"damage":4.0,"enemies":"Jaw Worm","floor":3.0,"turns":2.0},{"damage":3.0,"enemies":"Looter","floor":5.0,"turns":2.0},{"damage":12.0,"enemies":"3 Sentries","floor":7.0,"turns":3.0},{"damage":0.0,"enemies":"Lagavulin","floor":10.0,"turns":4.0},{"damage":4.0,"enemies":"3 Sentries","floor":13.0,"turns":4.0},{"damage":8.0,"enemies":"Exordium Wildlife","floor":14.0,"turns":2.0},{"damage":10.0,"enemies":"Hexaghost","floor":16.0,"turns":4.0},{"damage":0.0,"enemies":"Spheric Guardian","floor":18.0,"turns":2.0},{"damage":27.0,"enemies":"Shell Parasite","floor":19.0,"turns":3.0},{"damage":4.0,"enemies":"Masked Bandits","floor":20.0,"turns":2.0},{"damage":19.0,"enemies":"Slavers","floor":23.0,"turns":4.0},{"damage":21,"enemies":"Centurion and Healer","floor":25,"turns":1}],"seed_played":"-7707519657218052187","potions_obtained":[{"floor":2.0,"key":"DistilledChaos"},{"floor":5.0,"key":"LiquidMemories"},{"floor":13.0,"key":"PowerPotion"},{"floor":14.0,"key":"Ancient Potion"}],"is_trial":false,"path_per_floor":["M","M","M","$","M","R","E","?","T","E","?","?","E","M","R","B",null,"M","M","?","$","?","E","?","M"],"character_chosen":"WATCHER","items_purchased":["Adaptation","Lantern"],"campfire_rested":0,"item_purchase_floors":[4,21],"current_hp_per_floor":[61,61,57,57,54,54,42,42,42,42,31,31,29,23,23,15,55,57,32,30,30,30,13,7,0,0],"gold":131,"neow_bonus":"BOSS_RELIC","is_daily":false,"chose_seed":false,"campfire_upgraded":2,"win_rate":0.0,"timestamp":1610241541,"path_taken":["M","M","M","$","M","R","E","?","T","E","?","?","E","M","R","BOSS","M","M","?","$","?","E","?","M"],"items_purchased_type":["Card","Relic"],"build_version":"2020-12-22","purchased_purges":1,"victory":false,"max_hp_per_floor":[68,68,68,68,68,68,68,68,68,68,68,68,68,68,68,68,68,68,68,68,68,68,68,68,68,68],"relic_stats":{"Blood Vial":16,"Gremlin Horn":[7,7],"Happy Flower":[6],"counters":[14,35],"Pandora\u0027s Box":["FlurryOfBlows","Devotion","FlyingSleeves","Collect","Indignation","CrushJoints","Brilliance","Indignation"],"obtain_stats":[{"Blood Vial":11,"Lantern":21,"Gremlin Horn":7,"Happy Flower":13,"Pandora\u0027s Box":0,"The Courier":10,"Fusion Hammer":17,"Red Mask":20,"Omamori":23,"PureWater":0},{"Blood Vial":6,"Lantern":12,"Gremlin Horn":5,"Happy Flower":7,"Pandora\u0027s Box":0,"The Courier":6,"Fusion Hammer":9,"Red Mask":12,"Omamori":13,"PureWater":0},{"Blood Vial":13,"Lantern":30,"Gremlin Horn":9,"Happy Flower":17,"Pandora\u0027s Box":0,"The Courier":13,"Fusion Hammer":23,"Red Mask":30,"Omamori":34,"PureWater":0}]},"card_choices":[{"not_picked":["Wallop","ThirdEye","SignatureMove"],"picked":"SKIP","floor":1.0},{"not_picked":["Crescendo","Swivel","Vengeance"],"picked":"SKIP","floor":2.0},{"not_picked":["FlurryOfBlows","BowlingBash","FollowUp"],"picked":"SKIP","floor":3.0},{"not_picked":["DevaForm","FlyingSleeves","Evaluate"],"picked":"SKIP","floor":5.0},{"not_picked":["DevaForm","FlyingSleeves","Evaluate"],"picked":"SKIP","floor":5.0},{"not_picked":["FlyingSleeves","Consecrate","Wallop"],"picked":"SKIP","floor":7.0},{"not_picked":["SignatureMove","CutThroughFate","Conclude"],"picked":"SKIP","floor":10.0},{"not_picked":["EmptyFist","BattleHymn","CrushJoints"],"picked":"SKIP","floor":13.0},{"not_picked":["FollowUp","BowlingBash","PathToVictory"],"picked":"SKIP","floor":14.0},{"not_picked":["Evaluate+1","PathToVictory+1","Fasting2+1"],"picked":"SKIP","floor":18.0},{"not_picked":["Crescendo","CrushJoints","LikeWater+1"],"picked":"SKIP","floor":19.0},{"not_picked":["ClearTheMind","WreathOfFlame","CutThroughFate"],"picked":"SKIP","floor":23.0}],"player_experience":4407137,"relics_obtained":[{"floor":7.0,"key":"Gremlin Horn"},{"floor":10.0,"key":"The Courier"},{"floor":13.0,"key":"Happy Flower"},{"floor":20.0,"key":"Red Mask"},{"floor":23.0,"key":"Omamori"}],"event_choices":[{"cards_removed":["Indignation"],"damage_healed":0.0,"max_hp_gain":0.0,"max_hp_loss":0.0,"gold_gain":0.0,"event_name":"The Cleric","player_choice":"Card Removal","floor":8.0,"gold_loss":75.0,"damage_taken":0.0},{"damage_healed":0.0,"max_hp_gain":0.0,"max_hp_loss":0.0,"gold_gain":0.0,"event_name":"Scrap Ooze","player_choice":"Success","floor":11.0,"gold_loss":0.0,"damage_taken":11.0,"relics_obtained":["Blood Vial"]},{"damage_healed":0.0,"max_hp_gain":0.0,"max_hp_loss":0.0,"gold_gain":0.0,"event_name":"Liars Game","player_choice":"Ignored","floor":12.0,"gold_loss":0.0,"damage_taken":0.0},{"damage_healed":0.0,"max_hp_gain":0.0,"max_hp_loss":0.0,"gold_gain":0.0,"event_name":"Masked Bandits","player_choice":"Fought Bandits","floor":20.0,"gold_loss":0.0,"damage_taken":0.0},{"damage_healed":0.0,"max_hp_gain":0.0,"max_hp_loss":0.0,"gold_gain":0.0,"cards_transformed":["Brilliance","CrushJoints"],"event_name":"Drug Dealer","player_choice":"Became Test Subject","floor":22.0,"gold_loss":0.0,"damage_taken":0.0,"cards_obtained":["Swivel","ReachHeaven"]},{"damage_healed":0.0,"max_hp_gain":0.0,"max_hp_loss":0.0,"gold_gain":50.0,"event_name":"FaceTrader","player_choice":"Touch","floor":24.0,"gold_loss":0.0,"damage_taken":6.0}],"is_beta":false,"boss_relics":[{"not_picked":["Busted Crown","Ectoplasm"],"picked":"Fusion Hammer"}],"items_purged_floors":[21],"is_endless":false,"potions_floor_spawned":[2,5,13,14,20],"killed_by":"Centurion and Healer","ascension_level":20}}