{"host":"03a85bwj0a5skoit","time":1610262272,"event":{"mods":["BaseMod","Block Reminder","Minty Spire (QoL Compilation)","Relic Stats","StSLib"],"gold_per_floor":[112,123,47,47,21,21,21,55,55,70,90,129,129,17,17,106,106,127,153,178,178,191,231,231,264,264,264,264,264,264,299,299,398,398,423,423,423,17,17,17,53,53,53,78,116,147,180,180,180,180,180,180],"floor_reached":51,"playtime":2320,"items_purged":["Strike_B","Strike_B"],"score":1836,"play_id":"1a962aa3-295e-46e5-8a12-115a509c7dbf","local_time":"20210110173432","is_ascension_mode":true,"campfire_choices":[{"data":"Streamline","floor":6,"key":"SMITH"},{"data":"Hologram","floor":15,"key":"SMITH"},{"data":"Hologram","floor":24,"key":"SMITH"},{"data":"Hologram","floor":28,"key":"SMITH"},{"data":"Go for the Eyes","floor":30,"key":"SMITH"},{"data":"Beam Cell","floor":32,"key":"SMITH"},{"data":"Seek","floor":40,"key":"SMITH"},{"data":"Consume","floor":42,"key":"SMITH"},{"data":"Double Energy","floor":49,"key":"SMITH"}],"circlet_count":0,"master_deck":["AscendersBane","Defend_B","Defend_B+1","Defend_B","Defend_B","Zap+1","Dualcast","Streamline+1","Undo+1","Self Repair","Hologram+1","Go for the Eyes+1","Rebound","Seek+1","Double Energy+1","All For One","Gash","Hologram+1","Beam Cell+1","Capacitor","Skim","Hologram+1","Gash","Consume+1","Fission","Violence","Dark Shackles","Flash of Steel","Skim","Streamline+1","Go for the Eyes+1"],"relics":["Cracked Core","NeowsBlessing","Golden Idol","Meat on the Bone","FossilizedHelix","Gambling Chip","Prayer Wheel","Busted Crown","Juzu Bracelet","War Paint","Shuriken","Eternal Feather","Bag of Preparation","Inserter","Potion Belt","OrangePellets","Pen Nib","Molten Egg 2","Nunchaku","Emotion Chip","Lantern"],"acts_visited":["Exordium","TheCity","TheBeyond"],"potions_floor_usage":[12,33,45,50,51],"damage_taken":[{"damage":0,"enemies":"2 Louse","floor":1,"turns":1},{"damage":0,"enemies":"Jaw Worm","floor":2,"turns":1},{"damage":0,"enemies":"Lagavulin","floor":8,"turns":1},{"damage":0,"enemies":"Cultist","floor":10,"turns":3},{"damage":8,"enemies":"3 Louse","floor":11,"turns":4},{"damage":30,"enemies":"Gremlin Nob","floor":12,"turns":5},{"damage":53,"enemies":"Hexaghost","floor":16,"turns":9},{"damage":17,"enemies":"3 Byrds","floor":18,"turns":5},{"damage":0,"enemies":"Chosen","floor":20,"turns":3},{"damage":8,"enemies":"Centurion and Healer","floor":22,"turns":6},{"damage":10,"enemies":"Slavers","floor":23,"turns":5},{"damage":36,"enemies":"Gremlin Leader","floor":25,"turns":7},{"damage":34,"enemies":"Book of Stabbing","floor":31,"turns":5},{"damage":0,"enemies":"Champ","floor":33,"turns":6},{"damage":1,"enemies":"3 Darklings","floor":35,"turns":5},{"damage":0,"enemies":"Nemesis","floor":41,"turns":3},{"damage":0,"enemies":"3 Shapes","floor":44,"turns":4},{"damage":0,"enemies":"Reptomancer","floor":45,"turns":3},{"damage":0,"enemies":"Mind Bloom Boss Battle","floor":46,"turns":3},{"damage":0,"enemies":"Nemesis","floor":47,"turns":3},{"damage":39,"enemies":"Awakened One","floor":50,"turns":5},{"damage":69,"enemies":"Donu and Deca","floor":51,"turns":4}],"seed_played":"-6166797852998584130","potions_obtained":[{"floor":8,"key":"Block Potion"},{"floor":11,"key":"Dexterity Potion"},{"floor":16,"key":"LiquidBronze"},{"floor":25,"key":"DuplicationPotion"},{"floor":33,"key":"ColorlessPotion"},{"floor":35,"key":"DistilledChaos"},{"floor":46,"key":"BlessingOfTheForge"}],"is_trial":false,"path_per_floor":["M","M","$","?","$","R","T","E","T","M","M","E","?","$","R","B",null,"M","T","M","?","M","E","R","E","T","?","R","?","R","E","R","B",null,"M","?","T","$","?","R","E","R","T","M","E","?","E","?","R","B","B"],"character_chosen":"DEFECT","items_purchased":["Self Repair","Hologram","Double Energy","OrangePellets","Flash of Steel","Skim"],"campfire_rested":0,"item_purchase_floors":[3,5,14,38,38,38],"current_hp_per_floor":[64,64,64,64,64,64,64,64,64,64,63,33,74,74,74,40,66,49,49,56,56,55,52,52,35,35,35,47,47,59,44,59,59,70,74,64,64,64,64,74,74,74,74,74,74,74,74,74,74,54,0,0],"gold":180,"neow_bonus":"THREE_ENEMY_KILL","is_daily":false,"chose_seed":false,"campfire_upgraded":9,"win_rate":0.0,"timestamp":1610262272,"path_taken":["M","M","$","?","$","R","?","E","T","M","?","E","?","$","R","BOSS","M","?","M","?","M","E","R","E","T","?","R","?","R","E","R","BOSS","M","?","?","$","?","R","E","R","T","M","E","?","E","?","R","BOSS","BOSS"],"items_purchased_type":["Card","Card","Card","Relic","Card","Card"],"build_version":"2020-12-22","purchased_purges":2,"victory":false,"max_hp_per_floor":[71,71,71,64,64,64,64,64,64,64,64,64,74,74,74,74,74,74,74,74,74,74,74,74,74,74,74,74,74,74,74,74,74,74,74,74,74,74,74,74,74,74,74,74,74,74,74,74,74,74,74,74],"relic_stats":{"Inserter":[15],"counters":[22,91],"Golden Idol":151,"Eternal Feather":49,"Pen Nib":[11],"Juzu Bracelet":1,"Bag of Preparation":[18],"War Paint":["Undo","Defend_B"],"OrangePellets":[0],"Nunchaku":[8],"Emotion Chip":[9,9,0,0,0],"Busted Crown":42,"Shuriken":[55],"Gambling Chip":[58],"Prayer Wheel":5,"obtain_stats":[{"Potion Belt":37,"Lantern":47,"Inserter":34,"NeowsBlessing":0,"Golden Idol":4,"Eternal Feather":26,"Pen Nib":41,"Juzu Bracelet":19,"Bag of Preparation":31,"War Paint":23,"OrangePellets":38,"Nunchaku":45,"Emotion Chip":46,"Busted Crown":17,"Shuriken":25,"Gambling Chip":9,"Prayer Wheel":12,"Molten Egg 2":43,"Cracked Core":0,"FossilizedHelix":8,"Meat on the Bone":7},{"Potion Belt":15,"Lantern":20,"Inserter":14,"NeowsBlessing":0,"Golden Idol":2,"Eternal Feather":12,"Pen Nib":16,"Juzu Bracelet":8,"Bag of Preparation":13,"War Paint":11,"OrangePellets":15,"Nunchaku":18,"Emotion Chip":19,"Busted Crown":7,"Shuriken":12,"Gambling Chip":3,"Prayer Wheel":6,"Molten Egg 2":16,"Cracked Core":0,"FossilizedHelix":3,"Meat on the Bone":2},{"Potion Belt":66,"Lantern":82,"Inserter":61,"NeowsBlessing":0,"Golden Idol":2,"Eternal Feather":50,"Pen Nib":69,"Juzu Bracelet":29,"Bag of Preparation":55,"War Paint":43,"OrangePellets":66,"Nunchaku":76,"Emotion Chip":79,"Busted Crown":24,"Shuriken":50,"Gambling Chip":3,"Prayer Wheel":15,"Molten Egg 2":69,"Cracked Core":0,"FossilizedHelix":3,"Meat on the Bone":2}],"Meat on the Bone":48},"card_choices":[{"not_picked":["Conserve Battery","Hologram"],"picked":"Streamline","floor":1},{"not_picked":["Recycle","Ball Lightning"],"picked":"Undo","floor":2},{"not_picked":["Coolheaded","Barrage"],"picked":"Machine Learning","floor":8},{"not_picked":["Chaos","Sweeping Beam"],"picked":"Go for the Eyes","floor":10},{"not_picked":["Coolheaded","Redo"],"picked":"Rebound","floor":11},{"not_picked":["Cold Snap","Aggregate"],"picked":"Seek","floor":12},{"not_picked":["Thunder Strike","Fission"],"picked":"All For One","floor":16},{"not_picked":[],"picked":"Gash","floor":18},{"not_picked":[],"picked":"Hologram","floor":18},{"not_picked":[],"picked":"Beam Cell","floor":20},{"not_picked":["Blizzard"],"picked":"SKIP","floor":20},{"not_picked":["Skim"],"picked":"SKIP","floor":22},{"not_picked":["Redo"],"picked":"SKIP","floor":22},{"not_picked":[],"picked":"Hologram","floor":23},{"not_picked":[],"picked":"Gash","floor":25},{"not_picked":[],"picked":"Consume","floor":31},{"not_picked":[],"picked":"Fission","floor":33},{"not_picked":["Redo"],"picked":"SKIP","floor":35},{"not_picked":["Rebound"],"picked":"SKIP","floor":35},{"not_picked":[],"picked":"Violence","floor":36},{"not_picked":[],"picked":"Dark Shackles","floor":36},{"not_picked":["Sweeping Beam"],"picked":"SKIP","floor":41},{"not_picked":["Rebound+1"],"picked":"SKIP","floor":44},{"not_picked":["Sweeping Beam+1"],"picked":"SKIP","floor":44},{"not_picked":["Steam"],"picked":"SKIP","floor":45},{"not_picked":[],"picked":"Streamline+1","floor":46},{"not_picked":[],"picked":"Go for the Eyes+1","floor":47}],"player_experience":2327028,"relics_obtained":[{"floor":7,"key":"Meat on the Bone"},{"floor":8,"key":"FossilizedHelix"},{"floor":9,"key":"Gambling Chip"},{"floor":12,"key":"Prayer Wheel"},{"floor":19,"key":"Juzu Bracelet"},{"floor":23,"key":"War Paint"},{"floor":25,"key":"Shuriken"},{"floor":26,"key":"Eternal Feather"},{"floor":31,"key":"Bag of Preparation"},{"floor":37,"key":"Potion Belt"},{"floor":41,"key":"Pen Nib"},{"floor":43,"key":"Molten Egg 2"},{"floor":45,"key":"Nunchaku"},{"floor":46,"key":"Emotion Chip"},{"floor":47,"key":"Lantern"}],"event_choices":[{"damage_healed":0,"gold_gain":0,"player_choice":"Lose Max HP","damage_taken":0,"relics_obtained":["Golden Idol"],"max_hp_gain":0,"max_hp_loss":7,"event_name":"Golden Idol","floor":4,"gold_loss":0},{"cards_removed":["Machine Learning"],"damage_healed":31,"gold_gain":0,"player_choice":"Offered Rare","damage_taken":0,"max_hp_gain":10,"max_hp_loss":0,"event_name":"Bonfire Elementals","floor":13,"gold_loss":0},{"damage_healed":0,"gold_gain":0,"cards_transformed":["Strike_B","Strike_B"],"player_choice":"Became Test Subject","damage_taken":0,"max_hp_gain":0,"max_hp_loss":0,"event_name":"Drug Dealer","floor":21,"gold_loss":0,"cards_obtained":["Capacitor","Skim"]},{"damage_healed":0,"gold_gain":0,"player_choice":"Ignored","damage_taken":0,"max_hp_gain":0,"max_hp_loss":0,"event_name":"Vampires","floor":27,"gold_loss":0},{"damage_healed":0,"gold_gain":0,"player_choice":"Ignored","damage_taken":0,"max_hp_gain":0,"max_hp_loss":0,"event_name":"Ghosts","floor":29,"gold_loss":0},{"damage_healed":0,"gold_gain":0,"player_choice":"Memory 3","damage_taken":10,"max_hp_gain":0,"max_hp_loss":0,"event_name":"SensoryStone","floor":36,"gold_loss":0},{"damage_healed":0,"gold_gain":0,"player_choice":"Upgraded","damage_taken":0,"max_hp_gain":0,"max_hp_loss":0,"event_name":"Upgrade Shrine","floor":39,"gold_loss":0,"cards_upgraded":["Zap"]},{"damage_healed":0,"gold_gain":0,"player_choice":"Fight","damage_taken":0,"max_hp_gain":0,"max_hp_loss":0,"event_name":"MindBloom","floor":46,"gold_loss":0},{"damage_healed":0,"gold_gain":0,"player_choice":"Ignored","damage_taken":0,"max_hp_gain":0,"max_hp_loss":0,"event_name":"The Moai Head","floor":48,"gold_loss":0}],"is_beta":false,"boss_relics":[{"not_picked":["Tiny House","Black Star"],"picked":"Busted Crown"},{"not_picked":["FrozenCore","SacredBark"],"picked":"Inserter"}],"items_purged_floors":[14,38],"is_endless":false,"potions_floor_spawned":[8,11,16,20,22,25,33,35,46],"killed_by":"Donu and Deca","ascension_level":20}}