{"host":"Krakhan","time":1610297795,"event":{"mods":["AchievementEnabler","BaseMod","Colored Map","Colored Powertips","Faster Ascension Climbing","Highlight Path","Minty Spire (QoL Compilation)","Rare Cards Sparkle","Relic Stats","StSLib"],"gold_per_floor":[109,5,20,39,114,114,114],"floor_reached":6,"playtime":264,"items_purged":[],"score":72,"play_id":"28fb532c-4191-404f-95bf-e1a73a1f7589","local_time":"20210110115635","is_ascension_mode":true,"campfire_choices":[],"circlet_count":0,"master_deck":["AscendersBane","Bash","Cleave","Evolve","Juggernaut","Limit Break","Infernal Blade","Sever Soul","Rupture","Anger","Armaments","Sentinel","Spot Weakness","Thunderclap","Impervious"],"relics":["Pandora\u0027s Box"],"acts_visited":["Exordium"],"potions_floor_usage":[6],"damage_taken":[{"damage":6.0,"enemies":"Cultist","floor":1.0,"turns":3.0},{"damage":12.0,"enemies":"Jaw Worm","floor":3.0,"turns":2.0},{"damage":20.0,"enemies":"Small Slimes","floor":4.0,"turns":3.0},{"damage":19,"enemies":"3 Sentries","floor":6,"turns":5}],"seed_played":"4588469665874134552","potions_obtained":[{"floor":1.0,"key":"Swift Potion"},{"floor":3.0,"key":"Fire Potion"}],"is_trial":false,"path_per_floor":["M","$","M","M","?","E"],"character_chosen":"IRONCLAD","items_purchased":["Spot Weakness","Thunderclap"],"campfire_rested":0,"item_purchase_floors":[2,2],"current_hp_per_floor":[62,62,50,30,19,0,0],"gold":114,"neow_bonus":"BOSS_RELIC","is_daily":false,"chose_seed":false,"campfire_upgraded":0,"win_rate":0.0,"timestamp":1610297795,"path_taken":["M","?","M","M","?","E"],"items_purchased_type":["Card","Card"],"build_version":"2020-12-18","purchased_purges":0,"victory":false,"max_hp_per_floor":[75,75,75,75,75,75,75],"relic_stats":{"counters":[4,13],"Pandora\u0027s Box":["Cleave","Evolve","Juggernaut","Limit Break","Infernal Blade","Sever Soul","Rupture","Anger","Armaments"],"obtain_stats":[{"Pandora\u0027s Box":0,"Burning Blood":0},{"Pandora\u0027s Box":0,"Burning Blood":0},{"Pandora\u0027s Box":0,"Burning Blood":0}]},"card_choices":[{"not_picked":["Seeing Red","Anger"],"picked":"Sentinel","floor":1.0},{"not_picked":["Havoc","Headbutt","Pommel Strike"],"picked":"SKIP","floor":3.0},{"not_picked":["Infernal Blade","Wild Strike"],"picked":"Impervious","floor":4.0}],"player_experience":1293015,"relics_obtained":[],"event_choices":[{"damage_healed":0.0,"max_hp_gain":0.0,"max_hp_loss":0.0,"gold_gain":75.0,"event_name":"World of Goop","player_choice":"Gather Gold","floor":5.0,"gold_loss":0.0,"damage_taken":11.0}],"is_beta":true,"boss_relics":[],"items_purged_floors":[],"is_endless":false,"potions_floor_spawned":[1,3],"killed_by":"3 Sentries","ascension_level":20}}