{"host":"p7j7o00jacnw7qzt","time":1610255767,"event":{"mods":["BaseMod","Colored Map","Colored Powertips","DeckTracker","Highlight Path","Minty Spire (QoL Compilation)","Relic Stats"],"gold_per_floor":[115,125,125,125,144,179,191,237,249,290,320,362,391,403,415,504,516,545,557,569,481,500,532,532,561,587,620,631,450,484,503,503,574,574,585,585,585,585,596,623,639,652,678,703,703,728,603,619,619,619,619,619,619,105,137,137],"floor_reached":57,"playtime":3682,"items_purged":["Bouncing Flask","Corpse Explosion","Defend_G","Defend_G"],"score":3396,"play_id":"cbc66775-57ff-4b37-87e4-da706ad01b9b","local_time":"20210110001607","is_ascension_mode":true,"campfire_choices":[{"data":"Noxious Fumes","floor":7.0,"key":"SMITH"},{"floor":15.0,"key":"REST"},{"data":"Wraith Form v2","floor":24.0,"key":"SMITH"},{"data":"Well Laid Plans","floor":32.0,"key":"SMITH"},{"floor":49.0,"key":"RECALL"},{"data":"Venomology","floor":53.0,"key":"SMITH"}],"circlet_count":0,"master_deck":["AscendersBane","Defend_G","Survivor","Neutralize","Noxious Fumes+1","Grand Finale","Venomology+1","Reflex","Wraith Form v2+1","Caltrops+1","PiercingWail+1","Venomology+1","Acrobatics","Prepared","Acrobatics+1","Well Laid Plans+1","Calculated Gamble","After Image","After Image","Wraith Form v2","Tactician+1"],"relics":["Ring of the Snake","Thread and Needle","MawBank","Pantograph","PreservedInsect","Omamori","Bronze Scales","Astrolabe","Blue Candle","Pen Nib","Toy Ornithopter","Paper Crane","HoveringKite","Bottled Lightning","Art of War","Toxic Egg 2","Vajra","Orrery","Bag of Preparation"],"acts_visited":["Exordium","TheCity","TheBeyond","TheEnding"],"potions_floor_usage":[56,56],"damage_taken":[{"damage":0.0,"enemies":"Small Slimes","floor":1.0,"turns":4.0},{"damage":3.0,"enemies":"Jaw Worm","floor":2.0,"turns":4.0},{"damage":0.0,"enemies":"Cultist","floor":5.0,"turns":3.0},{"damage":15.0,"enemies":"Lagavulin","floor":6.0,"turns":6.0},{"damage":27.0,"enemies":"3 Sentries","floor":8.0,"turns":6.0},{"damage":0.0,"enemies":"Gremlin Nob","floor":10.0,"turns":2.0},{"damage":4.0,"enemies":"Large Slime","floor":11.0,"turns":7.0},{"damage":3.0,"enemies":"3 Sentries","floor":12.0,"turns":5.0},{"damage":4.0,"enemies":"Blue Slaver","floor":13.0,"turns":5.0},{"damage":24.0,"enemies":"The Guardian","floor":16.0,"turns":7.0},{"damage":0.0,"enemies":"3 Byrds","floor":18.0,"turns":2.0},{"damage":0.0,"enemies":"Chosen","floor":22.0,"turns":5.0},{"damage":2.0,"enemies":"Book of Stabbing","floor":23.0,"turns":5.0},{"damage":6.0,"enemies":"Gremlin Leader","floor":25.0,"turns":5.0},{"damage":0.0,"enemies":"Slavers","floor":27.0,"turns":3.0},{"damage":0.0,"enemies":"Snecko","floor":28.0,"turns":6.0},{"damage":12.0,"enemies":"Book of Stabbing","floor":30.0,"turns":3.0},{"damage":1.0,"enemies":"Snake Plant","floor":31.0,"turns":3.0},{"damage":7.0,"enemies":"Automaton","floor":33.0,"turns":6.0},{"damage":0.0,"enemies":"Orb Walker","floor":35.0,"turns":4.0},{"damage":0.0,"enemies":"3 Shapes","floor":39.0,"turns":2.0},{"damage":0.0,"enemies":"Giant Head","floor":40.0,"turns":5.0},{"damage":0.0,"enemies":"Jaw Worm Horde","floor":41.0,"turns":3.0},{"damage":0.0,"enemies":"Transient","floor":42.0,"turns":6.0},{"damage":0.0,"enemies":"Reptomancer","floor":44.0,"turns":5.0},{"damage":0.0,"enemies":"Giant Head","floor":46.0,"turns":4.0},{"damage":0.0,"enemies":"3 Darklings","floor":48.0,"turns":4.0},{"damage":0.0,"enemies":"Awakened One","floor":50.0,"turns":4.0},{"damage":0.0,"enemies":"Time Eater","floor":51.0,"turns":5.0},{"damage":0,"enemies":"Shield and Spear","floor":55,"turns":5},{"damage":14,"enemies":"The Heart","floor":56,"turns":6}],"seed_played":"-6045084610090975387","potions_obtained":[{"floor":6.0,"key":"ColorlessPotion"},{"floor":8.0,"key":"ColorlessPotion"},{"floor":10.0,"key":"Swift Potion"},{"floor":11.0,"key":"PowerPotion"},{"floor":12.0,"key":"FairyPotion"},{"floor":16.0,"key":"GamblersBrew"},{"floor":23.0,"key":"BlessingOfTheForge"},{"floor":28.0,"key":"FearPotion"},{"floor":48.0,"key":"Energy Potion"}],"is_trial":false,"path_per_floor":["M","M","?","?","M","E","R","E","T","E","M","E","M","?","R","B",null,"M","?","?","$","M","E","R","E","T","E","M","$","E","M","R","B",null,"M","?","?","?","M","E","M","M","T","E","?","E","$","M","R","B","B",null,"R","$","E","B",null],"character_chosen":"THE_SILENT","items_purchased":["Prepared","Well Laid Plans","PowerPotion","Orrery","Wraith Form v2"],"campfire_rested":1,"item_purchase_floors":[21,29,54,54,54],"current_hp_per_floor":[59,56,61,61,61,46,46,19,19,19,15,12,8,1,20,21,54,54,54,54,54,54,52,52,46,46,46,56,56,54,63,63,65,65,65,65,62,62,62,62,62,62,62,62,62,62,62,62,62,62,62,62,62,62,62,53],"gold":137,"neow_bonus":"ONE_RARE_RELIC","is_daily":false,"chose_seed":false,"campfire_upgraded":4,"win_rate":0.0,"timestamp":1610255767,"path_taken":["M","M","?","?","M","E","R","E","T","E","M","E","?","?","R","BOSS","M","?","?","$","M","E","R","E","T","E","M","$","E","M","R","BOSS","M","?","?","?","M","E","M","?","T","E","?","E","?","M","R","BOSS","BOSS","R","$","E","BOSS"],"items_purchased_type":["Card","Card","Potion","Relic","Card"],"build_version":"2020-12-22","purchased_purges":4,"victory":true,"max_hp_per_floor":[60,60,65,65,65,65,65,65,65,65,65,65,65,65,65,65,65,65,65,65,65,65,65,65,65,65,65,65,65,65,65,65,65,65,65,65,62,62,62,62,62,62,62,62,62,62,62,62,62,62,62,62,62,62,62,62],"relic_stats":{"counters":[31,140],"Astrolabe":["Caltrops","PiercingWail","Venomology"],"Blue Candle":[1],"HoveringKite":[44],"PreservedInsect":626,"Pen Nib":[11],"Bag of Preparation":[2],"MawBank":180,"Pantograph":27,"Bronze Scales":[422],"Art of War":[15],"obtain_stats":[{"Astrolabe":17,"Blue Candle":23,"HoveringKite":34,"Vajra":46,"Thread and Needle":0,"PreservedInsect":9,"Pen Nib":25,"Omamori":10,"Bag of Preparation":55,"Paper Crane":30,"MawBank":6,"Pantograph":8,"Bronze Scales":12,"Orrery":54,"Art of War":43,"Bottled Lightning":40,"Toxic Egg 2":44,"Toy Ornithopter":27,"Ring of the Snake":0},{"Astrolabe":10,"Blue Candle":13,"HoveringKite":19,"Vajra":26,"Thread and Needle":0,"PreservedInsect":5,"Pen Nib":14,"Omamori":6,"Bag of Preparation":30,"Paper Crane":17,"MawBank":4,"Pantograph":5,"Bronze Scales":8,"Orrery":29,"Art of War":24,"Bottled Lightning":22,"Toxic Egg 2":25,"Toy Ornithopter":15,"Ring of the Snake":0},{"Astrolabe":49,"Blue Candle":61,"HoveringKite":87,"Vajra":116,"Thread and Needle":0,"PreservedInsect":23,"Pen Nib":66,"Omamori":25,"Bag of Preparation":134,"Paper Crane":78,"MawBank":17,"Pantograph":23,"Bronze Scales":37,"Orrery":129,"Art of War":107,"Bottled Lightning":98,"Toxic Egg 2":112,"Toy Ornithopter":69,"Ring of the Snake":0}],"Toy Ornithopter":39,"Ring of the Snake":[62]},"card_choices":[{"not_picked":["Slice","Deflect"],"picked":"Bouncing Flask","floor":1.0},{"not_picked":["Deadly Poison","Bane"],"picked":"Noxious Fumes","floor":2.0},{"not_picked":["Endless Agony","Escape Plan"],"picked":"Grand Finale","floor":5.0},{"not_picked":["Terror","Outmaneuver"],"picked":"Venomology","floor":6.0},{"not_picked":["Endless Agony","Deadly Poison"],"picked":"Reflex","floor":8.0},{"not_picked":["Accuracy","Sucker Punch","Dagger Spray"],"picked":"SKIP","floor":10.0},{"not_picked":["Masterful Stab","PiercingWail","Caltrops"],"picked":"SKIP","floor":11.0},{"not_picked":["Masterful Stab","PiercingWail","Caltrops"],"picked":"SKIP","floor":11.0},{"not_picked":["Masterful Stab","PiercingWail","Caltrops"],"picked":"SKIP","floor":11.0},{"not_picked":["Sucker Punch","Reflex","Bane"],"picked":"SKIP","floor":12.0},{"not_picked":["Infinite Blades","Grand Finale","Dash"],"picked":"SKIP","floor":13.0},{"not_picked":["Venomology","Phantasmal Killer"],"picked":"Wraith Form v2","floor":16.0},{"not_picked":["Infinite Blades","Dagger Throw","Sucker Punch"],"picked":"SKIP","floor":18.0},{"not_picked":["Dagger Throw","Finisher"],"picked":"Acrobatics+1","floor":22.0},{"not_picked":["Flying Knee+1","Catalyst","Prepared"],"picked":"SKIP","floor":23.0},{"not_picked":["Deflect+1","Outmaneuver","Distraction"],"picked":"SKIP","floor":25.0},{"not_picked":["Poisoned Stab","Crippling Poison","Night Terror"],"picked":"SKIP","floor":27.0},{"not_picked":["Blade Dance","Slice","Predator"],"picked":"SKIP","floor":28.0},{"not_picked":["Accuracy+1","Venomology","All Out Attack"],"picked":"SKIP","floor":30.0},{"not_picked":["Underhanded Strike","Quick Slash"],"picked":"Calculated Gamble","floor":31.0},{"not_picked":["Tools of the Trade","Burst"],"picked":"After Image","floor":33.0},{"not_picked":["Masterful Stab","Bane","Quick Slash"],"picked":"SKIP","floor":35.0},{"not_picked":["Eviscerate+1","Dagger Throw","Catalyst"],"picked":"SKIP","floor":39.0},{"not_picked":["Outmaneuver","Deadly Poison","Flying Knee"],"picked":"SKIP","floor":40.0},{"not_picked":["Bane","Leg Sweep","Choke"],"picked":"SKIP","floor":41.0},{"not_picked":["Flechettes","Underhanded Strike","Quick Slash"],"picked":"SKIP","floor":42.0},{"not_picked":["Bane","Blade Dance+1","Endless Agony"],"picked":"SKIP","floor":44.0},{"not_picked":["Underhanded Strike","Dodge and Roll+1","Slice"],"picked":"SKIP","floor":46.0},{"not_picked":["Backflip+1","Caltrops","Backstab"],"picked":"SKIP","floor":48.0},{"not_picked":["Outmaneuver+1","Backstab"],"picked":"Tactician+1","floor":55}],"player_experience":1028195,"relics_obtained":[{"floor":6.0,"key":"MawBank"},{"floor":8.0,"key":"Pantograph"},{"floor":9.0,"key":"PreservedInsect"},{"floor":10.0,"key":"Omamori"},{"floor":12.0,"key":"Bronze Scales"},{"floor":23.0,"key":"Blue Candle"},{"floor":25.0,"key":"Pen Nib"},{"floor":27.0,"key":"Toy Ornithopter"},{"floor":30.0,"key":"Paper Crane"},{"floor":40.0,"key":"Bottled Lightning"},{"floor":43.0,"key":"Art of War"},{"floor":44.0,"key":"Toxic Egg 2"},{"floor":46.0,"key":"Vajra"},{"floor":55,"key":"Bag of Preparation"}],"event_choices":[{"damage_healed":0.0,"max_hp_gain":5.0,"max_hp_loss":0.0,"gold_gain":0.0,"event_name":"Big Fish","player_choice":"Donut","floor":3.0,"gold_loss":0.0,"damage_taken":0.0},{"damage_healed":0.0,"max_hp_gain":0.0,"max_hp_loss":0.0,"gold_gain":0.0,"cards_transformed":["Strike_G"],"event_name":"Transmorgrifier","player_choice":"Transformed","floor":4.0,"gold_loss":0.0,"damage_taken":0.0,"cards_obtained":["Quick Slash"]},{"cards_removed":["Strike_G"],"damage_healed":0.0,"max_hp_gain":0.0,"max_hp_loss":0.0,"gold_gain":0.0,"event_name":"Golden Wing","player_choice":"Card Removal","floor":14.0,"gold_loss":0.0,"damage_taken":7.0},{"damage_healed":0.0,"max_hp_gain":0.0,"max_hp_loss":0.0,"gold_gain":0.0,"event_name":"Ghosts","player_choice":"Ignored","floor":19.0,"gold_loss":0.0,"damage_taken":0.0},{"damage_healed":0.0,"max_hp_gain":0.0,"max_hp_loss":0.0,"gold_gain":0.0,"cards_transformed":["Defend_G","Defend_G"],"event_name":"Drug Dealer","player_choice":"Became Test Subject","floor":20.0,"gold_loss":0.0,"damage_taken":0.0,"cards_obtained":["Acrobatics","Corpse Explosion"]},{"cards_removed":["Quick Slash"],"damage_healed":0.0,"max_hp_gain":0.0,"max_hp_loss":0.0,"gold_gain":0.0,"event_name":"Falling","player_choice":"Removed Attack","floor":36.0,"gold_loss":0.0,"damage_taken":0.0},{"damage_healed":0.0,"max_hp_gain":0.0,"max_hp_loss":3.0,"gold_gain":0.0,"event_name":"Winding Halls","player_choice":"Max HP","floor":37.0,"gold_loss":0.0,"damage_taken":0.0},{"damage_healed":0.0,"max_hp_gain":0.0,"max_hp_loss":0.0,"gold_gain":0.0,"event_name":"SecretPortal","player_choice":"Ignored","floor":38.0,"gold_loss":0.0,"damage_taken":0.0},{"damage_healed":0.0,"max_hp_gain":0.0,"max_hp_loss":0.0,"gold_gain":0.0,"event_name":"Match and Keep!","player_choice":"1 cards matched","floor":45.0,"gold_loss":0.0,"damage_taken":0.0,"cards_obtained":["After Image"]},{"damage_healed":0.0,"max_hp_gain":0.0,"max_hp_loss":0.0,"gold_gain":0.0,"event_name":"Match and Keep!","player_choice":"1 cards matched","floor":45.0,"gold_loss":0.0,"damage_taken":0.0,"cards_obtained":["After Image"]}],"is_beta":false,"boss_relics":[{"not_picked":["Busted Crown","WristBlade"],"picked":"Astrolabe"},{"not_picked":["Snecko Eye","Calling Bell"],"picked":"HoveringKite"}],"items_purged_floors":[21,29,47,54],"is_endless":false,"potions_floor_spawned":[6,8,10,11,12,16,18,23,28,31,33,35,40,42,48,55],"ascension_level":20}}