{"host":"gtv41eena9h15rk5","time":1610289476,"event":{"mods":["BaseMod","Downfall","Marisa£®ÏF”Í°°ƒß¿Ì…≥£©","Minty Spire (QoL Compilation)","Replay The Spire","Shop Mod","StSLib","The Bug Knight","The Construct","The Cursed","The Runesmith","The Servant 0.9.4","[IsaacMod]“‘»ˆº‚À˛"],"gold_per_floor":[115,129,195,240,139,139,165,165],"floor_reached":7,"playtime":317,"items_purged":[],"score":74,"play_id":"85fe672d-5ff5-49ee-a9f9-1bddb7bf4f92","local_time":"20210110223756","is_ascension_mode":false,"campfire_choices":[{"data":"HollowMod:SharpenedNail","floor":6,"key":"SMITH"}],"circlet_count":0,"master_deck":["HollowMod:NailStrikeStart","HollowMod:NailStrikeStart","HollowMod:NailStrikeStart","HollowMod:NailStrikeStart","HollowMod:QuickDashStart","HollowMod:QuickDashStart","HollowMod:QuickDashStart","HollowMod:QuickDashStart","HollowMod:FocusHealStart","HollowMod:PogoStrike","ChaosCard","HollowMod:SharpenedNail+1","sneckomod:UnknownUncommonAttack","construct:ScrapCannon"],"relics":["HollowMod:VesselMask","HushsDoor","DoctorsRemote","NeowsBlessing","HollowMod:StagPassRelic","MerchantsRug","Strawberry"],"acts_visited":["Exordium"],"potions_floor_usage":[],"damage_taken":[{"damage":0,"enemies":"2 Louse","floor":1,"turns":1},{"damage":0,"enemies":"Cultist","floor":2,"turns":1},{"damage":0,"enemies":"3 Sentries","floor":7,"turns":1}],"seed_played":"-3291678366712273433","potions_obtained":[{"floor":1,"key":"Venom Potion"},{"floor":4,"key":"Block Potion"},{"floor":7,"key":"SpeedPotion"}],"is_trial":false,"path_per_floor":["M","M","?","?","$","R","E"],"character_chosen":"THE_BUGKNIGHT","items_purchased":["MerchantsRug"],"campfire_rested":0,"item_purchase_floors":[5],"current_hp_per_floor":[75,75,60,60,60,60,67,67],"gold":165,"neow_bonus":"THREE_ENEMY_KILL","is_daily":false,"chose_seed":false,"campfire_upgraded":1,"win_rate":0.0,"timestamp":1610289476,"path_taken":["M","M","?","?","$","R","E"],"items_purchased_type":["Relic"],"build_version":"2020-12-22","purchased_purges":0,"victory":false,"max_hp_per_floor":[75,75,75,75,75,75,82,82],"card_choices":[{"not_picked":[],"picked":"ChaosCard","floor":0},{"not_picked":["Slimebound:DivideAndConquer","MurderousAura"],"picked":"HollowMod:SharpenedNail","floor":1},{"not_picked":["Runesmith:CraftMagma","champ:TornadoPunch"],"picked":"sneckomod:UnknownUncommonAttack","floor":2},{"not_picked":["Guardian:Incinerate","champ:HeartStrike"],"picked":"construct:ScrapCannon","floor":4}],"player_experience":191879,"relics_obtained":[{"floor":4,"key":"HollowMod:StagPassRelic"},{"floor":7,"key":"Strawberry"}],"event_choices":[],"is_beta":false,"boss_relics":[],"items_purged_floors":[],"is_endless":false,"potions_floor_spawned":[1,7],"killed_by":"3 Sentries","ascension_level":0}}