{"host":"m6h67kf6cz80m3yv","time":1610280798,"event":{"mods":["Bartender","BaseMod","Better Third Choice","BetterRewards","CatGirl Mod","Colored Powertips","Downfall","Duelist Mod","Hermit","Marisa????????","Minty Spire (QoL Compilation)","Prisma Mod","Quick Restart","Shade Mod","Shop Mod","StSLib","SuperFastMode","The Dragon Tamer","The Marked","The Servant 0.9.4"],"gold_per_floor":[112,212,224,174,249,249,260,285,285,186,200,216,216,216,216,316,316,329,329,244,257,270,302,302,319,319,347,374,374,385,404,404,404,404],"floor_reached":33,"playtime":1209,"items_purged":["hermit:Defend_Hermit"],"score":318,"play_id":"ea576b95-1f0b-42bf-a048-f46afde0449c","local_time":"20210110101318","is_ascension_mode":true,"campfire_choices":[{"data":"hermit:NoHoldsBarred","floor":6,"key":"SMITH"},{"floor":13,"key":"REST"},{"floor":15,"key":"REST"},{"floor":24,"key":"REST"},{"floor":32,"key":"REST"}],"circlet_count":0,"master_deck":["hermit:Strike_Hermit","hermit:Strike_Hermit","hermit:Strike_Hermit","hermit:Defend_Hermit","hermit:Defend_Hermit","hermit:Defend_Hermit","hermit:Snapshot","hermit:Covet","hermit:Glare","hermit:NoHoldsBarred+1","hermit:TrackingShot","hermit:TakeCover","hermit:Headshot","hermit:Determination","hermit:Shortfuse","hermit:Magnum","hermit:Snipe+1","hermit:EyeOfTheStorm+1","hermit:Vantage+1","hermit:Dive+1","hermit:Glare+1","hermit:Snipe+1"],"relics":["hermit:Momento","Mummified Hand","HornCleat","Protect_Vest","Philosopher\u0027s Stone","Nilry\u0027s Codex","Toxic Egg 2","Potion Belt","Anchor","Lantern"],"acts_visited":["Exordium","TheCity"],"potions_floor_usage":[16,16,23,25,27,31,31,33,33,33],"damage_taken":[{"damage":0,"enemies":"Jaw Worm","floor":1,"turns":3},{"damage":0,"enemies":"Cultist","floor":3,"turns":3},{"damage":0,"enemies":"Small Slimes","floor":7,"turns":2},{"damage":16,"enemies":"Lagavulin","floor":8,"turns":5},{"damage":11,"enemies":"3 Louse","floor":11,"turns":2},{"damage":16,"enemies":"Exordium Wildlife","floor":12,"turns":6},{"damage":33,"enemies":"Slime Boss","floor":16,"turns":8},{"damage":0,"enemies":"Chosen","floor":18,"turns":3},{"damage":18,"enemies":"3 Byrds","floor":21,"turns":4},{"damage":11,"enemies":"Snake Plant","floor":22,"turns":3},{"damage":25,"enemies":"Book of Stabbing","floor":23,"turns":5},{"damage":23,"enemies":"Centurion and Healer","floor":25,"turns":7},{"damage":1,"enemies":"Slavers","floor":27,"turns":5},{"damage":0,"enemies":"Sentry and Sphere","floor":28,"turns":3},{"damage":0,"enemies":"Snecko","floor":30,"turns":3},{"damage":0,"enemies":"3 Cultists","floor":31,"turns":4},{"damage":75,"enemies":"Automaton","floor":33,"turns":12}],"seed_played":"-5307282511313844135","potions_obtained":[{"floor":1,"key":"champ:CounterPotion"},{"floor":3,"key":"hermit:BlackBile"},{"floor":7,"key":"Explosive Potion"},{"floor":18,"key":"hermit:Tonic"},{"floor":21,"key":"AttackPotion"},{"floor":25,"key":"Fire Potion"},{"floor":29,"key":"SmokeBomb"},{"floor":29,"key":"hermit:Eclipse"},{"floor":29,"key":"Guardian:BlockOnCardUsePotion"},{"floor":30,"key":"Block Potion"},{"floor":31,"key":"Swift Potion"}],"is_trial":false,"path_per_floor":["M","?","M","?","?","R","M","E","T","$","M","M","R","?","R","B",null,"M","?","?","M","M","E","R","M","T","E","M","?","M","M","R","B"],"character_chosen":"HERMIT","items_purchased":["hermit:Headshot"],"campfire_rested":4,"item_purchase_floors":[10],"current_hp_per_floor":[82,82,82,82,71,71,71,55,55,55,44,28,52,40,64,31,82,82,66,66,48,37,12,36,13,13,12,12,12,12,12,36,0,0],"gold":404,"neow_bonus":"TEN_PERCENT_HP_BONUS","is_daily":false,"chose_seed":false,"campfire_upgraded":1,"win_rate":0.0,"timestamp":1610280798,"path_taken":["M","?","?","?","?","R","M","E","T","$","M","M","R","?","R","BOSS","M","?","?","M","M","E","R","M","T","E","M","?","?","M","R","BOSS"],"items_purchased_type":["Card"],"build_version":"2020-12-22","purchased_purges":1,"victory":false,"max_hp_per_floor":[82,82,82,82,82,82,82,82,82,82,82,82,82,82,82,82,82,82,82,82,82,82,82,82,82,82,82,82,82,82,82,82,82,82],"card_choices":[{"not_picked":["hermit:Spite","hermit:Gestalt"],"picked":"hermit:Glare","floor":1},{"not_picked":["hermit:SprayPray","hermit:Combo"],"picked":"hermit:NoHoldsBarred","floor":3},{"not_picked":["hermit:Combo","hermit:Roulette"],"picked":"hermit:TrackingShot","floor":7},{"not_picked":["hermit:Roulette","hermit:HighCaliber"],"picked":"hermit:TakeCover","floor":8},{"not_picked":["hermit:Ricochet","hermit:NoHoldsBarred"],"picked":"hermit:Determination","floor":11},{"not_picked":["hermit:EyeOfTheStorm","hermit:TrackingShot"],"picked":"hermit:Shortfuse","floor":12},{"not_picked":["hermit:DeadOrAlive","hermit:EternalForm"],"picked":"hermit:Magnum","floor":16},{"not_picked":["hermit:Feint","hermit:Headshot+1"],"picked":"hermit:Snipe+1","floor":18},{"not_picked":["hermit:Quickdraw","hermit:Glare+1"],"picked":"hermit:EyeOfTheStorm+1","floor":21},{"not_picked":["hermit:ItchyTrigger","hermit:HighCaliber"],"picked":"hermit:Vantage+1","floor":22},{"not_picked":["hermit:Ricochet","hermit:Roulette"],"picked":"hermit:Dive+1","floor":23},{"not_picked":["hermit:Combo","hermit:Ricochet","hermit:Headshot"],"picked":"SKIP","floor":25},{"not_picked":["hermit:Combo","hermit:FatalDesire"],"picked":"hermit:Glare+1","floor":27},{"not_picked":["hermit:HoleUp+1","hermit:Enervate","hermit:LowProfile+1"],"picked":"SKIP","floor":28},{"not_picked":["hermit:SprayPray+1","hermit:Feint+1"],"picked":"hermit:Snipe+1","floor":30},{"not_picked":["hermit:WideOpen+1","hermit:DeadMansHand+1","hermit:Dive+1"],"picked":"SKIP","floor":31}],"player_experience":348127,"relics_obtained":[{"floor":8,"key":"Mummified Hand"},{"floor":9,"key":"HornCleat"},{"floor":19,"key":"Nilry\u0027s Codex"},{"floor":23,"key":"Potion Belt"},{"floor":26,"key":"Anchor"},{"floor":27,"key":"Lantern"}],"event_choices":[{"damage_healed":0,"gold_gain":100,"player_choice":"Pray","damage_taken":0,"max_hp_gain":0,"max_hp_loss":0,"event_name":"Golden Shrine","floor":2,"gold_loss":0},{"cards_removed":["hermit:Strike_Hermit"],"damage_healed":0,"gold_gain":0,"player_choice":"Card Removal","damage_taken":0,"max_hp_gain":0,"max_hp_loss":0,"event_name":"The Cleric","floor":4,"gold_loss":50},{"damage_healed":0,"gold_gain":75,"player_choice":"Gold","damage_taken":11,"max_hp_gain":0,"max_hp_loss":0,"event_name":"betterThird:BetterGoop","floor":5,"gold_loss":0},{"damage_healed":0,"gold_gain":0,"player_choice":"Relic ","damage_taken":12,"max_hp_gain":0,"max_hp_loss":0,"event_name":"betterThird:BetterScrap","floor":14,"gold_loss":0,"cards_obtained":["Establishment"]},{"damage_healed":0,"gold_gain":0,"player_choice":"Obtained Book","damage_taken":16,"max_hp_gain":0,"max_hp_loss":0,"event_name":"Cursed Tome","floor":19,"gold_loss":0},{"damage_healed":0,"gold_gain":0,"player_choice":"Obtained Relic","damage_taken":0,"relics_obtained":["Toxic Egg 2"],"max_hp_gain":0,"max_hp_loss":0,"event_name":"Addict","floor":20,"gold_loss":85},{"damage_healed":0,"gold_gain":0,"player_choice":"Got Potions","damage_taken":0,"max_hp_gain":0,"max_hp_loss":0,"event_name":"Lab","floor":29,"gold_loss":0}],"is_beta":false,"boss_relics":[{"not_picked":["Tiny House","Sozu"],"picked":"Philosopher\u0027s Stone"}],"items_purged_floors":[10],"is_endless":false,"potions_floor_spawned":[1,3,7,8,18,21,25,30,31],"killed_by":"Automaton","ascension_level":2}}