{"host":"52jmisti11ysmja4","time":1610305953,"event":{"mods":["Aspiration","BaseMod","Better Third Choice","Minty Spire (QoL Compilation)","Remove Card Discount Mod","StSLib"],"gold_per_floor":[117,128,147,78,92,121,185,215,239,0,0,34,34,68,68,142,142,154,154,181,196,196,221,241,241,241],"floor_reached":25,"playtime":1315,"items_purged":["Defend_R","Defend_R","Defend_R","Defend_R","Strike_R","Strike_R","Strike_R","Strike_R","Strike_R"],"score":598,"play_id":"8e4fc613-91ec-4051-a82d-32d5756bff48","local_time":"20210110111233","is_ascension_mode":true,"campfire_choices":[{"floor":11,"key":"REST"},{"floor":15,"key":"REST"}],"circlet_count":0,"master_deck":["AscendersBane","Bash","Twin Strike","Rampage","Thunderclap","Pommel Strike","Infernal Blade","Combust","Iron Wave","Double Tap","Rupture","Demon Form","Twin Strike","Headbutt","Flex","Limit Break","Uppercut+1","Shrug It Off","SashWhip","FollowUp","Thunderclap+1"],"relics":["Burning Blood","aspiration:Lifesprig","Matryoshka","Smiling Mask","Charon\u0027s Ashes","The Courier","Eternal Feather","Toy Ornithopter","Sozu","PrismaticShard","Red Mask","Nloth\u0027s Gift","Molten Egg 2"],"acts_visited":["Exordium","TheCity"],"potions_floor_usage":[7,8,14,16,23],"damage_taken":[{"damage":12,"enemies":"Cultist","floor":1,"turns":4},{"damage":15,"enemies":"Small Slimes","floor":2,"turns":3},{"damage":9,"enemies":"Jaw Worm","floor":3,"turns":3},{"damage":0,"enemies":"2 Fungi Beasts","floor":5,"turns":2},{"damage":6,"enemies":"Gremlin Nob","floor":6,"turns":3},{"damage":24,"enemies":"3 Sentries","floor":7,"turns":5},{"damage":7,"enemies":"3 Sentries","floor":8,"turns":3},{"damage":32,"enemies":"Lagavulin","floor":12,"turns":4},{"damage":33,"enemies":"3 Sentries","floor":14,"turns":4},{"damage":0,"enemies":"Slime Boss","floor":16,"turns":5},{"damage":11,"enemies":"Spheric Guardian","floor":18,"turns":3},{"damage":29,"enemies":"Masked Bandits","floor":20,"turns":3},{"damage":12,"enemies":"3 Byrds","floor":21,"turns":4},{"damage":18,"enemies":"Gremlin Leader","floor":23,"turns":4},{"damage":10,"enemies":"Centurion and Healer","floor":24,"turns":4},{"damage":17,"enemies":"Book of Stabbing","floor":25,"turns":2}],"seed_played":"-8387385484059227302","potions_obtained":[{"floor":3,"key":"Ancient Potion"},{"floor":6,"key":"Block Potion"},{"floor":7,"key":"AttackPotion"},{"floor":12,"key":"Fruit Juice"},{"floor":16,"key":"Weak Potion"}],"is_trial":false,"path_per_floor":["M","M","M","$","M","E","?","E","T","$","R","E","$","E","R","B",null,"M","?","?","M","?","E","M","E"],"character_chosen":"IRONCLAD","items_purchased":["Pommel Strike","Rupture","Demon Form","Twin Strike","Headbutt"],"campfire_rested":2,"item_purchase_floors":[4,10,10,10,10],"current_hp_per_floor":[62,53,50,50,56,56,38,37,37,37,59,33,33,11,44,55,74,69,57,34,28,28,21,17,0,0],"gold":241,"neow_bonus":"RANDOM_COMMON_RELIC","is_daily":false,"chose_seed":false,"campfire_upgraded":0,"win_rate":0.0,"timestamp":1610305953,"path_taken":["M","M","M","?","M","E","?","E","T","?","R","E","$","E","R","BOSS","M","?","?","M","?","E","M","E"],"items_purchased_type":["Card","Card","Card","Card","Card"],"build_version":"2020-12-22","purchased_purges":9,"victory":false,"max_hp_per_floor":[75,75,75,75,75,75,75,75,75,75,75,75,75,80,80,80,80,80,80,80,80,80,80,80,80,80],"card_choices":[{"not_picked":["Whirlwind","Perfected Strike"],"picked":"Twin Strike","floor":1},{"not_picked":["Headbutt","Cleave"],"picked":"Rampage","floor":2},{"not_picked":["Heavy Blade","Headbutt"],"picked":"Thunderclap","floor":3},{"not_picked":["Carnage","Warcry"],"picked":"Infernal Blade","floor":5},{"not_picked":["Shockwave","Whirlwind"],"picked":"Combust","floor":6},{"not_picked":["Havoc","Warcry"],"picked":"Iron Wave","floor":7},{"not_picked":["Body Slam","Second Wind"],"picked":"Double Tap","floor":8},{"not_picked":["Flame Barrier","Headbutt"],"picked":"Flex","floor":12},{"not_picked":["Carnage","Iron Wave","Burning Pact"],"picked":"SKIP","floor":14},{"not_picked":["Double Tap","Corruption"],"picked":"Limit Break","floor":16},{"not_picked":["Warcry","Sword Boomerang"],"picked":"Uppercut+1","floor":18},{"not_picked":["True Grit","Metallicize"],"picked":"Shrug It Off","floor":19},{"not_picked":["Deep Breath","Ball Lightning"],"picked":"SashWhip","floor":20},{"not_picked":["Expertise","CarveReality"],"picked":"FollowUp","floor":21},{"not_picked":["Electrodynamics","Multi-Cast","PathToVictory"],"picked":"SKIP","floor":23},{"not_picked":["Meditate","Clothesline+1"],"picked":"Thunderclap+1","floor":24}],"player_experience":475363,"relics_obtained":[{"floor":6,"key":"Matryoshka"},{"floor":7,"key":"Smiling Mask"},{"floor":8,"key":"Charon\u0027s Ashes"},{"floor":9,"key":"The Courier"},{"floor":9,"key":"Boot"},{"floor":12,"key":"Eternal Feather"},{"floor":14,"key":"Toy Ornithopter"},{"floor":19,"key":"PrismaticShard"},{"floor":20,"key":"Red Mask"},{"floor":23,"key":"Molten Egg 2"}],"event_choices":[{"damage_healed":0,"gold_gain":0,"player_choice":"Searched \u00271\u0027 times","damage_taken":0,"max_hp_gain":0,"max_hp_loss":0,"event_name":"Dead Adventurer","floor":7,"gold_loss":0},{"damage_healed":0,"gold_gain":0,"player_choice":"Fought Bandits","damage_taken":0,"max_hp_gain":0,"max_hp_loss":0,"event_name":"Masked Bandits","floor":20,"gold_loss":0},{"damage_healed":0,"gold_gain":0,"player_choice":"Traded Relic","damage_taken":0,"relics_obtained":["Nloth\u0027s Gift"],"max_hp_gain":0,"max_hp_loss":0,"event_name":"N\u0027loth","floor":22,"relics_lost":["Boot"],"gold_loss":0}],"is_beta":false,"boss_relics":[{"not_picked":["Snecko Eye","Cursed Key"],"picked":"Sozu"}],"items_purged_floors":[4,4,4,4,4,4,4,4,4],"is_endless":false,"potions_floor_spawned":[3,6,7,12,16,20],"killed_by":"Book of Stabbing","ascension_level":20}}