{"host":"w3q5ijqu8eoknil3","time":1610242293,"event":{"mods":["AchievementEnabler","BaseMod","Block Reminder","Colored Powertips","Curses Come First","Minty Spire (QoL Compilation)","Quick Restart","Relic Stats","StSLib","ojb\u0027s Better Paths Mod","ojb\u0027s Info Mod","slay the spire mod where everything is the same but ironclad has a cowboy hat"],"gold_per_floor":[109,121,121,138,138,138,165,183,183,183,183],"floor_reached":10,"playtime":256,"items_purged":[],"score":126,"play_id":"94865c0d-c7e5-4bdb-802d-482e874c8270","local_time":"20210110013133","is_ascension_mode":true,"campfire_choices":[{"data":"Catalyst","floor":6,"key":"SMITH"}],"circlet_count":0,"master_deck":["AscendersBane","Strike_G","Strike_G","Strike_G","Strike_G","Strike_G","Defend_G","Defend_G","Defend_G","Defend_G","Defend_G","Survivor","Neutralize","Blade Dance","Catalyst+1","Poisoned Stab","PiercingWail","Dash"],"relics":["Ring of the Snake","NeowsBlessing","Ancient Tea Set","Art of War"],"acts_visited":["Exordium"],"potions_floor_usage":[10,10],"damage_taken":[{"damage":0,"enemies":"Cultist","floor":1,"turns":1},{"damage":0,"enemies":"Small Slimes","floor":2,"turns":1},{"damage":0,"enemies":"2 Louse","floor":4,"turns":1},{"damage":47,"enemies":"3 Sentries","floor":7,"turns":11},{"damage":8,"enemies":"Large Slime","floor":8,"turns":5},{"damage":19,"enemies":"Lagavulin","floor":10,"turns":5}],"seed_played":"-3642170302462897003","potions_obtained":[{"floor":4,"key":"Strength Potion"},{"floor":7,"key":"EssenceOfSteel"}],"is_trial":false,"path_per_floor":["M","M","?","M","?","R","E","M","T","E"],"character_chosen":"THE_SILENT","items_purchased":[],"campfire_rested":0,"item_purchase_floors":[],"current_hp_per_floor":[59,59,64,64,64,64,17,9,9,0,0],"gold":183,"neow_bonus":"THREE_ENEMY_KILL","is_daily":false,"chose_seed":false,"campfire_upgraded":1,"win_rate":0.0,"timestamp":1610242293,"path_taken":["M","M","?","M","?","R","E","M","T","E"],"items_purchased_type":[],"build_version":"2020-12-22","purchased_purges":0,"victory":false,"max_hp_per_floor":[66,66,71,71,71,71,71,71,71,71,71],"relic_stats":{"counters":[6,24],"Art of War":[0],"obtain_stats":[{"NeowsBlessing":0,"Art of War":9,"Ancient Tea Set":7,"Ring of the Snake":0},{"NeowsBlessing":0,"Art of War":5,"Ancient Tea Set":4,"Ring of the Snake":0},{"NeowsBlessing":0,"Art of War":19,"Ancient Tea Set":14,"Ring of the Snake":0}],"Ring of the Snake":[12]},"card_choices":[{"not_picked":["Prepared","Escape Plan"],"picked":"Blade Dance","floor":1},{"not_picked":["Underhanded Strike","Flying Knee"],"picked":"Catalyst","floor":2},{"not_picked":["Flying Knee","Backflip"],"picked":"Poisoned Stab","floor":4},{"not_picked":["Prepared","Accuracy"],"picked":"PiercingWail","floor":7},{"not_picked":["Bane","Dagger Spray"],"picked":"Dash","floor":8}],"player_experience":944035,"relics_obtained":[{"floor":7,"key":"Ancient Tea Set"},{"floor":9,"key":"Art of War"}],"event_choices":[{"damage_healed":0,"gold_gain":0,"player_choice":"Donut","damage_taken":0,"max_hp_gain":5,"max_hp_loss":0,"event_name":"Big Fish","floor":3,"gold_loss":0},{"damage_healed":0,"gold_gain":0,"player_choice":"Leave","damage_taken":0,"max_hp_gain":0,"max_hp_loss":0,"event_name":"The Cleric","floor":5,"gold_loss":0}],"is_beta":false,"boss_relics":[],"items_purged_floors":[],"is_endless":false,"potions_floor_spawned":[4,7],"killed_by":"Lagavulin","ascension_level":17}}