{"host":"yynwimtm5jr5bi3a","time":1610267223,"event":{"mods":["AchievementEnabler","Ascension Reborn","BaseMod","Better Altar","Better Match","Better Note","Better Sensory Stone","Better Skull","Better Third Choice","BetterRewards","Colored Map","Colored Powertips","Dark Map","DeckTracker","Downfall","Hermit","Infinite Spire","Minty Spire (QoL Compilation)","Permanent Neow","Poor People Problems","Quick Restart","Rare Cards Sparkle","Replay The Spire","Shop Mod","Spicy Shops","StSLib","The Cursed","The Hierophant","The Runesmith","Thieving Mod"],"gold_per_floor":[118,134,134,134,14,14,39,114,141,141,158,172,199,209,209,209,209],"floor_reached":16,"playtime":1649,"items_purged":[],"score":100,"play_id":"113c8503-0d8f-45fc-9c21-214525ad3383","local_time":"20210110002703","is_ascension_mode":true,"campfire_choices":[{"floor":10,"key":"REST"}],"circlet_count":0,"master_deck":["Runesmith:Strike_RS","Runesmith:Strike_RS","Runesmith:Strike_RS","Runesmith:Strike_RS","Runesmith:Defend_RS","Runesmith:Defend_RS","Runesmith:Defend_RS","Runesmith:CraftFirestone+1","Runesmith:Fortify","Runesmith:Empowerment","Runesmith:CraftMagma","Runesmith:ChargedHammer","Runesmith:OneForEveryone","Runesmith:ShiftingStrike","Runesmith:LithiumIon","Runesmith:GenerateForcefield","Runesmith:BackupBattery","Runesmith:Accelerate"],"relics":["Runesmith:BrokenRuby","Ring of Searing","Replay:Mystery Machine","Odd Mushroom","Pet Ghost","Shovel"],"acts_visited":["Exordium"],"potions_floor_usage":[],"damage_taken":[{"damage":0.0,"enemies":"2 Louse","floor":1.0,"turns":3.0},{"damage":0.0,"enemies":"Small Slimes","floor":2.0,"turns":3.0},{"damage":20,"enemies":"The Mushroom Lair","floor":7,"turns":4},{"damage":5,"enemies":"Jaw Worm","floor":11,"turns":2},{"damage":14,"enemies":"Exordium Thugs","floor":12,"turns":4},{"damage":20,"enemies":"Gremlin Nob","floor":13,"turns":4},{"damage":5,"enemies":"Gremlin Gang","floor":14,"turns":3},{"damage":27,"enemies":"Fading Forest","floor":16,"turns":6}],"seed_played":"354364045022187267","potions_obtained":[{"floor":1.0,"key":"FearPotion"},{"floor":7,"key":"DistilledChaos"}],"is_trial":false,"path_per_floor":["M","M","?","?","$","?","?","?","T","R","M","M","E","M","R_BF","B"],"character_chosen":"RUNESMITH_CLASS","items_purchased":["Runesmith:ChargedHammer"],"campfire_rested":1,"item_purchase_floors":[5],"current_hp_per_floor":[70,70,70,75,75,75,55,44,44,66,61,47,27,22,22,0,0],"gold":209,"neow_bonus":"UPGRADE_CARD","is_daily":false,"chose_seed":false,"campfire_upgraded":0,"win_rate":0.0,"timestamp":1610267223,"path_taken":["M","M","?","?","$","?","?","?","T","R","?","M","E","M","R_BF","BOSS"],"items_purchased_type":["Card"],"build_version":"2020-12-22","purchased_purges":0,"victory":false,"max_hp_per_floor":[70,70,70,75,75,75,75,75,75,75,75,75,75,75,75,75,75],"card_choices":[{"not_picked":["Runesmith:HeatedChisel","Runesmith:HammerThrow"],"picked":"Runesmith:Empowerment","floor":1.0},{"not_picked":["Runesmith:UnstableHammer","Runesmith:Repurpose"],"picked":"Runesmith:CraftMagma","floor":2.0},{"not_picked":["Runesmith:NanitesCloud","Runesmith:EarthShield"],"picked":"Runesmith:OneForEveryone","floor":7},{"not_picked":["Runesmith:CraftMagma","Runesmith:Empowerment"],"picked":"Runesmith:ShiftingStrike","floor":11},{"not_picked":["Runesmith:Augment","Runesmith:RuneHurl"],"picked":"Runesmith:LithiumIon","floor":12},{"not_picked":["Runesmith:HeatedChisel","Runesmith:MakeshiftArmor"],"picked":"Runesmith:GenerateForcefield","floor":13},{"not_picked":["Runesmith:Grindstone","Runesmith:NanitesCloud"],"picked":"Runesmith:BackupBattery","floor":14}],"player_experience":120278,"relics_obtained":[{"floor":3,"key":"Ring of Searing"},{"floor":6,"key":"Replay:Mystery Machine"},{"floor":7,"key":"Odd Mushroom"},{"floor":9,"key":"Pet Ghost"},{"floor":13,"key":"Shovel"}],"event_choices":[{"damage_healed":0,"gold_gain":0,"player_choice":"Donut","damage_taken":0,"max_hp_gain":5,"max_hp_loss":0,"event_name":"Big Fish","floor":4,"gold_loss":0},{"damage_healed":0,"gold_gain":0,"player_choice":"Fought Mushrooms","damage_taken":0,"max_hp_gain":0,"max_hp_loss":0,"event_name":"Mushrooms","floor":7,"gold_loss":0},{"damage_healed":0,"gold_gain":75,"player_choice":"Gold","damage_taken":11,"max_hp_gain":0,"max_hp_loss":0,"event_name":"betterThird:BetterGoop","floor":8,"gold_loss":0}],"is_beta":false,"boss_relics":[],"items_purged_floors":[],"is_endless":false,"potions_floor_spawned":[1,7,12],"killed_by":"Fading Forest","ascension_level":0}}