{"host":"1a3cjta80tad0aqj","time":1610256766,"event":{"mods":["2.2 Compatiblity","AchievementEnabler","BaseMod","Colored Map","DeckTracker","KOR Keyword Fix","Keyboard Shortcuts","Minty Spire (QoL Compilation)","Permanent Neow","Quick Restart","Random Character Button","StSLib","SuperFastMode","everything is the same but u backflip on backflip"],"gold_per_floor":[117,127,147,72,82,95,95,124,149,149,181,181,210,227,227,324,324,341,357,111,125,153,153,153,184,263,263,263,263,60,77,77,180,180,197,213,213,224,26,26,26,26,26,26,74,93,93,93,93,93],"floor_reached":51,"playtime":3327,"items_purged":["Defend_P","Parasite","ClearTheMind","JustLucky"],"score":790,"play_id":"cd378f4c-84e5-46ea-8865-2de4675ab59e","local_time":"20210110143246","is_ascension_mode":true,"campfire_choices":[{"data":"Eruption","floor":7.0,"key":"SMITH"},{"floor":15.0,"key":"REST"},{"floor":23.0,"key":"REST"},{"data":"Ragnarok","floor":27.0,"key":"SMITH"},{"data":"Wallop","floor":29.0,"key":"SMITH"},{"floor":32.0,"key":"REST"},{"data":"Blasphemy","floor":40.0,"key":"SMITH"},{"data":"BowlingBash","floor":42.0,"key":"SMITH"},{"data":"SashWhip","floor":47.0,"key":"SMITH"},{"data":"ClearTheMind","floor":49.0,"key":"SMITH"}],"circlet_count":0,"master_deck":["Eruption+1","Vigilance","FlurryOfBlows","SashWhip+1","CutThroughFate+1","FollowUp","ClearTheMind+1","Halt","DeusExMachina","Ragnarok+1","Wallop+1","TalkToTheHand","SpiritShield","BowlingBash+1","Perseverance","Tantrum","Blasphemy+1","Violence"],"relics":["PureWater","StoneCalendar","Bag of Marbles","Tiny Chest","PreservedInsect","Pandora\u0027s Box","HandDrill","Red Mask","CloakClasp","InkBottle","Blue Candle","Busted Crown","Singing Bowl","Girya","Gambling Chip"],"acts_visited":["Exordium","TheCity","TheBeyond"],"potions_floor_usage":[50,50,50],"damage_taken":[{"damage":0.0,"enemies":"2 Louse","floor":1.0,"turns":3.0},{"damage":0.0,"enemies":"Small Slimes","floor":2.0,"turns":2.0},{"damage":0.0,"enemies":"Jaw Worm","floor":3.0,"turns":2.0},{"damage":9.0,"enemies":"Large Slime","floor":5.0,"turns":4.0},{"damage":2.0,"enemies":"Blue Slaver","floor":6.0,"turns":4.0},{"damage":13.0,"enemies":"Lagavulin","floor":8.0,"turns":5.0},{"damage":20.0,"enemies":"3 Sentries","floor":11.0,"turns":7.0},{"damage":8.0,"enemies":"Gremlin Nob","floor":13.0,"turns":4.0},{"damage":0.0,"enemies":"Looter","floor":14.0,"turns":1.0},{"damage":21.0,"enemies":"Hexaghost","floor":16.0,"turns":7.0},{"damage":0.0,"enemies":"Shell Parasite","floor":18.0,"turns":7.0},{"damage":14.0,"enemies":"2 Thieves","floor":19.0,"turns":4.0},{"damage":15.0,"enemies":"Cultist and Chosen","floor":21.0,"turns":7.0},{"damage":13.0,"enemies":"Masked Bandits","floor":22.0,"turns":4.0},{"damage":9.0,"enemies":"Book of Stabbing","floor":25.0,"turns":3.0},{"damage":4.0,"enemies":"Chosen and Byrds","floor":31.0,"turns":3.0},{"damage":6.0,"enemies":"Automaton","floor":33.0,"turns":6.0},{"damage":0.0,"enemies":"3 Darklings","floor":35.0,"turns":4.0},{"damage":0.0,"enemies":"Orb Walker","floor":36.0,"turns":2.0},{"damage":0.0,"enemies":"Maw","floor":38.0,"turns":6.0},{"damage":9.0,"enemies":"2 Orb Walkers","floor":45.0,"turns":5.0},{"damage":0.0,"enemies":"4 Shapes","floor":46.0,"turns":1.0},{"damage":20,"enemies":"Awakened One","floor":50,"turns":10}],"seed_played":"-983318673169252423","potions_obtained":[{"floor":3.0,"key":"Fire Potion"},{"floor":6.0,"key":"Strength Potion"},{"floor":11.0,"key":"SpeedPotion"},{"floor":14.0,"key":"Regen Potion"},{"floor":16.0,"key":"LiquidMemories"},{"floor":25.0,"key":"AttackPotion"},{"floor":33.0,"key":"Dexterity Potion"},{"floor":36.0,"key":"DuplicationPotion"},{"floor":46.0,"key":"DistilledChaos"}],"is_trial":false,"path_per_floor":["M","M","M","$","M","M","R","E","T","?","E","?","E","M","R","B",null,"M","M","$","M","?","R","?","E","T","R","T","R","$","M","R","B",null,"M","M","$","M","$","R","?","R","T","?","?","M","R","T","R","B",null],"character_chosen":"WATCHER","items_purchased":["HandDrill","Tantrum","FearPotion"],"campfire_rested":3,"item_purchase_floors":[20,30,39],"current_hp_per_floor":[72,72,72,72,63,61,61,48,48,34,14,32,24,24,45,24,72,72,58,58,43,30,50,50,41,41,41,41,41,41,37,57,51,69,69,69,69,69,69,69,69,69,69,69,62,64,64,64,64,44],"gold":93,"neow_bonus":"THREE_CARDS","is_daily":false,"chose_seed":false,"campfire_upgraded":7,"win_rate":0.0,"timestamp":1610256766,"path_taken":["M","M","M","$","M","M","R","E","T","?","E","?","E","M","R","BOSS","M","M","$","M","?","R","?","E","T","R","?","R","$","M","R","BOSS","M","M","$","M","$","R","?","R","T","?","?","M","R","?","R","BOSS"],"items_purchased_type":["Relic","Card","Potion"],"build_version":"2020-12-22","purchased_purges":4,"victory":true,"max_hp_per_floor":[72,72,72,72,72,72,72,72,72,72,72,72,72,72,72,72,72,72,72,69,69,69,69,69,69,69,69,69,69,69,69,69,69,69,69,69,69,69,69,69,69,69,69,69,71,73,73,73,73,73],"card_choices":[{"not_picked":["Consecrate","PathToVictory"],"picked":"FlurryOfBlows","floor":0.0},{"not_picked":["PathToVictory","Fasting2"],"picked":"SashWhip","floor":1.0},{"not_picked":["FlurryOfBlows","Consecrate","LikeWater"],"picked":"SKIP","floor":2.0},{"not_picked":["SashWhip","Consecrate"],"picked":"CutThroughFate","floor":3.0},{"not_picked":["Meditate","ForeignInfluence"],"picked":"FollowUp","floor":5.0},{"not_picked":["PathToVictory","Devotion"],"picked":"ClearTheMind","floor":6.0},{"not_picked":["ThirdEye","EmptyBody"],"picked":"Halt","floor":8.0},{"not_picked":["SashWhip","PathToVictory","Establishment"],"picked":"SKIP","floor":11.0},{"not_picked":["FollowUp","Brilliance","Evaluate"],"picked":"SKIP","floor":13.0},{"not_picked":["ClearTheMind","SashWhip","SandsOfTime"],"picked":"SKIP","floor":14.0},{"not_picked":["SpiritShield","Judgement"],"picked":"DeusExMachina","floor":16.0},{"not_picked":["CrushJoints","Crescendo"],"picked":"BowlingBash","floor":18.0},{"not_picked":["Worship+1","Protect","JustLucky"],"picked":"SKIP","floor":19.0},{"not_picked":["LikeWater","EmptyFist","CutThroughFate"],"picked":"SKIP","floor":21.0},{"not_picked":["TalkToTheHand","JustLucky","Perseverance"],"picked":"SKIP","floor":25.0},{"not_picked":["FlyingSleeves","Consecrate","FlurryOfBlows"],"picked":"SKIP","floor":31.0},{"not_picked":["MasterReality","DeusExMachina"],"picked":"Blasphemy","floor":33.0},{"not_picked":["LikeWater"],"picked":"SKIP","floor":35.0},{"not_picked":["SashWhip"],"picked":"SKIP","floor":36.0},{"not_picked":["Pray+1"],"picked":"SKIP","floor":38.0},{"not_picked":[],"picked":"Violence","floor":41.0},{"not_picked":["Halt+1"],"picked":"Singing Bowl","floor":45.0},{"not_picked":["EmptyFist+1"],"picked":"Singing Bowl","floor":46.0}],"player_experience":259908,"relics_obtained":[{"floor":8.0,"key":"StoneCalendar"},{"floor":9.0,"key":"Bag of Marbles"},{"floor":11.0,"key":"Tiny Chest"},{"floor":13.0,"key":"PreservedInsect"},{"floor":22.0,"key":"Red Mask"},{"floor":25.0,"key":"CloakClasp"},{"floor":26.0,"key":"InkBottle"},{"floor":28.0,"key":"Blue Candle"},{"floor":43.0,"key":"Singing Bowl"},{"floor":45.0,"key":"Girya"},{"floor":48.0,"key":"Gambling Chip"}],"event_choices":[{"damage_healed":0.0,"max_hp_gain":0.0,"max_hp_loss":0.0,"gold_gain":0.0,"event_name":"Shining Light","player_choice":"Entered Light","floor":10.0,"gold_loss":0.0,"damage_taken":14.0,"cards_upgraded":["CutThroughFate","Strike_P"]},{"damage_healed":18.0,"max_hp_gain":0.0,"max_hp_loss":0.0,"gold_gain":0.0,"event_name":"Mushrooms","player_choice":"Healed and dodged fight","floor":12.0,"gold_loss":0.0,"damage_taken":0.0,"cards_obtained":["Parasite"]},{"damage_healed":0.0,"max_hp_gain":0.0,"max_hp_loss":0.0,"gold_gain":0.0,"event_name":"Masked Bandits","player_choice":"Fought Bandits","floor":22.0,"gold_loss":0.0,"damage_taken":0.0},{"damage_healed":0.0,"max_hp_gain":0.0,"max_hp_loss":0.0,"gold_gain":0.0,"cards_transformed":["Alpha","Pray"],"event_name":"Drug Dealer","player_choice":"Became Test Subject","floor":24.0,"gold_loss":0.0,"damage_taken":0.0,"cards_obtained":["ClearTheMind","Perseverance"]},{"damage_healed":0.0,"max_hp_gain":0.0,"max_hp_loss":0.0,"gold_gain":0.0,"event_name":"SensoryStone","player_choice":"Memory 1","floor":41.0,"gold_loss":0.0,"damage_taken":0.0},{"damage_healed":0.0,"max_hp_gain":0.0,"max_hp_loss":0.0,"gold_gain":0.0,"event_name":"Tomb of Lord Red Mask","player_choice":"Ignored","floor":44.0,"gold_loss":0.0,"damage_taken":0.0},{"damage_healed":0.0,"max_hp_gain":0.0,"max_hp_loss":0.0,"gold_gain":0.0,"event_name":"Mysterious Sphere","player_choice":"Fight","floor":45.0,"gold_loss":0.0,"damage_taken":0.0}],"is_beta":false,"boss_relics":[{"not_picked":["Astrolabe","Runic Dome"],"picked":"Pandora\u0027s Box"},{"not_picked":["Coffee Dripper","Black Star"],"picked":"Busted Crown"}],"items_purged_floors":[4,20,30,39],"is_endless":false,"potions_floor_spawned":[3,6,11,14,16,21,25,33,36,46],"ascension_level":1}}