{"host":"2tgyrzvaa7l04o2e","time":1610304392,"event":{"mods":["BaseMod","Highlight Path","Minty Spire (QoL Compilation)","Permanent Neow","Relic Stats"],"gold_per_floor":[13,32,32,32,32,32,71,71,71,112,136,180,204,217,217,348,411,435,360,376,392,413,446,471,509,509,542,612,612,635,656,656,780,780,795,258,258,591,607,607,634,634,634,634,650,650,650],"floor_reached":46,"playtime":2772,"items_purged":["Strike_R"],"score":855,"play_id":"afa183d0-3bb5-412d-b543-64093ffa376b","local_time":"20210110194632","is_ascension_mode":true,"campfire_choices":[{"data":"Bash","floor":6,"key":"SMITH"},{"floor":8,"key":"REST"},{"data":"Body Slam","floor":15,"key":"SMITH"},{"floor":29,"key":"REST"},{"floor":32,"key":"RECALL"},{"data":"Barricade","floor":40,"key":"SMITH"},{"data":"Entrench","floor":42,"key":"SMITH"},{"data":"Corruption","floor":44,"key":"SMITH"}],"circlet_count":0,"master_deck":["AscendersBane","Strike_R+1","Defend_R+1","Defend_R+1","Defend_R","Defend_R","Bash+1","Heavy Blade","Pommel Strike","Corruption+1","Metallicize","Juggernaut","Iron Wave","Body Slam+1","Feed","Armaments","Ghostly Armor+1","Rage+1","Clothesline","Shrug It Off","Flame Barrier+1","Feel No Pain","Barricade+1","CurseOfTheBell","Warcry","Transmutation","Entrench+1","Iron Wave+1","Shrug It Off+1"],"relics":["Burning Blood","Toy Ornithopter","White Beast Statue","StoneCalendar","War Paint","Tiny House","Torii","Unceasing Top","Oddly Smooth Stone","Eternal Feather","Ancient Tea Set","Calling Bell","Boot","Shuriken","Shovel","Charon\u0027s Ashes","Toxic Egg 2","Gremlin Horn"],"acts_visited":["Exordium","TheCity","TheBeyond"],"potions_floor_usage":[10,12,14,14,16,16,20,22,23,24,25,27,31,33,33,35,46],"damage_taken":[{"damage":14,"enemies":"Small Slimes","floor":1,"turns":5},{"damage":18,"enemies":"Jaw Worm","floor":2,"turns":7},{"damage":32,"enemies":"Gremlin Nob","floor":7,"turns":4},{"damage":30,"enemies":"3 Sentries","floor":10,"turns":10},{"damage":1,"enemies":"Cultist","floor":11,"turns":4},{"damage":6,"enemies":"Lagavulin","floor":12,"turns":7},{"damage":5,"enemies":"Blue Slaver","floor":13,"turns":4},{"damage":7,"enemies":"Exordium Thugs","floor":14,"turns":4},{"damage":2,"enemies":"The Guardian","floor":16,"turns":7},{"damage":34,"enemies":"Spheric Guardian","floor":18,"turns":7},{"damage":12,"enemies":"Chosen","floor":20,"turns":7},{"damage":16,"enemies":"Snecko","floor":21,"turns":5},{"damage":20,"enemies":"Shelled Parasite and Fungi","floor":22,"turns":7},{"damage":63,"enemies":"Book of Stabbing","floor":23,"turns":7},{"damage":12,"enemies":"Centurion and Healer","floor":24,"turns":7},{"damage":12,"enemies":"Gremlin Leader","floor":25,"turns":8},{"damage":29,"enemies":"Book of Stabbing","floor":27,"turns":6},{"damage":12,"enemies":"3 Cultists","floor":31,"turns":6},{"damage":68,"enemies":"Collector","floor":33,"turns":19},{"damage":35,"enemies":"3 Darklings","floor":35,"turns":7},{"damage":62,"enemies":"Orb Walker","floor":39,"turns":7},{"damage":0,"enemies":"Nemesis","floor":41,"turns":7},{"damage":117,"enemies":"Transient","floor":45,"turns":5},{"damage":66,"enemies":"Reptomancer","floor":46,"turns":5}],"seed_played":"5389316364468089700","potions_obtained":[{"floor":7,"key":"LiquidBronze"},{"floor":10,"key":"Dexterity Potion"},{"floor":11,"key":"Explosive Potion"},{"floor":12,"key":"SneckoOil"},{"floor":13,"key":"SkillPotion"},{"floor":14,"key":"SneckoOil"},{"floor":16,"key":"BloodPotion"},{"floor":17,"key":"FairyPotion"},{"floor":18,"key":"Weak Potion"},{"floor":20,"key":"Ancient Potion"},{"floor":22,"key":"BloodPotion"},{"floor":23,"key":"BloodPotion"},{"floor":24,"key":"AttackPotion"},{"floor":25,"key":"LiquidBronze"},{"floor":27,"key":"ColorlessPotion"},{"floor":31,"key":"Dexterity Potion"},{"floor":33,"key":"Regen Potion"},{"floor":35,"key":"SteroidPotion"},{"floor":39,"key":"FairyPotion"},{"floor":41,"key":"Ancient Potion"},{"floor":45,"key":"Fire Potion"}],"is_trial":false,"path_per_floor":["M","M","?","$","?","R","E","R","T","E","M","E","M","M","R","B",null,"M","?","M","M","M","E","M","E","T","E","T","R","T","M","R","B",null,"M","$","?","?","M","R","E","R","T","R","M","E"],"character_chosen":"IRONCLAD","items_purchased":["Charon\u0027s Ashes","Transmutation"],"campfire_rested":2,"item_purchase_floors":[36,36],"current_hp_per_floor":[64,52,52,52,52,52,26,48,48,29,34,39,40,49,49,63,76,51,51,54,44,56,22,39,41,41,23,23,62,62,61,73,24,78,72,72,72,72,16,31,37,52,52,67,34,0,0],"gold":650,"neow_bonus":"REMOVE_TWO","is_daily":false,"chose_seed":false,"campfire_upgraded":5,"win_rate":0.0,"timestamp":1610304392,"path_taken":["M","M","?","$","?","R","E","R","T","E","?","E","M","M","R","BOSS","M","?","M","M","M","E","M","E","T","E","?","R","?","M","R","BOSS","M","$","?","?","M","R","E","R","T","R","M","E"],"items_purchased_type":["Relic","Card"],"build_version":"2020-12-22","purchased_purges":1,"victory":false,"max_hp_per_floor":[80,80,74,74,74,74,74,74,74,74,74,74,74,74,74,74,79,82,82,86,86,90,90,90,93,93,93,93,93,93,93,93,96,96,99,99,94,94,94,94,94,94,94,94,94,94,94],"relic_stats":{"Torii":35,"Gremlin Horn":[4,4],"counters":[24,162],"StoneCalendar":[363],"Eternal Feather":69,"Charon\u0027s Ashes":[97],"War Paint":["Defend_R","Defend_R"],"Boot":[7],"Burning Blood":138,"Shovel":0,"Shuriken":[2],"obtain_stats":[{"Tiny House":17,"Torii":23,"Gremlin Horn":43,"Golden Idol":3,"Oddly Smooth Stone":27,"StoneCalendar":10,"Eternal Feather":28,"Charon\u0027s Ashes":36,"War Paint":12,"Ancient Tea Set":30,"Boot":34,"Burning Blood":0,"White Beast Statue":9,"Calling Bell":34,"Shovel":34,"Shuriken":34,"Toxic Egg 2":41,"Toy Ornithopter":7,"Unceasing Top":25},{"Tiny House":9,"Torii":14,"Gremlin Horn":22,"Golden Idol":2,"Oddly Smooth Stone":17,"StoneCalendar":4,"Eternal Feather":17,"Charon\u0027s Ashes":20,"War Paint":6,"Ancient Tea Set":17,"Boot":19,"Burning Blood":0,"White Beast Statue":3,"Calling Bell":19,"Shovel":19,"Shuriken":19,"Toxic Egg 2":22,"Toy Ornithopter":3,"Unceasing Top":16},{"Tiny House":52,"Torii":85,"Gremlin Horn":152,"Golden Idol":12,"Oddly Smooth Stone":106,"StoneCalendar":26,"Eternal Feather":106,"Charon\u0027s Ashes":138,"War Paint":37,"Ancient Tea Set":106,"Boot":131,"Burning Blood":0,"White Beast Statue":16,"Calling Bell":131,"Shovel":131,"Shuriken":131,"Toxic Egg 2":152,"Toy Ornithopter":16,"Unceasing Top":100}],"Toy Ornithopter":85,"Unceasing Top":[2]},"card_choices":[{"not_picked":["Armaments","True Grit"],"picked":"Heavy Blade","floor":1},{"not_picked":["Perfected Strike","Sword Boomerang"],"picked":"Pommel Strike","floor":2},{"not_picked":["Combust","Rage"],"picked":"Corruption","floor":7},{"not_picked":["Iron Wave","Reckless Charge","Armaments"],"picked":"SKIP","floor":10},{"not_picked":["Combust","True Grit"],"picked":"Metallicize","floor":11},{"not_picked":["Inflame","Anger"],"picked":"Juggernaut","floor":12},{"not_picked":["Twin Strike","Hemokinesis"],"picked":"Iron Wave","floor":13},{"not_picked":["Cleave","Pommel Strike"],"picked":"Body Slam","floor":14},{"not_picked":["Brutality","Exhume"],"picked":"Feed","floor":16},{"not_picked":["Sever Soul","Anger"],"picked":"Armaments","floor":17},{"not_picked":["Flame Barrier","Anger"],"picked":"Ghostly Armor+1","floor":18},{"not_picked":["Clash+1","Inflame"],"picked":"Rage+1","floor":20},{"not_picked":["True Grit+1","Double Tap"],"picked":"Clothesline","floor":21},{"not_picked":["Pommel Strike","Sword Boomerang","Perfected Strike+1"],"picked":"SKIP","floor":22},{"not_picked":["Reckless Charge","Twin Strike+1","Rampage"],"picked":"SKIP","floor":23},{"not_picked":["Havoc","Pummel","Power Through+1"],"picked":"SKIP","floor":24},{"not_picked":["Entrench","Thunderclap"],"picked":"Shrug It Off","floor":25},{"not_picked":["Carnage","Cleave"],"picked":"Flame Barrier+1","floor":27},{"not_picked":["Hemokinesis+1","Sentinel"],"picked":"Feel No Pain","floor":31},{"not_picked":["Brutality","Corruption"],"picked":"Barricade","floor":33},{"not_picked":["Dual Wield","Headbutt+1"],"picked":"Warcry","floor":35},{"not_picked":["Rampage","Armaments+1"],"picked":"Entrench","floor":39},{"not_picked":["Heavy Blade","Burning Pact+1"],"picked":"Iron Wave+1","floor":41},{"not_picked":["Uppercut+1","Havoc+1"],"picked":"Shrug It Off+1","floor":45}],"player_experience":579991,"relics_obtained":[{"floor":7,"key":"Toy Ornithopter"},{"floor":9,"key":"White Beast Statue"},{"floor":10,"key":"StoneCalendar"},{"floor":12,"key":"War Paint"},{"floor":23,"key":"Torii"},{"floor":25,"key":"Unceasing Top"},{"floor":27,"key":"Oddly Smooth Stone"},{"floor":28,"key":"Eternal Feather"},{"floor":30,"key":"Ancient Tea Set"},{"floor":34,"key":"Boot"},{"floor":34,"key":"Shuriken"},{"floor":34,"key":"Shovel"},{"floor":41,"key":"Toxic Egg 2"},{"floor":43,"key":"Gremlin Horn"}],"event_choices":[{"damage_healed":0,"gold_gain":0,"player_choice":"Lose Max HP","damage_taken":0,"relics_obtained":["Golden Idol"],"max_hp_gain":0,"max_hp_loss":6,"event_name":"Golden Idol","floor":3,"gold_loss":0},{"damage_healed":0,"gold_gain":0,"player_choice":"0 cards matched","damage_taken":0,"max_hp_gain":0,"max_hp_loss":0,"event_name":"Match and Keep!","floor":5,"gold_loss":0,"cards_obtained":[]},{"cards_removed":["Strike_R"],"damage_healed":0,"gold_gain":0,"player_choice":"Gave Gold","damage_taken":0,"max_hp_gain":0,"max_hp_loss":0,"event_name":"Beggar","floor":19,"gold_loss":75},{"damage_healed":0,"gold_gain":0,"player_choice":"Max HP","damage_taken":0,"max_hp_gain":0,"max_hp_loss":5,"event_name":"Winding Halls","floor":37,"gold_loss":0},{"damage_healed":0,"gold_gain":333,"player_choice":"Gave Idol","damage_taken":0,"max_hp_gain":0,"max_hp_loss":0,"event_name":"The Moai Head","floor":38,"relics_lost":["Golden Idol"],"gold_loss":0}],"is_beta":false,"boss_relics":[{"not_picked":["Runic Pyramid","Runic Dome"],"picked":"Tiny House"},{"not_picked":["Sozu","SlaversCollar"],"picked":"Calling Bell"}],"items_purged_floors":[36],"is_endless":false,"potions_floor_spawned":[7,10,11,12,13,14,16,18,20,21,22,23,24,25,27,31,33,35,39,41,45],"killed_by":"Reptomancer","ascension_level":10}}