{"host":"qc8h4lvnd2c314ki","time":1610269724,"event":{"mods":["AchievementEnabler","Act Like it!","BaseMod","Better Note","Better Third Choice","Curses Come First","Dota2Spire","Evolution","Friendly Minions","GifTheSpireLib","Highlight Path","Minty Spire (QoL Compilation)","Prisma Mod","Random Character Button","Robot Space Explorer","Spicy Shops","StSLib","The Blue Laboratory","The Marked","¡¾ÒÅÎï¿¨ÅÆ¡¿REMEMod"],"gold_per_floor":[115,40,40,40,52,82,82,102,125,136,136,105,115,15,15,117,117,127,138,153,153,28,28,28,28,79,79,79,79,91,91,91,189,189,199,29,72,172,217,217,242,242,242,242,242,242,271,321,321,321,321,321,77,109,109],"floor_reached":56,"playtime":3362,"items_purged":["PrismaMod:ChloeCommonAttack","Pain","PrismaMod:ChloeCommonDefend","PrismaMod:ChloeCommonAttack"],"score":1224,"play_id":"fdf8f6dc-9669-40c2-84d9-155ee622fc72","local_time":"20210110170843","is_ascension_mode":false,"campfire_choices":[{"floor":7.0,"key":"RECALL"},{"data":"PrismaMod:IllyaCarnivalPrismaAstolfo","floor":11.0,"key":"SMITH"},{"data":"PrismaMod:ChloeMordred","floor":15.0,"key":"SMITH"},{"data":"PrismaMod:ChloeExhaustTwo","floor":23.0,"key":"SMITH"},{"data":"PrismaMod:ChloeGaeBolg","floor":25.0,"key":"SMITH"},{"data":"PrismaMod:ChloeCheapAttack","floor":27.0,"key":"SMITH"},{"data":"PrismaMod:ChloeCheapDefend","floor":29.0,"key":"SMITH"},{"data":"PrismaMod:ChloeBetterTracePools","floor":32.0,"key":"SMITH"},{"data":"PrismaMod:ChloeRhongomyniad","floor":40.0,"key":"SMITH"},{"data":"PrismaMod:ChloeMaid","floor":42.0,"key":"SMITH"},{"data":"PrismaMod:ChloeCarnivalAttack","floor":44.0,"key":"SMITH"},{"data":"PrismaMod:ChloeCarnivalAttack","floor":46.0,"key":"SMITH"},{"data":"PrismaMod:ChloeEyeOfTheEuryale","floor":49.0,"key":"SMITH"},{"data":"PrismaMod:ChloeCommonDefend","floor":52,"key":"SMITH"}],"circlet_count":0,"master_deck":["PrismaMod:ChloeCommonAttack","PrismaMod:ChloeCommonAttack","PrismaMod:ChloeCommonDefend+1","PrismaMod:ChloeCommonDefend+1","PrismaMod:ChloeCommonDefend","PrismaMod:ChloeCheapAttack+1","PrismaMod:ChloeCheapDefend+1","PrismaMod:IllyaCarnivalPrismaAstolfo+1","PrismaMod:ChloeMordred+1","PrismaMod:ChloeCheapDefend+1","PrismaMod:ChloeExhaustTwo+1","PrismaMod:ChloeCarnivalAttack+1","PrismaMod:ChloeRuleBreaker+1","PrismaMod:ChloeGaeBolg+1","RobotSpaceExplorer:Multitool+1","PrismaMod:ChloeMaid+1","PrismaMod:ChloeBetterTracePools+1","PrismaMod:ChloeCarnivalAttack+1","PrismaMod:ChloeGaeBolg+1","PrismaMod:ChloeRhongomyniad+1","PrismaMod:ChloeCheapDefendTwo+1","PrismaMod:ChloeCheapAttackTwo+1","PrismaMod:ChloeCheapDefendTwo+1","PrismaMod:ChloeEyeOfTheEuryale+1","PrismaMod:ChloeCaladbolg+1","PrismaMod:ChloeUnlimitedBladeWorks","REME_PuzzleBox","PrismaMod:ChloeGaeBolg"],"relics":["PrismaMod:PrismaTraceOn","EVO:Axolotl","REME_ComplimentaryCards","NeowsBlessing","WarpedTongs","Dota2Spire:MaskOfMadness","betterThird:SlimedRelic","SlaversCollar","Centennial Puzzle","Dota2Spire:Bloodstone","Membership Card","Torii","War Paint","Dota2Spire:CrimsonGuard","CaptainsWheel","Thread and Needle"],"acts_visited":["Exordium","TheCity","TheBeyond","TheEnding"],"potions_floor_usage":[50],"damage_taken":[{"damage":0.0,"enemies":"Cultist","floor":1.0,"turns":1.0},{"damage":1.0,"enemies":"Jaw Worm","floor":5.0,"turns":1.0},{"damage":0.0,"enemies":"Lagavulin","floor":6.0,"turns":2.0},{"damage":6.0,"enemies":"2 Louse","floor":8.0,"turns":3.0},{"damage":1.0,"enemies":"Exordium Thugs","floor":10.0,"turns":3.0},{"damage":9.0,"enemies":"2 Fungi Beasts","floor":13.0,"turns":4.0},{"damage":15.0,"enemies":"The Guardian","floor":16.0,"turns":11.0},{"damage":2.0,"enemies":"Spheric Guardian","floor":18.0,"turns":4.0},{"damage":14.0,"enemies":"2 Thieves","floor":19.0,"turns":4.0},{"damage":1.0,"enemies":"Sentry and Sphere","floor":20.0,"turns":4.0},{"damage":0.0,"enemies":"Cultist and Chosen","floor":30.0,"turns":4.0},{"damage":17.0,"enemies":"Collector","floor":33.0,"turns":6.0},{"damage":21.0,"enemies":"3 Darklings","floor":35.0,"turns":4.0},{"damage":0.0,"enemies":"Orb Walker","floor":37.0,"turns":2.0},{"damage":0.0,"enemies":"Sphere and 2 Shapes","floor":39.0,"turns":3.0},{"damage":48.0,"enemies":"Reptomancer","floor":41.0,"turns":6.0},{"damage":2.0,"enemies":"Nemesis","floor":47.0,"turns":3.0},{"damage":21.0,"enemies":"Mind Bloom Boss Battle","floor":48.0,"turns":8.0},{"damage":21,"enemies":"Time Eater","floor":50,"turns":11},{"damage":2,"enemies":"Shield and Spear","floor":54,"turns":3},{"damage":69,"enemies":"The Heart","floor":55,"turns":6}],"seed_played":"-1917143165304916027","potions_obtained":[{"floor":8.0,"key":"Strength Potion"},{"floor":10.0,"key":"SteroidPotion"},{"floor":13.0,"key":"PowerPotion"},{"floor":33.0,"key":"blueLaboratory:Moonshine"}],"is_trial":false,"path_per_floor":["M","$","?","?","M","E","R","M","T","M","R","?","M","$","R","B",null,"M","M","M","?","$","R","?","R","T","R","$","R","M","?","R","B",null,"M","$","M","?","M","R","E","R","T","R","?","R","E","?","R","B",null,"R","$","E","B",null],"character_chosen":"CHLOE","items_purchased":["Membership Card","PrismaMod:ChloeRhongomyniad","PrismaMod:ChloeUnlimitedBladeWorks","REME_PuzzleBox","blueLaboratory:BottledHope","SkillPotion","AttackPotion"],"campfire_rested":0,"item_purchase_floors":[36,36,53,53,53,53,53],"current_hp_per_floor":[77,77,82,82,81,81,81,79,79,78,78,67,67,67,67,52,88,89,75,77,77,77,77,77,77,77,77,77,77,77,77,77,63,94,76,76,76,76,76,76,61,61,61,61,61,61,62,44,44,23,100,100,100,100,31],"gold":109,"neow_bonus":"THREE_ENEMY_KILL","is_daily":false,"chose_seed":false,"campfire_upgraded":13,"win_rate":0.0,"timestamp":1610269723,"path_taken":["M","?","?","?","M","E","R","?","T","M","R","?","M","$","R","BOSS","M","M","M","?","$","R","?","R","T","R","?","R","?","?","R","BOSS","M","$","M","?","?","R","E","R","T","R","?","R","E","?","R","BOSS","R","$","E","BOSS"],"items_purchased_type":["Relic","Card","Card","Card","Potion","Potion","Potion"],"build_version":"2020-12-22","purchased_purges":4,"victory":true,"max_hp_per_floor":[77,77,82,82,82,82,82,85,85,85,85,85,88,88,88,88,88,91,91,91,91,91,91,91,91,91,91,91,91,91,91,91,94,94,97,97,97,97,97,97,100,100,100,100,100,100,100,100,100,100,100,100,100,100,100],"card_choices":[{"not_picked":["PrismaMod:ChloeCheapAttack","PrismaMod:ChloeExhaustOne"],"picked":"PrismaMod:ChloeMordred","floor":1.0},{"not_picked":["PrismaMod:ChloeCommonAOEAttack","PrismaMod:ChloeUncommonDefend"],"picked":"PrismaMod:ChloeCheapDefend","floor":5.0},{"not_picked":["PrismaMod:ChloeCheapAttack","PrismaMod:ChloeCheapDefendTwo"],"picked":"PrismaMod:ChloeExhaustTwo","floor":6.0},{"not_picked":["PrismaMod:ChloeMaid","PrismaMod:ChloeCheapDefend"],"picked":"PrismaMod:ChloeCommonAOEAttack","floor":8.0},{"not_picked":["PrismaMod:ChloeUncommonDefend","PrismaMod:ChloeUncommonAttack","PrismaMod:ChloeCheapDefendTwo"],"picked":"SKIP","floor":10.0},{"not_picked":["PrismaMod:ChloeExhaustTwo","PrismaMod:ChloeCommonAOEAttack","PrismaMod:ChloeMaid"],"picked":"SKIP","floor":13.0},{"not_picked":["PrismaMod:ChloeGreatTracePools","PrismaMod:ChloeDevil"],"picked":"PrismaMod:ChloeCarnivalAttack","floor":16.0},{"not_picked":["PrismaMod:ChloeCheapAttack","PrismaMod:ChloeRhongomyniad"],"picked":"PrismaMod:ChloeRuleBreaker+1","floor":18.0},{"not_picked":["PrismaMod:ChloeCheapAttack","PrismaMod:ChloeDiscardRecovery+1"],"picked":"PrismaMod:ChloeGaeBolg","floor":19.0},{"not_picked":["PrismaMod:ChloeExhaustOne","PrismaMod:ChloeCommonAOEAttack","PrismaMod:ChloeCheapDefend"],"picked":"SKIP","floor":20.0},{"not_picked":["PrismaMod:ChloeCheapAttack","PrismaMod:ChloeAnyRareTrace","PrismaMod:ChloeMordred"],"picked":"SKIP","floor":30.0},{"not_picked":["PrismaMod:ChloeAnyUncommonTrace","PrismaMod:ChloeAnySkillTrace"],"picked":"PrismaMod:ChloeCarnivalAttack","floor":33.0},{"not_picked":["PrismaMod:ChloeMaid+1","PrismaMod:ChloeUncommonAttack+1"],"picked":"PrismaMod:ChloeGaeBolg+1","floor":35.0},{"not_picked":["PrismaMod:ChloeEyeOfTheEuryale+1","PrismaMod:ChloeExhaustOne+1"],"picked":"PrismaMod:ChloeCheapDefendTwo+1","floor":37.0},{"not_picked":["PrismaMod:ChloeDemonicTutor","PrismaMod:ChloeExhaustOne+1"],"picked":"PrismaMod:ChloeCheapAttackTwo+1","floor":39.0},{"not_picked":["PrismaMod:ChloeExhaustOne","PrismaMod:ChloeRuleBreaker+1"],"picked":"PrismaMod:ChloeCheapDefendTwo+1","floor":41.0},{"not_picked":["PrismaMod:ChloeHalloween","PrismaMod:ChloeCheapAttackTwo"],"picked":"PrismaMod:ChloeEyeOfTheEuryale","floor":47.0},{"not_picked":["PrismaMod:ChloeUncommonDefend+1","PrismaMod:ChloeBetterTracePools+1"],"picked":"PrismaMod:ChloeCaladbolg+1","floor":48.0},{"not_picked":["PrismaMod:ChloeChristmas","PrismaMod:ChloeDemonicTutor"],"picked":"PrismaMod:ChloeGaeBolg","floor":54}],"player_experience":510373,"relics_obtained":[{"floor":6.0,"key":"Dota2Spire:MaskOfMadness"},{"floor":26.0,"key":"Centennial Puzzle"},{"floor":41.0,"key":"Torii"},{"floor":43.0,"key":"War Paint"},{"floor":47.0,"key":"Dota2Spire:CrimsonGuard"},{"floor":48.0,"key":"CaptainsWheel"},{"floor":54,"key":"Thread and Needle"}],"event_choices":[{"damage_healed":0.0,"max_hp_gain":5.0,"max_hp_loss":0.0,"gold_gain":0.0,"event_name":"Big Fish","player_choice":"Donut","floor":3.0,"gold_loss":0.0,"damage_taken":0.0},{"damage_healed":0.0,"max_hp_gain":0.0,"max_hp_loss":0.0,"gold_gain":0.0,"event_name":"Accursed Blacksmith","player_choice":"Rummage","floor":4.0,"gold_loss":0.0,"damage_taken":0.0,"relics_obtained":["WarpedTongs"],"cards_obtained":["Pain"]},{"damage_healed":0.0,"max_hp_gain":0.0,"max_hp_loss":0.0,"gold_gain":0.0,"event_name":"betterThird:BetterGoop","player_choice":"Slimed","floor":12.0,"gold_loss":31.0,"damage_taken":11.0},{"cards_removed":["PrismaMod:IllyaCarnivalPrismaAstolfo"],"damage_healed":0.0,"max_hp_gain":0.0,"max_hp_loss":0.0,"gold_gain":0.0,"event_name":"betterNote:BetterNote","player_choice":"Take \u0026 Give","floor":21.0,"gold_loss":0.0,"damage_taken":0.0,"cards_obtained":["RobotSpaceExplorer:Multitool"]},{"damage_healed":0.0,"max_hp_gain":0.0,"max_hp_loss":0.0,"gold_gain":0.0,"cards_transformed":["PrismaMod:ChloeCommonAttack","PrismaMod:ChloeCommonDefend"],"event_name":"Drug Dealer","player_choice":"Became Test Subject","floor":31.0,"gold_loss":0.0,"damage_taken":0.0,"cards_obtained":["PrismaMod:ChloeMaid","PrismaMod:ChloeBetterTracePools"]},{"damage_healed":0.0,"max_hp_gain":0.0,"max_hp_loss":0.0,"gold_gain":100.0,"event_name":"Golden Shrine","player_choice":"Pray","floor":38.0,"gold_loss":0.0,"damage_taken":0.0},{"cards_removed":["PrismaMod:ChloeCommonAOEAttack"],"damage_healed":0.0,"max_hp_gain":0.0,"max_hp_loss":0.0,"gold_gain":0.0,"event_name":"Falling","player_choice":"Removed Attack","floor":45.0,"gold_loss":0.0,"damage_taken":0.0},{"damage_healed":0.0,"max_hp_gain":0.0,"max_hp_loss":0.0,"gold_gain":0.0,"event_name":"MindBloom","player_choice":"Fight","floor":48.0,"gold_loss":0.0,"damage_taken":0.0}],"is_beta":false,"boss_relics":[{"not_picked":["Tiny House","REME_DemonsWealth"],"picked":"SlaversCollar"},{"not_picked":["Fusion Hammer","Calling Bell"],"picked":"Dota2Spire:Bloodstone"}],"items_purged_floors":[2,14,22,36],"is_endless":false,"potions_floor_spawned":[8,10,13,33,41,48,54],"ascension_level":0}}