{"host":"ig7tc0uedzltt2sr","time":1610239152,"event":{"mods":["BaseMod","Better Twitch Integration","Block Reminder","Colored Map","Colored Powertips","Communication Mod","Current Relic Mod","GifTheSpireLib","HexUI Lib","Minty Spire (QoL Compilation)","Quick Restart","Random Character Button","Rare Cards Sparkle","Relic Sorter","Relic Stats","Slay the Relics Exporter","StSLib","SuperFastMode","Synergy Search","Twitch Decklist","Twitch Utils","everything is the same but u backflip on backflip","slay the spire mod where everything is the same but ironclad has a cowboy hat"],"gold_per_floor":[119,129,140,60,80,80,99,99,99],"floor_reached":8,"playtime":47,"items_purged":[],"score":50,"play_id":"46638238-e9e6-4cb1-b3c2-b02b01dd6b19","local_time":"20210109163912","is_ascension_mode":false,"campfire_choices":[],"circlet_count":0,"master_deck":["Strike_R","Strike_R","Strike_R","Strike_R","Strike_R","Defend_R","Defend_R","Defend_R","Defend_R","Bash","Metallicize"],"relics":["Burning Blood"],"acts_visited":["Exordium"],"potions_floor_usage":[],"damage_taken":[{"damage":18,"enemies":"2 Louse","floor":1,"turns":4},{"damage":11,"enemies":"Jaw Worm","floor":2,"turns":3},{"damage":27,"enemies":"Cultist","floor":3,"turns":5},{"damage":9,"enemies":"3 Louse","floor":5,"turns":3},{"damage":16,"enemies":"2 Fungi Beasts","floor":7,"turns":4},{"damage":45,"enemies":"3 Sentries","floor":8,"turns":4}],"seed_played":"-4979738263115627508","potions_obtained":[{"floor":3,"key":"Fire Potion"},{"floor":7,"key":"EssenceOfSteel"}],"is_trial":false,"path_per_floor":["M","M","M","$","M","?","M","E"],"character_chosen":"IRONCLAD","items_purchased":["Metallicize"],"campfire_rested":0,"item_purchase_floors":[4],"current_hp_per_floor":[76,71,50,50,47,47,37,0,0],"gold":99,"neow_bonus":"TEN_PERCENT_HP_BONUS","is_daily":false,"chose_seed":false,"campfire_upgraded":0,"win_rate":0.0,"timestamp":1610239152,"path_taken":["M","M","M","$","M","?","M","E"],"items_purchased_type":["Card"],"build_version":"2020-12-22","purchased_purges":0,"victory":false,"max_hp_per_floor":[88,88,88,88,88,88,88,88,88],"relic_stats":{"counters":[6,23],"obtain_stats":[{"Burning Blood":0},{"Burning Blood":0},{"Burning Blood":0}],"Burning Blood":30},"card_choices":[{"not_picked":["Clash","Evolve","True Grit"],"picked":"SKIP","floor":1},{"not_picked":["Perfected Strike","Fire Breathing","Headbutt"],"picked":"SKIP","floor":2},{"not_picked":["Cleave","Hemokinesis","Power Through"],"picked":"SKIP","floor":3},{"not_picked":["Flex","Armaments","Headbutt"],"picked":"SKIP","floor":5},{"not_picked":["Blood for Blood","Havoc","Twin Strike"],"picked":"SKIP","floor":7}],"player_experience":1477287,"relics_obtained":[],"event_choices":[{"damage_healed":0,"gold_gain":0,"player_choice":"Ignored","damage_taken":0,"max_hp_gain":0,"max_hp_loss":0,"event_name":"Golden Wing","floor":6,"gold_loss":0}],"is_beta":false,"boss_relics":[],"items_purged_floors":[],"is_endless":false,"potions_floor_spawned":[3,7],"killed_by":"3 Sentries","ascension_level":0}}