{"host":"Krakhan","time":1610319488,"event":{"mods":["AchievementEnabler","BaseMod","Colored Map","Colored Powertips","Faster Ascension Climbing","Highlight Path","Minty Spire (QoL Compilation)","Rare Cards Sparkle","Relic Stats","StSLib"],"gold_per_floor":[110,36,51,51,51,84,84,84,111,126,145,160,160,85,85,186,186,197,197,197,97,196,185,185,195,218,20,20,48,48,59,59,162,162,174,174,194,194,244,244,254,254,254,204,204,204,224,224,224,224],"floor_reached":51,"playtime":1470,"items_purged":["Strike_R","Defend_R","Strike_R+1","Defend_R+1"],"score":736,"play_id":"ed044019-cb8e-4dc8-ab41-421cc7f12a68","local_time":"20210110175808","is_ascension_mode":false,"campfire_choices":[{"data":"Searing Blow","floor":13.0,"key":"SMITH"},{"data":"Searing Blow+1","floor":15.0,"key":"SMITH"},{"data":"Searing Blow+2","floor":24.0,"key":"SMITH"},{"floor":28.0,"key":"REST"},{"floor":32.0,"key":"REST"},{"data":"Searing Blow+3","floor":40.0,"key":"SMITH"},{"data":"Searing Blow+4","floor":46,"key":"SMITH"},{"data":"Searing Blow+5","floor":49,"key":"SMITH"}],"circlet_count":0,"master_deck":["Bash","Searing Blow+6","Shrug It Off+1","Armaments+1","Shrug It Off+1"],"relics":["Burning Blood","Lantern","Bag of Marbles","Pen Nib","Juzu Bracelet","Empty Cage","Potion Belt","Smiling Mask","Membership Card","Prayer Wheel","Busted Crown","Turnip","Vajra","War Paint"],"acts_visited":["Exordium","TheCity","TheBeyond"],"potions_floor_usage":[50,50,50],"damage_taken":[{"damage":12.0,"enemies":"Small Slimes","floor":1.0,"turns":3.0},{"damage":2.0,"enemies":"2 Louse","floor":3.0,"turns":2.0},{"damage":28.0,"enemies":"Gremlin Nob","floor":6.0,"turns":4.0},{"damage":7.0,"enemies":"Jaw Worm","floor":10.0,"turns":3.0},{"damage":8.0,"enemies":"2 Fungi Beasts","floor":11.0,"turns":3.0},{"damage":8.0,"enemies":"3 Louse","floor":12.0,"turns":3.0},{"damage":15.0,"enemies":"Hexaghost","floor":16.0,"turns":7.0},{"damage":62.0,"enemies":"3 Byrds","floor":18.0,"turns":8.0},{"damage":3.0,"enemies":"2 Thieves","floor":23.0,"turns":4.0},{"damage":8.0,"enemies":"Sentry and Sphere","floor":25.0,"turns":5.0},{"damage":11.0,"enemies":"Gremlin Leader","floor":29.0,"turns":6.0},{"damage":0.0,"enemies":"Chosen and Byrds","floor":31.0,"turns":3.0},{"damage":33.0,"enemies":"Collector","floor":33.0,"turns":6.0},{"damage":0.0,"enemies":"3 Shapes","floor":35.0,"turns":4.0},{"damage":24.0,"enemies":"3 Darklings","floor":37.0,"turns":5.0},{"damage":0.0,"enemies":"Mind Bloom Boss Battle","floor":39.0,"turns":4.0},{"damage":6,"enemies":"Writhing Mass","floor":41,"turns":8},{"damage":0,"enemies":"Jaw Worm Horde","floor":47,"turns":6},{"damage":47,"enemies":"Time Eater","floor":50,"turns":6}],"seed_played":"-3014876253873746142","potions_obtained":[{"floor":11.0,"key":"SkillPotion"},{"floor":12.0,"key":"Weak Potion"},{"floor":23.0,"key":"FearPotion"},{"floor":29.0,"key":"ColorlessPotion"},{"floor":37.0,"key":"LiquidMemories"},{"floor":39.0,"key":"Energy Potion"},{"floor":41,"key":"BlessingOfTheForge"}],"is_trial":false,"path_per_floor":["M","$","M","?","?","E","?","?","T","M","M","M","R","$","R","B",null,"M","?","?","$","?","M","R","M","T","$","R","E","?","M","R","B",null,"M","?","M","?","?","R","M","T","T","$","?","R","M","?","R","B",null],"character_chosen":"IRONCLAD","items_purchased":["Inflame","Membership Card"],"campfire_rested":2,"item_purchase_floors":[2,27],"current_hp_per_floor":[74,74,78,62,55,33,33,33,33,32,30,28,28,28,28,19,80,24,24,24,24,24,27,27,25,25,25,49,44,44,50,74,47,80,80,80,62,62,68,68,68,68,68,68,68,68,74,74,74,33],"gold":224,"neow_bonus":"RANDOM_COMMON_RELIC","is_daily":false,"chose_seed":false,"campfire_upgraded":6,"win_rate":0.0,"timestamp":1610319488,"path_taken":["M","$","M","?","?","E","?","?","T","M","M","M","R","$","R","BOSS","M","?","?","$","?","M","R","M","T","$","R","E","?","M","R","BOSS","M","?","M","?","?","R","M","?","T","$","?","R","M","?","R","BOSS"],"items_purchased_type":["Card","Relic"],"build_version":"2020-12-18","purchased_purges":4,"victory":true,"max_hp_per_floor":[80,80,80,80,80,80,80,80,80,80,80,80,80,80,80,80,80,80,80,80,80,80,80,80,80,80,80,80,80,80,80,80,80,80,80,80,80,76,76,76,76,76,76,76,76,76,76,76,76,76],"relic_stats":{"Busted Crown":20,"counters":[19,90],"Prayer Wheel":5,"Pen Nib":[9],"Turnip":[0],"Juzu Bracelet":1,"War Paint":[],"Smiling Mask":38,"obtain_stats":[{"Potion Belt":20,"Lantern":0,"Vajra":42,"Pen Nib":8,"Juzu Bracelet":9,"War Paint":43,"Empty Cage":17,"Smiling Mask":26,"Burning Blood":0,"Busted Crown":34,"Prayer Wheel":29,"Turnip":39,"Bag of Marbles":6,"Membership Card":27},{"Potion Belt":8,"Lantern":0,"Vajra":17,"Pen Nib":3,"Juzu Bracelet":3,"War Paint":17,"Empty Cage":7,"Smiling Mask":10,"Burning Blood":0,"Busted Crown":13,"Prayer Wheel":11,"Turnip":16,"Bag of Marbles":3,"Membership Card":10},{"Potion Belt":33,"Lantern":0,"Vajra":78,"Pen Nib":9,"Juzu Bracelet":9,"War Paint":78,"Empty Cage":25,"Smiling Mask":42,"Burning Blood":0,"Busted Crown":57,"Prayer Wheel":48,"Turnip":70,"Bag of Marbles":9,"Membership Card":42}],"Burning Blood":108},"card_choices":[{"not_picked":["Wild Strike","Entrench","True Grit"],"picked":"SKIP","floor":1.0},{"not_picked":["Iron Wave","Anger","Metallicize"],"picked":"SKIP","floor":3.0},{"not_picked":["Sword Boomerang","Clothesline"],"picked":"Searing Blow","floor":6.0},{"not_picked":["Havoc","Bludgeon","Rampage"],"picked":"SKIP","floor":10.0},{"not_picked":["Heavy Blade","Thunderclap","Carnage"],"picked":"SKIP","floor":11.0},{"not_picked":["Uppercut","Shockwave","Carnage"],"picked":"SKIP","floor":12.0},{"not_picked":["Cleave","Rage"],"picked":"Shrug It Off+1","floor":18.0},{"not_picked":["Combust","Thunderclap","Sword Boomerang+1"],"picked":"SKIP","floor":23.0},{"not_picked":["Burning Pact","Body Slam"],"picked":"Armaments+1","floor":25.0},{"not_picked":["Anger","Rage","Headbutt"],"picked":"SKIP","floor":29.0},{"not_picked":["Intimidate+1","Bloodletting","Battle Trance+1"],"picked":"SKIP","floor":31.0},{"not_picked":["Limit Break","Carnage+1","Second Wind"],"picked":"SKIP","floor":31.0},{"not_picked":[],"picked":"Shrug It Off+1","floor":35.0},{"not_picked":["Perfected Strike+1"],"picked":"SKIP","floor":35.0},{"not_picked":["Anger+1"],"picked":"SKIP","floor":37.0},{"not_picked":["Shockwave"],"picked":"SKIP","floor":37.0},{"not_picked":["Burning Pact+1"],"picked":"SKIP","floor":41},{"not_picked":["Intimidate+1"],"picked":"SKIP","floor":41},{"not_picked":["Iron Wave+1"],"picked":"SKIP","floor":47},{"not_picked":["Havoc+1"],"picked":"SKIP","floor":47}],"player_experience":1308356,"relics_obtained":[{"floor":6.0,"key":"Bag of Marbles"},{"floor":9.0,"key":"Juzu Bracelet"},{"floor":26.0,"key":"Smiling Mask"},{"floor":29.0,"key":"Prayer Wheel"},{"floor":39.0,"key":"Turnip"},{"floor":42,"key":"Vajra"},{"floor":43,"key":"War Paint"}],"event_choices":[{"damage_healed":0.0,"max_hp_gain":0.0,"max_hp_loss":0.0,"gold_gain":0.0,"event_name":"Shining Light","player_choice":"Entered Light","floor":4.0,"gold_loss":0.0,"damage_taken":16.0,"cards_upgraded":["Strike_R","Defend_R"]},{"cards_removed":["Defend_R"],"damage_healed":0.0,"max_hp_gain":0.0,"max_hp_loss":0.0,"gold_gain":0.0,"event_name":"Golden Wing","player_choice":"Card Removal","floor":5.0,"gold_loss":0.0,"damage_taken":7.0},{"cards_removed":["Strike_R"],"damage_healed":0.0,"max_hp_gain":0.0,"max_hp_loss":0.0,"gold_gain":0.0,"event_name":"Living Wall","player_choice":"Forget","floor":7.0,"gold_loss":0.0,"damage_taken":0.0},{"damage_healed":0.0,"max_hp_gain":0.0,"max_hp_loss":0.0,"gold_gain":0.0,"event_name":"Dead Adventurer","player_choice":"Searched \u00272\u0027 times","floor":8.0,"gold_loss":0.0,"damage_taken":0.0,"relics_obtained":["Pen Nib"]},{"cards_removed":["Strike_R"],"damage_healed":0.0,"max_hp_gain":0.0,"max_hp_loss":0.0,"gold_gain":0.0,"event_name":"Back to Basics","player_choice":"Elegance","floor":19.0,"gold_loss":0.0,"damage_taken":0.0},{"damage_healed":0.0,"max_hp_gain":0.0,"max_hp_loss":0.0,"gold_gain":0.0,"event_name":"The Mausoleum","player_choice":"Opened","floor":20.0,"gold_loss":0.0,"damage_taken":0.0,"relics_obtained":["Potion Belt"]},{"damage_healed":0.0,"max_hp_gain":0.0,"max_hp_loss":0.0,"gold_gain":99.0,"event_name":"Nest","player_choice":"Stole From Cult","floor":22.0,"gold_loss":0.0,"damage_taken":0.0},{"cards_removed":["Inflame"],"damage_healed":0.0,"max_hp_gain":0.0,"max_hp_loss":0.0,"gold_gain":0.0,"event_name":"Purifier","player_choice":"Purged","floor":30.0,"gold_loss":0.0,"damage_taken":0.0},{"damage_healed":0.0,"max_hp_gain":0.0,"max_hp_loss":0.0,"gold_gain":0.0,"event_name":"Tomb of Lord Red Mask","player_choice":"Ignored","floor":36.0,"gold_loss":0.0,"damage_taken":0.0},{"damage_healed":0.0,"max_hp_gain":0.0,"max_hp_loss":4.0,"gold_gain":0.0,"event_name":"Winding Halls","player_choice":"Max HP","floor":38.0,"gold_loss":0.0,"damage_taken":0.0},{"damage_healed":0.0,"max_hp_gain":0.0,"max_hp_loss":0.0,"gold_gain":0.0,"event_name":"MindBloom","player_choice":"Fight","floor":39.0,"gold_loss":0.0,"damage_taken":0.0},{"damage_healed":0,"gold_gain":0,"player_choice":"Memory 1","damage_taken":0,"max_hp_gain":0,"max_hp_loss":0,"event_name":"SensoryStone","floor":45,"gold_loss":0},{"damage_healed":0,"gold_gain":0,"player_choice":"Ignored","damage_taken":0,"max_hp_gain":0,"max_hp_loss":0,"event_name":"Purifier","floor":48,"gold_loss":0}],"is_beta":true,"boss_relics":[{"not_picked":["Philosopher\u0027s Stone","Black Star"],"picked":"Empty Cage"},{"not_picked":["Mark of Pain","Runic Cube"],"picked":"Busted Crown"}],"items_purged_floors":[14,21,27,44],"is_endless":false,"potions_floor_spawned":[11,12,23,29,37,39,41],"ascension_level":0}}