{"host":"6hzrz31j95f2y1pa","time":1610241587,"event":{"mods":["BaseMod","Colored Map","Downfall","Minty Spire (QoL Compilation)","StSLib"],"gold_per_floor":[99,99,99,2,2,2,2,2,2,2,2,0,0,0,0,0,0,0],"floor_reached":16,"playtime":762,"items_purged":[],"score":136,"play_id":"fb65c015-1d69-48d3-a60f-a0a0712e24ed","local_time":"20210109201947","is_ascension_mode":true,"campfire_choices":[{"floor":1,"key":"RECALL"},{"data":"Guardian:MultiBeam","floor":8,"key":"SMITH"},{"data":"Guardian:CurlUp","floor":13,"key":"SMITH"}],"circlet_count":0,"master_deck":["Guardian:Strike_Guardian","Guardian:Strike_Guardian","Guardian:Strike_Guardian","Guardian:Strike_Guardian","Guardian:Defend_Guardian","Guardian:Defend_Guardian","Guardian:Defend_Guardian","Guardian:Defend_Guardian","Guardian:CurlUp+1","Guardian:TwinSlam","Guardian:ChargeCore","Guardian:Reroute","Guardian:TimeCapacitor","Guardian:Incinerate","Guardian:MultiBeam+1","Guardian:Reroute","Guardian:FuturePlans","Guardian:MultiBeam","Guardian:Orbwalk"],"relics":["downfall:Hecktoplasm","downfall:ShatteredFragment","Potion Belt","downfall:HeartBlessingRed","HornCleat","Bottled Flame","Art of War"],"acts_visited":["Exordium"],"potions_floor_usage":[16,16,16],"damage_taken":[{"damage":2,"enemies":"Small Slimes","floor":2,"turns":3},{"damage":0,"enemies":"downfall:FleeingMerchant","floor":4,"turns":4},{"damage":0,"enemies":"2 Louse","floor":6,"turns":2},{"damage":14,"enemies":"Lagavulin","floor":9,"turns":6},{"damage":0,"enemies":"Cultist","floor":10,"turns":3},{"damage":2,"enemies":"Gremlin Nob","floor":11,"turns":3},{"damage":0,"enemies":"downfall:FleeingMerchant","floor":12,"turns":4},{"damage":10,"enemies":"Lagavulin","floor":14,"turns":4},{"damage":6,"enemies":"Exordium Thugs","floor":15,"turns":2},{"damage":26,"enemies":"downfall:Silent","floor":16,"turns":4}],"seed_played":"-5712283283196313736","potions_obtained":[{"floor":2,"key":"Ancient Potion"},{"floor":6,"key":"LiquidMemories"},{"floor":9,"key":"Explosive Potion"},{"floor":10,"key":"sneckomod:MuddlingPotion"}],"is_trial":false,"path_per_floor":["R","M","?","$","?","M","T","R","E","M","E","$","R","E","M","B"],"character_chosen":"GUARDIAN","items_purchased":["Guardian:TimeCapacitor","Guardian:Incinerate"],"campfire_rested":0,"item_purchase_floors":[4,4],"current_hp_per_floor":[80,78,54,54,54,54,54,54,40,40,38,38,38,28,22,0,0,0],"gold":0,"neow_bonus":"BOSS_RELIC","is_daily":false,"chose_seed":false,"campfire_upgraded":2,"win_rate":0.0,"timestamp":1610241587,"path_taken":["R","M","?","$","?","M","T","R","E","M","E","$","R","E","M","BOSS"],"items_purchased_type":["Card","Card"],"build_version":"2020-12-22","purchased_purges":0,"victory":false,"max_hp_per_floor":[80,80,80,80,80,80,80,80,80,80,80,80,80,80,80,80,80,80],"card_choices":[{"not_picked":["Guardian:Gem_Crimson","Guardian:BronzeArmor"],"picked":"Guardian:ChargeCore","floor":2},{"not_picked":["Guardian:PiercingHide","Guardian:Preprogram"],"picked":"Guardian:Reroute","floor":4},{"not_picked":["Guardian:PrismaticBarrier","Guardian:ChargeCore"],"picked":"Guardian:MultiBeam","floor":6},{"not_picked":["Guardian:TimeSifter","Guardian:VentSteam"],"picked":"Guardian:Gem_Lightblue","floor":9},{"not_picked":["Guardian:ShieldCharger","Guardian:BronzeArmor"],"picked":"Guardian:Gem_Yellow","floor":10},{"not_picked":["Guardian:PiercingHide","Guardian:CrystalBeam"],"picked":"Guardian:Reroute","floor":11},{"not_picked":["Guardian:Incinerate","Guardian:StasisStrike"],"picked":"Guardian:FuturePlans","floor":12},{"not_picked":["Guardian:DonusPower","Guardian:RollAttack"],"picked":"Guardian:MultiBeam","floor":14},{"not_picked":["Guardian:PrismaticBeam","Guardian:Reroute"],"picked":"Guardian:Orbwalk","floor":15}],"player_experience":1314575,"relics_obtained":[{"floor":7,"key":"Potion Belt"},{"floor":9,"key":"HornCleat"},{"floor":11,"key":"Bottled Flame"},{"floor":14,"key":"Art of War"}],"event_choices":[],"is_beta":false,"boss_relics":[],"items_purged_floors":[],"is_endless":false,"potions_floor_spawned":[2,6,9,10],"killed_by":"downfall:Silent","ascension_level":3}}