{"host":"3y2rtlgteqp2nuo3","time":1610248992,"event":{"mods":["2.2 Compatiblity","AchievementEnabler","BaseMod","Colored Map","DeckTracker","Highlight Path","Keyboard Shortcuts","Minty Spire (QoL Compilation)","Permanent Neow","Quick Restart","StSLib","SuperFastMode","everything is the same but u backflip on backflip"],"gold_per_floor":[17,32,50,64,51,51,74,74,101,136,99,99,117,42,42,138,138,154,180,199,99,110,110,142,142,142],"floor_reached":25,"playtime":657,"items_purged":["Strike_G","Strike_G"],"score":322,"play_id":"489dd07b-4b00-4c11-881b-af0f9116f98f","local_time":"20210110122312","is_ascension_mode":true,"campfire_choices":[{"data":"Glass Knife","floor":6.0,"key":"SMITH"},{"data":"Deadly Poison","floor":8.0,"key":"SMITH"},{"data":"Neutralize","floor":15.0,"key":"SMITH"},{"floor":23,"key":"REST"}],"circlet_count":0,"master_deck":["Strike_G","Strike_G","Strike_G","Defend_G","Defend_G","Defend_G","Defend_G","Defend_G","Survivor","Neutralize+1","Glass Knife+1","Well Laid Plans","Masterful Stab","Terror","Deadly Poison+1","Crippling Poison","Leg Sweep","Venomology","Flying Knee","Deadly Poison","Wraith Form v2"],"relics":["Ring of the Serpent","Odd Mushroom","Pen Nib","MealTicket","Blood Vial","Red Mask","Bronze Scales"],"acts_visited":["Exordium","TheCity"],"potions_floor_usage":[18,20,20,24,24,24,24],"damage_taken":[{"damage":0.0,"enemies":"Small Slimes","floor":1.0,"turns":3.0},{"damage":3.0,"enemies":"2 Louse","floor":2.0,"turns":4.0},{"damage":0.0,"enemies":"Cultist","floor":3.0,"turns":4.0},{"damage":0.0,"enemies":"Large Slime","floor":4.0,"turns":5.0},{"damage":8.0,"enemies":"Exordium Thugs","floor":5.0,"turns":4.0},{"damage":10.0,"enemies":"The Mushroom Lair","floor":7.0,"turns":4.0},{"damage":7.0,"enemies":"Lagavulin","floor":10.0,"turns":5.0},{"damage":0.0,"enemies":"3 Louse","floor":13.0,"turns":4.0},{"damage":30.0,"enemies":"Hexaghost","floor":16.0,"turns":9.0},{"damage":20,"enemies":"2 Thieves","floor":18,"turns":4},{"damage":34,"enemies":"Masked Bandits","floor":19,"turns":5},{"damage":13,"enemies":"Shell Parasite","floor":20,"turns":6},{"damage":29,"enemies":"Centurion and Healer","floor":22,"turns":7},{"damage":0,"enemies":"Gremlin Leader","floor":24,"turns":5},{"damage":39,"enemies":"3 Cultists","floor":25,"turns":4}],"seed_played":"3232387869653385","potions_obtained":[{"floor":1.0,"key":"Regen Potion"},{"floor":2.0,"key":"FearPotion"},{"floor":3.0,"key":"Dexterity Potion"},{"floor":13.0,"key":"ColorlessPotion"},{"floor":22,"key":"CunningPotion"},{"floor":24,"key":"SteroidPotion"}],"is_trial":false,"path_per_floor":["M","M","M","M","M","R","?","R","T","E","?","?","M","$","R","B",null,"M","?","M","$","M","R","E","M"],"character_chosen":"THE_SILENT","items_purchased":[],"campfire_rested":1,"item_purchase_floors":[],"current_hp_per_floor":[63,60,60,60,52,52,42,42,42,35,35,35,37,52,52,24,59,41,9,13,28,1,22,24,0,0],"gold":142,"neow_bonus":"THREE_RARE_CARDS","is_daily":false,"chose_seed":false,"campfire_upgraded":3,"win_rate":0.0,"timestamp":1610248992,"path_taken":["M","M","M","M","M","R","?","R","T","E","?","?","M","$","R","BOSS","M","?","M","$","M","R","E","M"],"items_purchased_type":[],"build_version":"2020-12-22","purchased_purges":2,"victory":false,"max_hp_per_floor":[70,70,70,70,70,70,70,70,70,70,70,70,70,70,70,70,70,70,70,70,70,70,70,70,70,70],"card_choices":[{"not_picked":["Wraith Form v2","Storm of Steel"],"picked":"Glass Knife","floor":0.0},{"not_picked":["PiercingWail","Bane"],"picked":"Well Laid Plans","floor":1.0},{"not_picked":["Accuracy","Bane","Skewer"],"picked":"SKIP","floor":2.0},{"not_picked":["Sucker Punch","Heel Hook","Finisher"],"picked":"SKIP","floor":3.0},{"not_picked":["Flying Knee","PiercingWail"],"picked":"Masterful Stab","floor":4.0},{"not_picked":["Backflip","Dodge and Roll"],"picked":"Terror","floor":5.0},{"not_picked":["Poisoned Stab","Tactician"],"picked":"Deadly Poison","floor":7.0},{"not_picked":["Backstab","Dodge and Roll"],"picked":"Crippling Poison","floor":10.0},{"not_picked":["Quick Slash","Slice"],"picked":"Leg Sweep","floor":13.0},{"not_picked":["Envenom","Bullet Time"],"picked":"Venomology","floor":16.0},{"not_picked":["Heel Hook","Finisher"],"picked":"Flying Knee","floor":18},{"not_picked":["All Out Attack+1","Quick Slash"],"picked":"Deadly Poison","floor":19},{"not_picked":["Quick Slash+1","Deflect","Dagger Throw"],"picked":"SKIP","floor":20},{"not_picked":["Sucker Punch","Slice"],"picked":"Wraith Form v2","floor":22},{"not_picked":["Masterful Stab","Distraction","Endless Agony"],"picked":"SKIP","floor":24}],"player_experience":667261,"relics_obtained":[{"floor":7.0,"key":"Odd Mushroom"},{"floor":9.0,"key":"Pen Nib"},{"floor":10.0,"key":"MealTicket"},{"floor":19,"key":"Red Mask"},{"floor":24,"key":"Bronze Scales"}],"event_choices":[{"damage_healed":0.0,"max_hp_gain":0.0,"max_hp_loss":0.0,"gold_gain":0.0,"event_name":"Mushrooms","player_choice":"Fought Mushrooms","floor":7.0,"gold_loss":0.0,"damage_taken":0.0},{"damage_healed":0.0,"max_hp_gain":0.0,"max_hp_loss":0.0,"gold_gain":0.0,"event_name":"World of Goop","player_choice":"Left Gold","floor":11.0,"gold_loss":37.0,"damage_taken":0.0},{"damage_healed":0.0,"max_hp_gain":0.0,"max_hp_loss":0.0,"gold_gain":0.0,"event_name":"WeMeetAgain","player_choice":"Gave Potion","floor":12.0,"gold_loss":0.0,"damage_taken":0.0,"relics_obtained":["Blood Vial"]},{"damage_healed":0,"gold_gain":0,"player_choice":"Fought Bandits","damage_taken":0,"max_hp_gain":0,"max_hp_loss":0,"event_name":"Masked Bandits","floor":19,"gold_loss":0}],"is_beta":false,"boss_relics":[{"not_picked":["HoveringKite","Velvet Choker"],"picked":"Ring of the Serpent"}],"items_purged_floors":[14,21],"is_endless":false,"potions_floor_spawned":[1,2,3,7,13,22,24],"killed_by":"3 Cultists","ascension_level":6}}