{"host":"0hb9w7uizu7y13wj","time":1610311595,"event":{"mods":["Act Like it!","Aspiration","BaseMod","BetterRewards","Colored Map","Conspire","Downfall","Energized Spire","FTL Soundtrack","Friendly Minions","Halation","Hubris","Infinite Spire","Minty Spire (QoL Compilation)","Quick Restart","Replay The Spire","StSLib","Synergy Search","The Factory","The Hierophant","The Jungle","The Poker Player","Trackpad","everything is the same but u backflip on backflip","vexMod"],"gold_per_floor":[112,128,128,108,123,133,161,161,161,161,37,37,37,51,51,127,127,140,140,140,140,156,188,206,229,229,258,268,193,206,235,235,312,312,325,343,293,306,306,306,341,353,353,353,372,383,383,383],"floor_reached":47,"playtime":2553,"items_purged":["Strike_G","Strike_G"],"score":1559,"play_id":"584f1d5a-c5ec-4b1b-89e5-8965b3855524","local_time":"20210110204635","is_ascension_mode":true,"campfire_choices":[{"data":"hubris:EnhanceAbility","floor":8.0,"key":"SMITH"},{"data":"Neutralize","floor":12.0,"key":"SMITH"},{"data":"Reflex","floor":15.0,"key":"SMITH"},{"data":"Tactician","floor":32.0,"key":"SMITH"},{"data":"Devotion","floor":40.0,"key":"SMITH"},{"data":"Replay:Fractal Strike","floor":44.0,"key":"SMITH"}],"circlet_count":0,"master_deck":["AscendersBane","Strike_G","Strike_G","Defend_G+1","Defend_G","Defend_G","Defend_G","Defend_G","Survivor","Neutralize+1","hubris:EnhanceAbility+1","Bandage Up","Footwork+1","Flash of Steel","Dagger Throw","Reflex+1","Infinite Blades","Malaise","Acrobatics+1","Flash of Steel","Replay:Poison Smokescreen+1","Dagger Throw","ReplayTheSpireMod:From All Sides","Reflex","Replay:Fractal Strike+1","Dagger Throw","Tactician+1","Slice","Dagger Spray+1","After Image","Consecrate+1","SashWhip+1","Devotion+1","ClearTheMind","Fasting2"],"relics":["Ring of the Snake","Replay:Wax Seal","infinitespire:CheckeredPen","Tough Bandages","ReplayTheSpireMod:TigerMarble","hubris:Metronome","trackpad:Coffee","Painkiller Herb","Akabeko","ReplayTheSpireMod:Ninjato","infinitespire:Lucky Rock","vexMod:MemoryStick","Tiny Chest","Snake Skull","aspiration:WatcherSkillbook","aspiration:VileToxins","White Beast Statue"],"acts_visited":["Exordium","theJungle:Jungle","TheBeyond"],"potions_floor_usage":[],"damage_taken":[{"damage":2.0,"enemies":"Jaw Worm","floor":1.0,"turns":4.0},{"damage":0.0,"enemies":"2 Louse","floor":2.0,"turns":3.0},{"damage":0.0,"enemies":"Cultist","floor":5.0,"turns":4.0},{"damage":0.0,"enemies":"Looter","floor":6.0,"turns":4.0},{"damage":3.0,"enemies":"3 Sentries","floor":7.0,"turns":5.0},{"damage":0.0,"enemies":"2 Fungi Beasts","floor":14.0,"turns":3.0},{"damage":34.0,"enemies":"Slime Boss","floor":16.0,"turns":13.0},{"damage":12.0,"enemies":"theJungle:5_Spyders","floor":18.0,"turns":6.0},{"damage":0.0,"enemies":"theJungle:MUSHROOMGANG","floor":22.0,"turns":3.0},{"damage":1.0,"enemies":"theJungle:Cassacara","floor":23.0,"turns":4.0},{"damage":0.0,"enemies":"theJungle:JungleHuntersEncounter","floor":24.0,"turns":3.0},{"damage":0.0,"enemies":"theJungle:MamaSnecko","floor":27.0,"turns":3.0},{"damage":0.0,"enemies":"theJungle:Lyon","floor":28.0,"turns":1.0},{"damage":0.0,"enemies":"theJungle:SlimyTreeVines","floor":30.0,"turns":3.0},{"damage":0.0,"enemies":"theJungle:2_Phrogs","floor":31.0,"turns":3.0},{"damage":0.0,"enemies":"theJungle:QueenSpyder","floor":33.0,"turns":4.0},{"damage":0.0,"enemies":"3 Darklings","floor":35.0,"turns":1.0},{"damage":0.0,"enemies":"3 Shapes","floor":36.0,"turns":2.0},{"damage":0.0,"enemies":"Spire Growth","floor":38.0,"turns":2.0},{"damage":6.0,"enemies":"Nightmare","floor":41.0,"turns":7.0},{"damage":0.0,"enemies":"3 Darklings","floor":42.0,"turns":2.0},{"damage":0.0,"enemies":"4 Shapes","floor":45.0,"turns":2.0},{"damage":5.0,"enemies":"Spire Growth","floor":46.0,"turns":4.0},{"damage":0,"enemies":"3 Darklings","floor":47,"turns":1}],"seed_played":"-7293141630757364944","potions_obtained":[{"floor":2.0,"key":"PowerPotion"},{"floor":4.0,"key":"Fruit Juice"},{"floor":5.0,"key":"DistilledChaos"},{"floor":22.0,"key":"SteroidPotion"},{"floor":23.0,"key":"BlessingOfTheForge"},{"floor":28.0,"key":"ColorlessPotion"},{"floor":30.0,"key":"Block Potion"},{"floor":46.0,"key":"SkillPotion"}],"is_trial":false,"path_per_floor":["M","M","?","?","M","M","E","R","T","?","$","R","?","M","R","B",null,"M","?","AVR","?","?","E","?","T","T","E","?","T","?","E","T","B",null,"?","?","?","?","T","T","NM","?","T","T","?","?","?"],"character_chosen":"THE_SILENT","items_purchased":["Replay:Wax Seal","infinitespire:CheckeredPen","Fruit Juice","hubris:EnhanceAbility","Bandage Up","Footwork","Flash of Steel","Acrobatics","Flash of Steel"],"campfire_rested":0,"item_purchase_floors":[0,0,0,0,0,0,0,11,11],"current_hp_per_floor":[25,29,29,34,38,42,43,43,43,43,43,43,43,47,47,17,61,53,53,53,60,64,67,71,71,71,71,71,71,74,76,76,76,76,76,76,76,76,76,76,70,70,70,70,74,71,71,71],"gold":383,"neow_bonus":"","is_daily":false,"chose_seed":false,"campfire_upgraded":6,"win_rate":0.0,"timestamp":1610311595,"path_taken":["M","M","?","?","?","M","E","R","T","?","$","R","?","M","R","BOSS","M","?","AVR","?","?","E","?","?","T","E","?","?","?","E","T","BOSS","?","?","?","?","?","T","NM","?","T","T","?","?","?"],"items_purchased_type":["Relic","Relic","Potion","Card","Card","Card","Card","Card","Card"],"build_version":"2020-12-22","purchased_purges":2,"victory":false,"max_hp_per_floor":[71,71,71,76,76,76,76,76,76,76,76,76,76,76,76,76,76,76,76,76,76,76,76,76,76,76,76,76,76,76,76,76,76,76,76,76,76,76,76,76,76,76,76,76,76,76,76,76],"card_choices":[{"not_picked":["Catalyst","Deflect"],"picked":"Dagger Throw","floor":1.0},{"not_picked":["Backflip","Prepared","hubris:SlightOfHand"],"picked":"SKIP","floor":2.0},{"not_picked":["Distraction","Outmaneuver"],"picked":"Reflex","floor":5.0},{"not_picked":["Hidden Blade","Draining Mist"],"picked":"Infinite Blades","floor":6.0},{"not_picked":["hubris:SlightOfHand","Masterful Stab"],"picked":"Malaise","floor":7.0},{"not_picked":["Cloak And Dagger","Dodge and Roll"],"picked":"Dagger Throw","floor":14.0},{"not_picked":["Unload","Venomology"],"picked":"ReplayTheSpireMod:From All Sides","floor":16.0},{"not_picked":["Outmaneuver","Flying Knee"],"picked":"Reflex","floor":18.0},{"not_picked":["Terror","Cloak And Dagger"],"picked":"Dagger Throw","floor":22.0},{"not_picked":["Fluid Movement","Poisoned Stab","Hidden Blade"],"picked":"SKIP","floor":23.0},{"not_picked":["Flying Knee","Choke+1"],"picked":"Tactician","floor":24.0},{"not_picked":["Sucker Punch","Deflect","ReplayTheSpireMod:Shiv Toss"],"picked":"SKIP","floor":27.0},{"not_picked":["Blade Dance","Prepared","conspire:DoublingDagger"],"picked":"SKIP","floor":28.0},{"not_picked":["Corpse Explosion","hubris:SlightOfHand+1"],"picked":"Slice","floor":30.0},{"not_picked":["Backflip","Flying Knee"],"picked":"Dagger Spray+1","floor":31.0},{"not_picked":["Corpse Explosion","Die Die Die"],"picked":"After Image","floor":33.0},{"not_picked":["Flying Knee","hubris:SlightOfHand","Quick Slash"],"picked":"Consecrate+1","floor":35.0},{"not_picked":["FlurryOfBlows","FlyingSleeves","ReplayTheSpireMod:Exploit Weakness+1"],"picked":"SashWhip+1","floor":36.0},{"not_picked":["Replay:AtTheReady","PathToVictory","Toxin Wave"],"picked":"Devotion","floor":38.0},{"not_picked":["Quick Slash","Deflect","Escape Plan","SashWhip"],"picked":"SKIP","floor":41.0},{"not_picked":["Deadly Poison","Worship","CutThroughFate","FlurryOfBlows"],"picked":"SKIP","floor":42.0},{"not_picked":["Protect","Bouncing Flask+1","Dagger Throw"],"picked":"ClearTheMind","floor":45.0},{"not_picked":["hubris:Counter","Quick Slash","InnerPeace"],"picked":"Fasting2","floor":46.0}],"player_experience":931075,"relics_obtained":[{"floor":7.0,"key":"ReplayTheSpireMod:TigerMarble"},{"floor":9.0,"key":"hubris:Metronome"},{"floor":23.0,"key":"ReplayTheSpireMod:Ninjato"},{"floor":25.0,"key":"infinitespire:Lucky Rock"},{"floor":26.0,"key":"vexMod:MemoryStick"},{"floor":27.0,"key":"Tiny Chest"},{"floor":31.0,"key":"Snake Skull"},{"floor":41.0,"key":"aspiration:VileToxins"},{"floor":43.0,"key":"White Beast Statue"}],"event_choices":[{"damage_healed":0.0,"max_hp_gain":0.0,"max_hp_loss":0.0,"gold_gain":0.0,"event_name":"conspire:LoneGhost","player_choice":"Disagree","floor":3.0,"gold_loss":0.0,"damage_taken":0.0},{"damage_healed":0.0,"max_hp_gain":0.0,"max_hp_loss":0.0,"gold_gain":0.0,"event_name":"The Woman in Blue","player_choice":"Bought 1 Potion","floor":4.0,"gold_loss":0.0,"damage_taken":0.0},{"damage_healed":0.0,"max_hp_gain":0.0,"max_hp_loss":0.0,"gold_gain":0.0,"event_name":"Designer","player_choice":"Upgraded Two","floor":37.0,"gold_loss":50.0,"damage_taken":0.0,"cards_upgraded":["Defend_G","Acrobatics"]}],"is_beta":false,"boss_relics":[{"not_picked":["Runic Pyramid","halation:Risk"],"picked":"trackpad:Coffee"},{"not_picked":["Replay:Fungal Core","halation:PlatinumPhoenix"],"picked":"aspiration:WatcherSkillbook"}],"items_purged_floors":[20,29],"is_endless":false,"potions_floor_spawned":[2,5,6,22,23,28,30,36,42,45,46],"killed_by":"3 Darklings","ascension_level":20}}