{"host":"nlowmoq7gy18n72d","time":1610270581,"event":{"mods":["BaseMod","Colored Powertips","Conspire","Downfall","Hermit","Highlight Path","Infinite Spire","Jorbs\u0027s Wanderer Trilogy","Minty Spire (QoL Compilation)","Replay The Spire","StSLib","The Cursed"],"gold_per_floor":[99,115,133,233,233,263,263,263,263,291,47,47,32,32,46,141,141,66,77,91,91,241,258,258,289,214,233,249,280,280,280],"floor_reached":29,"playtime":1476,"items_purged":["Decay"],"score":312,"play_id":"fb7f50b0-42b2-4d6a-954b-ecd268f24757","local_time":"20210110122301","is_ascension_mode":true,"campfire_choices":[{"data":"champ:Taunt","floor":1,"key":"SMITH"},{"floor":8,"key":"RECALL"},{"data":"champ:DefensiveShout","floor":12,"key":"SMITH"},{"data":"champ:StrikeOfGenius","floor":18,"key":"SMITH"},{"data":"champ:IronFortress","floor":26,"key":"SMITH"}],"circlet_count":0,"master_deck":["champ:Strike","champ:Strike","champ:Strike","champ:Strike","champ:Defend","champ:Defend","champ:Defend+1","champ:Defend","champ:Execute","Metamorphosis+1","champ:FanOfKnives","champ:DefensiveShout+1","champ:BringItOn","champ:SwordThrow+1","champ:Circumvent","champ:IronFortress+1","champ:Lariat","champ:IronFortress","champ:Backstep","champ:StrikeOfGenius+1","Clumsy","stsjorbsmod:PollutedStrike","stsjorbsmod:Withering","champ:CheapShot","champ:RisingSlash+1"],"relics":["champ:ChampionCrown","CloakClasp","ReplayTheSpireMod:Ninjato","champ:SignatureFinisher","Blood Vial","War Paint","CultistMask","Guardian:PocketSentry","infinitespire:EmpoweringShard","Durian","downfall:HeartBlessingRed","Nloth\u0027s Gift","ReplayTheSpireMod:CursedCoin","Art of War","downfall:HeartBlessingBlue","Divine Protection"],"acts_visited":["Exordium","TheCity"],"potions_floor_usage":[4,11],"damage_taken":[{"damage":7,"enemies":"Jaw Worm","floor":2,"turns":3},{"damage":12,"enemies":"Small Slimes","floor":3,"turns":3},{"damage":47,"enemies":"Small Slimes","floor":4,"turns":5},{"damage":45,"enemies":"3 Sentries","floor":6,"turns":3},{"damage":21,"enemies":"Lagavulin","floor":10,"turns":8},{"damage":3,"enemies":"downfall:FleeingMerchant","floor":11,"turns":5},{"damage":12,"enemies":"downfall:FleeingMerchant","floor":13,"turns":4},{"damage":0,"enemies":"Cultist","floor":15,"turns":3},{"damage":54,"enemies":"downfall:Defect","floor":16,"turns":6},{"damage":8,"enemies":"Spheric Guardian","floor":19,"turns":4},{"damage":15,"enemies":"Centurion and Healer","floor":20,"turns":6},{"damage":0,"enemies":"Snake Plant","floor":23,"turns":6},{"damage":39,"enemies":"Gremlin Leader","floor":25,"turns":8},{"damage":6,"enemies":"Snecko","floor":27,"turns":5},{"damage":6,"enemies":"Chosen and Byrds","floor":28,"turns":6},{"damage":24,"enemies":"conspire:SneckoGhost","floor":29,"turns":8}],"seed_played":"-4936031327925235772","potions_obtained":[{"floor":3,"key":"champ:UltimateStancePotion"},{"floor":10,"key":"champ:CounterPotion"},{"floor":16,"key":"Ancient Potion"},{"floor":20,"key":"Ancient Potion"},{"floor":23,"key":"FearPotion"}],"is_trial":false,"path_per_floor":["R","M","M","?","?","E","T","R","?","E","$","R","$","?","M","B",null,"R","M","M","?","AVR","M","T","E","R","M","M","E"],"character_chosen":"THE_CHAMP","items_purchased":["War Paint","champ:IronFortress"],"campfire_rested":0,"item_purchase_floors":[11,11],"current_hp_per_floor":[81,74,67,43,43,33,33,33,57,36,38,38,28,28,30,8,86,86,78,76,76,76,78,78,49,59,55,51,44,44,44],"gold":280,"neow_bonus":"RANDOM_COLORLESS_2","is_daily":false,"chose_seed":false,"campfire_upgraded":4,"win_rate":0.0,"timestamp":1610270581,"path_taken":["R","M","M","?","?","E","T","R","?","E","$","R","$","?","M","BOSS","R","M","M","?","AVR","M","T","E","R","M","?","E"],"items_purchased_type":["Relic","Card"],"build_version":"2020-12-22","purchased_purges":1,"victory":false,"max_hp_per_floor":[81,81,81,81,81,81,81,81,81,81,81,81,81,81,81,81,86,86,86,86,86,86,86,86,86,96,96,96,96,96,96],"card_choices":[{"not_picked":["Poisoned Strike","Master of Strategy"],"picked":"Metamorphosis","floor":0},{"not_picked":["champ:ShieldSigil","champ:BladeFlurry"],"picked":"champ:FanOfKnives","floor":2},{"not_picked":["champ:FalseCounter","champ:ArenaPreparation"],"picked":"champ:DefensiveShout","floor":3},{"not_picked":["champ:AdrenalArmor","champ:RapidStrikes"],"picked":"champ:BringItOn","floor":4},{"not_picked":["champ:AdrenalArmor","champ:RecklessLeap"],"picked":"champ:Circumvent","floor":6},{"not_picked":["champ:BerserkerStyle","champ:StanceDance"],"picked":"champ:IronFortress","floor":10},{"not_picked":["champ:EnragedBash","champ:Aggression"],"picked":"champ:Lariat","floor":11},{"not_picked":["champ:PerfectedStrike","champ:GladiatorsShout","champ:Backstep"],"picked":"SKIP","floor":13},{"not_picked":["champ:AdrenalArmor","champ:ShieldSigil"],"picked":"champ:Backstep","floor":15},{"not_picked":["champ:DancingMaster","champ:EnchantSword"],"picked":"champ:StrikeOfGenius","floor":16},{"not_picked":["Pain","conspire:Blindness"],"picked":"Decay","floor":17},{"not_picked":["ReplayTheSpireMod:IOU","hexamod:Haunted"],"picked":"Clumsy","floor":17},{"not_picked":["Languid","sneckomod:Bewildered"],"picked":"stsjorbsmod:PollutedStrike","floor":17},{"not_picked":["champ:AdrenalArmor","champ:HeartStrike","champ:RecklessLeap"],"picked":"SKIP","floor":19},{"not_picked":["champ:Haymaker","champ:DefensiveStyle","champ:Backstep"],"picked":"SKIP","floor":20},{"not_picked":["champ:TornadoPunch","champ:FocusedBerserking"],"picked":"champ:CheapShot","floor":23},{"not_picked":["champ:CheapShot","champ:EnchantCrown","champ:StrikeOfGenius"],"picked":"SKIP","floor":25},{"not_picked":["champ:DefensiveShout","champ:Haymaker","champ:EnchantCrown"],"picked":"SKIP","floor":27},{"not_picked":["champ:EnGarde","champ:DefensiveShout+1"],"picked":"champ:RisingSlash+1","floor":28},{"not_picked":["champ:BerserkersShout","champ:ShieldSlam","champ:ViciousMockery"],"picked":"SKIP","floor":29}],"player_experience":643619,"relics_obtained":[{"floor":4,"key":"CloakClasp"},{"floor":6,"key":"ReplayTheSpireMod:Ninjato"},{"floor":7,"key":"champ:SignatureFinisher"},{"floor":10,"key":"Blood Vial"},{"floor":25,"key":"Art of War"},{"floor":29,"key":"Divine Protection"}],"event_choices":[{"damage_healed":0,"gold_gain":0,"player_choice":"Trade","damage_taken":0,"relics_obtained":["CultistMask"],"max_hp_gain":0,"max_hp_loss":0,"event_name":"FaceTrader","floor":14,"gold_loss":0}],"is_beta":false,"boss_relics":[{"not_picked":["Honey Jar","Replay:Wanted Poster"],"picked":"Replay:Ancient Bell"},{"not_picked":["Orichalcum","Tiny Chest"],"picked":"Guardian:PocketSentry"},{"not_picked":["infinitespire:ShieldingShard","Shuriken"],"picked":"infinitespire:EmpoweringShard"},{"not_picked":["Replay:Multitool","CaptainsWheel"],"picked":"Durian"}],"items_purged_floors":[22],"is_endless":false,"potions_floor_spawned":[3,10,16,20,23,28],"killed_by":"conspire:SneckoGhost","ascension_level":3}}