{"host":"yiit85oc4oi3nqs8","time":1610257123,"event":{"mods":["AchievementEnabler","BaseMod","Better Third Choice","Block Reminder","DeckTracker","Highlight Path","Keyboard Shortcuts","Minty Spire (QoL Compilation)","MonsterHotkey","Quick Restart","Random Character Button","Relic Stats","StSLib"],"gold_per_floor":[137,137,113,148,148,148,73,86,86,86,86],"floor_reached":10,"playtime":396,"items_purged":["Defend_P"],"score":84,"play_id":"f73e8535-f30e-4454-a932-2ede1065b702","local_time":"20210110143843","is_ascension_mode":true,"campfire_choices":[{"data":"Wish","floor":9,"key":"SMITH"}],"circlet_count":0,"master_deck":["AscendersBane","Strike_P","Strike_P","Strike_P","Defend_P","Defend_P","Defend_P","Eruption","Vigilance","Wish+1","PathToVictory"],"relics":["PureWater"],"acts_visited":["Exordium"],"potions_floor_usage":[10],"damage_taken":[{"damage":3,"enemies":"2 Louse","floor":1,"turns":4},{"damage":19,"enemies":"Jaw Worm","floor":4,"turns":5},{"damage":8,"enemies":"Small Slimes","floor":8,"turns":4},{"damage":35,"enemies":"3 Sentries","floor":10,"turns":4}],"seed_played":"200722147301693066","potions_obtained":[{"floor":4,"key":"Explosive Potion"}],"is_trial":false,"path_per_floor":["M","?","?","M","$","?","$","M","R","E"],"character_chosen":"WATCHER","items_purchased":[],"campfire_rested":0,"item_purchase_floors":[],"current_hp_per_floor":[62,62,62,43,43,43,43,35,35,0,0],"gold":86,"neow_bonus":"ONE_RANDOM_RARE_CARD","is_daily":false,"chose_seed":false,"campfire_upgraded":1,"win_rate":0.0,"timestamp":1610257123,"path_taken":["M","?","?","M","$","?","$","M","R","E"],"items_purchased_type":[],"build_version":"2020-12-22","purchased_purges":1,"victory":false,"max_hp_per_floor":[72,72,72,72,72,72,72,72,72,72,72],"relic_stats":{"counters":[4,17],"obtain_stats":[{"PureWater":0},{"PureWater":0},{"PureWater":0}]},"card_choices":[{"not_picked":["FollowUp","Halt"],"picked":"PathToVictory","floor":1},{"not_picked":["Halt","BattleHymn","ClearTheMind"],"picked":"SKIP","floor":4},{"not_picked":["Crescendo","Weave","Tantrum"],"picked":"SKIP","floor":8}],"player_experience":508956,"relics_obtained":[],"event_choices":[{"damage_healed":0,"gold_gain":0,"player_choice":"Ignored","damage_taken":137,"max_hp_gain":0,"max_hp_loss":0,"event_name":"betterThird:BetterSerpent","floor":2,"gold_loss":0},{"damage_healed":0,"gold_gain":0,"player_choice":"Left","damage_taken":0,"max_hp_gain":0,"max_hp_loss":0,"event_name":"betterThird:BetterGoop","floor":3,"gold_loss":24},{"cards_removed":["Strike_P"],"damage_healed":0,"gold_gain":0,"player_choice":"Forget","damage_taken":0,"max_hp_gain":0,"max_hp_loss":0,"event_name":"Living Wall","floor":6,"gold_loss":0}],"is_beta":false,"boss_relics":[],"items_purged_floors":[7],"is_endless":false,"potions_floor_spawned":[4],"killed_by":"3 Sentries","ascension_level":10}}