{"host":"9dr4xkxgnke2i0td","time":1610250194,"event":{"mods":["AchievementEnabler","BaseMod","DeckTracker","Highlight Path","Minty Spire (QoL Compilation)","Shop Mod","StSLib"],"gold_per_floor":[119,119,119,131,144,175,175,191,191,208,220,220,238,249,249,350,350,362,372,4,4,4],"floor_reached":21,"playtime":908,"items_purged":[],"score":296,"play_id":"367d368d-2be1-491f-b56f-77893fcb2ff0","local_time":"20210109214314","is_ascension_mode":true,"campfire_choices":[{"floor":7,"key":"REST"},{"floor":12,"key":"REST"},{"data":"Rupture","floor":15,"key":"SMITH"}],"circlet_count":0,"master_deck":["AscendersBane","Strike_R","Strike_R","Strike_R","Strike_R","Strike_R","Defend_R","Defend_R","Defend_R","Defend_R","Bash","Cleave","Rupture+1","Anger","Impervious","Twin Strike","Hemokinesis","Pommel Strike","Heavy Blade","Reaper","Reaper","Sword Boomerang","Thunderclap","Shrug It Off","Rupture","Hemokinesis","Good Instincts"],"relics":["Black Blood","Regal Pillow","Bird Faced Urn","Torii","Du-Vu Doll","DollysMirror"],"acts_visited":["Exordium","TheCity"],"potions_floor_usage":[6,16,16,18],"damage_taken":[{"damage":9,"enemies":"2 Louse","floor":1,"turns":4},{"damage":13,"enemies":"Jaw Worm","floor":4,"turns":6},{"damage":11,"enemies":"Cultist","floor":5,"turns":4},{"damage":32,"enemies":"Gremlin Nob","floor":6,"turns":5},{"damage":42,"enemies":"Exordium Thugs","floor":8,"turns":7},{"damage":7,"enemies":"2 Fungi Beasts","floor":10,"turns":2},{"damage":10,"enemies":"Exordium Wildlife","floor":11,"turns":6},{"damage":10,"enemies":"Blue Slaver","floor":13,"turns":5},{"damage":18,"enemies":"Large Slime","floor":14,"turns":5},{"damage":19,"enemies":"Hexaghost","floor":16,"turns":8},{"damage":34,"enemies":"3 Byrds","floor":18,"turns":7},{"damage":36,"enemies":"Chosen","floor":19,"turns":5},{"damage":25,"enemies":"3 Cultists","floor":21,"turns":4}],"seed_played":"-4357273253876634038","potions_obtained":[{"floor":4,"key":"SpeedPotion"},{"floor":10,"key":"ElixirPotion"},{"floor":11,"key":"Strength Potion"},{"floor":14,"key":"Dexterity Potion"},{"floor":16,"key":"DistilledChaos"}],"is_trial":false,"path_per_floor":["M","?","?","M","M","E","R","M","T","M","M","R","M","M","R","B",null,"M","M","$","M"],"character_chosen":"IRONCLAD","items_purchased":["Shrug It Off","Rupture","DollysMirror","Good Instincts"],"campfire_rested":2,"item_purchase_floors":[20,20,20,20],"current_hp_per_floor":[69,57,49,42,39,15,54,20,20,19,17,56,54,44,44,33,68,60,38,38,17,17],"gold":4,"neow_bonus":"RANDOM_COMMON_RELIC","is_daily":false,"chose_seed":false,"campfire_upgraded":1,"win_rate":0.0,"timestamp":1610250194,"path_taken":["M","?","?","M","M","E","R","M","T","M","?","R","M","M","R","BOSS","M","M","$","M"],"items_purchased_type":["Card","Card","Relic","Card"],"build_version":"2020-12-22","purchased_purges":0,"victory":false,"max_hp_per_floor":[80,80,80,80,80,80,80,80,80,80,80,80,80,80,80,80,80,80,80,80,80,80],"card_choices":[{"not_picked":["Body Slam","Headbutt"],"picked":"Cleave","floor":1},{"not_picked":["Dual Wield","Iron Wave"],"picked":"Rupture","floor":4},{"not_picked":["Rage","Clothesline"],"picked":"Anger","floor":5},{"not_picked":["Spot Weakness","Headbutt"],"picked":"Impervious","floor":6},{"not_picked":["Clothesline","Clash"],"picked":"Twin Strike","floor":8},{"not_picked":["Clash","Thunderclap"],"picked":"Hemokinesis","floor":10},{"not_picked":["Wild Strike","Havoc"],"picked":"Pommel Strike","floor":11},{"not_picked":["Pommel Strike","Dark Embrace"],"picked":"Heavy Blade","floor":13},{"not_picked":["Headbutt","Twin Strike"],"picked":"Reaper","floor":14},{"not_picked":["Corruption","Brutality"],"picked":"Reaper","floor":16},{"not_picked":["Perfected Strike","Wild Strike"],"picked":"Sword Boomerang","floor":18},{"not_picked":["Twin Strike","Clothesline"],"picked":"Thunderclap","floor":19}],"player_experience":710446,"relics_obtained":[{"floor":6,"key":"Torii"},{"floor":9,"key":"Du-Vu Doll"}],"event_choices":[{"damage_healed":0,"gold_gain":0,"player_choice":"Success","damage_taken":12,"relics_obtained":["Bird Faced Urn"],"max_hp_gain":0,"max_hp_loss":0,"event_name":"Scrap Ooze","floor":2,"gold_loss":0},{"damage_healed":0,"gold_gain":0,"player_choice":"Damaged","damage_taken":8,"max_hp_gain":0,"max_hp_loss":0,"event_name":"Wheel of Change","floor":3,"gold_loss":0}],"is_beta":false,"boss_relics":[{"not_picked":["Tiny House","Coffee Dripper"],"picked":"Black Blood"}],"items_purged_floors":[],"is_endless":false,"potions_floor_spawned":[4,10,11,14,16],"killed_by":"3 Cultists","ascension_level":12}}