{"host":"vr9me2kif8p2xyyc","time":1610301957,"event":{"mods":["2.2 Compatiblity","A Magickal Journey","AchievementEnabler","Act Like it!","Arknights The Spire","Aspiration","Astrologer","Bard","Bartender","BaseMod","Beaked The Cultist","Best Route Mod","Better Match","Better Note","Better Skull","Better Third Choice","BetterRewards","Block Reminder","Booster Modes","CapriCore","Challenge The Spire","ChefMod","Clawfect","Colored Map","Colored Powertips","Conjunction","Conspire","Downfall","Elementarium","Energized Spire","Friendly Minions","GifTheSpireLib","Glutton Mod","Halation","Hallownest","Hermit","Hubris","Jorbs\u0027s Wanderer Trilogy","Kratos Character Expansion","Mad Scientist","Marisa????????","Minty Spire (QoL Compilation)","Pale of the Ancients","Permanent Neow","Potionbrewer","QueenMod","Quick Restart","Random Character Button","Rare Cards Sparkle","Relic Stats","Remilia??????","Replay The Spire","Reworked Bosses","Robot Space Explorer","SCP261 Mod","SIMod","Shop Mod","Slumbering Mod","Spicy Shops","Spikes Relics","StSLib","Stuff the Spire","SuperFastMode","Td1madao Mod","The Alterego","The Animator","The Blackbeard","The Bladedancer","The Blue Laboratory","The Bug Knight","The Caster","The Clintock","The Construct","The Cursed","The Death Knight","The Disciple","The Dragon Tamer","The Druid","The Elementalist","The Exalted","The Fake Hero","The Florist","The Forsaken","The Gatherer","The Hayseed","The Hierophant","The Immortal","The Judge","The Jungle","The Kombatant","The Marked","The Mystic","The Necromancer","The Poker Player","The Problem Sleuth","The Runesmith","The Sage","The Servant 0.9.4","The Spell Scribe","The Valiant","TheArtist","TheBandit","TheFirefly","TheLocksmith","TheVacant","TheWitcher","Wandering Minibosses","Yohane!","thorton"],"gold_per_floor":[15,15,15,35,46,77,77,87,87,87,97,108,33,33,33,134,134,146,146,22,41,63,63,63,63],"floor_reached":24,"playtime":3841,"items_purged":["TheSimpletonMod:Gnats"],"score":198,"play_id":"f6fd07df-dd35-40e4-80d4-7c6344ad15f7","local_time":"20210110120557","is_ascension_mode":false,"campfire_choices":[{"data":"DeathKnight:RuneTap","floor":7,"key":"SMITH"},{"floor":10,"key":"REST"},{"data":"DeathKnight:DancingRuneblade","floor":15,"key":"SMITH"},{"data":"DeathKnight:Frostscythe","floor":23,"key":"SMITH"}],"circlet_count":0,"master_deck":["DeathKnight:Strike_DeathKnight","DeathKnight:Strike_DeathKnight","DeathKnight:Strike_DeathKnight","DeathKnight:Defend_DeathKnight","DeathKnight:Defend_DeathKnight","DeathKnight:Defend_DeathKnight","DeathKnight:Defend_DeathKnight","DeathKnight:Defend_DeathKnight","DeathKnight:RuneTap+1","DeathKnight:RuneStrike","DeathKnight:IcyTouch","DeathKnight:DeathStrike","DeathKnight:DancingRuneblade+1","DeathKnight:FesteringStrike","DeathKnight:FrosPresence","DeathKnight:BloodPact","DeathKnight:MutagenicPlague","DeathKnight:ScourgeStrike","DeathKnight:Frostscythe+1","DeathKnight:WraithWalk","sagemod:Taste_This_One","DeathKnight:Hysteria+1","DeathKnight:IcyTouch"],"relics":["DeathKnight:BrokenRuneblade","Oddly Smooth Stone","Pyrelight","aspiration:SecretTechniqueScroll","MerchantsRug","CeramicFish"],"acts_visited":["Exordium","TheCity"],"potions_floor_usage":[16,16,18,22],"damage_taken":[{"damage":3.0,"enemies":"Jaw Worm","floor":1.0,"turns":5.0},{"damage":3.0,"enemies":"conspire:RoseBush","floor":4.0,"turns":2.0},{"damage":0.0,"enemies":"theSlumbering:NewCultist","floor":5.0,"turns":3.0},{"damage":46,"enemies":"Lagavulin","floor":6,"turns":9},{"damage":17,"enemies":"Large Slime","floor":8,"turns":6},{"damage":3,"enemies":"Lots of Slimes","floor":11,"turns":6},{"damage":24,"enemies":"Exordium Thugs","floor":12,"turns":6},{"damage":18,"enemies":"The Guardian","floor":16,"turns":9},{"damage":36,"enemies":"2 Thieves","floor":18,"turns":5},{"damage":16,"enemies":"Spheric Guardian","floor":21,"turns":9},{"damage":5,"enemies":"Centurion and Healer","floor":22,"turns":6},{"damage":36,"enemies":"Shelled Parasite and Fungi","floor":24,"turns":6}],"seed_played":"8832121583308278335","potions_obtained":[{"floor":5.0,"key":"CultistPotion"},{"floor":6,"key":"PowerPotion"},{"floor":16,"key":"Conjunction:LightningMarble"},{"floor":18,"key":"ColorlessPotion"}],"is_trial":false,"path_per_floor":["M","?","?","M","M","E","R","M","T","R","M","M","$","?","R","B",null,"M","?","$","M","M","R","M"],"character_chosen":"DEATH_KNIGHT","items_purchased":["MerchantsRug","CeramicFish"],"campfire_rested":1,"item_purchase_floors":[20,20],"current_hp_per_floor":[72,72,72,69,69,23,23,13,13,35,39,22,22,22,22,4,75,46,46,46,37,32,32,0,0],"gold":63,"neow_bonus":"TRANSFORM_TWO_CARDS","is_daily":false,"chose_seed":false,"campfire_upgraded":3,"win_rate":0.0,"timestamp":1610301957,"path_taken":["M","?","?","?","M","E","R","M","T","R","M","M","?","?","R","BOSS","M","?","?","M","M","R","M"],"items_purchased_type":["Relic","Relic"],"build_version":"2020-12-22","purchased_purges":1,"victory":false,"max_hp_per_floor":[75,75,75,75,75,75,75,75,75,75,75,75,75,75,75,75,75,75,75,75,75,75,75,75,75],"relic_stats":{"counters":[67,352],"CeramicFish":18,"obtain_stats":[{"Bromod:AscarisDevice":5,"theVacant:BrassGoblet":0,"Bromod:ArcaneVictory":10,"CeramicFish":20,"Rawhide":9,"StuffTheSpire:BottledEssence":8,"Replay:Multitool":0,"halation:Prosthetics":17,"HeavenlyBonsai":25,"hubris:MysteriousPyramids":9,"Smiling Mask":9,"Boot":13,"Pet Ghost":7,"halation:HeavySnake":17,"Mummified Hand":4,"Replay:Bottled Flurry":5,"StuffTheSpire:RedRose":2,"DeathKnight:BrokenRuneblade":0,"MerchantsRug":14,"Bromod:ArcaneGrace":34,"StuffTheSpire:ForceGauntlet":23,"StuffTheSpire:Saxophone":14,"Oddly Smooth Stone":6,"potionbrewer:MortarAndPestle":21,"Pyrelight":14,"aspiration:HummingbirdHeart":9,"aspiration:SecretTechniqueScroll":17,"potionbrewer:Torch":3,"Anchor":8,"StuffTheSpire:HistoryBook":8,"StuffTheSpire:Mouthbags":6,"hubris:Spice":0,"DeathKnight:PutricidesVial":26,"hubris:TenFootPole":6,"Black Star":17,"Bottled Lightning":2,"hubris:Reverence":6},{"Bromod:AscarisDevice":39,"theVacant:BrassGoblet":0,"Bromod:ArcaneVictory":19,"CeramicFish":64,"Rawhide":18,"StuffTheSpire:BottledEssence":18,"Replay:Multitool":32,"halation:Prosthetics":23,"HeavenlyBonsai":48,"hubris:MysteriousPyramids":60,"Smiling Mask":6,"Boot":8,"Pet Ghost":40,"halation:HeavySnake":44,"Mummified Hand":34,"Replay:Bottled Flurry":39,"StuffTheSpire:RedRose":33,"DeathKnight:BrokenRuneblade":0,"MerchantsRug":8,"Bromod:ArcaneGrace":51,"StuffTheSpire:ForceGauntlet":48,"StuffTheSpire:Saxophone":8,"Oddly Smooth Stone":59,"potionbrewer:MortarAndPestle":25,"Pyrelight":62,"aspiration:HummingbirdHeart":40,"aspiration:SecretTechniqueScroll":63,"potionbrewer:Torch":56,"Anchor":6,"StuffTheSpire:HistoryBook":40,"StuffTheSpire:Mouthbags":30,"hubris:Spice":26,"DeathKnight:PutricidesVial":48,"hubris:TenFootPole":4,"Black Star":9,"Bottled Lightning":56,"hubris:Reverence":18},{"Bromod:AscarisDevice":193,"theVacant:BrassGoblet":0,"Bromod:ArcaneVictory":90,"CeramicFish":331,"Rawhide":83,"StuffTheSpire:BottledEssence":83,"Replay:Multitool":165,"halation:Prosthetics":108,"HeavenlyBonsai":241,"hubris:MysteriousPyramids":305,"Smiling Mask":21,"Boot":31,"Pet Ghost":196,"halation:HeavySnake":219,"Mummified Hand":172,"Replay:Bottled Flurry":193,"StuffTheSpire:RedRose":168,"DeathKnight:BrokenRuneblade":0,"MerchantsRug":31,"Bromod:ArcaneGrace":260,"StuffTheSpire:ForceGauntlet":241,"StuffTheSpire:Saxophone":31,"Oddly Smooth Stone":299,"potionbrewer:MortarAndPestle":123,"Pyrelight":317,"aspiration:HummingbirdHeart":196,"aspiration:SecretTechniqueScroll":326,"potionbrewer:Torch":285,"Anchor":21,"StuffTheSpire:HistoryBook":196,"StuffTheSpire:Mouthbags":156,"hubris:Spice":126,"DeathKnight:PutricidesVial":241,"hubris:TenFootPole":15,"Black Star":39,"Bottled Lightning":285,"hubris:Reverence":83}]},"card_choices":[{"not_picked":["DeathKnight:ShatteringStrikes","DeathKnight:BoneSpear"],"picked":"DeathKnight:UnholyFrenzy","floor":1.0},{"not_picked":["DeathKnight:UnholyPresence","DeathKnight:Pestilence"],"picked":"DeathKnight:DancingRuneblade","floor":4.0},{"not_picked":["DeathKnight:DeathsAdvance","DeathKnight:Pestilence"],"picked":"DeathKnight:FesteringStrike","floor":5.0},{"not_picked":["DeathKnight:UnholyPresence","DeathKnight:RaiseAlly"],"picked":"DeathKnight:FrosPresence","floor":6},{"not_picked":["DeathKnight:PillarOfFrost","DeathKnight:GargoyleSkin"],"picked":"DeathKnight:BloodPact","floor":8},{"not_picked":["DeathKnight:RuneShock","DeathKnight:HowlingBlast"],"picked":"DeathKnight:MutagenicPlague","floor":11},{"not_picked":["DeathKnight:BloodTap","DeathKnight:WraithWalk"],"picked":"DeathKnight:ScourgeStrike","floor":12},{"not_picked":["DeathKnight:UnholyExperiment","DeathKnight:ReapingStrike"],"picked":"DeathKnight:Frostscythe","floor":16},{"not_picked":["DeathKnight:HowlingBlast","DeathKnight:DarkSuccor"],"picked":"DeathKnight:WraithWalk","floor":18},{"not_picked":["DeathKnight:FrostStrike+1","DeathKnight:BloodEchoes+1"],"picked":"DeathKnight:Hysteria+1","floor":21},{"not_picked":["DeathKnight:ScourgeStrike","DeathKnight:Rot"],"picked":"DeathKnight:IcyTouch","floor":22}],"player_experience":1186326,"relics_obtained":[{"floor":6,"key":"Oddly Smooth Stone"},{"floor":9,"key":"hubris:MysteriousPyramids"}],"event_choices":[{"cards_removed":["DeathKnight:UnholyFrenzy"],"damage_healed":0.0,"max_hp_gain":0.0,"max_hp_loss":0.0,"gold_gain":0.0,"event_name":"WeMeetAgain","player_choice":"Gave Card","floor":3.0,"gold_loss":0.0,"damage_taken":0.0,"relics_obtained":["potionbrewer:Torch"]},{"cards_removed":["DeathKnight:DancingRuneblade"],"damage_healed":0,"gold_gain":0,"player_choice":"Take \u0026 Give","damage_taken":0,"max_hp_gain":0,"max_hp_loss":0,"event_name":"betterNote:BetterNote","floor":19,"gold_loss":0,"cards_obtained":["sagemod:Taste_This_One"]}],"is_beta":false,"boss_relics":[{"not_picked":["Replay:Ancient Bell","Replay:Fungal Core"],"picked":"aspiration:SecretTechniqueScroll"}],"items_purged_floors":[13],"is_endless":false,"potions_floor_spawned":[5,6,16,18],"killed_by":"Shelled Parasite and Fungi","ascension_level":0}}