{"host":"w9yruvs4bqht6bhw","time":1610241728,"event":{"mods":["BaseMod","Colored Powertips","Minty Spire (QoL Compilation)"],"gold_per_floor":[114,127,42,61,61,80,93,93,93,93,18,34,52,67,67,67,67],"floor_reached":16,"playtime":445,"items_purged":["Bash"],"score":148,"play_id":"34124dda-236c-45ff-9b91-f93eddd63f89","local_time":"20210109202208","is_ascension_mode":true,"campfire_choices":[{"floor":15,"key":"REST"}],"circlet_count":0,"master_deck":["Strike_R","Strike_R","Strike_R","Strike_R","Strike_R","Defend_R","Defend_R","Defend_R","Defend_R","Bash","Madness+1","Clash","Spot Weakness","Good Instincts","Heavy Blade","Rampage","Fiend Fire","Thunderclap"],"relics":["Burning Blood","Mummified Hand"],"acts_visited":["Exordium"],"potions_floor_usage":[10,10],"damage_taken":[{"damage":6,"enemies":"Cultist","floor":1,"turns":3},{"damage":9,"enemies":"Small Slimes","floor":2,"turns":4},{"damage":3,"enemies":"2 Louse","floor":4,"turns":2},{"damage":21,"enemies":"Exordium Thugs","floor":6,"turns":4},{"damage":0,"enemies":"3 Louse","floor":7,"turns":2},{"damage":24,"enemies":"Gremlin Nob","floor":10,"turns":4},{"damage":15,"enemies":"Exordium Wildlife","floor":12,"turns":4},{"damage":1,"enemies":"2 Fungi Beasts","floor":13,"turns":3},{"damage":2,"enemies":"Large Slime","floor":14,"turns":4},{"damage":0,"enemies":"Hexaghost","floor":16,"turns":2}],"seed_played":"6777563142143412423","potions_obtained":[{"floor":1,"key":"SmokeBomb"},{"floor":6,"key":"PowerPotion"},{"floor":12,"key":"SneckoOil"},{"floor":14,"key":"Swift Potion"}],"is_trial":false,"path_per_floor":["M","M","$","M","?","M","M","?","T","E","$","M","M","M","R","B"],"character_chosen":"IRONCLAD","items_purchased":["Good Instincts"],"campfire_rested":1,"item_purchase_floors":[3],"current_hp_per_floor":[72,69,69,72,72,57,63,63,63,45,45,36,41,45,69,69,69],"gold":67,"neow_bonus":"RANDOM_COLORLESS","is_daily":false,"chose_seed":false,"campfire_upgraded":0,"win_rate":0.0,"timestamp":1610241728,"path_taken":["M","?","?","M","?","M","?","?","T","E","?","M","M","M","R","BOSS"],"items_purchased_type":["Card"],"build_version":"2020-12-22","purchased_purges":1,"victory":false,"max_hp_per_floor":[80,80,80,80,80,80,80,80,80,80,80,80,80,80,80,80,80],"card_choices":[{"not_picked":["Purity","Forethought"],"picked":"Madness","floor":0},{"not_picked":["True Grit","Havoc"],"picked":"Clash","floor":1},{"not_picked":["Sword Boomerang","Intimidate"],"picked":"Spot Weakness","floor":2},{"not_picked":["Entrench","True Grit"],"picked":"Heavy Blade","floor":4},{"not_picked":["Body Slam","Pummel","Feed"],"picked":"SKIP","floor":6},{"not_picked":["Havoc","Headbutt"],"picked":"Thunderclap","floor":7},{"not_picked":["Sentinel","Sword Boomerang","Armaments"],"picked":"SKIP","floor":12},{"not_picked":["Pummel","Metallicize","Rupture"],"picked":"SKIP","floor":13},{"not_picked":["Warcry","Sword Boomerang","Heavy Blade"],"picked":"SKIP","floor":14}],"player_experience":364388,"relics_obtained":[{"floor":9,"key":"Mummified Hand"}],"event_choices":[{"damage_healed":0,"gold_gain":0,"player_choice":"3 cards matched","damage_taken":0,"max_hp_gain":0,"max_hp_loss":0,"event_name":"Match and Keep!","floor":5,"gold_loss":0,"cards_obtained":["Bash","Rampage","Fiend Fire"]},{"damage_healed":0,"gold_gain":0,"player_choice":"Upgraded","damage_taken":0,"max_hp_gain":0,"max_hp_loss":0,"event_name":"Upgrade Shrine","floor":8,"gold_loss":0,"cards_upgraded":["Madness"]}],"is_beta":false,"boss_relics":[],"items_purged_floors":[11],"is_endless":false,"potions_floor_spawned":[1,6,12,14],"killed_by":"Hexaghost","ascension_level":8}}