{"host":"ek3xvuouaw6vk9if","time":1610256817,"event":{"mods":["BaseMod","BetterRewards","Minty Spire (QoL Compilation)","Permanent Neow","Quick Restart","Relic Stats","Replay The Spire","StSLib","The Disciple"],"gold_per_floor":[119,119,137,156,169,196,196,209,209,209,95,95,95,120,120,256,256,280,87,2,23,48,48,48],"floor_reached":23,"playtime":1978,"items_purged":["ReplayTheSpireMod:Doomed"],"score":229,"play_id":"9913296e-6a06-4a76-ab58-ba7a41414fc4","local_time":"20210110003337","is_ascension_mode":true,"campfire_choices":[{"data":"WatchCommand","floor":7.0,"key":"SMITH"},{"data":"LockedMedicine","floor":13.0,"key":"SMITH"},{"floor":15.0,"key":"REST"}],"circlet_count":0,"master_deck":["Strike_Br","Defend_Br","Defend_Br","Defend_Br","Defend_Br","SecondHand","PatternShift","Chronoelasticity","CrunchTime+1","LockedMedicine+1","Echoward","WatchCommand+1","LockedScales","ReapSow","ExoVibe","LockedMawBank","Injury","Echoward+1","Parasite","LockedWhetstone","Fragmentalize","ResonantCall+1","LockedPlans+1","LockedUrn+1","HandsUpB","LockedAnchor","LockedAnchor"],"relics":["Chronometer","BlueBox","Pocketwatch","Golden Idol","Astrolabe","Juzu Bracelet","Pondfish Scales"],"acts_visited":["Exordium","TheCity"],"potions_floor_usage":[23],"damage_taken":[{"damage":1.0,"enemies":"Jaw Worm","floor":1.0,"turns":6.0},{"damage":16.0,"enemies":"Cultist","floor":3.0,"turns":6.0},{"damage":7.0,"enemies":"Small Slimes","floor":4.0,"turns":3.0},{"damage":10.0,"enemies":"Exordium Thugs","floor":5.0,"turns":5.0},{"damage":0.0,"enemies":"3 Sentries","floor":6.0,"turns":20.0},{"damage":11.0,"enemies":"3 Louse","floor":8.0,"turns":2.0},{"damage":25.0,"enemies":"Gremlin Gang","floor":14.0,"turns":10.0},{"damage":23.0,"enemies":"Fading Forest","floor":16.0,"turns":11.0},{"damage":29.0,"enemies":"Spheric Guardian","floor":18.0,"turns":11.0},{"damage":12.0,"enemies":"3 Byrds","floor":21.0,"turns":5.0},{"damage":0,"enemies":"Centurion and Healer","floor":22,"turns":4},{"damage":40,"enemies":"Book of Stabbing","floor":23,"turns":4}],"seed_played":"1272713532071122264","potions_obtained":[{"floor":1.0,"key":"EssenceOfSteel"},{"floor":5.0,"key":"EntropicBrew"},{"floor":21.0,"key":"Energy Potion"}],"is_trial":false,"path_per_floor":["M","?","M","M","M","E","R","M","T","?","$","?","R","M","R","B",null,"M","$","?","M","M","E"],"character_chosen":"CHRONO_CLASS","items_purchased":["Echoward+1","LockedAnchor","Juzu Bracelet"],"campfire_rested":1,"item_purchase_floors":[11,19,19],"current_hp_per_floor":[64,64,48,41,31,31,31,20,20,20,20,36,36,11,30,17,65,36,36,36,24,24,0,0],"gold":48,"neow_bonus":"THREE_RARE_CARDS","is_daily":false,"chose_seed":false,"campfire_upgraded":2,"win_rate":0.0,"timestamp":1610256817,"path_taken":["M","?","M","M","?","E","R","M","T","?","$","?","R","M","R","BOSS","M","$","?","M","M","E"],"items_purchased_type":["Card","Card","Relic"],"build_version":"2020-12-22","purchased_purges":1,"victory":false,"max_hp_per_floor":[65,65,65,65,65,65,65,65,65,65,65,65,65,65,65,65,65,65,65,65,65,65,65,65],"relic_stats":{"counters":[12,87],"Golden Idol":44,"Astrolabe":["ResonantCall","LockedPlans","LockedUrn"],"Juzu Bracelet":0,"obtain_stats":[{"Pondfish Scales":20,"Chronometer":0,"Golden Idol":10,"Astrolabe":17,"BlueBox":6,"Juzu Bracelet":19,"Pocketwatch":9},{"Pondfish Scales":9,"Chronometer":0,"Golden Idol":6,"Astrolabe":8,"BlueBox":5,"Juzu Bracelet":9,"Pocketwatch":6},{"Pondfish Scales":74,"Chronometer":0,"Golden Idol":42,"Astrolabe":63,"BlueBox":40,"Juzu Bracelet":74,"Pocketwatch":42}],"Pocketwatch":[48]},"card_choices":[{"not_picked":["Pendulum","LockedBell"],"picked":"Chronoelasticity","floor":0.0},{"not_picked":["LockedScales","LockedWhetstone"],"picked":"CrunchTime","floor":1.0},{"not_picked":["LockedScales","ReapSow"],"picked":"LockedMedicine","floor":3.0},{"not_picked":["LockedBlood","LockedFlame"],"picked":"Echoward","floor":4.0},{"not_picked":["SlimeSpray","Engulf"],"picked":"WatchCommand","floor":5.0},{"not_picked":["BiteCommand","ReapSow"],"picked":"ExoVibe","floor":6.0},{"not_picked":["AlternateTimeline","BiteCommand"],"picked":"LockedMawBank","floor":8.0},{"not_picked":["LockedMedicine","CrunchTime"],"picked":"LockedWhetstone","floor":14.0},{"not_picked":["LockedLightning","OverTime"],"picked":"Fragmentalize","floor":16.0},{"not_picked":["Analog+1","Goo+1"],"picked":"HandsUpB","floor":18.0},{"not_picked":["BeatsPerMinute+1","BiteCommand","Parity"],"picked":"SKIP","floor":21.0},{"not_picked":["Engulf","Tempo","Recurrance"],"picked":"SKIP","floor":22}],"player_experience":525669,"relics_obtained":[{"floor":6.0,"key":"BlueBox"},{"floor":9.0,"key":"Pocketwatch"}],"event_choices":[{"damage_healed":0.0,"max_hp_gain":0.0,"max_hp_loss":0.0,"gold_gain":0.0,"event_name":"Upgrade Shrine","player_choice":"Upgraded","floor":2.0,"gold_loss":0.0,"damage_taken":0.0,"cards_upgraded":["CrunchTime"]},{"damage_healed":0.0,"max_hp_gain":0.0,"max_hp_loss":0.0,"gold_gain":0.0,"event_name":"Golden Idol","player_choice":"Take Wound","floor":10.0,"gold_loss":0.0,"damage_taken":0.0,"relics_obtained":["Golden Idol"],"cards_obtained":["Injury"]},{"damage_healed":16.0,"max_hp_gain":0.0,"max_hp_loss":0.0,"gold_gain":0.0,"event_name":"Mushrooms","player_choice":"Healed and dodged fight","floor":12.0,"gold_loss":0.0,"damage_taken":0.0,"cards_obtained":["Parasite"]},{"damage_healed":0.0,"max_hp_gain":0.0,"max_hp_loss":0.0,"gold_gain":0.0,"event_name":"Addict","player_choice":"Obtained Relic","floor":20.0,"gold_loss":85.0,"damage_taken":0.0,"relics_obtained":["Pondfish Scales"]}],"is_beta":false,"boss_relics":[{"not_picked":["Snecko Heart","Fusion Hammer"],"picked":"Astrolabe"}],"items_purged_floors":[11],"is_endless":false,"potions_floor_spawned":[1,5,21],"killed_by":"Book of Stabbing","ascension_level":1}}