{"host":"mmqs5ul2bvb60kyc","time":1610243069,"event":{"mods":["AchievementEnabler","BaseMod","Minty Spire (QoL Compilation)","Reimu£®≤©¿ˆ¡È√Œ£©","Spicy Shops","StSLib","The Servant 0.9.4","[IsaacMod]“‘»ˆº‚À˛","°æ“≈ŒÔø®≈∆°øREMEMod"],"gold_per_floor":[114,114,114,124,124,124,167,221,247,279,291,333,364,376,388,522,534,559,571,682,694,450,450,469,469,469,469,504,504,540,583,583,710,710,753,753,506,525,104,104,0,15,41,53,85,85,135,135,135,135,135,135,3,38,88,88],"floor_reached":55,"playtime":2915,"items_purged":["Strike_S","Defend_S"],"score":879,"play_id":"e40ebad7-12e4-4737-8b8e-cc6d420f8a34","local_time":"20210110094429","is_ascension_mode":false,"campfire_choices":[{"data":"BettingIsNotGood","floor":6.0,"key":"SMITH"},{"data":"Sunlight","floor":11.0,"key":"SMITH"},{"floor":15.0,"key":"REST"},{"data":"MurderousAura","floor":23.0,"key":"SMITH"},{"data":"WasteNot","floor":25.0,"key":"SMITH"},{"data":"Starlight","floor":27.0,"key":"SMITH"},{"data":"Comet","floor":32.0,"key":"SMITH"},{"data":"Apotheosis","floor":40.0,"key":"SMITH"},{"floor":49.0,"key":"RECALL"},{"data":"Duplication","floor":52,"key":"SMITH"}],"circlet_count":0,"master_deck":["Defend_S","Defend_S","Defend_S","KidneyShot+1","Exchange+1","BettingIsNotGood+1","Sunlight+1","Comet+1","SoulSculpture+1","Luminosity","SpecialFormula+1","WasteNot+1","MurderousAura+1","Ghostly","Ghostly","Ghostly","Ghostly","Ghostly","Starlight+1","Desolation","MoonPhase","SoulSculpture","MurderousAura","FastForward","BottledTime","Apotheosis+1","Duplication+1","BottledTime","LightFlow","Foresight+1","Foresight","Purity","Dilation"],"relics":["Uniform","HushsDoor","REME_ComplimentaryCards","Leech","NeowsBlessing","Juzu Bracelet","Blood Vial","MawBank","Sundial","Empty Cage","Centennial Puzzle","Whetstone","Orichalcum","AnarchistCookbook","MysterySword","Happy Flower","Bag of Preparation","Gambling Chip","REME_PuzzleBoxRelic","Red Mask","RuthlessExorcism:ReiMu","War Paint","D4","InkBottle"],"acts_visited":["Exordium","TheCity","TheBeyond","TheEnding"],"potions_floor_usage":[55,55,55],"damage_taken":[{"damage":0.0,"enemies":"Small Slimes","floor":1.0,"turns":1.0},{"damage":0.0,"enemies":"Jaw Worm","floor":4.0,"turns":1.0},{"damage":0.0,"enemies":"2 Louse","floor":7.0,"turns":2.0},{"damage":26.0,"enemies":"Lagavulin","floor":8.0,"turns":5.0},{"damage":12.0,"enemies":"Gremlin Nob","floor":10.0,"turns":3.0},{"damage":15.0,"enemies":"Lagavulin","floor":12.0,"turns":3.0},{"damage":10.0,"enemies":"Red Slaver","floor":13.0,"turns":2.0},{"damage":22.0,"enemies":"Hexaghost","floor":16.0,"turns":9.0},{"damage":15.0,"enemies":"3 Byrds","floor":18.0,"turns":3.0},{"damage":4.0,"enemies":"Shell Parasite","floor":24.0,"turns":3.0},{"damage":6.0,"enemies":"Slavers","floor":28.0,"turns":6.0},{"damage":5.0,"enemies":"Chosen and Byrds","floor":30.0,"turns":5.0},{"damage":6.0,"enemies":"3 Cultists","floor":31.0,"turns":5.0},{"damage":26.0,"enemies":"Champ","floor":33.0,"turns":6.0},{"damage":0.0,"enemies":"3 Darklings","floor":35.0,"turns":5.0},{"damage":1.0,"enemies":"3 Shapes","floor":38.0,"turns":4.0},{"damage":0.0,"enemies":"Writhing Mass","floor":42.0,"turns":2.0},{"damage":0.0,"enemies":"Jaw Worm Horde","floor":44.0,"turns":4.0},{"damage":0.0,"enemies":"Reptomancer","floor":45.0,"turns":7.0},{"damage":0.0,"enemies":"Mind Bloom Boss Battle","floor":47.0,"turns":4.0},{"damage":0,"enemies":"Donu and Deca","floor":50,"turns":6},{"damage":1,"enemies":"Shield and Spear","floor":54,"turns":5},{"damage":35,"enemies":"Delirium","floor":55,"turns":10}],"seed_played":"-7452012015724511346","potions_obtained":[{"floor":1.0,"key":"Dexterity Potion"},{"floor":4.0,"key":"SkillPotion"},{"floor":10.0,"key":"LiquidBronze"},{"floor":16.0,"key":"Swift Potion"},{"floor":24.0,"key":"FearPotion"},{"floor":48.0,"key":"EntropicBrew"},{"floor":48.0,"key":"DuplicationPotion"}],"is_trial":false,"path_per_floor":["M","?","?","M","?","R","M","E","T","E","R","E","M","?","R","B",null,"M","?","?","?","$","R","M","R","T","R","E","?","M","M","R","B",null,"M","?","$","M","$","R","?","M","T","M","E","?","?","?","R","B",null,"R","$","E","B"],"character_chosen":"THE_SERVANT","items_purchased":["Whetstone","Starlight","SoulSculpture","MurderousAura","Bag of Preparation","Gambling Chip","Apotheosis","REME_PuzzleBoxRelic","Foresight","Purity"],"campfire_rested":1,"item_purchase_floors":[22,22,34,34,37,39,39,39,53,53],"current_hp_per_floor":[65,65,53,53,58,58,59,38,38,30,30,20,18,11,32,23,70,62,47,47,35,35,35,33,33,33,33,30,26,32,38,38,14,32,32,32,32,31,31,31,31,32,32,32,32,32,32,32,32,32,32,32,32,31,0,0],"gold":88,"neow_bonus":"THREE_ENEMY_KILL","is_daily":false,"chose_seed":false,"campfire_upgraded":8,"win_rate":0.0,"timestamp":1610243069,"path_taken":["M","?","?","M","?","R","M","E","T","E","R","E","M","?","R","BOSS","M","?","?","?","$","R","M","R","T","R","E","?","M","M","R","BOSS","M","?","$","M","$","R","?","M","T","M","E","?","?","?","R","BOSS","R","$","E","BOSS"],"items_purchased_type":["Relic","Card","Card","Card","Relic","Relic","Card","Relic","Card","Card"],"build_version":"2020-12-22","purchased_purges":2,"victory":false,"max_hp_per_floor":[65,65,65,65,70,70,70,70,70,70,70,70,70,70,70,70,70,70,70,70,35,35,35,35,35,35,35,35,40,40,40,40,40,32,32,32,32,32,32,32,32,32,32,32,32,32,32,32,32,32,32,32,32,32,32,32],"card_choices":[{"not_picked":[],"picked":"BettingIsNotGood","floor":0.0},{"not_picked":["FanOfKnives","Reset"],"picked":"Comet","floor":1.0},{"not_picked":["Revamp","Starlight"],"picked":"SoulSculpture","floor":4.0},{"not_picked":["Revamp","Ricochet","FastForward"],"picked":"SKIP","floor":7.0},{"not_picked":["Comet","FastForward"],"picked":"Luminosity","floor":8.0},{"not_picked":["TimeWarp","Hightail"],"picked":"SpecialFormula","floor":10.0},{"not_picked":["ShatteredReality","Revamp"],"picked":"WasteNot","floor":12.0},{"not_picked":["GearUp","TimeWarp","FastForward"],"picked":"SKIP","floor":13.0},{"not_picked":["Duplication","Deny"],"picked":"MurderousAura","floor":16.0},{"not_picked":["TimeWarp","Read+1","Shuttle"],"picked":"SKIP","floor":18.0},{"not_picked":["Revamp","TimeWarp"],"picked":"Desolation","floor":24.0},{"not_picked":["Defy","TimeWarp","DualDimension"],"picked":"SKIP","floor":28.0},{"not_picked":["Shuttle","Potential","ShatteredReality"],"picked":"SKIP","floor":30.0},{"not_picked":["ReturningBlade","FanOfKnives+1"],"picked":"MoonPhase","floor":31.0},{"not_picked":["Dilation","Solidify"],"picked":"SoulSculpture","floor":33.0},{"not_picked":["Collapse","Sabotage+1"],"picked":"FastForward","floor":35.0},{"not_picked":["Misdirection","WasteNot+1"],"picked":"BottledTime","floor":38.0},{"not_picked":["ShatteredReality","Misdirection+1"],"picked":"Duplication","floor":42.0},{"not_picked":["ShiftingGears","Ricochet"],"picked":"BottledTime","floor":44.0},{"not_picked":["TheWorld","Rearm"],"picked":"LightFlow","floor":45.0},{"not_picked":["ReturningBlade+1","BottledTime+1"],"picked":"Foresight+1","floor":47.0},{"not_picked":["Unruled+1","Revamp+1"],"picked":"Dilation","floor":54}],"player_experience":252206,"relics_obtained":[{"floor":8.0,"key":"Blood Vial"},{"floor":10.0,"key":"MawBank"},{"floor":12.0,"key":"Sundial"},{"floor":26.0,"key":"Orichalcum"},{"floor":28.0,"key":"AnarchistCookbook"},{"floor":43.0,"key":"RuthlessExorcism:ReiMu"},{"floor":45.0,"key":"War Paint"},{"floor":47.0,"key":"D4"},{"floor":54,"key":"InkBottle"}],"event_choices":[{"damage_healed":0.0,"max_hp_gain":0.0,"max_hp_loss":0.0,"gold_gain":0.0,"event_name":"Liars Game","player_choice":"Ignored","floor":2.0,"gold_loss":0.0,"damage_taken":0.0},{"damage_healed":0.0,"max_hp_gain":0.0,"max_hp_loss":0.0,"gold_gain":0.0,"event_name":"Scrap Ooze","player_choice":"Success","floor":3.0,"gold_loss":0.0,"damage_taken":12.0,"relics_obtained":["Juzu Bracelet"]},{"damage_healed":0.0,"max_hp_gain":5.0,"max_hp_loss":0.0,"gold_gain":0.0,"event_name":"Big Fish","player_choice":"Donut","floor":5.0,"gold_loss":0.0,"damage_taken":0.0},{"cards_removed":["Strike_S"],"damage_healed":0.0,"max_hp_gain":0.0,"max_hp_loss":0.0,"gold_gain":0.0,"event_name":"Golden Wing","player_choice":"Card Removal","floor":14.0,"gold_loss":0.0,"damage_taken":7.0},{"damage_healed":0.0,"max_hp_gain":0.0,"max_hp_loss":0.0,"gold_gain":99.0,"event_name":"Nest","player_choice":"Stole From Cult","floor":20.0,"gold_loss":0.0,"damage_taken":0.0},{"damage_healed":0.0,"max_hp_gain":0.0,"max_hp_loss":35.0,"gold_gain":0.0,"event_name":"Ghosts","player_choice":"Became a Ghost","floor":21.0,"gold_loss":0.0,"damage_taken":0.0,"cards_obtained":["Ghostly","Ghostly","Ghostly","Ghostly","Ghostly"]},{"damage_healed":0.0,"max_hp_gain":5.0,"max_hp_loss":0.0,"gold_gain":0.0,"event_name":"Forgotten Altar","player_choice":"Shed Blood","floor":29.0,"gold_loss":0.0,"damage_taken":9.0},{"damage_healed":0.0,"max_hp_gain":0.0,"max_hp_loss":0.0,"gold_gain":0.0,"event_name":"WeMeetAgain","player_choice":"Gave Potion","floor":36.0,"gold_loss":0.0,"damage_taken":0.0,"relics_obtained":["Happy Flower"]},{"damage_healed":0.0,"max_hp_gain":0.0,"max_hp_loss":0.0,"gold_gain":0.0,"event_name":"Tomb of Lord Red Mask","player_choice":"Paid","floor":41.0,"gold_loss":104.0,"damage_taken":0.0,"relics_obtained":["Red Mask"]},{"cards_removed":["SoulSculpture"],"damage_healed":0.0,"max_hp_gain":0.0,"max_hp_loss":0.0,"gold_gain":0.0,"event_name":"Falling","player_choice":"Removed Attack","floor":46.0,"gold_loss":0.0,"damage_taken":0.0},{"damage_healed":0.0,"max_hp_gain":0.0,"max_hp_loss":0.0,"gold_gain":0.0,"event_name":"MindBloom","player_choice":"Fight","floor":47.0,"gold_loss":0.0,"damage_taken":0.0},{"damage_healed":0.0,"max_hp_gain":0.0,"max_hp_loss":0.0,"gold_gain":0.0,"event_name":"Lab","player_choice":"Got Potions","floor":48.0,"gold_loss":0.0,"damage_taken":0.0}],"is_beta":false,"boss_relics":[{"not_picked":["Fusion Hammer","Sozu"],"picked":"Empty Cage"},{"not_picked":[]},{"not_picked":["StoneMask","ChampionBelt"],"picked":"MysterySword"},{"not_picked":[]}],"items_purged_floors":[22,37],"is_endless":false,"potions_floor_spawned":[1,4,10,16,24,28,33,42,45,47,54],"killed_by":"Delirium","ascension_level":0}}