{"host":"98zq812qbocdqs0d","time":1610312440,"event":{"mods":["BaseMod","GifTheSpireLib","Minty Spire (QoL Compilation)","Replay The Spire","StSLib","The Cursed","The Hierophant"],"gold_per_floor":[119,223,235,235,235,45,45,45,59,59,59,59,85,102,152,179,179,274,274,288,300,300,312,164,189,189,199,226,226,80,180,198,210,210,314,314,334,346,102,120,120,120,131,131,131,200,200,200,211,242,242,242,242],"floor_reached":52,"playtime":5744,"items_purged":[],"score":665,"play_id":"4c760bb7-2e2e-4b65-af76-31f50a0bd21b","local_time":"20210110220040","is_ascension_mode":true,"campfire_choices":[{"data":"Armaments","floor":8,"key":"SMITH"},{"data":"Feed","floor":12,"key":"SMITH"},{"floor":17,"key":"REST"},{"floor":26,"key":"REST"},{"floor":29,"key":"REST"},{"floor":34,"key":"REST"},{"floor":42,"key":"REST"},{"data":"Double Tap","floor":44,"key":"SMITH"},{"data":"Searing Blow","floor":47,"key":"SMITH"},{"floor":51,"key":"REST"}],"circlet_count":0,"master_deck":["AscendersBane","Strike_R+1","Strike_R+1","Strike_R+1","Strike_R+1","Strike_R+1","Defend_R","Defend_R","Defend_R","Defend_R+1","Bash","Armaments+1","Anger","Carnage+1","Armaments","Feed+1","ReplayTheSpireMod:Stacked","Headbutt+1","Searing Blow+1","Double Tap+1","Iron Wave+1","ReplayTheSpireMod:LeadingStrike+1","Impervious+1","Rage+1","Hemokinesis+1","Intimidate","Pommel Strike+1","Run Through+1","AbeCurse","Berserk+1","CurseOfTheBell","ReplayTheSpireMod:Stacked+1","Trip","Rage+1"],"relics":["Burning Blood","NeowsBlessing","Gremlin Food","Replay:Bottled Steam","Bird Faced Urn","Pocketwatch","Mark of Pain","ClockworkSouvenir","Frozen Egg 2","Bag of Preparation","Tiny Chest","CaptainsWheel","Letter Opener","Calling Bell","King of Hearts","Darkstone Periapt","StoneCalendar","Eternal Feather","Replay:Bottled Eggs","Mirror","HornCleat"],"acts_visited":["Exordium","TheCity","TheBeyond"],"potions_floor_usage":[18,20,21,25,25,31,32,35,38,50,50,50,52],"damage_taken":[{"damage":0,"enemies":"2 Louse","floor":1,"turns":1},{"damage":0,"enemies":"Cultist","floor":3,"turns":1},{"damage":0,"enemies":"Jaw Worm","floor":9,"turns":1},{"damage":28,"enemies":"Replay:BlueRogue","floor":13,"turns":7},{"damage":7,"enemies":"Looter","floor":14,"turns":3},{"damage":25,"enemies":"3 Sentries","floor":16,"turns":8},{"damage":65,"enemies":"Hexaghost","floor":18,"turns":11},{"damage":17,"enemies":"Spheric Guardian","floor":20,"turns":4},{"damage":5,"enemies":"Shell Parasite","floor":21,"turns":2},{"damage":23,"enemies":"Snecko","floor":23,"turns":5},{"damage":27,"enemies":"Slavers","floor":25,"turns":7},{"damage":14,"enemies":"Cultist and Chosen","floor":27,"turns":8},{"damage":5,"enemies":"Colosseum Slavers","floor":31,"turns":3},{"damage":27,"enemies":"Colosseum Nobs","floor":31,"turns":5},{"damage":3,"enemies":"3 Cultists","floor":32,"turns":3},{"damage":18,"enemies":"Snecko","floor":33,"turns":5},{"damage":43,"enemies":"Pondfish","floor":35,"turns":11},{"damage":13,"enemies":"Orb Walker","floor":37,"turns":5},{"damage":42,"enemies":"3 Darklings","floor":38,"turns":7},{"damage":39,"enemies":"Maw","floor":40,"turns":7},{"damage":24,"enemies":"Writhing Mass","floor":43,"turns":6},{"damage":25,"enemies":"Spire Growth","floor":49,"turns":5},{"damage":38,"enemies":"Reptomancer","floor":50,"turns":5},{"damage":134,"enemies":"Time Eater","floor":52,"turns":11}],"seed_played":"-1060293624089160136","potions_obtained":[{"floor":1,"key":"Venom Potion"},{"floor":3,"key":"Explosive Potion"},{"floor":13,"key":"Weak Potion"},{"floor":18,"key":"BloodPotion"},{"floor":20,"key":"Energy Potion"},{"floor":21,"key":"DuplicationPotion"},{"floor":31,"key":"Toxic Potion"},{"floor":32,"key":"Death Potion"},{"floor":35,"key":"BloodPotion"},{"floor":40,"key":"SteroidPotion"},{"floor":48,"key":"DistilledChaos"},{"floor":48,"key":"PowerPotion"},{"floor":48,"key":"Cursed Concoction"},{"floor":50,"key":"BlessingOfTheForge"}],"is_trial":false,"path_per_floor":["M","?","M","PTL","PTL","$","?","R","M","?","T","R","E","M","?","E","R","B",null,"M","M","?","M","$","E","R","M","T","R","$","?","M","M","R","B",null,"M","M","$","M","?","R","M","R","T","T","R","?","M","E","R","B"],"character_chosen":"IRONCLAD","items_purchased":["Feed","ReplayTheSpireMod:Stacked","ClockworkSouvenir","Tiny Chest","Eternal Feather"],"campfire_rested":6,"item_purchase_floors":[6,6,24,30,39],"current_hp_per_floor":[78,78,80,80,80,80,80,80,83,83,83,83,61,60,60,45,71,12,68,79,80,80,63,63,46,74,66,66,94,94,78,81,73,103,66,94,91,78,78,47,47,97,85,103,103,103,111,111,92,64,111,0,0],"gold":242,"neow_bonus":"THREE_ENEMY_KILL","is_daily":false,"chose_seed":false,"campfire_upgraded":4,"win_rate":0.0,"timestamp":1610312440,"path_taken":["M","?","M","PTL","PTL","$","?","R","?","?","T","R","E","M","?","E","R","BOSS","M","M","?","M","$","E","R","M","T","R","$","?","M","M","R","BOSS","M","M","$","M","?","R","?","R","T","?","R","?","M","E","R","BOSS"],"items_purchased_type":["Card","Card","Relic","Relic","Relic"],"build_version":"2020-12-22","purchased_purges":0,"victory":false,"max_hp_per_floor":[80,80,80,80,80,80,80,80,83,83,83,83,83,83,83,87,87,87,87,91,91,91,91,91,95,95,95,95,95,95,99,99,103,103,103,103,107,107,107,107,107,107,111,111,111,111,111,111,111,111,111,111,111],"card_choices":[{"not_picked":["Battle Trance","Sever Soul"],"picked":"Armaments","floor":1},{"not_picked":["Warcry","Defy Death"],"picked":"Anger","floor":2},{"not_picked":["Thunderclap","Power Through"],"picked":"Carnage","floor":2},{"not_picked":["Defy Death","Power Through"],"picked":"Armaments","floor":3},{"not_picked":["ReplayTheSpireMod:Muscle Training","Flex","Heavy Blade"],"picked":"SKIP","floor":9},{"not_picked":["Twin Strike","True Grit"],"picked":"Headbutt","floor":13},{"not_picked":["Clothesline","Barricade"],"picked":"Searing Blow","floor":14},{"not_picked":["Sentinel","Run Through","Warcry"],"picked":"SKIP","floor":16},{"not_picked":["Demon Form","Replay:Many Hands"],"picked":"Double Tap","floor":18},{"not_picked":["True Grit","Thunderclap"],"picked":"Iron Wave+1","floor":20},{"not_picked":["ReplayTheSpireMod:Strike From Hell","Body Slam"],"picked":"ReplayTheSpireMod:LeadingStrike","floor":21},{"not_picked":["Clothesline+1","Replay:Undeath\u0027s Touch"],"picked":"Rage+1","floor":23},{"not_picked":["Feel No Pain+1","Clash+1","Bloodletting+1"],"picked":"SKIP","floor":25},{"not_picked":["Shrug It Off","Brutality+1"],"picked":"Hemokinesis+1","floor":27},{"not_picked":["Whirlwind","Cleave"],"picked":"Intimidate","floor":31},{"not_picked":["Rampage","ReplayTheSpireMod:Limb From Limb"],"picked":"Pommel Strike+1","floor":32},{"not_picked":["Shrug It Off","Abandon"],"picked":"Run Through+1","floor":33},{"not_picked":["Reaper","Limit Break"],"picked":"Berserk+1","floor":35},{"not_picked":["True Grit+1","Pommel Strike+1","Combust+1"],"picked":"SKIP","floor":37},{"not_picked":["Thunderclap","ReplayTheSpireMod:Strike From Hell","Flex+1"],"picked":"SKIP","floor":38},{"not_picked":["ReplayTheSpireMod:Muscle Training+1","Wild Strike+1"],"picked":"ReplayTheSpireMod:Stacked+1","floor":40},{"not_picked":["Burning Pact+1","Carnage","Iron Wave"],"picked":"SKIP","floor":43},{"not_picked":["Pommel Strike","Heavy Blade","Sever Soul+1"],"picked":"SKIP","floor":49},{"not_picked":["Havoc","Wild Strike"],"picked":"Rage+1","floor":50}],"player_experience":893997,"relics_obtained":[{"floor":11,"key":"Replay:Bottled Steam"},{"floor":13,"key":"Bird Faced Urn"},{"floor":16,"key":"Pocketwatch"},{"floor":25,"key":"Frozen Egg 2"},{"floor":28,"key":"Bag of Preparation"},{"floor":31,"key":"CaptainsWheel"},{"floor":31,"key":"Letter Opener"},{"floor":36,"key":"King of Hearts"},{"floor":36,"key":"Darkstone Periapt"},{"floor":36,"key":"StoneCalendar"},{"floor":45,"key":"Replay:Bottled Eggs"},{"floor":46,"key":"Mirror"},{"floor":50,"key":"HornCleat"}],"event_choices":[{"damage_healed":0,"gold_gain":0,"player_choice":"0 cards matched","damage_taken":0,"max_hp_gain":0,"max_hp_loss":0,"event_name":"Match and Keep!","floor":7,"gold_loss":0,"cards_obtained":[]},{"damage_healed":0,"gold_gain":0,"player_choice":"Searched \u00271\u0027 times","damage_taken":0,"relics_obtained":["Gremlin Food"],"max_hp_gain":0,"max_hp_loss":0,"event_name":"Dead Adventurer","floor":10,"gold_loss":0},{"damage_healed":0,"gold_gain":50,"player_choice":"Gained Gold","damage_taken":0,"max_hp_gain":0,"max_hp_loss":0,"event_name":"Golden Wing","floor":15,"gold_loss":0},{"damage_healed":0,"gold_gain":0,"player_choice":"Read","damage_taken":0,"max_hp_gain":0,"max_hp_loss":0,"event_name":"The Library","floor":22,"gold_loss":0,"cards_obtained":["Impervious"]},{"damage_healed":0,"gold_gain":0,"player_choice":"Fight","damage_taken":0,"max_hp_gain":0,"max_hp_loss":0,"event_name":"Colosseum","floor":31,"gold_loss":0},{"damage_healed":0,"gold_gain":0,"player_choice":"Fought Nobs","damage_taken":0,"max_hp_gain":0,"max_hp_loss":0,"event_name":"Colosseum","floor":31,"gold_loss":0},{"damage_healed":0,"gold_gain":0,"player_choice":"1 cards matched","damage_taken":0,"max_hp_gain":0,"max_hp_loss":0,"event_name":"Match and Keep!","floor":41,"gold_loss":0,"cards_obtained":["Trip"]},{"damage_healed":0,"gold_gain":0,"player_choice":"Got Potions","damage_taken":0,"max_hp_gain":0,"max_hp_loss":0,"event_name":"Lab","floor":48,"gold_loss":0}],"is_beta":false,"boss_relics":[{"not_picked":["Electric Blood","Kintsugi"],"picked":"Mark of Pain"},{"not_picked":["Black Star","Busted Crown"],"picked":"Calling Bell"}],"items_purged_floors":[],"is_endless":false,"potions_floor_spawned":[1,3,13,18,20,21,31,32,35,40,49,50],"killed_by":"Time Eater","ascension_level":10}}