{"host":"3y2rtlgteqp2nuo3","time":1610281313,"event":{"mods":["2.2 Compatiblity","AchievementEnabler","BaseMod","Colored Map","DeckTracker","Highlight Path","Keyboard Shortcuts","Minty Spire (QoL Compilation)","Permanent Neow","Quick Restart","StSLib","SuperFastMode","everything is the same but u backflip on backflip"],"gold_per_floor":[109,128,140,153,169,189,189,114,185,185,199,231,131,144,144,218,218,236,236,247,81,114,114,132,144,144,144,144],"floor_reached":27,"playtime":681,"items_purged":["Strike_P","Strike_P","Strike_P"],"score":438,"play_id":"24f8dee6-dede-4e44-b538-0696ccd491c3","local_time":"20210110212153","is_ascension_mode":true,"campfire_choices":[{"data":"Eruption","floor":7.0,"key":"SMITH"},{"data":"WheelKick","floor":10.0,"key":"SMITH"},{"data":"Vigilance","floor":15.0,"key":"SMITH"},{"floor":23.0,"key":"REST"}],"circlet_count":0,"master_deck":["AscendersBane","Defend_P","Defend_P","Defend_P","Defend_P","Eruption+1","Vigilance+1","WheelKick+1","FollowUp","InnerPeace","DeusExMachina","Devotion","Wallop","MentalFortress","Tantrum"],"relics":["PureWater","Darkstone Periapt","Ice Cream","Philosopher\u0027s Stone","Red Mask","Smiling Mask"],"acts_visited":["Exordium","TheCity"],"potions_floor_usage":[],"damage_taken":[{"damage":3.0,"enemies":"Small Slimes","floor":1.0,"turns":3.0},{"damage":0.0,"enemies":"Jaw Worm","floor":2.0,"turns":3.0},{"damage":0.0,"enemies":"Cultist","floor":3.0,"turns":2.0},{"damage":8.0,"enemies":"3 Louse","floor":4.0,"turns":4.0},{"damage":0.0,"enemies":"Looter","floor":5.0,"turns":1.0},{"damage":0.0,"enemies":"Exordium Thugs","floor":6.0,"turns":2.0},{"damage":0.0,"enemies":"Blue Slaver","floor":11.0,"turns":1.0},{"damage":12.0,"enemies":"Lagavulin","floor":12.0,"turns":5.0},{"damage":0.0,"enemies":"Looter","floor":14.0,"turns":2.0},{"damage":16.0,"enemies":"Slime Boss","floor":16.0,"turns":5.0},{"damage":6.0,"enemies":"Chosen","floor":18.0,"turns":5.0},{"damage":11.0,"enemies":"Shell Parasite","floor":20.0,"turns":3.0},{"damage":24.0,"enemies":"Masked Bandits","floor":22.0,"turns":5.0},{"damage":17.0,"enemies":"Snecko","floor":24.0,"turns":5.0},{"damage":4.0,"enemies":"Shelled Parasite and Fungi","floor":25.0,"turns":4.0},{"damage":41,"enemies":"Chosen and Byrds","floor":27,"turns":3}],"seed_played":"-1372523842771242964","potions_obtained":[{"floor":1.0,"key":"DuplicationPotion"},{"floor":6.0,"key":"EssenceOfSteel"},{"floor":14.0,"key":"AttackPotion"},{"floor":16.0,"key":"PowerPotion"},{"floor":18.0,"key":"AttackPotion"},{"floor":22.0,"key":"Swift Potion"}],"is_trial":false,"path_per_floor":["M","M","M","M","M","M","R","$","T","R","M","E","$","M","R","B",null,"M","?","M","$","?","R","M","M","T","M"],"character_chosen":"WATCHER","items_purchased":["MentalFortress"],"campfire_rested":1,"item_purchase_floors":[21],"current_hp_per_floor":[58,58,58,50,50,50,50,50,50,50,50,38,38,38,38,22,57,51,51,40,40,16,36,19,15,15,0,0],"gold":144,"neow_bonus":"TRANSFORM_CARD","is_daily":false,"chose_seed":false,"campfire_upgraded":3,"win_rate":0.0,"timestamp":1610281313,"path_taken":["M","M","M","M","M","M","R","$","T","R","M","E","$","M","R","BOSS","M","?","M","?","?","R","?","M","T","M"],"items_purchased_type":["Card"],"build_version":"2020-12-22","purchased_purges":3,"victory":false,"max_hp_per_floor":[68,68,68,68,68,68,68,68,68,68,68,68,68,68,68,68,68,68,68,68,68,68,68,68,68,68,68,68],"card_choices":[{"not_picked":["CutThroughFate","Meditate"],"picked":"FollowUp","floor":1.0},{"not_picked":["Fasting2","Protect","SashWhip"],"picked":"SKIP","floor":2.0},{"not_picked":["Prostrate","Nirvana","PathToVictory"],"picked":"SKIP","floor":3.0},{"not_picked":["Indignation","Nirvana","Wireheading"],"picked":"SKIP","floor":4.0},{"not_picked":["Indignation","Nirvana","Wireheading"],"picked":"SKIP","floor":4.0},{"not_picked":["FlurryOfBlows","ReachHeaven","MasterReality"],"picked":"SKIP","floor":5.0},{"not_picked":["ForeignInfluence","TalkToTheHand","FlyingSleeves"],"picked":"SKIP","floor":6.0},{"not_picked":["Vengeance","FlyingSleeves"],"picked":"InnerPeace","floor":11.0},{"not_picked":["EmptyFist","Crescendo","BattleHymn"],"picked":"SKIP","floor":12.0},{"not_picked":["Sanctity","Wireheading"],"picked":"DeusExMachina","floor":14.0},{"not_picked":["ConjureBlade","Brilliance"],"picked":"Devotion","floor":16.0},{"not_picked":["FollowUp+1","Halt","Crescendo"],"picked":"SKIP","floor":18.0},{"not_picked":["Collect","EmptyBody"],"picked":"Wallop","floor":20.0},{"not_picked":["FollowUp+1","Prostrate","ClearTheMind"],"picked":"SKIP","floor":24.0},{"not_picked":["CarveReality","Wireheading"],"picked":"Tantrum","floor":25.0}],"player_experience":672223,"relics_obtained":[{"floor":9.0,"key":"Darkstone Periapt"},{"floor":12.0,"key":"Ice Cream"},{"floor":22.0,"key":"Red Mask"},{"floor":26.0,"key":"Smiling Mask"}],"event_choices":[{"damage_healed":0.0,"max_hp_gain":0.0,"max_hp_loss":0.0,"gold_gain":0.0,"event_name":"Ghosts","player_choice":"Ignored","floor":19.0,"gold_loss":0.0,"damage_taken":0.0},{"damage_healed":0.0,"max_hp_gain":0.0,"max_hp_loss":0.0,"gold_gain":0.0,"event_name":"Masked Bandits","player_choice":"Fought Bandits","floor":22.0,"gold_loss":0.0,"damage_taken":0.0}],"is_beta":false,"boss_relics":[{"not_picked":["Sozu","Busted Crown"],"picked":"Philosopher\u0027s Stone"}],"items_purged_floors":[8,13,21],"is_endless":false,"potions_floor_spawned":[1,6,14,16,18,22],"killed_by":"Chosen and Byrds","ascension_level":20}}