{"host":"1c17lcvl7acx821p","time":1610241514,"event":{"mods":["AchievementEnabler","BaseMod","Colored Map","Minty Spire (QoL Compilation)","StSLib"],"gold_per_floor":[13,30,48,63,80,108,108,108,135,149,74,74,108,121,121,226,226,243,258,2,18,37,63,113,113,158,158,158],"floor_reached":27,"playtime":1229,"items_purged":["Strike_R","Twin Strike"],"score":247,"play_id":"27b0dd62-1504-41e1-abde-1b24f51fcefb","local_time":"20210110031834","is_ascension_mode":false,"campfire_choices":[{"data":"True Grit","floor":7.0,"key":"SMITH"},{"data":"Spot Weakness","floor":15.0,"key":"SMITH"},{"floor":25.0,"key":"REST"}],"circlet_count":0,"master_deck":["Defend_R","Defend_R","Bash+1","Spot Weakness+1","Disarm","Pommel Strike+1","True Grit+1","Dropkick","Fiend Fire","Warcry","Double Tap","Impervious","Dropkick","Dropkick"],"relics":["Burning Blood","WingedGreaves","PreservedInsect","Oddly Smooth Stone","Empty Cage","DollysMirror","Whetstone","Omamori"],"acts_visited":["Exordium","TheCity"],"potions_floor_usage":[27],"damage_taken":[{"damage":3.0,"enemies":"Jaw Worm","floor":1.0,"turns":4.0},{"damage":1.0,"enemies":"Cultist","floor":2.0,"turns":3.0},{"damage":5.0,"enemies":"2 Louse","floor":3.0,"turns":4.0},{"damage":16.0,"enemies":"Lots of Slimes","floor":4.0,"turns":4.0},{"damage":10.0,"enemies":"Blue Slaver","floor":5.0,"turns":4.0},{"damage":20.0,"enemies":"Gremlin Nob","floor":6.0,"turns":4.0},{"damage":0.0,"enemies":"Large Slime","floor":10.0,"turns":2.0},{"damage":17.0,"enemies":"3 Sentries","floor":13.0,"turns":6.0},{"damage":0.0,"enemies":"Exordium Wildlife","floor":14.0,"turns":2.0},{"damage":17.0,"enemies":"Slime Boss","floor":16.0,"turns":6.0},{"damage":8.0,"enemies":"Chosen","floor":18.0,"turns":5.0},{"damage":26.0,"enemies":"Shell Parasite","floor":19.0,"turns":4.0},{"damage":20.0,"enemies":"Snake Plant","floor":21.0,"turns":4.0},{"damage":20.0,"enemies":"Snecko","floor":22.0,"turns":5.0},{"damage":14.0,"enemies":"Gremlin Leader","floor":23.0,"turns":3.0},{"damage":49,"enemies":"Slavers","floor":27,"turns":4}],"seed_played":"8624182965961639114","potions_obtained":[{"floor":4.0,"key":"Block Potion"},{"floor":5.0,"key":"Swift Potion"},{"floor":6.0,"key":"PowerPotion"},{"floor":10.0,"key":"EntropicBrew"},{"floor":22.0,"key":"ElixirPotion"}],"is_trial":false,"path_per_floor":["M","M","M","M","M","E","R","?","T","M","$","?","E","M","R","B",null,"M","M","$","M","M","E","?","R","T","E"],"character_chosen":"IRONCLAD","items_purchased":["DollysMirror"],"campfire_rested":1,"item_purchase_floors":[20],"current_hp_per_floor":[80,80,80,70,66,52,52,52,52,58,58,58,47,53,53,42,80,78,58,58,44,30,22,22,46,46,0,0],"gold":158,"neow_bonus":"REMOVE_TWO","is_daily":false,"chose_seed":false,"campfire_upgraded":2,"win_rate":0.0,"timestamp":1610241514,"path_taken":["M","M","M","M","M","E","R","?","T","M","?","?","E","M","R","BOSS","M","?","$","M","M","E","?","R","T","E"],"items_purchased_type":["Relic"],"build_version":"2020-12-22","purchased_purges":2,"victory":false,"max_hp_per_floor":[80,80,80,80,80,80,80,80,80,80,80,80,80,80,80,80,80,80,80,80,80,80,80,80,80,80,80,80],"card_choices":[{"not_picked":["Shrug It Off","Cleave"],"picked":"Spot Weakness","floor":1.0},{"not_picked":["Evolve","Pommel Strike"],"picked":"Disarm","floor":2.0},{"not_picked":["Fire Breathing","Sever Soul"],"picked":"Twin Strike","floor":3.0},{"not_picked":["Body Slam","Flex"],"picked":"Pommel Strike","floor":4.0},{"not_picked":["Shrug It Off","Power Through"],"picked":"True Grit","floor":5.0},{"not_picked":["Juggernaut","Iron Wave"],"picked":"Dropkick","floor":6.0},{"not_picked":["Flex","Shockwave","Iron Wave"],"picked":"SKIP","floor":10.0},{"not_picked":["Clothesline","Demon Form"],"picked":"Warcry","floor":13.0},{"not_picked":["Flex","Heavy Blade","Anger"],"picked":"SKIP","floor":14.0},{"not_picked":["Corruption","Berserk"],"picked":"Double Tap","floor":16.0},{"not_picked":["Wild Strike+1","Heavy Blade","Clothesline"],"picked":"SKIP","floor":18.0},{"not_picked":["Wild Strike","Clothesline"],"picked":"Impervious","floor":19.0},{"not_picked":["Power Through","Anger+1"],"picked":"Dropkick","floor":21.0},{"not_picked":["Carnage","Clash","Power Through"],"picked":"SKIP","floor":22.0},{"not_picked":["Shrug It Off","Sword Boomerang","True Grit+1"],"picked":"SKIP","floor":23.0}],"player_experience":16708,"relics_obtained":[{"floor":6.0,"key":"WingedGreaves"},{"floor":9.0,"key":"PreservedInsect"},{"floor":13.0,"key":"Oddly Smooth Stone"},{"floor":23.0,"key":"Whetstone"},{"floor":26.0,"key":"Omamori"}],"event_choices":[{"damage_healed":0.0,"max_hp_gain":0.0,"max_hp_loss":0.0,"gold_gain":0.0,"cards_transformed":["Strike_R"],"event_name":"Transmorgrifier","player_choice":"Transformed","floor":8.0,"gold_loss":0.0,"damage_taken":0.0,"cards_obtained":["Fiend Fire"]},{"cards_removed":["Strike_R"],"damage_healed":0.0,"max_hp_gain":0.0,"max_hp_loss":0.0,"gold_gain":0.0,"event_name":"Bonfire Elementals","player_choice":"Offered Basic","floor":12.0,"gold_loss":0.0,"damage_taken":0.0},{"damage_healed":0.0,"max_hp_gain":0.0,"max_hp_loss":0.0,"gold_gain":100.0,"event_name":"The Joust","player_choice":"Bet on Murderer","floor":24.0,"gold_loss":50.0,"damage_taken":0.0}],"is_beta":false,"boss_relics":[{"not_picked":["Coffee Dripper","Ectoplasm"],"picked":"Empty Cage"}],"items_purged_floors":[11,20],"is_endless":false,"potions_floor_spawned":[4,5,6,10,13,22],"killed_by":"Slavers","ascension_level":0}}