{"host":"6qlyo3f7299xjl3s","time":1610294405,"event":{"mods":["BaseMod","Better Match","Better Vampires","BetterRewards","Card Forge","Colored Map","Colored Powertips","Custom Start","Downfall","Hermit","Highlight Path","Minty Spire (QoL Compilation)","Permanent Neow","Shop Mod","StSLib","The Jungle","Unceasing Turn Reminder","slay the spire mod where everything is the same but ironclad has a cowboy hat"],"gold_per_floor":[110,110,110,110,110,141,141,141,168,168,192,192,215,255,255,374,374,395,473,493,517,517,552,573,613,640,395,395,416,776,524,524,647,647,660,679,424,444,444,477,510,546,546,546,559,577,591,607,607,607,607,607,53,88,88],"floor_reached":56,"playtime":5634,"items_purged":[],"score":1385,"play_id":"f2a7f3af-17de-4ed7-9e16-d9b14882bcc5","local_time":"20210110170005","is_ascension_mode":false,"campfire_choices":[{"floor":7,"key":"RECALL"},{"data":"Searing Blow+2","floor":15,"key":"SMITH"},{"data":"Searing Blow+3","floor":28,"key":"SMITH"},{"floor":32,"key":"REST"},{"floor":49,"key":"REST"},{"floor":52,"key":"REST"}],"circlet_count":0,"master_deck":["Defend_R+1","Defend_R+1","Defend_R+1","Defend_R+1","Bash+1","Ghostly Armor+1","Iron Wave+1","Juggernaut+1","Pommel Strike+1","Metallicize+1","Entrench+1","Body Slam+1","Body Slam+1","Shockwave+1","expansioncontent:DashGenerateEvil+1","Body Slam+1","Pummel+1","Searing Blow+4","Dropkick+1","Iron Wave+1","Inflame+1","expansioncontent:Collect+1","Body Slam+1","Body Slam+1","Body Slam+1","Barricade+1","Ghostly Armor+1"],"relics":["Burning Blood","Hammer of Thor","Seething Fire","Anvil of the Gods","Golden Idol","Orichalcum","Toy Ornithopter","Bag of Preparation","Ice Cream","Champion Belt","Cursed Key","Gremlin Horn","Bird Faced Urn","Strawberry","Omamori","Matryoshka","Shuriken","Fusion Hammer","Letter Opener","WingedGreaves","InkBottle","Paper Frog","Regal Pillow","Question Card","Bottled Tornado","CaptainsWheel","Oddly Smooth Stone"],"acts_visited":["Exordium","TheCity","TheBeyond","TheEnding"],"potions_floor_usage":[50,55,55],"damage_taken":[{"damage":5,"enemies":"Small Slimes","floor":1,"turns":2},{"damage":11,"enemies":"3 Sentries","floor":6,"turns":6},{"damage":0,"enemies":"Cultist","floor":11,"turns":2},{"damage":0,"enemies":"2 Louse","floor":13,"turns":2},{"damage":4,"enemies":"Gremlin Nob","floor":14,"turns":3},{"damage":18,"enemies":"The Guardian","floor":16,"turns":7},{"damage":0,"enemies":"2 Thieves","floor":18,"turns":3},{"damage":0,"enemies":"Shell Parasite","floor":20,"turns":2},{"damage":0,"enemies":"Centurion and Healer","floor":21,"turns":4},{"damage":4,"enemies":"Book of Stabbing","floor":23,"turns":4},{"damage":3,"enemies":"Chosen and Byrds","floor":24,"turns":3},{"damage":5,"enemies":"Slavers","floor":25,"turns":4},{"damage":1,"enemies":"Cultist and Chosen","floor":29,"turns":4},{"damage":5,"enemies":"Champ","floor":33,"turns":7},{"damage":0,"enemies":"3 Darklings","floor":35,"turns":2},{"damage":0,"enemies":"3 Shapes","floor":36,"turns":3},{"damage":16,"enemies":"Maw","floor":38,"turns":5},{"damage":14,"enemies":"Nemesis","floor":40,"turns":7},{"damage":16,"enemies":"Reptomancer","floor":41,"turns":4},{"damage":0,"enemies":"Giant Head","floor":42,"turns":5},{"damage":8,"enemies":"3 Darklings","floor":45,"turns":3},{"damage":0,"enemies":"Jaw Worm Horde","floor":46,"turns":1},{"damage":0,"enemies":"Spire Growth","floor":47,"turns":3},{"damage":0,"enemies":"Maw","floor":48,"turns":5},{"damage":4,"enemies":"Time Eater","floor":50,"turns":6},{"damage":6,"enemies":"Shield and Spear","floor":54,"turns":5},{"damage":86,"enemies":"The Heart","floor":55,"turns":10}],"seed_played":"7269920463175134424","potions_obtained":[{"floor":1,"key":"Strength Potion"},{"floor":6,"key":"Explosive Potion"},{"floor":13,"key":"PowerPotion"},{"floor":24,"key":"Ancient Potion"},{"floor":33,"key":"DuplicationPotion"}],"is_trial":false,"path_per_floor":["M","?","?","?","T","E","R","?","T","T","M","$","M","E","R","B",null,"M","T","M","M","?","E","M","E","T","$","R","M","?","$","R","B",null,"M","M","$","M","?","E","E","E","T","?","M","M","M","M","R","B",null,"R","$","E","B",null],"character_chosen":"IRONCLAD","items_purchased":["Matryoshka","Shuriken","Letter Opener","Bottled Tornado","CaptainsWheel"],"campfire_rested":3,"item_purchase_floors":[27,31,37,53,53],"current_hp_per_floor":[88,88,88,88,88,83,83,83,83,83,88,88,88,88,88,76,88,88,88,88,88,88,88,88,95,95,95,95,95,53,53,81,92,95,95,95,95,87,87,87,87,95,95,95,95,95,95,95,95,95,95,95,95,95,22],"gold":88,"neow_bonus":"TEN_PERCENT_HP_BONUS","is_daily":false,"chose_seed":false,"campfire_upgraded":2,"win_rate":0.0,"timestamp":1610294405,"path_taken":["M","?","?","?","?","E","R","?","T","?","M","$","M","E","R","BOSS","M","?","M","?","?","E","M","E","T","$","R","?","?","?","R","BOSS","M","M","$","M","?","E","E","E","T","?","M","M","M","M","R","BOSS","R","$","E","BOSS"],"items_purchased_type":["Relic","Relic","Relic","Relic","Relic"],"build_version":"2020-12-22","purchased_purges":0,"victory":true,"max_hp_per_floor":[88,88,88,88,88,88,88,88,88,88,88,88,88,88,88,88,88,88,88,88,88,88,88,88,95,95,95,95,95,95,95,95,95,95,95,95,95,95,95,95,95,95,95,95,95,95,95,95,95,95,95,95,95,95,95],"card_choices":[{"not_picked":["Whirlwind","Headbutt"],"picked":"Dual Wield","floor":1},{"not_picked":["Fire Breathing","Seeing Red"],"picked":"Shockwave","floor":3},{"not_picked":["Thinking Ahead","expansioncontent:QuickStudy"],"picked":"expansioncontent:DashGenerateEvil","floor":3},{"not_picked":["Combust","Perfected Strike"],"picked":"Body Slam","floor":6},{"not_picked":["Flex","Clash"],"picked":"Searing Blow","floor":11},{"not_picked":["Rampage","Clash","True Grit"],"picked":"SKIP","floor":13},{"not_picked":["Inflame","Bludgeon"],"picked":"Dropkick","floor":14},{"not_picked":["Whirlwind","Body Slam+1"],"picked":"Iron Wave+1","floor":18},{"not_picked":["Anger","Warcry","Cleave"],"picked":"SKIP","floor":20},{"not_picked":["Twin Strike","Blood for Blood"],"picked":"Inflame","floor":21},{"not_picked":["Hemokinesis","True Grit+1","Sword Boomerang"],"picked":"SKIP","floor":23},{"not_picked":["Fire Breathing+1","True Grit","Shrug It Off"],"picked":"SKIP","floor":24},{"not_picked":["Cleave","Whirlwind+1","Flex+1"],"picked":"SKIP","floor":25},{"not_picked":["Bloodletting+1","Second Wind","Burning Pact"],"picked":"SKIP","floor":29},{"not_picked":["Anger","Fire Breathing"],"picked":"Body Slam","floor":35},{"not_picked":["Anger","Armaments","Shrug It Off"],"picked":"SKIP","floor":36},{"not_picked":["Headbutt+1","Clothesline","Carnage+1"],"picked":"SKIP","floor":38},{"not_picked":["Hemokinesis+1","Clothesline+1"],"picked":"Body Slam+1","floor":40},{"not_picked":["Fire Breathing+1","Pommel Strike"],"picked":"Body Slam","floor":41},{"not_picked":["Whirlwind+1","Flex+1","Pommel Strike+1"],"picked":"SKIP","floor":42},{"not_picked":["Corruption","Perfected Strike","Dark Embrace","Anger+1"],"picked":"SKIP","floor":45},{"not_picked":["Clash","Perfected Strike+1","Warcry","Headbutt+1"],"picked":"SKIP","floor":46},{"not_picked":["Rupture+1","Fire Breathing","Heavy Blade+1","Thunderclap"],"picked":"SKIP","floor":47},{"not_picked":["Disarm+1","Clothesline+1","Reckless Charge","Thunderclap"],"picked":"SKIP","floor":48},{"not_picked":["Body Slam+1","Twin Strike+1","Intimidate"],"picked":"Ghostly Armor+1","floor":54}],"player_experience":78267,"relics_obtained":[{"floor":6,"key":"Toy Ornithopter"},{"floor":9,"key":"Bag of Preparation"},{"floor":10,"key":"Ice Cream"},{"floor":14,"key":"Champion Belt"},{"floor":19,"key":"Gremlin Horn"},{"floor":23,"key":"Bird Faced Urn"},{"floor":25,"key":"Strawberry"},{"floor":26,"key":"Omamori"},{"floor":40,"key":"WingedGreaves"},{"floor":41,"key":"InkBottle"},{"floor":42,"key":"Paper Frog"},{"floor":43,"key":"Regal Pillow"},{"floor":43,"key":"Question Card"},{"floor":54,"key":"Oddly Smooth Stone"}],"event_choices":[{"damage_healed":0,"gold_gain":0,"player_choice":"Take Wound","damage_taken":0,"relics_obtained":["Golden Idol"],"max_hp_gain":0,"max_hp_loss":0,"event_name":"Golden Idol","floor":2,"gold_loss":0,"cards_obtained":["Injury"]},{"damage_healed":0,"gold_gain":0,"player_choice":"1","damage_taken":0,"max_hp_gain":0,"max_hp_loss":0,"event_name":"betterMatch:BetterMatch","floor":3,"gold_loss":0,"cards_obtained":["betterMatch:UncommonCard","betterMatch:ColorlessRareCard","betterMatch:ColorlessRareCard"]},{"damage_healed":0,"gold_gain":0,"player_choice":"Box","damage_taken":0,"relics_obtained":["Orichalcum"],"max_hp_gain":0,"max_hp_loss":0,"event_name":"Big Fish","floor":4,"gold_loss":0,"cards_obtained":["Regret"]},{"damage_healed":0,"gold_gain":0,"cards_transformed":["Dual Wield"],"player_choice":"Change","damage_taken":0,"max_hp_gain":0,"max_hp_loss":0,"event_name":"Living Wall","floor":8,"gold_loss":0,"cards_obtained":["Pummel"]},{"damage_healed":0,"gold_gain":0,"player_choice":"Ignored","damage_taken":0,"max_hp_gain":0,"max_hp_loss":0,"event_name":"Accursed Blacksmith","floor":22,"gold_loss":0},{"damage_healed":0,"gold_gain":360,"player_choice":"GOLD GOLD GOLD GOLD CARD ","damage_taken":42,"max_hp_gain":0,"max_hp_loss":0,"event_name":"Knowing Skull","floor":30,"potions_obtained":[],"gold_loss":0,"cards_obtained":["expansioncontent:Collect"]},{"damage_healed":0,"gold_gain":0,"player_choice":"Ignored","damage_taken":0,"max_hp_gain":0,"max_hp_loss":0,"event_name":"Tomb of Lord Red Mask","floor":39,"gold_loss":0},{"damage_healed":24,"gold_gain":0,"player_choice":"Writhe","damage_taken":0,"max_hp_gain":0,"max_hp_loss":0,"event_name":"Winding Halls","floor":44,"gold_loss":0,"cards_obtained":["Writhe"]}],"is_beta":false,"boss_relics":[{"not_picked":["Sozu","Snecko Eye"],"picked":"Cursed Key"},{"not_picked":["Runic Pyramid","Astrolabe"],"picked":"Fusion Hammer"}],"items_purged_floors":[],"is_endless":false,"potions_floor_spawned":[1,6,13,16,23,24,33,36,40,41,48],"ascension_level":0}}