{"host":"newqdrzxfhh2im9e","time":1610239058,"event":{"mods":["AchievementEnabler","BaseMod","BetterRewards","Block Reminder","Colored Map","Jorbs\u0027s Wanderer Trilogy","Minty Spire (QoL Compilation)","Rare Cards Sparkle","Shop Mod","StSLib"],"gold_per_floor":[119,294,309,322,57,57,70,138,164,184,184,198,198,198],"floor_reached":13,"playtime":504,"items_purged":[],"score":77,"play_id":"5d392b13-0f60-43f9-8d77-e6eb51a09791","local_time":"20210109163738","is_ascension_mode":false,"campfire_choices":[{"data":"Worship","floor":6,"key":"SMITH"},{"data":"Pray","floor":11,"key":"SMITH"}],"circlet_count":0,"master_deck":["Strike_P","Strike_P","Strike_P","Strike_P","Defend_P","Defend_P","Defend_P","Defend_P","Eruption","Vigilance","BattleHymn","Doubt","FearNoEvil","Worship+1","ReachHeaven","WindmillStrike","MentalFortress","Pray+1","Judgement"],"relics":["PureWater","NeowsBlessing","MealTicket","Lantern"],"acts_visited":["Exordium"],"potions_floor_usage":[7,7,10],"damage_taken":[{"damage":0,"enemies":"2 Louse","floor":1,"turns":1},{"damage":0,"enemies":"Jaw Worm","floor":3,"turns":1},{"damage":0,"enemies":"Cultist","floor":4,"turns":1},{"damage":13,"enemies":"3 Louse","floor":7,"turns":4},{"damage":7,"enemies":"Large Slime","floor":10,"turns":6},{"damage":19,"enemies":"Exordium Thugs","floor":12,"turns":4},{"damage":40,"enemies":"Lagavulin","floor":13,"turns":5}],"seed_played":"-6405397209445010674","potions_obtained":[{"floor":1,"key":"PowerPotion"},{"floor":4,"key":"SpeedPotion"},{"floor":7,"key":"FearPotion"}],"is_trial":false,"path_per_floor":["M","?","M","M","$","R","M","?","T","M","R","M","E"],"character_chosen":"WATCHER","items_purchased":["MealTicket","ReachHeaven","WindmillStrike"],"campfire_rested":0,"item_purchase_floors":[5,5,5],"current_hp_per_floor":[72,72,72,72,72,72,59,59,59,52,52,33,0,0],"gold":198,"neow_bonus":"THREE_ENEMY_KILL","is_daily":false,"chose_seed":false,"campfire_upgraded":2,"win_rate":0.0,"timestamp":1610239058,"path_taken":["M","?","M","M","?","R","M","?","T","?","R","?","E"],"items_purchased_type":["Relic","Card","Card"],"build_version":"2020-12-22","purchased_purges":0,"victory":false,"max_hp_per_floor":[72,72,72,72,72,72,72,72,72,72,72,72,72,72],"card_choices":[{"not_picked":["Perseverance","FearNoEvil"],"picked":"BattleHymn","floor":1},{"not_picked":["WreathOfFlame","ThirdEye"],"picked":"FearNoEvil","floor":3},{"not_picked":["Prostrate","JustLucky"],"picked":"Worship","floor":4},{"not_picked":["SandsOfTime","Crescendo"],"picked":"MentalFortress","floor":7},{"not_picked":["JustLucky","FollowUp"],"picked":"Pray","floor":10},{"not_picked":["MentalFortress","Consecrate"],"picked":"Judgement","floor":12}],"player_experience":718729,"relics_obtained":[{"floor":9,"key":"Lantern"}],"event_choices":[{"damage_healed":0,"gold_gain":175,"player_choice":"AGREE","damage_taken":0,"max_hp_gain":0,"max_hp_loss":0,"event_name":"Liars Game","floor":2,"gold_loss":0,"cards_obtained":["Doubt"]},{"damage_healed":0,"gold_gain":68,"player_choice":"Gained Gold","damage_taken":0,"max_hp_gain":0,"max_hp_loss":0,"event_name":"Golden Wing","floor":8,"gold_loss":0}],"is_beta":false,"boss_relics":[],"items_purged_floors":[],"is_endless":false,"potions_floor_spawned":[1,4,7],"killed_by":"Lagavulin","ascension_level":0}}