{"host":"091y6d77ht7dl3wb","time":1610295978,"event":{"mods":["AchievementEnabler","BaseMod","Colored Map","Hermit","Minty Spire (QoL Compilation)","Rare Cards Sparkle","StSLib"],"gold_per_floor":[117,132,15,15,33,33,48,48,48,66,77,77,77,102,102,233,233,252,7,7,7,23,49,49,49,49,60,92,92,14,28,28,129,129,161,73,93,93,113,113,113,154,193,224,259,81,81,100,100,100,100],"floor_reached":50,"playtime":2162,"items_purged":[],"score":629,"play_id":"0b234c4d-f110-44a7-8f20-f59387891793","local_time":"20210111012618","is_ascension_mode":false,"campfire_choices":[{"data":"Jack Of All Trades","floor":6,"key":"SMITH"},{"data":"hermit:TakeAim","floor":8,"key":"SMITH"},{"data":"hermit:SprayPray","floor":12,"key":"SMITH"},{"data":"hermit:NoHoldsBarred","floor":15,"key":"SMITH"},{"floor":24,"key":"REST"},{"floor":29,"key":"REST"},{"floor":32,"key":"REST"},{"floor":40,"key":"REST"},{"floor":49,"key":"REST"}],"circlet_count":0,"master_deck":["hermit:Strike_Hermit","hermit:Strike_Hermit","hermit:Strike_Hermit","hermit:Strike_Hermit","hermit:Defend_Hermit","hermit:Defend_Hermit","hermit:Defend_Hermit","hermit:Defend_Hermit","hermit:Snapshot","hermit:Covet","hermit:SprayPray+1","hermit:Gambit","Jack Of All Trades+1","hermit:LowProfile","hermit:Ricochet","hermit:TakeAim+1","hermit:NoHoldsBarred+1","hermit:Feint","hermit:Malice","hermit:FatalDesire","hermit:Dive","RitualDagger","hermit:CalledShot+1","hermit:Dive+1","hermit:HighNoon","hermit:ShadowCloak","hermit:TrackingShot+1","hermit:Reprieve","hermit:TakeCover+1","hermit:Combo","hermit:Headshot+1","hermit:Manifest+1","hermit:Scavenge+1","hermit:Shortfuse+1","hermit:Feint","hermit:GhostlyPresence+1","hermit:GoldenBullet","hermit:Desperado+1"],"relics":["hermit:Momento","Mercury Hourglass","Akabeko","Bloody Idol","Busted Crown","Bottled Tornado","Ornamental Fan","Letter Opener","Strawberry","hermit:DentedPlate","MawBank","Whetstone","Oddly Smooth Stone"],"acts_visited":["Exordium","TheCity","TheBeyond"],"potions_floor_usage":[16,23,23,28,42,42,45,50],"damage_taken":[{"damage":7,"enemies":"Jaw Worm","floor":1,"turns":4},{"damage":1,"enemies":"Cultist","floor":2,"turns":3},{"damage":0,"enemies":"Small Slimes","floor":5,"turns":1},{"damage":2,"enemies":"2 Fungi Beasts","floor":7,"turns":3},{"damage":0,"enemies":"Looter","floor":10,"turns":2},{"damage":0,"enemies":"Lots of Slimes","floor":11,"turns":1},{"damage":0,"enemies":"2 Fungi Beasts","floor":14,"turns":1},{"damage":0,"enemies":"Slime Boss","floor":16,"turns":4},{"damage":5,"enemies":"Spheric Guardian","floor":18,"turns":3},{"damage":3,"enemies":"3 Byrds","floor":22,"turns":4},{"damage":26,"enemies":"Slavers","floor":23,"turns":3},{"damage":26,"enemies":"Snake Plant","floor":27,"turns":4},{"damage":23,"enemies":"Gremlin Leader","floor":28,"turns":7},{"damage":31,"enemies":"Snecko","floor":31,"turns":6},{"damage":17,"enemies":"Automaton","floor":33,"turns":11},{"damage":18,"enemies":"3 Shapes","floor":35,"turns":5},{"damage":13,"enemies":"Orb Walker","floor":37,"turns":4},{"damage":41,"enemies":"Writhing Mass","floor":39,"turns":9},{"damage":34,"enemies":"Nemesis","floor":42,"turns":11},{"damage":70,"enemies":"Transient","floor":44,"turns":5},{"damage":35,"enemies":"Jaw Worm Horde","floor":45,"turns":7},{"damage":20,"enemies":"4 Shapes","floor":48,"turns":2},{"damage":63,"enemies":"Donu and Deca","floor":50,"turns":6}],"seed_played":"1962147597570277174","potions_obtained":[{"floor":2,"key":"LiquidBronze"},{"floor":10,"key":"EssenceOfSteel"},{"floor":11,"key":"BlessingOfTheForge"},{"floor":18,"key":"Strength Potion"},{"floor":23,"key":"hermit:Tonic"},{"floor":41,"key":"DuplicationPotion"},{"floor":41,"key":"SneckoOil"},{"floor":41,"key":"DistilledChaos"},{"floor":42,"key":"Strength Potion"},{"floor":44,"key":"hermit:BlackBile"}],"is_trial":false,"path_per_floor":["M","M","$","?","M","R","M","R","T","M","M","R","?","M","R","B",null,"M","$","?","?","M","E","R","?","T","M","E","R","$","M","R","B",null,"M","$","M","$","M","R","?","E","T","M","M","$","?","M","R","B"],"character_chosen":"HERMIT","items_purchased":["Jack Of All Trades","hermit:LowProfile","Bottled Tornado","hermit:ShadowCloak","hermit:Combo","hermit:Headshot","Oddly Smooth Stone","hermit:GoldenBullet"],"campfire_rested":5,"item_purchase_floors":[3,3,19,30,36,36,46,46],"current_hp_per_floor":[75,74,74,74,74,74,72,72,72,72,72,72,72,72,72,72,82,77,77,71,71,73,52,76,92,92,71,60,89,89,63,92,80,112,104,104,96,96,76,115,115,91,101,46,30,35,35,20,59,0,0],"gold":100,"neow_bonus":"TEN_PERCENT_HP_BONUS","is_daily":false,"chose_seed":false,"campfire_upgraded":4,"win_rate":0.0,"timestamp":1610295978,"path_taken":["M","M","$","?","?","R","M","R","T","M","M","R","?","M","R","BOSS","M","$","?","?","M","E","R","?","T","M","E","R","$","M","R","BOSS","M","$","M","?","M","R","?","E","T","?","M","$","?","M","R","BOSS"],"items_purchased_type":["Card","Card","Relic","Card","Card","Card","Relic","Card"],"build_version":"2020-12-22","purchased_purges":0,"victory":false,"max_hp_per_floor":[82,82,82,82,82,82,82,82,82,82,82,82,82,82,82,82,82,82,82,82,82,82,82,82,92,92,92,99,99,99,99,99,99,131,131,131,131,131,131,131,131,131,131,131,131,131,131,131,131,131,131],"card_choices":[{"not_picked":["hermit:BodyArmor","hermit:Coalescence"],"picked":"hermit:SprayPray","floor":1},{"not_picked":["hermit:Roulette","hermit:Ricochet"],"picked":"hermit:Gambit","floor":2},{"not_picked":["hermit:WideOpen","hermit:Desperado"],"picked":"hermit:Ricochet","floor":5},{"not_picked":["hermit:EyeOfTheStorm","hermit:LowProfile"],"picked":"hermit:TakeAim","floor":7},{"not_picked":["hermit:Glare","hermit:CalledShot"],"picked":"hermit:NoHoldsBarred","floor":10},{"not_picked":["hermit:Vantage","hermit:EternalForm"],"picked":"hermit:Feint","floor":11},{"not_picked":["hermit:DeadMansHand","hermit:HoleUp"],"picked":"hermit:Malice","floor":14},{"not_picked":["hermit:Gambit","hermit:FinalCanter"],"picked":"hermit:FatalDesire","floor":16},{"not_picked":[],"picked":"hermit:Dive","floor":18},{"not_picked":[],"picked":"hermit:CalledShot","floor":22},{"not_picked":[],"picked":"hermit:Adapt","floor":23},{"not_picked":[],"picked":"hermit:Dive+1","floor":27},{"not_picked":[],"picked":"hermit:HighNoon","floor":28},{"not_picked":[],"picked":"hermit:TrackingShot+1","floor":31},{"not_picked":[],"picked":"hermit:Reprieve","floor":33},{"not_picked":[],"picked":"hermit:TakeCover+1","floor":35},{"not_picked":[],"picked":"hermit:Manifest+1","floor":37},{"not_picked":[],"picked":"hermit:Scavenge+1","floor":39},{"not_picked":[],"picked":"hermit:Shortfuse+1","floor":42},{"not_picked":[],"picked":"hermit:Feint","floor":44},{"not_picked":[],"picked":"hermit:GhostlyPresence+1","floor":45},{"not_picked":[],"picked":"hermit:Desperado+1","floor":48}],"player_experience":213065,"relics_obtained":[{"floor":9,"key":"Akabeko"},{"floor":23,"key":"Ornamental Fan"},{"floor":26,"key":"Letter Opener"},{"floor":28,"key":"Strawberry"},{"floor":42,"key":"MawBank"},{"floor":43,"key":"Whetstone"}],"event_choices":[{"damage_healed":0,"gold_gain":0,"player_choice":"Gave Potion","damage_taken":0,"relics_obtained":["Mercury Hourglass"],"max_hp_gain":0,"max_hp_loss":0,"event_name":"WeMeetAgain","floor":4,"gold_loss":0},{"damage_healed":0,"gold_gain":0,"player_choice":"Take Wound","damage_taken":0,"relics_obtained":["Golden Idol"],"max_hp_gain":0,"max_hp_loss":0,"event_name":"Golden Idol","floor":13,"gold_loss":0,"cards_obtained":["Injury"]},{"damage_healed":0,"gold_gain":0,"player_choice":"Joined the Cult","damage_taken":6,"max_hp_gain":0,"max_hp_loss":0,"event_name":"Nest","floor":20,"gold_loss":0,"cards_obtained":["RitualDagger"]},{"damage_healed":0,"gold_gain":0,"player_choice":"Gave Idol","damage_taken":0,"relics_obtained":["Bloody Idol"],"max_hp_gain":0,"max_hp_loss":0,"event_name":"Forgotten Altar","floor":21,"relics_lost":["Golden Idol"],"gold_loss":0},{"cards_removed":["hermit:Adapt"],"damage_healed":6,"gold_gain":0,"player_choice":"Offered Rare","damage_taken":0,"max_hp_gain":10,"max_hp_loss":0,"event_name":"Bonfire Elementals","floor":25,"gold_loss":0},{"damage_healed":0,"gold_gain":0,"player_choice":"Got Potions","damage_taken":0,"max_hp_gain":0,"max_hp_loss":0,"event_name":"Lab","floor":41,"gold_loss":0},{"cards_removed":["Injury"],"damage_healed":0,"gold_gain":0,"player_choice":"Removed Curses","damage_taken":0,"max_hp_gain":0,"max_hp_loss":0,"event_name":"Fountain of Cleansing","floor":47,"gold_loss":0}],"is_beta":false,"boss_relics":[{"not_picked":["Velvet Choker","Ectoplasm"],"picked":"Busted Crown"},{"not_picked":["Pandora\u0027s Box","Empty Cage"],"picked":"hermit:DentedPlate"}],"items_purged_floors":[],"is_endless":false,"potions_floor_spawned":[2,10,11,18,23,42,44],"killed_by":"Donu and Deca","ascension_level":0}}