{"host":"3xramekeme16g407","time":1610302885,"event":{"mods":["2.2 Compatiblity","AchievementEnabler","BaseMod","Bestiary","Minty Spire (QoL Compilation)","Relic Stats","StSLib"],"gold_per_floor":[110,110,110,110,121,140,140,171,171,34,54,82,82,93,93,190,190,206,206,223,240,254,254,283,283,283,296,296,296],"floor_reached":28,"playtime":1752,"items_purged":[],"score":250,"play_id":"69438cd5-acf6-463a-9d2f-07464428aae5","local_time":"20210110102125","is_ascension_mode":false,"campfire_choices":[{"floor":7.0,"key":"REST"},{"data":"Creative AI","floor":13.0,"key":"SMITH"},{"data":"Double Energy","floor":15.0,"key":"SMITH"},{"floor":23,"key":"REST"}],"circlet_count":0,"master_deck":["Strike_B+1","Strike_B+1","Defend_B+1","Defend_B+1","Defend_B+1","Zap+1","Dualcast+1","Darkness","Cold Snap","Glacier","Creative AI+1","Ball Lightning","Double Energy+1","Auto Shields","Fission","Redo+1","Recycle","Lockon","Defragment","Leap","Auto Shields","Doom and Gloom"],"relics":["Cracked Core","Du-Vu Doll","Mango","Mercury Hourglass","Matryoshka","Sozu","Mummified Hand","Anchor","Emotion Chip"],"acts_visited":["Exordium","TheCity"],"potions_floor_usage":[17],"damage_taken":[{"damage":2.0,"enemies":"Small Slimes","floor":1.0,"turns":3.0},{"damage":4.0,"enemies":"2 Louse","floor":5.0,"turns":3.0},{"damage":0.0,"enemies":"Cultist","floor":6.0,"turns":3.0},{"damage":11.0,"enemies":"Gremlin Nob","floor":8.0,"turns":4.0},{"damage":1.0,"enemies":"Lots of Slimes","floor":11.0,"turns":3.0},{"damage":16.0,"enemies":"Lagavulin","floor":12.0,"turns":6.0},{"damage":0.0,"enemies":"Blue Slaver","floor":14.0,"turns":3.0},{"damage":7.0,"enemies":"Slime Boss","floor":16.0,"turns":12.0},{"damage":21,"enemies":"2 Thieves","floor":18,"turns":4},{"damage":11,"enemies":"3 Byrds","floor":20,"turns":5},{"damage":19,"enemies":"Centurion and Healer","floor":21,"turns":5},{"damage":27,"enemies":"Shelled Parasite and Fungi","floor":22,"turns":6},{"damage":18,"enemies":"Gremlin Leader","floor":24,"turns":8},{"damage":15,"enemies":"Sentry and Sphere","floor":27,"turns":5},{"damage":6,"enemies":"3 Cultists","floor":28,"turns":2}],"seed_played":"-3162183399926819493","potions_obtained":[{"floor":1.0,"key":"SpeedPotion"},{"floor":5.0,"key":"EntropicBrew"},{"floor":14.0,"key":"Weak Potion"}],"is_trial":false,"path_per_floor":["M","?","?","?","M","M","R","E","T","$","M","E","R","M","R","B",null,"M","?","M","M","M","R","E","?","T","M","M"],"character_chosen":"DEFECT","items_purchased":["Creative AI"],"campfire_rested":2,"item_purchase_floors":[10],"current_hp_per_floor":[73,66,59,59,55,55,75,78,78,78,77,61,61,61,61,54,89,68,68,57,38,11,37,19,19,19,4,0,0],"gold":296,"neow_bonus":"UPGRADE_CARD","is_daily":false,"chose_seed":false,"campfire_upgraded":2,"win_rate":0.0,"timestamp":1610302885,"path_taken":["M","?","?","?","?","M","R","E","T","$","?","E","R","M","R","BOSS","M","?","M","M","M","R","E","?","T","M","M"],"items_purchased_type":["Card"],"build_version":"2020-12-22","purchased_purges":0,"victory":false,"max_hp_per_floor":[75,75,75,75,75,75,75,89,89,89,89,89,89,89,89,89,89,89,89,89,89,89,89,89,89,89,89,89,89],"relic_stats":{"Sozu":2,"Emotion Chip":[3,2,0,1,0],"counters":[15,72],"Mummified Hand":[13],"obtain_stats":[{"Du-Vu Doll":2,"Sozu":17,"Anchor":26,"Emotion Chip":26,"Matryoshka":12,"Mummified Hand":24,"Mango":8,"Cracked Core":0,"Mercury Hourglass":9},{"Du-Vu Doll":1,"Sozu":8,"Anchor":13,"Emotion Chip":13,"Matryoshka":6,"Mummified Hand":13,"Mango":4,"Cracked Core":0,"Mercury Hourglass":4},{"Du-Vu Doll":3,"Sozu":37,"Anchor":65,"Emotion Chip":65,"Matryoshka":22,"Mummified Hand":65,"Mango":13,"Cracked Core":0,"Mercury Hourglass":13}],"Mercury Hourglass":[283]},"card_choices":[{"not_picked":["Steam","Rip and Tear"],"picked":"Darkness","floor":1.0},{"not_picked":["Leap","Hologram"],"picked":"Cold Snap","floor":5.0},{"not_picked":["Hologram","Gash"],"picked":"Glacier","floor":6.0},{"not_picked":["Stack","Gash","Hologram"],"picked":"SKIP","floor":8.0},{"not_picked":["Stack","Steam"],"picked":"Ball Lightning","floor":11.0},{"not_picked":["Seek","Conserve Battery"],"picked":"Double Energy","floor":12.0},{"not_picked":["Gash","Sweeping Beam"],"picked":"Auto Shields","floor":14.0},{"not_picked":["Meteor Strike","All For One"],"picked":"Fission","floor":16.0},{"not_picked":["Turbo+1","Aggregate"],"picked":"Redo+1","floor":18},{"not_picked":["Cold Snap","Streamline","Rip and Tear"],"picked":"SKIP","floor":20},{"not_picked":["Skim","Force Field"],"picked":"Defragment","floor":21},{"not_picked":["Steam","Conserve Battery"],"picked":"Leap","floor":22},{"not_picked":["Streamline","Sweeping Beam"],"picked":"Auto Shields","floor":24},{"not_picked":["Hello World+1","Go for the Eyes"],"picked":"Doom and Gloom","floor":27}],"player_experience":437192,"relics_obtained":[{"floor":8.0,"key":"Mango"},{"floor":9.0,"key":"Mercury Hourglass"},{"floor":12.0,"key":"Matryoshka"},{"floor":24,"key":"Mummified Hand"},{"floor":26,"key":"Anchor"},{"floor":26,"key":"Emotion Chip"}],"event_choices":[{"damage_healed":0.0,"max_hp_gain":0.0,"max_hp_loss":0.0,"gold_gain":0.0,"event_name":"Scrap Ooze","player_choice":"Success","floor":2.0,"gold_loss":0.0,"damage_taken":7.0,"relics_obtained":["Du-Vu Doll"]},{"cards_removed":["Strike_B"],"damage_healed":0.0,"max_hp_gain":0.0,"max_hp_loss":0.0,"gold_gain":0.0,"event_name":"Golden Wing","player_choice":"Card Removal","floor":3.0,"gold_loss":0.0,"damage_taken":7.0},{"damage_healed":0.0,"max_hp_gain":0.0,"max_hp_loss":0.0,"gold_gain":0.0,"event_name":"Upgrade Shrine","player_choice":"Upgraded","floor":4.0,"gold_loss":0.0,"damage_taken":0.0,"cards_upgraded":["Dualcast"]},{"damage_healed":0,"gold_gain":0,"cards_transformed":["Strike_B","Defend_B"],"player_choice":"Became Test Subject","damage_taken":0,"max_hp_gain":0,"max_hp_loss":0,"event_name":"Drug Dealer","floor":19,"gold_loss":0,"cards_obtained":["Recycle","Lockon"]},{"damage_healed":0,"gold_gain":0,"player_choice":"Simplicity","damage_taken":0,"max_hp_gain":0,"max_hp_loss":0,"event_name":"Back to Basics","floor":25,"gold_loss":0,"cards_upgraded":["Strike_B","Strike_B","Defend_B","Defend_B","Defend_B"]}],"is_beta":false,"boss_relics":[{"not_picked":["Ectoplasm","Tiny House"],"picked":"Sozu"}],"items_purged_floors":[],"is_endless":false,"potions_floor_spawned":[1,5,14,21,22],"killed_by":"3 Cultists","ascension_level":0}}