{"host":"k67zwea37tbl4jhz","time":1610316252,"event":{"mods":["AchievementEnabler","Act Like it!","Aspiration","BaseMod","Better Altar","Better Match","Better Note","Better Sensory Stone","Better Skull","Better Third Choice","BetterRewards","CCEM","Clawfect","Colored Map","Conspire","Downfall","GifTheSpireLib","Googly Eyes","Halation","Hermit","Highlight Path","Hubris","Hunter ??","Mimic Mod","Minty Spire (QoL Compilation)","Permanent Neow","Replay The Spire","Shade Mod","Shop Mod","Spicy Shops","StSLib","Stuff the Spire","The Blackbeard","The Bug Knight","The Construct","The Cursed","The Disciple","The Gatherer","The IronCluck","Unceasing Turn Reminder","everything is the same but u backflip on backflip"],"gold_per_floor":[119,131,131,131,148,148,177,177,230,249,283,283,303,335,335,435,485,504,518,518,518,433,433,463,463,503,27,55,55,74,24,24,123,123,143,163,176,176,212,212,247,247,298,320,359,371,401,413,425,437],"floor_reached":51,"playtime":3920,"items_purged":["Defend_B+1","Gash"],"score":836,"play_id":"04ee78de-cbbb-4177-ad0b-efcc9fd844ce","local_time":"20210110170412","is_ascension_mode":false,"campfire_choices":[{"data":"Leap","floor":6,"key":"SMITH"},{"data":"Defend_B","floor":8,"key":"SMITH"},{"floor":12,"key":"REST"},{"data":"Loop","floor":15,"key":"SMITH"},{"data":"Conserve Battery","floor":23,"key":"SMITH"},{"data":"Blizzard","floor":29,"key":"SMITH"},{"data":"Panic Button","floor":32,"key":"SMITH"},{"floor":40,"key":"DIG"},{"floor":42,"key":"REST"},{"floor":49,"key":"DIG"}],"circlet_count":0,"master_deck":["Gash","Gash+1","Defend_B+1","Defend_B+1","Defend_B+1","Defend_B+1","Clawfect:ClawCell","Leap+1","Clawfect:ClawSnap","Clawfect:ClawLightning","Conserve Battery+1","Panic Button+1","Loop+1","Reboot","Self Repair","StuffTheSpire:Deluminance","StuffTheSpire:Deluminance","StuffTheSpire:Deluminance","StuffTheSpire:Deluminance","StuffTheSpire:Deluminance","StuffTheSpire:ShieldGenerator+1","Reboot","Blizzard+1","Clawfect:ClawForOne"],"relics":["Clawfect:DRClaw","Iron Hammer","Geode","Solar Panel","Replay:Bottled Flurry","Tiny House","StuffTheSpire:BlackoutCurse","Shovel","aspiration:Stabinomicon","ReplayTheSpireMod:Ninjato","Membership Card","hubris:SlimyHat","TheAbacus","Gremlin Horn","CCEMRelics:TinyMinotavrHorn","Busted Crown","hubris:Icosahedron","StuffTheSpire:GrapeVine","Replay:Antivirus Software","HollowMod:LifeEnderRelic","MawBank","aspiration:HummingbirdHeart","CCEMRelics:DerglesHeadphones"],"acts_visited":["Exordium","TheCity","TheBeyond"],"potions_floor_usage":[24,24,24,33,45,50],"damage_taken":[{"damage":0,"enemies":"2 Louse","floor":1,"turns":4},{"damage":1,"enemies":"Small Slimes","floor":2,"turns":4},{"damage":0,"enemies":"Jaw Worm","floor":5,"turns":5},{"damage":13,"enemies":"3 Sentries","floor":7,"turns":6},{"damage":1,"enemies":"Large Slime","floor":10,"turns":4},{"damage":15,"enemies":"Replay:BlueRogue","floor":11,"turns":7},{"damage":2,"enemies":"conspire:2 RoseBushes","floor":13,"turns":4},{"damage":8,"enemies":"Gremlin Nob","floor":14,"turns":4},{"damage":23,"enemies":"Hexaghost","floor":16,"turns":7},{"damage":4,"enemies":"3 Byrds","floor":18,"turns":6},{"damage":0,"enemies":"Shell Parasite","floor":19,"turns":5},{"damage":14,"enemies":"Book of Stabbing","floor":24,"turns":5},{"damage":6,"enemies":"conspire:HollyBat","floor":26,"turns":12},{"damage":0,"enemies":"conspire:Head Lice","floor":28,"turns":8},{"damage":2,"enemies":"conspire:HollyBat","floor":30,"turns":5},{"damage":1,"enemies":"Pondfish","floor":33,"turns":10},{"damage":2,"enemies":"3 Shapes","floor":35,"turns":3},{"damage":0,"enemies":"Orb Walker","floor":36,"turns":2},{"damage":5,"enemies":"3 Darklings","floor":37,"turns":4},{"damage":8,"enemies":"conspire:MimicChest","floor":39,"turns":4},{"damage":40,"enemies":"Reptomancer","floor":41,"turns":5},{"damage":0,"enemies":"Maw","floor":44,"turns":4},{"damage":20,"enemies":"Nemesis","floor":45,"turns":5},{"damage":3,"enemies":"Jaw Worm Horde","floor":47,"turns":4},{"damage":5,"enemies":"Replay:Hell Engine","floor":50,"turns":7}],"seed_played":"-6797885375561660565","potions_obtained":[{"floor":2,"key":"Energy Potion"},{"floor":7,"key":"Energy Potion"},{"floor":14,"key":"Adrenaline Potion"},{"floor":17,"key":"Swift Potion"},{"floor":30,"key":"Swift Potion"},{"floor":33,"key":"LiquidBronze"},{"floor":37,"key":"BlessingOfTheForge"},{"floor":39,"key":"FearPotion"}],"is_trial":false,"path_per_floor":["M","M","?","?","M","R","E","R","T","M","E","R","M","E","R","B",null,"M","M","?","?","?","R","E","?","MIM","$","E","R","M","$","R","B",null,"M","M","M","?","?","R","E","R","T","M","E","?","M","?","R","B",null],"character_chosen":"DEFECT","items_purchased":["Membership Card","hubris:SlimyHat","TheAbacus","Gremlin Horn"],"campfire_rested":2,"item_purchase_floors":[27,27,27,27],"current_hp_per_floor":[75,74,74,67,67,67,54,54,54,53,38,60,60,54,54,33,80,76,76,76,76,76,76,74,74,75,75,80,80,80,80,80,80,80,80,80,80,80,80,80,54,78,78,80,67,67,78,78,78,80],"gold":449,"neow_bonus":"THREE_CARDS","is_daily":false,"chose_seed":false,"campfire_upgraded":6,"win_rate":0.0,"timestamp":1610316252,"path_taken":["M","M","?","?","M","R","E","R","T","?","E","R","M","E","R","BOSS","M","?","?","?","?","R","E","?","MIM","?","E","R","?","$","R","BOSS","M","M","M","?","?","R","E","R","T","M","E","?","?","?","R","BOSS"],"items_purchased_type":["Relic","Relic","Relic","Relic"],"build_version":"2020-12-22","purchased_purges":2,"victory":true,"max_hp_per_floor":[75,75,75,75,75,75,75,75,75,75,75,75,75,75,75,75,80,80,80,80,80,80,80,80,80,80,80,80,80,80,80,80,80,80,80,80,80,80,80,80,80,80,80,80,80,80,80,80,80,80],"card_choices":[{"not_picked":["FTL","Capacitor"],"picked":"Clawfect:ClawCell","floor":0},{"not_picked":["Redo","ReplayTheSpireMod:Repulse"],"picked":"Leap","floor":1},{"not_picked":["Panic Button","Clawfect:ClawingBeam"],"picked":"Clawfect:ClawSnap","floor":2},{"not_picked":["Clawfect:Clawter","Clawfect:Clawline"],"picked":"Clawfect:ClawLightning","floor":5},{"not_picked":["StuffTheSpire:Plugnplay","Double Energy","Turbo"],"picked":"SKIP","floor":7},{"not_picked":["Steam","Amplify","Reinforced Body"],"picked":"SKIP","floor":10},{"not_picked":["BasicCrystalCard","conspire:SharedLibrary"],"picked":"Conserve Battery","floor":11},{"not_picked":["ReplayTheSpireMod:Calculation Training","Hologram"],"picked":"Panic Button","floor":13},{"not_picked":["Clawfect:ClawLightning","FTL"],"picked":"Loop","floor":14},{"not_picked":["StuffTheSpire:Purify","Meteor Strike"],"picked":"Reboot","floor":16},{"not_picked":["Clawfect:Clawter","StuffTheSpire:LoadUp","StuffTheSpire:ShieldGenerator"],"picked":"SKIP","floor":18},{"not_picked":["Static Discharge","BasicCrystalCard"],"picked":"Self Repair","floor":19},{"not_picked":["StuffTheSpire:LoadUp","Turbo"],"picked":"StuffTheSpire:ShieldGenerator","floor":24},{"not_picked":["Hologram","Self Repair"],"picked":"Reboot","floor":26},{"not_picked":["StuffTheSpire:Plugnplay","Clawfect:ScrapingClaw"],"picked":"Blizzard","floor":28},{"not_picked":["Turbo+1","Clawfect:ClawSnap","Panic Button"],"picked":"SKIP","floor":30},{"not_picked":["Thunder Strike","hubris:Prefetch"],"picked":"Clawfect:ClawForOne","floor":33},{"not_picked":["Glacier"],"picked":"SKIP","floor":35},{"not_picked":["Turbo"],"picked":"SKIP","floor":36},{"not_picked":["BasicCrystalCard"],"picked":"SKIP","floor":37},{"not_picked":["Steam"],"picked":"SKIP","floor":41},{"not_picked":["Leap"],"picked":"SKIP","floor":44},{"not_picked":["BootSequence+1"],"picked":"SKIP","floor":45},{"not_picked":["Clawfect:ScrapingClaw"],"picked":"SKIP","floor":47}],"player_experience":179901,"relics_obtained":[{"floor":7,"key":"Iron Hammer"},{"floor":9,"key":"Geode"},{"floor":11,"key":"Solar Panel"},{"floor":14,"key":"Replay:Bottled Flurry"},{"floor":24,"key":"aspiration:Stabinomicon"},{"floor":26,"key":"ReplayTheSpireMod:Ninjato"},{"floor":28,"key":"CCEMRelics:TinyMinotavrHorn"},{"floor":39,"key":"StuffTheSpire:GrapeVine"},{"floor":40,"key":"Replay:Antivirus Software"},{"floor":41,"key":"HollowMod:LifeEnderRelic"},{"floor":43,"key":"MawBank"},{"floor":45,"key":"aspiration:HummingbirdHeart"},{"floor":49,"key":"CCEMRelics:DerglesHeadphones"}],"event_choices":[{"cards_removed":["Gash"],"damage_healed":0,"gold_gain":0,"player_choice":"Forget","damage_taken":0,"max_hp_gain":0,"max_hp_loss":0,"event_name":"Living Wall","floor":3,"gold_loss":0},{"cards_removed":["Gash"],"damage_healed":0,"gold_gain":0,"player_choice":"Card Removal","damage_taken":7,"max_hp_gain":0,"max_hp_loss":0,"event_name":"Golden Wing","floor":4,"gold_loss":0},{"damage_healed":0,"gold_gain":0,"player_choice":"Ignored","damage_taken":0,"max_hp_gain":0,"max_hp_loss":0,"event_name":"betterNote:BetterNote","floor":20,"gold_loss":0,"cards_obtained":["champ:Taunt"]},{"damage_healed":0,"gold_gain":0,"player_choice":"Obtained Relic","damage_taken":0,"relics_obtained":["Shovel"],"max_hp_gain":0,"max_hp_loss":0,"event_name":"Addict","floor":22,"gold_loss":85},{"damage_healed":0,"gold_gain":0,"player_choice":"Simplicity","damage_taken":0,"max_hp_gain":0,"max_hp_loss":4,"event_name":"betterThird:BetterWriting","floor":25,"gold_loss":0},{"damage_healed":0,"gold_gain":0,"player_choice":"Random: Yellow","damage_taken":0,"max_hp_gain":0,"max_hp_loss":0,"event_name":"betterThird:BetterPortal","floor":46,"gold_loss":0},{"damage_healed":0,"gold_gain":0,"player_choice":"Ignored","damage_taken":0,"max_hp_gain":0,"max_hp_loss":0,"event_name":"betterNote:BetterNote","floor":46,"gold_loss":0,"cards_obtained":["champ:Taunt"]},{"damage_healed":0,"gold_gain":0,"player_choice":"Upgraded","damage_taken":0,"max_hp_gain":0,"max_hp_loss":0,"event_name":"Upgrade Shrine","floor":48,"gold_loss":0,"cards_upgraded":["StuffTheSpire:ShieldGenerator"]}],"is_beta":false,"boss_relics":[{"not_picked":["hubris:TerracottaHorce","halation:SmartPhone"],"picked":"Tiny House"},{"not_picked":["conspire:RoyalGoblet","Snecko Eye"],"picked":"Busted Crown"}],"items_purged_floors":[27,31],"is_endless":false,"potions_floor_spawned":[2,7,14,18,30,33,37,39,44],"ascension_level":0}}