{"host":"k9alh40840m0u455","time":1610255745,"event":{"mods":["BaseMod","Minty Spire (QoL Compilation)","Relic Stats","ojb\u0027s Info Mod"],"gold_per_floor":[109,122,134,72,83,118,43,72,72,72,101,121,131,149,149,245,245,263,282,302,302,322,354,354,385,385,397,412,427,459,470,470,565,565,576,592,608,36,49,49,68,93,93,93,13,13,13,39,39,39,39,39,39,64,64,64],"floor_reached":55,"playtime":6952,"items_purged":["Strike_R","Strike_R"],"score":1005,"play_id":"ae48c617-4c8c-4de2-a625-83cf6ae4579e","local_time":"20210109211545","is_ascension_mode":true,"campfire_choices":[{"data":"Bash","floor":10,"key":"SMITH"},{"data":"Feed","floor":15,"key":"SMITH"},{"data":"Feed","floor":24,"key":"SMITH"},{"data":"Feel No Pain","floor":32,"key":"SMITH"},{"data":"True Grit","floor":44,"key":"SMITH"},{"data":"Burning Pact","floor":46,"key":"SMITH"},{"floor":49,"key":"RECALL"},{"data":"Shrug It Off","floor":52,"key":"SMITH"}],"circlet_count":0,"master_deck":["Strike_R","Defend_R","Defend_R+1","Defend_R+1","Defend_R","Bash+1","Shockwave","Shrug It Off","Pommel Strike","Feel No Pain+1","Armaments","Carnage","Carnage","Anger","Feed+1","Feed+1","True Grit+1","Warcry","Cleave","Clothesline+1","Feel No Pain+1","Feed","Shrug It Off+1","Warcry","Shrug It Off","Headbutt","Limit Break","Armaments+1","Evolve+1","Impervious","Bandage Up","Chrysalis","True Grit+1","Burning Pact+1","True Grit"],"relics":["Runic Cube","Paper Frog","Potion Belt","StoneCalendar","Eternal Feather","Blood Vial","Coffee Dripper","Nilry\u0027s Codex","Bird Faced Urn","War Paint","Frozen Egg 2","Ginger","Empty Cage","Smiling Mask","Anchor","Boot"],"acts_visited":["Exordium","TheCity","TheBeyond","TheEnding"],"potions_floor_usage":[8,11,16,23,25,29,33,40,40,42,42,50,55],"damage_taken":[{"damage":0.0,"enemies":"Small Slimes","floor":1.0,"turns":3.0},{"damage":0.0,"enemies":"Cultist","floor":2.0,"turns":4.0},{"damage":0.0,"enemies":"2 Louse","floor":3.0,"turns":3.0},{"damage":11.0,"enemies":"Looter","floor":5.0,"turns":4.0},{"damage":19.0,"enemies":"Gremlin Nob","floor":6.0,"turns":4.0},{"damage":4,"enemies":"3 Sentries","floor":8,"turns":11},{"damage":21,"enemies":"Gremlin Nob","floor":11,"turns":5},{"damage":6,"enemies":"3 Louse","floor":12,"turns":3},{"damage":4,"enemies":"Red Slaver","floor":13,"turns":2},{"damage":0,"enemies":"Exordium Wildlife","floor":14,"turns":2},{"damage":32,"enemies":"Slime Boss","floor":16,"turns":7},{"damage":8,"enemies":"3 Byrds","floor":18,"turns":7},{"damage":16,"enemies":"2 Thieves","floor":19,"turns":3},{"damage":6,"enemies":"Cultist and Chosen","floor":20,"turns":5},{"damage":19,"enemies":"Snake Plant","floor":22,"turns":5},{"damage":40,"enemies":"Book of Stabbing","floor":23,"turns":6},{"damage":24,"enemies":"Slavers","floor":25,"turns":12},{"damage":15,"enemies":"Centurion and Healer","floor":27,"turns":7},{"damage":1,"enemies":"Cultist and Chosen","floor":28,"turns":9},{"damage":0,"enemies":"Snecko","floor":29,"turns":6},{"damage":21,"enemies":"Book of Stabbing","floor":30,"turns":8},{"damage":28,"enemies":"3 Cultists","floor":31,"turns":7},{"damage":32,"enemies":"Collector","floor":33,"turns":12},{"damage":18,"enemies":"3 Darklings","floor":35,"turns":6},{"damage":7,"enemies":"3 Shapes","floor":36,"turns":7},{"damage":39,"enemies":"Spire Growth","floor":37,"turns":9},{"damage":36,"enemies":"3 Darklings","floor":39,"turns":13},{"damage":43,"enemies":"Giant Head","floor":40,"turns":10},{"damage":21,"enemies":"Sphere and 2 Shapes","floor":41,"turns":7},{"damage":66,"enemies":"Reptomancer","floor":42,"turns":7},{"damage":0,"enemies":"Giant Head","floor":48,"turns":12},{"damage":41,"enemies":"Time Eater","floor":50,"turns":21},{"damage":116,"enemies":"Shield and Spear","floor":54,"turns":16},{"damage":157,"enemies":"The Heart","floor":55,"turns":14}],"seed_played":"784224809895276126","potions_obtained":[{"floor":1.0,"key":"SkillPotion"},{"floor":3.0,"key":"BloodPotion"},{"floor":5.0,"key":"FairyPotion"},{"floor":6,"key":"Weak Potion"},{"floor":13,"key":"Dexterity Potion"},{"floor":22,"key":"BlessingOfTheForge"},{"floor":23,"key":"LiquidMemories"},{"floor":27,"key":"Regen Potion"},{"floor":28,"key":"SkillPotion"},{"floor":30,"key":"HeartOfIron"},{"floor":36,"key":"SmokeBomb"},{"floor":41,"key":"AttackPotion"},{"floor":42,"key":"Fire Potion"}],"is_trial":false,"path_per_floor":["M","M","M","?","M","E","$","E","T","R","E","M","M","M","R","B",null,"M","M","M","?","M","E","R","E","T","M","M","M","E","M","R","B",null,"M","M","M","$","M","E","M","E","T","R","$","R","?","E","R","B",null,"R","$","E","B"],"character_chosen":"IRONCLAD","items_purchased":["PowerPotion","Impervious","Bandage Up","Chrysalis","Burning Pact"],"campfire_rested":0,"item_purchase_floors":[38,38,38,38,45],"current_hp_per_floor":[80,80,80,80,69,50,50,46,46,55,34,30,28,33,42,28,83,79,73,76,60,47,9,21,15,15,12,38,54,45,33,48,32,141,132,141,116,116,104,77,76,36,36,54,54,72,72,94,112,107,165,165,165,69,0,0],"gold":64,"neow_bonus":"BOSS_RELIC","is_daily":false,"chose_seed":false,"campfire_upgraded":7,"win_rate":0.0,"timestamp":1610255745,"path_taken":["M","M","M","?","?","E","$","E","T","R","E","M","M","M","R","BOSS","M","M","M","?","M","E","R","E","T","M","M","M","E","M","R","BOSS","M","M","M","$","M","E","M","E","T","R","$","R","?","E","R","BOSS","R","$","E","BOSS"],"items_purchased_type":["Potion","Card","Card","Card","Card"],"build_version":"2020-12-22","purchased_purges":2,"victory":false,"max_hp_per_floor":[80,80,80,80,80,80,80,80,80,80,80,80,80,83,83,83,83,87,95,102,102,106,106,106,114,114,118,125,129,133,137,137,141,141,145,153,157,157,157,157,165,165,165,165,165,165,157,161,161,165,165,165,165,169,169,169],"relic_stats":{"Blood Vial":48,"counters":[34,257],"Bird Faced Urn":[193],"StoneCalendar":[791],"Eternal Feather":99,"Ginger":[14],"War Paint":["Defend_R","Defend_R"],"Smiling Mask":0,"Boot":[0],"obtain_stats":[{"Potion Belt":6,"Nilry\u0027s Codex":21,"StoneCalendar":8,"Eternal Feather":9,"Ginger":30,"War Paint":25,"Frozen Egg 2":26,"Empty Cage":34,"Smiling Mask":42,"Boot":54,"Burning Blood":0,"Blood Vial":11,"Anchor":48,"Bird Faced Urn":23,"Coffee Dripper":17,"Runic Cube":0,"Paper Frog":4},{"Potion Belt":5,"Nilry\u0027s Codex":14,"StoneCalendar":6,"Eternal Feather":6,"Ginger":21,"War Paint":17,"Frozen Egg 2":17,"Empty Cage":23,"Smiling Mask":30,"Boot":33,"Burning Blood":0,"Blood Vial":7,"Anchor":31,"Bird Faced Urn":16,"Coffee Dripper":11,"Runic Cube":0,"Paper Frog":3},{"Potion Belt":18,"Nilry\u0027s Codex":63,"StoneCalendar":29,"Eternal Feather":29,"Ginger":116,"War Paint":86,"Frozen Egg 2":86,"Empty Cage":135,"Smiling Mask":194,"Boot":243,"Burning Blood":0,"Blood Vial":34,"Anchor":206,"Bird Faced Urn":74,"Coffee Dripper":48,"Runic Cube":0,"Paper Frog":10}],"Runic Cube":[135]},"card_choices":[{"not_picked":["Rage","Sword Boomerang"],"picked":"Shockwave","floor":1.0},{"not_picked":["Sword Boomerang","Power Through"],"picked":"Shrug It Off","floor":2.0},{"not_picked":["Wild Strike","Flame Barrier"],"picked":"Pommel Strike","floor":3.0},{"not_picked":["Heavy Blade","Wild Strike"],"picked":"Feel No Pain","floor":5.0},{"not_picked":["Iron Wave","Perfected Strike"],"picked":"Armaments","floor":6},{"not_picked":["Perfected Strike","Armaments"],"picked":"Carnage","floor":8},{"not_picked":["Flex","Sword Boomerang"],"picked":"Carnage","floor":11},{"not_picked":["Intimidate","Heavy Blade"],"picked":"Anger","floor":12},{"not_picked":["Feel No Pain","Rampage"],"picked":"Feed","floor":13},{"not_picked":["Rage","Iron Wave","Pummel"],"picked":"SKIP","floor":14},{"not_picked":["Double Tap","Limit Break"],"picked":"Feed","floor":16},{"not_picked":["Twin Strike","Body Slam"],"picked":"True Grit","floor":18},{"not_picked":["Rupture","Body Slam"],"picked":"Warcry","floor":19},{"not_picked":["Blood for Blood","Metallicize"],"picked":"Cleave","floor":20},{"not_picked":["Shockwave","Armaments"],"picked":"Clothesline+1","floor":22},{"not_picked":["Spot Weakness","Cleave+1"],"picked":"Feel No Pain+1","floor":23},{"not_picked":["Thunderclap","Fire Breathing"],"picked":"Feed","floor":25},{"not_picked":["Pommel Strike","Iron Wave"],"picked":"Shrug It Off","floor":27},{"not_picked":["Armaments","Infernal Blade"],"picked":"Warcry","floor":28},{"not_picked":["Carnage+1","Clothesline","Iron Wave+1"],"picked":"SKIP","floor":29},{"not_picked":["Power Through","Hemokinesis"],"picked":"Shrug It Off","floor":30},{"not_picked":["Twin Strike+1","Clothesline"],"picked":"Headbutt","floor":31},{"not_picked":["Feed","Immolate"],"picked":"Limit Break","floor":33},{"not_picked":["Iron Wave+1","Clash+1","Reckless Charge"],"picked":"SKIP","floor":35},{"not_picked":["Iron Wave","Shrug It Off"],"picked":"Armaments+1","floor":36},{"not_picked":["True Grit+1","Warcry"],"picked":"Evolve+1","floor":37},{"not_picked":["Body Slam","Sword Boomerang","Dual Wield"],"picked":"SKIP","floor":39},{"not_picked":["Uppercut","Armaments"],"picked":"True Grit+1","floor":41},{"not_picked":["Clothesline+1","Thunderclap","Seeing Red+1"],"picked":"SKIP","floor":42},{"not_picked":["Perfected Strike+1","Armaments+1","Double Tap"],"picked":"SKIP","floor":48},{"not_picked":["Searing Blow","Iron Wave+1"],"picked":"True Grit","floor":54}],"player_experience":168474,"relics_obtained":[{"floor":6,"key":"Potion Belt"},{"floor":8,"key":"StoneCalendar"},{"floor":9,"key":"Eternal Feather"},{"floor":11,"key":"Blood Vial"},{"floor":21,"key":"Nilry\u0027s Codex"},{"floor":23,"key":"Bird Faced Urn"},{"floor":25,"key":"War Paint"},{"floor":26,"key":"Frozen Egg 2"},{"floor":30,"key":"Ginger"},{"floor":42,"key":"Smiling Mask"},{"floor":48,"key":"Anchor"},{"floor":54,"key":"Boot"}],"event_choices":[{"damage_healed":0.0,"max_hp_gain":0.0,"max_hp_loss":0.0,"gold_gain":0.0,"event_name":"WeMeetAgain","player_choice":"Paid Gold","floor":4.0,"gold_loss":62.0,"damage_taken":0.0,"relics_obtained":["Paper Frog"]},{"damage_healed":0,"gold_gain":0,"player_choice":"Obtained Book","damage_taken":16,"max_hp_gain":0,"max_hp_loss":0,"event_name":"Cursed Tome","floor":21,"gold_loss":0},{"damage_healed":0,"gold_gain":0,"player_choice":"Max HP","damage_taken":0,"max_hp_gain":0,"max_hp_loss":8,"event_name":"Winding Halls","floor":47,"gold_loss":0}],"is_beta":false,"boss_relics":[{"not_picked":["Black Star","Runic Dome"],"picked":"Coffee Dripper"},{"not_picked":["Cursed Key","SlaversCollar"],"picked":"Empty Cage"}],"items_purged_floors":[7,38],"is_endless":false,"potions_floor_spawned":[1,3,5,6,13,22,23,27,28,30,36,41,42],"killed_by":"The Heart","ascension_level":2}}