{"host":"rcus31dlwi4i4y2l","time":1610277540,"event":{"mods":["BaseMod","Googly Eyes","Hermit","Minty Spire (QoL Compilation)","StSLib","The Cursed"],"gold_per_floor":[113,63,74,84,95,123,123,137,207,207,227,227,227,243,243,338,338,350,368,55,55,55,80,97,122,122,122,139,139,149,165,165,270,270,280,280,298,315,315,341,351,351,374,235,36,36,65,76,76,76],"floor_reached":51,"playtime":5770,"items_purged":["Strike_G","Strike_G","Regret"],"score":878,"play_id":"c467451d-25d0-4b14-bbe9-9d16e1750fee","local_time":"20210110051900","is_ascension_mode":false,"campfire_choices":[{"data":"All Out Attack","floor":7,"key":"SMITH"},{"data":"Survivor","floor":10,"key":"SMITH"},{"data":"Reflex","floor":15,"key":"SMITH"},{"data":"Blade Dance","floor":29,"key":"SMITH"},{"data":"Tactician","floor":32,"key":"SMITH"},{"data":"Dagger Throw","floor":49,"key":"SMITH"}],"circlet_count":0,"master_deck":["Strike_G","Strike_G","Defend_G","Defend_G","Defend_G","Defend_G","Survivor+1","Neutralize","Leg Sweep","All Out Attack+1","Slice","Blade Dance+1","Escape Plan","Outmaneuver","Underhanded Strike","Reflex+1","Venomology+1","Footwork","Dagger Throw+1","Underhanded Strike","A Thousand Cuts+1","Dagger Throw+1","Footwork+1","Deflect","Tactician+1","A Thousand Cuts+1","A Thousand Cuts+1","Blind","A Thousand Cuts+1","Slice+1","Flechettes+1","Footwork+1","Reflex","Decay","Dagger Spray","Underhanded Strike+1"],"relics":["Ring of the Snake","Matryoshka","Gremlin Horn","Pantograph","Centennial Puzzle","Bronze Scales","CaptainsWheel","Runic Pyramid","Frozen Egg 2","Dream Catcher","Shuriken","Lizard Tail","Mummified Hand","Busted Crown","Mango","Anchor","Snake Skull"],"acts_visited":["Exordium","TheCity","TheBeyond"],"potions_floor_usage":[5,16,23,24,25,25,28,37,37,38,40,40,41,41,42,47,47,50,50],"damage_taken":[{"damage":0,"enemies":"Small Slimes","floor":1,"turns":4},{"damage":0,"enemies":"Jaw Worm","floor":3,"turns":5},{"damage":0,"enemies":"Cultist","floor":4,"turns":3},{"damage":5,"enemies":"Blue Slaver","floor":5,"turns":2},{"damage":15,"enemies":"3 Sentries","floor":6,"turns":7},{"damage":3,"enemies":"Large Slime","floor":8,"turns":5},{"damage":0,"enemies":"2 Fungi Beasts","floor":11,"turns":2},{"damage":0,"enemies":"Lots of Slimes","floor":14,"turns":1},{"damage":27,"enemies":"The Guardian","floor":16,"turns":12},{"damage":4,"enemies":"3 Byrds","floor":18,"turns":3},{"damage":0,"enemies":"Spheric Guardian","floor":19,"turns":4},{"damage":3,"enemies":"Book of Stabbing","floor":23,"turns":5},{"damage":5,"enemies":"Cultist and Chosen","floor":24,"turns":4},{"damage":9,"enemies":"Slavers","floor":25,"turns":5},{"damage":0,"enemies":"Shelled Parasite and Fungi","floor":28,"turns":4},{"damage":8,"enemies":"3 Cultists","floor":30,"turns":3},{"damage":0,"enemies":"Snecko","floor":31,"turns":4},{"damage":0,"enemies":"Collector","floor":33,"turns":7},{"damage":0,"enemies":"3 Shapes","floor":35,"turns":2},{"damage":1,"enemies":"3 Darklings","floor":37,"turns":3},{"damage":1,"enemies":"Transient","floor":38,"turns":5},{"damage":1,"enemies":"Giant Head","floor":40,"turns":7},{"damage":2,"enemies":"Jaw Worm Horde","floor":41,"turns":2},{"damage":0,"enemies":"Writhing Mass","floor":42,"turns":2},{"damage":0,"enemies":"Reptomancer","floor":47,"turns":2},{"damage":0,"enemies":"Sphere and 2 Shapes","floor":48,"turns":4},{"damage":12,"enemies":"Awakened One","floor":50,"turns":7}],"seed_played":"8320336531733003237","potions_obtained":[{"floor":1,"key":"AttackPotion"},{"floor":6,"key":"LiquidBronze"},{"floor":16,"key":"Fire Potion"},{"floor":18,"key":"DistilledChaos"},{"floor":31,"key":"GhostInAJar"},{"floor":37,"key":"Energy Potion"},{"floor":40,"key":"Strength Potion"},{"floor":48,"key":"Swift Potion"}],"is_trial":false,"path_per_floor":["M","?","M","M","M","E","R","M","T","R","M","?","T","M","R","B",null,"M","M","$","?","?","E","M","E","T","?","M","R","M","M","R","B",null,"M","?","M","M","?","E","M","M","T","$","$","?","E","M","R","B",null],"character_chosen":"THE_SILENT","items_purchased":["Frozen Egg 2","Footwork+1","Reflex"],"campfire_rested":0,"item_purchase_floors":[20,44,45],"current_hp_per_floor":[70,70,70,70,65,50,50,47,47,47,47,47,47,47,47,43,70,66,66,66,66,66,63,58,49,49,49,49,49,41,41,41,66,70,70,70,69,68,68,81,79,79,79,79,79,79,79,79,79,72],"gold":76,"neow_bonus":"TRANSFORM_CARD","is_daily":false,"chose_seed":false,"campfire_upgraded":6,"win_rate":0.0,"timestamp":1610277540,"path_taken":["M","?","M","M","M","E","R","M","T","R","M","?","?","?","R","BOSS","M","M","$","?","?","E","M","E","T","?","?","R","M","M","R","BOSS","M","?","?","M","?","E","M","?","T","?","$","?","E","?","R","BOSS"],"items_purchased_type":["Relic","Card","Card"],"build_version":"2020-12-22","purchased_purges":3,"victory":true,"max_hp_per_floor":[70,70,70,70,70,70,70,70,70,70,70,70,70,70,70,70,70,70,70,70,70,70,70,70,70,70,70,70,70,70,70,70,70,70,70,70,70,70,70,84,84,84,84,84,84,84,84,84,84,84],"card_choices":[{"not_picked":["Accuracy","Acrobatics"],"picked":"All Out Attack","floor":1},{"not_picked":["Cloak And Dagger","Choke"],"picked":"Slice","floor":3},{"not_picked":["Sucker Punch","PiercingWail"],"picked":"Blade Dance","floor":4},{"not_picked":["Slice","Bane"],"picked":"Escape Plan","floor":5},{"not_picked":["Bane","Eviscerate"],"picked":"Outmaneuver","floor":6},{"not_picked":["Bouncing Flask","Skewer","Bane"],"picked":"SKIP","floor":8},{"not_picked":["Bane","Calculated Gamble"],"picked":"Underhanded Strike","floor":11},{"not_picked":["Bane","PiercingWail"],"picked":"Reflex","floor":14},{"not_picked":["Phantasmal Killer","Night Terror"],"picked":"Venomology","floor":16},{"not_picked":["Backflip+1","Choke"],"picked":"Footwork","floor":18},{"not_picked":["Blur+1","Crippling Poison"],"picked":"Dagger Throw+1","floor":19},{"not_picked":["Die Die Die","Outmaneuver"],"picked":"A Thousand Cuts+1","floor":23},{"not_picked":["Blur","Sucker Punch"],"picked":"Dagger Throw","floor":24},{"not_picked":["Glass Knife","Outmaneuver"],"picked":"Footwork+1","floor":25},{"not_picked":["Sucker Punch","Deadly Poison","Bouncing Flask+1"],"picked":"SKIP","floor":28},{"not_picked":["Deadly Poison","Cloak And Dagger"],"picked":"Deflect","floor":30},{"not_picked":["Underhanded Strike","Bane"],"picked":"Tactician","floor":31},{"not_picked":["Malaise","Burst"],"picked":"A Thousand Cuts+1","floor":33},{"not_picked":["Sucker Punch+1"],"picked":"SKIP","floor":35},{"not_picked":["Quick Slash"],"picked":"SKIP","floor":37},{"not_picked":["Sucker Punch+1"],"picked":"SKIP","floor":38},{"not_picked":[],"picked":"Slice+1","floor":40},{"not_picked":[],"picked":"Flechettes+1","floor":41},{"not_picked":[],"picked":"Dagger Spray","floor":47},{"not_picked":[],"picked":"Underhanded Strike+1","floor":48}],"player_experience":90859,"relics_obtained":[{"floor":6,"key":"Matryoshka"},{"floor":9,"key":"Gremlin Horn"},{"floor":9,"key":"Pantograph"},{"floor":13,"key":"Bronze Scales"},{"floor":13,"key":"CaptainsWheel"},{"floor":23,"key":"Shuriken"},{"floor":25,"key":"Lizard Tail"},{"floor":26,"key":"Mummified Hand"},{"floor":40,"key":"Mango"},{"floor":43,"key":"Anchor"},{"floor":47,"key":"Snake Skull"}],"event_choices":[{"cards_removed":["Defend_G"],"damage_healed":0,"gold_gain":0,"player_choice":"Card Removal","damage_taken":0,"max_hp_gain":0,"max_hp_loss":0,"event_name":"The Cleric","floor":2,"gold_loss":50},{"damage_healed":0,"gold_gain":0,"player_choice":"Box","damage_taken":0,"relics_obtained":["Centennial Puzzle"],"max_hp_gain":0,"max_hp_loss":0,"event_name":"Big Fish","floor":12,"gold_loss":0,"cards_obtained":["Regret"]},{"damage_healed":0,"gold_gain":0,"player_choice":"Opened","damage_taken":0,"relics_obtained":["Dream Catcher"],"max_hp_gain":0,"max_hp_loss":0,"event_name":"The Mausoleum","floor":21,"gold_loss":0},{"damage_healed":0,"gold_gain":0,"player_choice":"Read","damage_taken":0,"max_hp_gain":0,"max_hp_loss":0,"event_name":"The Library","floor":22,"gold_loss":0,"cards_obtained":["Underhanded Strike"]},{"damage_healed":0,"gold_gain":0,"player_choice":"Upgraded","damage_taken":0,"max_hp_gain":0,"max_hp_loss":0,"event_name":"Upgrade Shrine","floor":27,"gold_loss":0,"cards_upgraded":["Venomology"]},{"damage_healed":0,"gold_gain":0,"player_choice":"2 cards matched","damage_taken":0,"max_hp_gain":0,"max_hp_loss":0,"event_name":"Match and Keep!","floor":36,"gold_loss":0,"cards_obtained":["A Thousand Cuts","Blind"]},{"damage_healed":0,"gold_gain":0,"player_choice":"Copied","damage_taken":0,"max_hp_gain":0,"max_hp_loss":0,"event_name":"Duplicator","floor":39,"gold_loss":0,"cards_obtained":["A Thousand Cuts"]},{"damage_healed":0,"gold_gain":0,"player_choice":"Cursed","damage_taken":0,"max_hp_gain":0,"max_hp_loss":0,"event_name":"Wheel of Change","floor":46,"gold_loss":0,"cards_obtained":["Decay"]}],"is_beta":false,"boss_relics":[{"not_picked":["Snecko Eye","Fusion Hammer"],"picked":"Runic Pyramid"},{"not_picked":["Cursed Key","SacredBark"],"picked":"Busted Crown"}],"items_purged_floors":[20,44,45],"is_endless":false,"potions_floor_spawned":[1,6,16,18,24,31,37,40,48],"ascension_level":0}}