{"host":"ig7tc0uedzltt2sr","time":1610262164,"event":{"mods":["BaseMod","Better Twitch Integration","Block Reminder","Colored Map","Colored Powertips","Communication Mod","Current Relic Mod","GifTheSpireLib","HexUI Lib","Minty Spire (QoL Compilation)","Quick Restart","Random Character Button","Rare Cards Sparkle","Relic Sorter","Relic Stats","Slay the Relics Exporter","StSLib","SuperFastMode","Synergy Search","Twitch Decklist","Twitch Utils","everything is the same but u backflip on backflip","slay the spire mod where everything is the same but ironclad has a cowboy hat"],"gold_per_floor":[111,111,127,152,165,165,165],"floor_reached":6,"playtime":28,"items_purged":[],"score":38,"play_id":"6d5666c1-0bd6-4952-b837-5414190c3c10","local_time":"20210109230244","is_ascension_mode":false,"campfire_choices":[],"circlet_count":0,"master_deck":["Strike_R","Strike_R","Strike_R","Strike_R","Strike_R","Defend_R","Defend_R","Defend_R","Defend_R","Bash"],"relics":["Burning Blood","NeowsBlessing","Golden Idol"],"acts_visited":["Exordium"],"potions_floor_usage":[],"damage_taken":[{"damage":0,"enemies":"Small Slimes","floor":1,"turns":1},{"damage":11,"enemies":"Jaw Worm","floor":3,"turns":2},{"damage":0,"enemies":"2 Louse","floor":4,"turns":1},{"damage":27,"enemies":"Looter","floor":5,"turns":4},{"damage":45,"enemies":"3 Sentries","floor":6,"turns":4}],"seed_played":"-664247336598938551","potions_obtained":[{"floor":3,"key":"SteroidPotion"}],"is_trial":false,"path_per_floor":["M","?","M","M","M","E"],"character_chosen":"IRONCLAD","items_purchased":[],"campfire_rested":0,"item_purchase_floors":[],"current_hp_per_floor":[80,60,55,61,40,0,0],"gold":165,"neow_bonus":"THREE_ENEMY_KILL","is_daily":false,"chose_seed":false,"campfire_upgraded":0,"win_rate":0.0,"timestamp":1610262164,"path_taken":["M","?","M","M","M","E"],"items_purchased_type":[],"build_version":"2020-12-22","purchased_purges":0,"victory":false,"max_hp_per_floor":[80,80,80,80,80,80,80],"relic_stats":{"counters":[5,12],"Golden Idol":11,"obtain_stats":[{"NeowsBlessing":0,"Golden Idol":2,"Burning Blood":0},{"NeowsBlessing":0,"Golden Idol":1,"Burning Blood":0},{"NeowsBlessing":0,"Golden Idol":1,"Burning Blood":0}],"Burning Blood":18},"card_choices":[{"not_picked":["Warcry","Pummel","Wild Strike"],"picked":"SKIP","floor":1},{"not_picked":["Wild Strike","Armaments","Fire Breathing"],"picked":"SKIP","floor":3},{"not_picked":["Sever Soul","Clothesline","Perfected Strike"],"picked":"SKIP","floor":4},{"not_picked":["Twin Strike","Carnage","Reckless Charge"],"picked":"SKIP","floor":5}],"player_experience":1497943,"relics_obtained":[],"event_choices":[{"damage_healed":0,"gold_gain":0,"player_choice":"Take Damage","damage_taken":20,"relics_obtained":["Golden Idol"],"max_hp_gain":0,"max_hp_loss":0,"event_name":"Golden Idol","floor":2,"gold_loss":0}],"is_beta":false,"boss_relics":[],"items_purged_floors":[],"is_endless":false,"potions_floor_spawned":[3],"killed_by":"3 Sentries","ascension_level":0}}