{"host":"1x0iiauhsd6tfigj","time":1610305965,"event":{"mods":["AchievementEnabler","BaseMod","Block Reminder","Colored Map","Colored Powertips","DeckTracker","Googly Eyes","Highlight Path","Minty Spire (QoL Compilation)","Permanent Neow","Quick Restart","Relic Sorter","Relic Stats","Slay-I","StSLib"],"gold_per_floor":[118,73,83,46,46,80,80,115,115,127,127,144,156,183,183,287,287,298,298,8,19,19,45,45,80,161,6,22,121,72,88,88,188,188,229,229,304,55,74,74,106,0,24,57,57,57,76,76,76],"floor_reached":48,"playtime":3512,"items_purged":[],"score":643,"play_id":"2b133d43-9d68-4cfe-95c6-cb6b8f92ceff","local_time":"20210110121245","is_ascension_mode":true,"campfire_choices":[{"data":"Eruption","floor":7.0,"key":"SMITH"},{"floor":15.0,"key":"REST"},{"floor":24.0,"key":"REST"},{"floor":32.0,"key":"REST"},{"floor":40,"key":"REST"},{"floor":46,"key":"REST"}],"circlet_count":0,"master_deck":["Strike_P","Strike_P","Strike_P","Strike_P","Defend_P","Defend_P","Defend_P","Defend_P","Eruption+1","Vigilance","SandsOfTime+1","PathToVictory","CutThroughFate","FearNoEvil+1","EmptyFist","Halt","CarveReality","Judgement","Devotion","FollowUp+1","Judgement","Consecrate","Consecrate","TalkToTheHand","TalkToTheHand+1","EmptyBody","Wish","PathToVictory+1","WindmillStrike"],"relics":["PureWater","NeowsBlessing","CloakClasp","Letter Opener","Kunai","Bronze Scales","Fusion Hammer","Singing Bowl","Bottled Flame","Ginger","Mercury Hourglass","SlaversCollar","Torii","PreservedInsect","Whetstone","Red Mask","Boot","Bag of Marbles"],"acts_visited":["Exordium","TheCity","TheBeyond"],"potions_floor_usage":[41,41,44,44],"damage_taken":[{"damage":0.0,"enemies":"Jaw Worm","floor":1.0,"turns":1.0},{"damage":0.0,"enemies":"Small Slimes","floor":3.0,"turns":1.0},{"damage":0.0,"enemies":"Lagavulin","floor":6.0,"turns":1.0},{"damage":14.0,"enemies":"Gremlin Nob","floor":8.0,"turns":3.0},{"damage":0.0,"enemies":"Cultist","floor":10.0,"turns":2.0},{"damage":0.0,"enemies":"Exordium Thugs","floor":12.0,"turns":2.0},{"damage":11.0,"enemies":"2 Fungi Beasts","floor":13.0,"turns":3.0},{"damage":7.0,"enemies":"The Guardian","floor":16.0,"turns":9.0},{"damage":0.0,"enemies":"Spheric Guardian","floor":18.0,"turns":2.0},{"damage":0.0,"enemies":"3 Byrds","floor":21.0,"turns":2.0},{"damage":18.0,"enemies":"Slavers","floor":23.0,"turns":4.0},{"damage":43.0,"enemies":"Book of Stabbing","floor":25.0,"turns":5.0},{"damage":0.0,"enemies":"Snecko","floor":28.0,"turns":3.0},{"damage":7.0,"enemies":"Centurion and Healer","floor":31.0,"turns":4.0},{"damage":19.0,"enemies":"Collector","floor":33.0,"turns":9.0},{"damage":9.0,"enemies":"3 Shapes","floor":35.0,"turns":6.0},{"damage":19.0,"enemies":"Mind Bloom Boss Battle","floor":37.0,"turns":6.0},{"damage":3.0,"enemies":"Orb Walker","floor":39.0,"turns":4.0},{"damage":28,"enemies":"Reptomancer","floor":41,"turns":5},{"damage":37,"enemies":"Giant Head","floor":44,"turns":8},{"damage":0,"enemies":"3 Darklings","floor":47,"turns":2},{"damage":49,"enemies":"Spire Growth","floor":48,"turns":5}],"seed_played":"-5124986034676360613","potions_obtained":[{"floor":1.0,"key":"Weak Potion"},{"floor":8.0,"key":"Swift Potion"},{"floor":12.0,"key":"Block Potion"},{"floor":16.0,"key":"SkillPotion"},{"floor":18.0,"key":"Strength Potion"},{"floor":21.0,"key":"StancePotion"},{"floor":39.0,"key":"FearPotion"},{"floor":41,"key":"SkillPotion"}],"is_trial":false,"path_per_floor":["M","$","M","?","$","E","R","E","T","M","?","M","M","T","R","B",null,"M","?","$","M","$","E","R","E","T","$","M","?","$","M","R","B",null,"M","?","?","$","M","R","E","?","T","E","?","R","M","M"],"character_chosen":"WATCHER","items_purchased":["PathToVictory","Singing Bowl","Consecrate","TalkToTheHand","DistilledChaos","BlessingOfTheForge","PreservedInsect","Fire Potion","BlessingOfTheForge"],"campfire_rested":5,"item_purchase_floors":[2,20,20,27,27,30,38,38,38],"current_hp_per_floor":[72,72,72,72,72,72,72,58,58,58,58,58,47,47,68,61,72,72,72,72,74,74,58,76,33,33,33,33,33,33,26,48,29,76,69,69,50,50,49,73,47,47,47,12,12,37,37,0,0],"gold":76,"neow_bonus":"THREE_ENEMY_KILL","is_daily":false,"chose_seed":false,"campfire_upgraded":1,"win_rate":0.0,"timestamp":1610305965,"path_taken":["M","$","M","?","$","E","R","E","T","M","?","M","?","?","R","BOSS","M","?","?","?","$","E","R","E","T","$","M","?","$","M","R","BOSS","M","?","?","$","M","R","E","?","T","E","?","R","M","M"],"items_purchased_type":["Card","Relic","Card","Card","Potion","Potion","Relic","Potion","Potion"],"build_version":"2020-12-22","purchased_purges":0,"victory":false,"max_hp_per_floor":[72,72,72,72,72,72,72,72,72,72,72,72,72,72,72,72,72,72,72,72,74,74,76,76,76,76,76,76,76,76,76,76,76,76,78,78,78,78,80,80,82,82,82,84,84,84,84,84,84],"relic_stats":{"Singing Bowl":12,"Torii":16,"counters":[22,87],"PreservedInsect":184,"CloakClasp":[162],"Letter Opener":[72],"Ginger":[6],"Whetstone":["FollowUp","FearNoEvil"],"Boot":[0],"Mercury Hourglass":[200],"Bronze Scales":[194],"Kunai":[39],"obtain_stats":[{"NeowsBlessing":0,"Singing Bowl":20,"Torii":37,"PreservedInsect":38,"CloakClasp":6,"Letter Opener":8,"Ginger":25,"Whetstone":41,"Boot":43,"Mercury Hourglass":26,"SlaversCollar":34,"Bottled Flame":23,"Bronze Scales":14,"Fusion Hammer":17,"Red Mask":42,"Bag of Marbles":44,"Kunai":9,"PureWater":0},{"NeowsBlessing":0,"Singing Bowl":9,"Torii":17,"PreservedInsect":17,"CloakClasp":3,"Letter Opener":4,"Ginger":12,"Whetstone":19,"Boot":19,"Mercury Hourglass":12,"SlaversCollar":15,"Bottled Flame":11,"Bronze Scales":7,"Fusion Hammer":8,"Red Mask":19,"Bag of Marbles":20,"Kunai":4,"PureWater":0},{"NeowsBlessing":0,"Singing Bowl":24,"Torii":63,"PreservedInsect":63,"CloakClasp":3,"Letter Opener":6,"Ginger":35,"Whetstone":72,"Boot":72,"Mercury Hourglass":35,"SlaversCollar":51,"Bottled Flame":30,"Bronze Scales":13,"Fusion Hammer":22,"Red Mask":72,"Bag of Marbles":80,"Kunai":6,"PureWater":0}]},"card_choices":[{"not_picked":["SignatureMove","SashWhip"],"picked":"SandsOfTime","floor":1.0},{"not_picked":["Study","ReachHeaven"],"picked":"CutThroughFate","floor":3.0},{"not_picked":["EmptyMind","SashWhip"],"picked":"FearNoEvil","floor":6.0},{"not_picked":["FollowUp","CrushJoints"],"picked":"EmptyFist","floor":8.0},{"not_picked":["Protect","FlyingSleeves"],"picked":"Halt","floor":10.0},{"not_picked":["PathToVictory","Prostrate"],"picked":"CarveReality","floor":12.0},{"not_picked":["CrushJoints","SashWhip"],"picked":"Judgement","floor":13.0},{"not_picked":["Brilliance","Establishment"],"picked":"Devotion","floor":16.0},{"not_picked":["Study","Protect"],"picked":"FollowUp","floor":18.0},{"not_picked":["EmptyBody","EmptyMind","CutThroughFate"],"picked":"Singing Bowl","floor":21.0},{"not_picked":["Omniscience","JustLucky","Perseverance"],"picked":"Singing Bowl","floor":23.0},{"not_picked":["BattleHymn","Wireheading"],"picked":"Consecrate","floor":25.0},{"not_picked":["Tantrum","Protect"],"picked":"TalkToTheHand+1","floor":28.0},{"not_picked":["ClearTheMind","JustLucky"],"picked":"EmptyBody","floor":31.0},{"not_picked":["Scrawl","Omniscience"],"picked":"Wish","floor":33.0},{"not_picked":["Evaluate+1","EmptyBody+1","Fasting2"],"picked":"Singing Bowl","floor":35.0},{"not_picked":["CutThroughFate","Tantrum+1"],"picked":"PathToVictory+1","floor":37.0},{"not_picked":["CutThroughFate+1","Nirvana","ThirdEye"],"picked":"Singing Bowl","floor":39.0},{"not_picked":["Crescendo+1","BattleHymn","Establishment"],"picked":"Singing Bowl","floor":41},{"not_picked":["MentalFortress+1","FearNoEvil","Worship"],"picked":"Singing Bowl","floor":44},{"not_picked":["FollowUp","CrushJoints"],"picked":"WindmillStrike","floor":47}],"player_experience":1548541,"relics_obtained":[{"floor":6.0,"key":"CloakClasp"},{"floor":8.0,"key":"Letter Opener"},{"floor":9.0,"key":"Kunai"},{"floor":14.0,"key":"Bronze Scales"},{"floor":23.0,"key":"Bottled Flame"},{"floor":25.0,"key":"Ginger"},{"floor":26.0,"key":"Mercury Hourglass"},{"floor":37.0,"key":"Torii"},{"floor":41,"key":"Whetstone"},{"floor":43,"key":"Boot"},{"floor":44,"key":"Bag of Marbles"}],"event_choices":[{"damage_healed":0.0,"max_hp_gain":0.0,"max_hp_loss":0.0,"gold_gain":0.0,"event_name":"World of Goop","player_choice":"Left Gold","floor":4.0,"gold_loss":37.0,"damage_taken":0.0},{"damage_healed":0.0,"max_hp_gain":0.0,"max_hp_loss":0.0,"gold_gain":0.0,"event_name":"Upgrade Shrine","player_choice":"Upgraded","floor":11.0,"gold_loss":0.0,"damage_taken":0.0,"cards_upgraded":["SandsOfTime"]},{"damage_healed":0.0,"max_hp_gain":0.0,"max_hp_loss":0.0,"gold_gain":0.0,"event_name":"Match and Keep!","player_choice":"1 cards matched","floor":19.0,"gold_loss":0.0,"damage_taken":0.0,"cards_obtained":["Judgement"]},{"damage_healed":0.0,"max_hp_gain":0.0,"max_hp_loss":0.0,"gold_gain":99.0,"event_name":"Nest","player_choice":"Stole From Cult","floor":29.0,"gold_loss":0.0,"damage_taken":0.0},{"damage_healed":0.0,"max_hp_gain":0.0,"max_hp_loss":0.0,"gold_gain":0.0,"event_name":"Mysterious Sphere","player_choice":"Ignored","floor":36.0,"gold_loss":0.0,"damage_taken":0.0},{"damage_healed":0.0,"max_hp_gain":0.0,"max_hp_loss":0.0,"gold_gain":0.0,"event_name":"MindBloom","player_choice":"Fight","floor":37.0,"gold_loss":0.0,"damage_taken":0.0},{"damage_healed":0,"gold_gain":0,"player_choice":"Paid","damage_taken":0,"relics_obtained":["Red Mask"],"max_hp_gain":0,"max_hp_loss":0,"event_name":"Tomb of Lord Red Mask","floor":42,"gold_loss":106},{"damage_healed":0,"gold_gain":0,"player_choice":"0 cards matched","damage_taken":0,"max_hp_gain":0,"max_hp_loss":0,"event_name":"Match and Keep!","floor":45,"gold_loss":0,"cards_obtained":[]}],"is_beta":false,"boss_relics":[{"not_picked":["Sozu","Snecko Eye"],"picked":"Fusion Hammer"},{"not_picked":["Astrolabe","VioletLotus"],"picked":"SlaversCollar"}],"items_purged_floors":[],"is_endless":false,"potions_floor_spawned":[1,8,12,16,18,21,39,41],"killed_by":"Spire Growth","ascension_level":3}}