{"host":"19t2eyow02s954g8","time":1610237063,"event":{"mods":["BaseMod","Colored Map","DeckTracker","Minty Spire (QoL Compilation)","StSLib","SuperFastMode"],"gold_per_floor":[119,119,132,20,20,20,55,68,92,125,140,156,156,170,170,249,249,260,6,6,25,38,38,49,49,49,229,259,259,274,64,64,141,141,159,159,184,184,197,197,229,229,229,229,247,265,291,302,302,302,302],"floor_reached":50,"playtime":4207,"items_purged":["Strike_G","Strike_G","Strike_G"],"score":1114,"play_id":"db79508e-b89a-4af5-a03d-e8a5faf198d1","local_time":"20210110090423","is_ascension_mode":true,"campfire_choices":[{"data":"Neutralize","floor":6.0,"key":"SMITH"},{"data":"Choke","floor":13.0,"key":"SMITH"},{"data":"Dagger Spray","floor":15.0,"key":"SMITH"},{"data":"A Thousand Cuts","floor":23.0,"key":"SMITH"},{"data":"Blade Dance","floor":25.0,"key":"SMITH"},{"data":"After Image","floor":29,"key":"SMITH"},{"data":"Accuracy","floor":32,"key":"SMITH"},{"data":"Acrobatics","floor":40,"key":"SMITH"},{"data":"Calculated Gamble","floor":42,"key":"SMITH"},{"data":"Acrobatics","floor":44,"key":"SMITH"},{"floor":49,"key":"RECALL"}],"circlet_count":0,"master_deck":["AscendersBane","Strike_G+1","Defend_G","Defend_G","Defend_G","Defend_G","Defend_G","Survivor","Neutralize+1","Poisoned Stab+1","Endless Agony","Well Laid Plans","Choke+1","Blade Dance+1","Blade Dance","Blur","Dagger Spray+1","A Thousand Cuts+1","After Image+1","Tactician","Acrobatics+1","PiercingWail","Blade Dance","Accuracy+1","Acrobatics+1","Panacea","Tactician","Writhe","Calculated Gamble+1","Prepared"],"relics":["Ring of the Snake","NeowsBlessing","Art of War","Bag of Marbles","Incense Burner","WristBlade","TungstenRod","Bronze Scales","HoveringKite","Du-Vu Doll","Whetstone","Tough Bandages"],"acts_visited":["Exordium","TheCity","TheBeyond"],"potions_floor_usage":[28,46,47],"damage_taken":[{"damage":0.0,"enemies":"Small Slimes","floor":1.0,"turns":1.0},{"damage":0.0,"enemies":"2 Louse","floor":3.0,"turns":1.0},{"damage":0.0,"enemies":"3 Sentries","floor":7.0,"turns":2.0},{"damage":0.0,"enemies":"Cultist","floor":8.0,"turns":2.0},{"damage":12.0,"enemies":"Lagavulin","floor":10.0,"turns":7.0},{"damage":0.0,"enemies":"Blue Slaver","floor":11.0,"turns":1.0},{"damage":0.0,"enemies":"Lots of Slimes","floor":12.0,"turns":3.0},{"damage":8.0,"enemies":"2 Fungi Beasts","floor":14.0,"turns":5.0},{"damage":27.0,"enemies":"Slime Boss","floor":16.0,"turns":14.0},{"damage":1.0,"enemies":"Shell Parasite","floor":18.0,"turns":3.0},{"damage":3.0,"enemies":"Spheric Guardian","floor":21.0,"turns":9.0},{"damage":0.0,"enemies":"Snecko","floor":22.0,"turns":5.0},{"damage":3.0,"enemies":"3 Cultists","floor":24.0,"turns":4.0},{"damage":14,"enemies":"Book of Stabbing","floor":28,"turns":5},{"damage":2,"enemies":"Snake Plant","floor":30,"turns":3},{"damage":17,"enemies":"Champ","floor":33,"turns":10},{"damage":6,"enemies":"Orb Walker","floor":35,"turns":3},{"damage":11,"enemies":"Mind Bloom Boss Battle","floor":37,"turns":7},{"damage":7,"enemies":"3 Darklings","floor":39,"turns":10},{"damage":38,"enemies":"Giant Head","floor":41,"turns":7},{"damage":0,"enemies":"Transient","floor":45,"turns":6},{"damage":0,"enemies":"Writhing Mass","floor":46,"turns":3},{"damage":28,"enemies":"Nemesis","floor":47,"turns":5},{"damage":0,"enemies":"Maw","floor":48,"turns":8},{"damage":11,"enemies":"Awakened One","floor":50,"turns":2}],"seed_played":"3700006998193084122","potions_obtained":[{"floor":3.0,"key":"Strength Potion"},{"floor":10.0,"key":"Regen Potion"},{"floor":16.0,"key":"Energy Potion"},{"floor":18.0,"key":"FairyPotion"},{"floor":20.0,"key":"LiquidBronze"},{"floor":30,"key":"Ancient Potion"},{"floor":45,"key":"DuplicationPotion"},{"floor":46,"key":"SteroidPotion"}],"is_trial":false,"path_per_floor":["M","?","M","$","?","R","E","M","T","E","M","M","R","M","R","B",null,"M","$","?","M","M","R","M","R","T","?","E","R","M","$","R","B",null,"M","?","?","?","M","R","E","R","T","R","M","M","E","M","R","B"],"character_chosen":"THE_SILENT","items_purchased":["Well Laid Plans","After Image","Accuracy"],"campfire_rested":0,"item_purchase_floors":[4,19,31],"current_hp_per_floor":[59,64,64,64,64,64,64,64,64,52,52,52,52,53,53,26,60,59,59,59,56,56,56,53,53,53,37,23,23,21,21,21,4,54,48,48,37,51,44,44,6,6,6,6,6,6,21,21,21,10,10],"gold":302,"neow_bonus":"THREE_ENEMY_KILL","is_daily":false,"chose_seed":false,"campfire_upgraded":10,"win_rate":0.0,"timestamp":1610237063,"path_taken":["M","?","M","$","?","R","E","M","T","E","?","M","R","M","R","BOSS","M","$","?","M","M","R","?","R","T","?","E","R","M","?","R","BOSS","M","?","?","?","M","R","E","R","T","R","M","M","E","M","R","BOSS"],"items_purchased_type":["Card","Card","Card"],"build_version":"2020-12-22","purchased_purges":3,"victory":false,"max_hp_per_floor":[66,71,71,71,71,71,71,71,71,71,71,71,71,71,71,71,71,71,71,71,71,71,71,71,71,71,71,71,71,71,71,71,71,71,71,71,71,71,71,71,71,71,71,71,71,71,71,71,71,71,71],"card_choices":[{"not_picked":["Sucker Punch","Poisoned Stab","Setup"],"picked":"SKIP","floor":1.0},{"not_picked":["Sucker Punch","Setup"],"picked":"Poisoned Stab","floor":1.0},{"not_picked":["Bane","Leg Sweep"],"picked":"Endless Agony","floor":3.0},{"not_picked":["Sucker Punch","Underhanded Strike"],"picked":"Choke","floor":7.0},{"not_picked":["Catalyst","Choke"],"picked":"Blade Dance","floor":8.0},{"not_picked":["Underhanded Strike","Night Terror"],"picked":"Blade Dance","floor":10.0},{"not_picked":["Flechettes","Bane","Prepared"],"picked":"SKIP","floor":11.0},{"not_picked":["Blade Dance","Flying Knee"],"picked":"Blur","floor":12.0},{"not_picked":["Poisoned Stab","Predator"],"picked":"Dagger Spray","floor":14.0},{"not_picked":["Wraith Form v2","Die Die Die"],"picked":"A Thousand Cuts","floor":16.0},{"not_picked":["Underhanded Strike","Flying Knee","Sucker Punch"],"picked":"SKIP","floor":18.0},{"not_picked":["Deflect","Predator"],"picked":"Tactician","floor":21.0},{"not_picked":["Eviscerate","Prepared"],"picked":"Acrobatics","floor":22.0},{"not_picked":["Dodge and Roll+1","Dagger Throw+1"],"picked":"PiercingWail","floor":24.0},{"not_picked":["Catalyst","Quick Slash+1","Well Laid Plans"],"picked":"SKIP","floor":28},{"not_picked":["Concentrate","Cloak And Dagger"],"picked":"Blade Dance","floor":30},{"not_picked":["Flying Knee","Leg Sweep"],"picked":"Acrobatics","floor":35},{"not_picked":["Good Instincts","Magnetism"],"picked":"Panacea","floor":36},{"not_picked":["Outmaneuver","Predator"],"picked":"Tactician","floor":37},{"not_picked":["Poisoned Stab+1","Deflect","Outmaneuver"],"picked":"SKIP","floor":39},{"not_picked":["Acrobatics","Dodge and Roll+1"],"picked":"Calculated Gamble","floor":41},{"not_picked":["Setup","Cloak And Dagger","Dash"],"picked":"SKIP","floor":45},{"not_picked":["Backflip","PiercingWail"],"picked":"Prepared","floor":46},{"not_picked":["Riddle With Holes","Tactician","Eviscerate"],"picked":"SKIP","floor":47},{"not_picked":["Eviscerate","Heel Hook","Burst"],"picked":"SKIP","floor":48}],"player_experience":4237372,"relics_obtained":[{"floor":7.0,"key":"Art of War"},{"floor":9.0,"key":"Bag of Marbles"},{"floor":10.0,"key":"Incense Burner"},{"floor":26.0,"key":"TungstenRod"},{"floor":28,"key":"Bronze Scales"},{"floor":37,"key":"Du-Vu Doll"},{"floor":41,"key":"Whetstone"},{"floor":47,"key":"Tough Bandages"}],"event_choices":[{"damage_healed":0.0,"max_hp_gain":5.0,"max_hp_loss":0.0,"gold_gain":0.0,"event_name":"Big Fish","player_choice":"Donut","floor":2.0,"gold_loss":0.0,"damage_taken":0.0},{"cards_removed":["Strike_G"],"damage_healed":0.0,"max_hp_gain":0.0,"max_hp_loss":0.0,"gold_gain":0.0,"event_name":"Purifier","player_choice":"Purged","floor":5.0,"gold_loss":0.0,"damage_taken":0.0},{"damage_healed":0.0,"max_hp_gain":0.0,"max_hp_loss":0.0,"gold_gain":0.0,"event_name":"Lab","player_choice":"Got Potions","floor":20.0,"gold_loss":0.0,"damage_taken":0.0},{"damage_healed":0,"gold_gain":180,"player_choice":"GOLD GOLD ","damage_taken":19,"max_hp_gain":0,"max_hp_loss":0,"event_name":"Knowing Skull","floor":27,"potions_obtained":[],"gold_loss":0,"cards_obtained":[]},{"damage_healed":0,"gold_gain":0,"player_choice":"Memory 1","damage_taken":0,"max_hp_gain":0,"max_hp_loss":0,"event_name":"SensoryStone","floor":36,"gold_loss":0},{"damage_healed":0,"gold_gain":0,"player_choice":"Fight","damage_taken":0,"max_hp_gain":0,"max_hp_loss":0,"event_name":"MindBloom","floor":37,"gold_loss":0},{"damage_healed":14,"gold_gain":0,"player_choice":"Writhe","damage_taken":0,"max_hp_gain":0,"max_hp_loss":0,"event_name":"Winding Halls","floor":38,"gold_loss":0,"cards_obtained":["Writhe"]}],"is_beta":false,"boss_relics":[{"not_picked":["Sozu","Runic Dome"],"picked":"WristBlade"},{"not_picked":["Coffee Dripper","Ring of the Serpent"],"picked":"HoveringKite"}],"items_purged_floors":[4,19,31],"is_endless":false,"potions_floor_spawned":[3,10,11,12,16,18,30,35,45,46],"killed_by":"Awakened One","ascension_level":20}}