{"host":"kh6fvhxn285ncg0o","time":1610272120,"event":{"mods":["Act Like it!","BaseMod","Colored Map","Friendly Minions","Keyboard Shortcuts","Minty Spire (QoL Compilation)","Quick Restart","Relic Stats","StSLib","SuperFastMode"],"gold_per_floor":[115,40,40,53,71,101,101,101,101],"floor_reached":8,"playtime":121,"items_purged":[],"score":112,"play_id":"0c689afd-0cdf-4901-b6cf-f613390c5943","local_time":"20210110184840","is_ascension_mode":true,"campfire_choices":[{"floor":7,"key":"REST"}],"circlet_count":0,"master_deck":["AscendersBane","Strike_R","Strike_R","Strike_R","Strike_R","Defend_R","Defend_R","Defend_R","Defend_R","Bash","Shrug It Off","Decay","Flame Barrier","Battle Trance","Dark Embrace"],"relics":["Philosopher\u0027s Stone","Self Forming Clay"],"acts_visited":["Exordium"],"potions_floor_usage":[6],"damage_taken":[{"damage":7,"enemies":"Small Slimes","floor":1,"turns":4},{"damage":0,"enemies":"Jaw Worm","floor":4,"turns":4},{"damage":2,"enemies":"Cultist","floor":5,"turns":4},{"damage":44,"enemies":"Gremlin Nob","floor":6,"turns":5},{"damage":0,"enemies":"Lagavulin","floor":8,"turns":2}],"seed_played":"-8630329448061645434","potions_obtained":[{"floor":5,"key":"Weak Potion"}],"is_trial":false,"path_per_floor":["M","?","?","M","M","E","R","E"],"character_chosen":"IRONCLAD","items_purchased":[],"campfire_rested":1,"item_purchase_floors":[],"current_hp_per_floor":[61,61,61,61,59,15,37,37,37],"gold":101,"neow_bonus":"BOSS_RELIC","is_daily":false,"chose_seed":false,"campfire_upgraded":0,"win_rate":0.0,"timestamp":1610272120,"path_taken":["M","?","?","M","?","E","R","E"],"items_purchased_type":[],"build_version":"2020-12-22","purchased_purges":0,"victory":false,"max_hp_per_floor":[75,75,75,75,75,75,75,75,75],"relic_stats":{"counters":[5,18],"Self Forming Clay":[0],"obtain_stats":[{"Self Forming Clay":6,"Philosopher\u0027s Stone":0,"Burning Blood":0},{"Self Forming Clay":4,"Philosopher\u0027s Stone":0,"Burning Blood":0},{"Self Forming Clay":17,"Philosopher\u0027s Stone":0,"Burning Blood":0}]},"card_choices":[{"not_picked":["Armaments","Pummel"],"picked":"Shrug It Off","floor":1},{"not_picked":["Wild Strike","Ghostly Armor"],"picked":"Flame Barrier","floor":4},{"not_picked":["Anger","Infernal Blade"],"picked":"Battle Trance","floor":5},{"not_picked":["Warcry","Perfected Strike"],"picked":"Dark Embrace","floor":6}],"player_experience":3408864,"relics_obtained":[{"floor":6,"key":"Self Forming Clay"}],"event_choices":[{"cards_removed":["Strike_R"],"damage_healed":0,"gold_gain":0,"player_choice":"Card Removal","damage_taken":0,"max_hp_gain":0,"max_hp_loss":0,"event_name":"The Cleric","floor":2,"gold_loss":75},{"damage_healed":0,"gold_gain":0,"player_choice":"Cursed","damage_taken":0,"max_hp_gain":0,"max_hp_loss":0,"event_name":"Wheel of Change","floor":3,"gold_loss":0,"cards_obtained":["Decay"]}],"is_beta":false,"boss_relics":[],"items_purged_floors":[],"is_endless":false,"potions_floor_spawned":[5],"killed_by":"Lagavulin","ascension_level":20}}