{"host":"aaqofma31c3gm2hj","time":1610286825,"event":{"mods":["BaseMod","Minty Spire (QoL Compilation)","Replay The Spire","Spicy Shops","StSLib"],"gold_per_floor":[116,116,41,58,256,284,295,295,322,339,339,21,37,55,55,131,131,142,159,159,159,2,36,36,64,88,88,161,177,205,205,205,284,284,284,284],"floor_reached":35,"playtime":940,"items_purged":["Defend_P","Defend_P","Shame"],"score":1026,"play_id":"11e82c03-56df-464e-8f5a-40fad39b6889","local_time":"20210110215345","is_ascension_mode":true,"campfire_choices":[{"data":"Eruption","floor":8.0,"key":"SMITH"},{"data":"Tantrum","floor":11.0,"key":"SMITH"},{"data":"TalkToTheHand","floor":15.0,"key":"SMITH"},{"data":"Vault","floor":24.0,"key":"SMITH"},{"data":"TalkToTheHand","floor":32.0,"key":"SMITH"}],"circlet_count":0,"master_deck":["AscendersBane","Strike_P","Eruption+1","Vigilance","Adaptation","Tantrum+1","TalkToTheHand+1","Wallop+1","Vault+1","TalkToTheHand+1","TalkToTheHand","DevaForm"],"relics":["PureWater","NeowsBlessing","Ring of Hypnosis","Ring of Peace","Oddly Smooth Stone","TheAbacus","Kintsugi","Membership Card","The Courier","Onion Ring","Smiling Mask","ReplayTheSpireMod:CursedCoin","Pocketwatch","Empty Cage"],"acts_visited":["Exordium","TheCity","TheBeyond"],"potions_floor_usage":[],"damage_taken":[{"damage":0.0,"enemies":"Jaw Worm","floor":1.0,"turns":1.0},{"damage":0.0,"enemies":"Small Slimes","floor":4.0,"turns":1.0},{"damage":0.0,"enemies":"Gremlin Nob","floor":6.0,"turns":1.0},{"damage":0.0,"enemies":"Cultist","floor":7.0,"turns":3.0},{"damage":0.0,"enemies":"Looter","floor":10.0,"turns":3.0},{"damage":0.0,"enemies":"2 Fungi Beasts","floor":13.0,"turns":3.0},{"damage":0.0,"enemies":"Blue Slaver","floor":14.0,"turns":3.0},{"damage":26.0,"enemies":"Slime Boss","floor":16.0,"turns":8.0},{"damage":0.0,"enemies":"Chosen","floor":18.0,"turns":4.0},{"damage":0.0,"enemies":"3 Byrds","floor":19.0,"turns":4.0},{"damage":0.0,"enemies":"Replay:Snechameleon","floor":23.0,"turns":5.0},{"damage":6.0,"enemies":"Gremlin Leader","floor":25.0,"turns":7.0},{"damage":0.0,"enemies":"Centurion and Healer","floor":29.0,"turns":5.0},{"damage":15.0,"enemies":"Slavers","floor":30.0,"turns":4.0},{"damage":0,"enemies":"Collector","floor":33,"turns":7},{"damage":8,"enemies":"3 Darklings","floor":35,"turns":8}],"seed_played":"-6441856619232897013","potions_obtained":[{"floor":4.0,"key":"Energy Potion"},{"floor":10.0,"key":"SteroidPotion"},{"floor":13.0,"key":"Strength Potion"},{"floor":16.0,"key":"FearPotion"},{"floor":18.0,"key":"BottledMiracle"},{"floor":23.0,"key":"Elixir"},{"floor":29.0,"key":"Explosive Potion"}],"is_trial":false,"path_per_floor":["M","?","$","M","?","E","M","R","T","M","R","$","M","M","R","B",null,"M","M","?","?","$","E","R","E","T","?","$","M","E","?","R","B",null,"M"],"character_chosen":"WATCHER","items_purchased":["Wallop+1","TheAbacus","Membership Card","ReplayTheSpireMod:CursedCoin","TalkToTheHand"],"campfire_rested":0,"item_purchase_floors":[12,12,22,28,28],"current_hp_per_floor":[61,61,61,61,61,61,61,61,61,61,61,61,61,61,61,35,60,60,60,60,41,41,41,41,35,35,35,35,35,20,20,20,20,60,52,52],"gold":284,"neow_bonus":"THREE_ENEMY_KILL","is_daily":false,"chose_seed":false,"campfire_upgraded":5,"win_rate":0.0,"timestamp":1610286825,"path_taken":["M","?","$","M","?","E","M","R","T","M","R","$","M","?","R","BOSS","M","M","?","?","?","E","R","E","T","?","$","?","E","?","R","BOSS","M"],"items_purchased_type":["Card","Relic","Relic","Relic","Card"],"build_version":"2020-12-22","purchased_purges":3,"victory":false,"max_hp_per_floor":[68,68,68,68,68,68,68,68,68,68,68,68,68,68,68,68,68,68,68,68,73,73,73,73,73,73,73,73,73,73,73,73,73,73,73,73],"card_choices":[{"not_picked":["PathToVictory","FlyingSleeves","Replay:Battleflow"],"picked":"SKIP","floor":1.0},{"not_picked":["EmptyFist","Halt","JustLucky"],"picked":"SKIP","floor":4.0},{"not_picked":["Study","FlurryOfBlows"],"picked":"Adaptation","floor":5.0},{"not_picked":["Halt","WaveOfTheHand"],"picked":"Tantrum","floor":6.0},{"not_picked":["Fasting2","Replay:BluntJabs","Protect"],"picked":"SKIP","floor":7.0},{"not_picked":["Nirvana","FlurryOfBlows"],"picked":"TalkToTheHand","floor":10.0},{"not_picked":["BowlingBash","Perseverance","Consecrate"],"picked":"SKIP","floor":13.0},{"not_picked":["BattleHymn","ClearTheMind","BowlingBash"],"picked":"SKIP","floor":14.0},{"not_picked":["Alpha","MasterReality"],"picked":"Vault","floor":16.0},{"not_picked":["MentalFortress","Replay:BluntJabs","Pray"],"picked":"SKIP","floor":18.0},{"not_picked":["Replay:BluntJabs","SashWhip","FlurryOfBlows+1"],"picked":"SKIP","floor":19.0},{"not_picked":["CutThroughFate","EmptyFist","CrushJoints"],"picked":"SKIP","floor":23.0},{"not_picked":["BattleHymn","FollowUp","ThirdEye+1"],"picked":"SKIP","floor":25.0},{"not_picked":["Replay:Hum","Study","ForeignInfluence"],"picked":"SKIP","floor":29.0},{"not_picked":["Meditate","Consecrate"],"picked":"TalkToTheHand","floor":30.0}],"player_experience":577853,"relics_obtained":[{"floor":2.0,"key":"Ring of Hypnosis"},{"floor":2.0,"key":"Ring of Peace"},{"floor":6.0,"key":"Oddly Smooth Stone"},{"floor":23.0,"key":"The Courier"},{"floor":25.0,"key":"Onion Ring"},{"floor":26.0,"key":"Smiling Mask"},{"floor":30.0,"key":"Pocketwatch"}],"event_choices":[{"damage_healed":0.0,"max_hp_gain":0.0,"max_hp_loss":0.0,"gold_gain":0.0,"event_name":"The Mausoleum","player_choice":"Ignored","floor":20.0,"gold_loss":0.0,"damage_taken":0.0},{"damage_healed":0.0,"max_hp_gain":5.0,"max_hp_loss":0.0,"gold_gain":0.0,"event_name":"Forgotten Altar","player_choice":"Shed Blood","floor":21.0,"gold_loss":0.0,"damage_taken":24.0},{"damage_healed":0.0,"max_hp_gain":0.0,"max_hp_loss":0.0,"gold_gain":0.0,"event_name":"Vampires","player_choice":"Ignored","floor":27.0,"gold_loss":0.0,"damage_taken":0.0},{"damage_healed":0.0,"max_hp_gain":0.0,"max_hp_loss":0.0,"gold_gain":0.0,"event_name":"The Library","player_choice":"Read","floor":31.0,"gold_loss":0.0,"damage_taken":0.0,"cards_obtained":["DevaForm"]}],"is_beta":false,"boss_relics":[{"not_picked":["Cursed Key","SacredBark"],"picked":"Kintsugi"},{"not_picked":["Replay:Drink Me","Replay:Wanted Poster"],"picked":"Empty Cage"}],"items_purged_floors":[3,12,28],"is_endless":false,"potions_floor_spawned":[4,10,13,14,16,18,23,29],"killed_by":"3 Darklings","ascension_level":20}}