{"host":"bgq1kh73gni2z7sn","time":1610305994,"event":{"mods":["BaseMod","Block Reminder","Highlight Path","Infinite Spire","Minty Spire (QoL Compilation)","Quick Restart","StSLib"],"gold_per_floor":[115,115,29,29,40,40,58,73,145,145,145,157,232,35,35,139,139,155,155,188,188,198,225,225,225,225,238,238,258,276,292,292,391,391,406,406,422,441,199,213,213,213,240,91,117,136,136,153,153,153],"floor_reached":51,"playtime":1572,"items_purged":["Pain"],"score":809,"play_id":"9270bda5-da49-405b-bc05-c9fe834ecffe","local_time":"20210110201314","is_ascension_mode":false,"campfire_choices":[{"data":"Inflame","floor":6,"key":"SMITH"},{"data":"Anger","floor":11,"key":"SMITH"},{"floor":15,"key":"REST"},{"data":"J.A.X.","floor":24,"key":"SMITH"},{"floor":28,"key":"REST"},{"data":"Infernal Blade","floor":32,"key":"SMITH"},{"data":"Flex","floor":41,"key":"SMITH"},{"data":"Flex","floor":47,"key":"SMITH"},{"data":"Shockwave","floor":49,"key":"SMITH"}],"circlet_count":0,"master_deck":["Strike_R","Strike_R","Strike_R","Strike_R","Defend_R","Defend_R","Defend_R","Defend_R","Bash","Anger+1","Inflame+1","Flex+1","Cleave","Thunderclap","Flex+1","Armaments","Offering","Heavy Blade+1","Shockwave+1","J.A.X.+1","Perfected Strike+1","Bloodletting+1","Infernal Blade+1","Sword Boomerang","Thunderclap","Flex+1","Dropkick","Cleave","Inflame+1","Pommel Strike+1","Perfected Strike+1","Disarm+1","Flex+1","Parasite","Anger"],"relics":["Black Blood","Vajra","WarpedTongs","infinitespire:EmpoweringShard","Smiling Mask","HandDrill","Philosopher\u0027s Stone","Nunchaku","Black Star","Red Mask","Dream Catcher","Matryoshka","Centennial Puzzle","HornCleat","Blue Candle","infinitespire:Lucky Rock","Potion Belt","Sling","Bronze Scales"],"acts_visited":["Exordium","TheCity","TheBeyond"],"potions_floor_usage":[16,16,22,27,33,33,33,48,50],"damage_taken":[{"damage":0,"enemies":"Small Slimes","floor":1,"turns":3},{"damage":3,"enemies":"Cultist","floor":5,"turns":3},{"damage":5,"enemies":"2 Louse","floor":7,"turns":2},{"damage":15,"enemies":"Gremlin Gang","floor":8,"turns":4},{"damage":4,"enemies":"3 Louse","floor":12,"turns":2},{"damage":38,"enemies":"The Guardian","floor":16,"turns":7},{"damage":11,"enemies":"3 Byrds","floor":18,"turns":2},{"damage":7,"enemies":"Masked Bandits","floor":20,"turns":3},{"damage":0,"enemies":"Shell Parasite","floor":22,"turns":1},{"damage":19,"enemies":"Book of Stabbing","floor":23,"turns":3},{"damage":18,"enemies":"Shelled Parasite and Fungi","floor":27,"turns":2},{"damage":17,"enemies":"Chosen and Byrds","floor":29,"turns":2},{"damage":3,"enemies":"Sentry and Sphere","floor":30,"turns":2},{"damage":9,"enemies":"3 Cultists","floor":31,"turns":2},{"damage":3,"enemies":"Collector","floor":33,"turns":2},{"damage":12,"enemies":"Orb Walker","floor":35,"turns":2},{"damage":16,"enemies":"3 Shapes","floor":37,"turns":2},{"damage":12,"enemies":"3 Darklings","floor":38,"turns":1},{"damage":12,"enemies":"Spire Growth","floor":40,"turns":2},{"damage":6,"enemies":"Transient","floor":46,"turns":5},{"damage":7,"enemies":"Writhing Mass","floor":48,"turns":4},{"damage":43,"enemies":"Donu and Deca","floor":50,"turns":3}],"seed_played":"2404903846557086792","potions_obtained":[{"floor":1,"key":"DistilledChaos"},{"floor":5,"key":"ColorlessPotion"},{"floor":8,"key":"Strength Potion"},{"floor":22,"key":"Explosive Potion"},{"floor":23,"key":"Strength Potion"},{"floor":27,"key":"DistilledChaos"},{"floor":30,"key":"GamblersBrew"},{"floor":33,"key":"LiquidBronze"},{"floor":38,"key":"Explosive Potion"},{"floor":46,"key":"SkillPotion"}],"is_trial":false,"path_per_floor":["M","?","$","?","M","R","M","M","T","?","R","M","?","$","R","B",null,"M","AVR","?","?","M","E","R","?","T","M","R","M","M","M","R","B",null,"M","?","M","M","$","M","R","?","T","$","T","M","R","M","R","B",null],"character_chosen":"IRONCLAD","items_purchased":["Inflame","Flex","HandDrill","Blue Candle","Sling"],"campfire_rested":2,"item_purchase_floors":[3,3,14,39,44],"current_hp_per_floor":[80,80,80,80,80,80,80,71,71,68,68,70,59,59,80,48,80,75,75,74,74,80,67,67,67,67,55,79,68,71,68,68,71,80,80,80,76,76,76,76,76,76,76,76,76,80,80,80,80,49],"gold":153,"neow_bonus":"RANDOM_COMMON_RELIC","is_daily":false,"chose_seed":false,"campfire_upgraded":7,"win_rate":0.0,"timestamp":1610305994,"path_taken":["M","?","?","?","?","R","M","M","T","?","R","M","?","$","R","BOSS","M","AVR","?","?","?","E","R","?","T","M","R","M","M","M","R","BOSS","M","?","?","M","$","M","R","?","T","?","?","M","R","M","R","BOSS"],"items_purchased_type":["Card","Card","Relic","Relic","Relic"],"build_version":"2020-12-22","purchased_purges":1,"victory":true,"max_hp_per_floor":[80,80,80,80,80,80,80,80,80,80,80,80,80,80,80,80,80,80,80,80,80,80,80,80,80,80,80,80,80,80,80,80,80,80,80,80,80,80,80,80,80,80,80,80,80,80,80,80,80,80],"card_choices":[{"not_picked":["Body Slam","Twin Strike"],"picked":"Anger","floor":1},{"not_picked":["Pommel Strike","Havoc"],"picked":"Cleave","floor":5},{"not_picked":["Body Slam","Brutality"],"picked":"Thunderclap","floor":7},{"not_picked":["Wild Strike","Heavy Blade"],"picked":"Flex","floor":8},{"not_picked":["Battle Trance","Wild Strike"],"picked":"Armaments","floor":12},{"not_picked":["Reaper","Limit Break"],"picked":"Offering","floor":16},{"not_picked":["Body Slam","Battle Trance+1"],"picked":"Heavy Blade+1","floor":18},{"not_picked":["Clothesline","Warcry"],"picked":"Shockwave","floor":20},{"not_picked":["Thunderclap+1","Shrug It Off"],"picked":"Perfected Strike+1","floor":22},{"not_picked":["Juggernaut","Heavy Blade"],"picked":"Bloodletting+1","floor":23},{"not_picked":["Headbutt","Heavy Blade"],"picked":"Infernal Blade","floor":27},{"not_picked":["Perfected Strike+1","Body Slam"],"picked":"Sword Boomerang","floor":28},{"not_picked":["Warcry","Shrug It Off"],"picked":"Thunderclap","floor":29},{"not_picked":["Body Slam","Thunderclap"],"picked":"Flex+1","floor":30},{"not_picked":["Feed","Heavy Blade"],"picked":"Dropkick","floor":31},{"not_picked":["Pommel Strike+1","Disarm"],"picked":"Cleave","floor":35},{"not_picked":["Havoc","Shockwave+1"],"picked":"Pommel Strike+1","floor":37},{"not_picked":["Twin Strike","Wild Strike"],"picked":"Perfected Strike+1","floor":38},{"not_picked":["Wild Strike","Berserk"],"picked":"Disarm+1","floor":40},{"not_picked":["Anger","Second Wind+1"],"picked":"Flex+1","floor":46},{"not_picked":["Headbutt+1","Shrug It Off+1"],"picked":"Anger","floor":48}],"player_experience":102228,"relics_obtained":[{"floor":9,"key":"infinitespire:EmpoweringShard"},{"floor":20,"key":"Red Mask"},{"floor":23,"key":"Dream Catcher"},{"floor":23,"key":"Matryoshka"},{"floor":26,"key":"Centennial Puzzle"},{"floor":26,"key":"HornCleat"},{"floor":43,"key":"infinitespire:Lucky Rock"},{"floor":43,"key":"Potion Belt"},{"floor":45,"key":"Bronze Scales"}],"event_choices":[{"damage_healed":0,"gold_gain":0,"player_choice":"Ignored","damage_taken":0,"max_hp_gain":0,"max_hp_loss":0,"event_name":"Golden Wing","floor":2,"gold_loss":0},{"damage_healed":0,"gold_gain":0,"player_choice":"Rummage","damage_taken":0,"relics_obtained":["WarpedTongs"],"max_hp_gain":0,"max_hp_loss":0,"event_name":"Accursed Blacksmith","floor":4,"gold_loss":0,"cards_obtained":["Pain"]},{"damage_healed":0,"gold_gain":0,"player_choice":"Success","damage_taken":3,"relics_obtained":["Smiling Mask"],"max_hp_gain":0,"max_hp_loss":0,"event_name":"Scrap Ooze","floor":10,"gold_loss":0},{"damage_healed":0,"gold_gain":75,"player_choice":"Gather Gold","damage_taken":11,"max_hp_gain":0,"max_hp_loss":0,"event_name":"World of Goop","floor":13,"gold_loss":0},{"damage_healed":0,"gold_gain":0,"player_choice":"Fought Bandits","damage_taken":0,"max_hp_gain":0,"max_hp_loss":0,"event_name":"Masked Bandits","floor":20,"gold_loss":0},{"damage_healed":0,"gold_gain":0,"player_choice":"Obtain J.A.X.","damage_taken":0,"max_hp_gain":0,"max_hp_loss":0,"event_name":"Drug Dealer","floor":21,"gold_loss":0,"cards_obtained":["J.A.X."]},{"cards_removed":["Strike_R"],"damage_healed":0,"gold_gain":0,"player_choice":"Offered Basic","damage_taken":0,"max_hp_gain":0,"max_hp_loss":0,"event_name":"Bonfire Elementals","floor":25,"gold_loss":0},{"damage_healed":0,"gold_gain":0,"player_choice":"Copied","damage_taken":0,"max_hp_gain":0,"max_hp_loss":0,"event_name":"Duplicator","floor":36,"gold_loss":0,"cards_obtained":["Inflame"]}],"is_beta":false,"boss_relics":[{"not_picked":["Tiny House","Runic Cube"],"picked":"Philosopher\u0027s Stone"},{"not_picked":["Cursed Key","SacredBark"],"picked":"Black Blood"}],"items_purged_floors":[14],"is_endless":false,"potions_floor_spawned":[1,5,8,22,23,27,30,33,38,46],"ascension_level":0}}