{"host":"6749gst1gzuv21qf","time":1610312664,"event":{"mods":["Aspiration","BaseMod","Better Altar","Better Match","Better Note","Better Sensory Stone","Better Skull","Better Third Choice","BetterRewards","Colored Map","Colored Powertips","Downfall","Highlight Path","Minty Spire (QoL Compilation)","Permanent Neow","Replay The Spire","Shop Mod","Spicy Shops","StSLib","The Cursed"],"gold_per_floor":[99,117,134,150,250,250,250,250,250,250],"floor_reached":8,"playtime":667,"items_purged":[],"score":46,"play_id":"427baa86-34bc-4491-9c1a-56c7e7e81663","local_time":"20210110160424","is_ascension_mode":false,"campfire_choices":[{"data":"champ:Improvising","floor":1,"key":"SMITH"},{"floor":6,"key":"RECALL"}],"circlet_count":0,"master_deck":["champ:Strike","champ:Strike","champ:Strike","champ:Strike","champ:Defend","champ:Defend","champ:Defend","champ:Defend","champ:Execute","champ:Taunt","champ:Improvising+1","champ:DeathBlow","champ:BerserkersShout","champ:GladiatorsShout"],"relics":["champ:ChampionCrown","Mummified Hand"],"acts_visited":["Exordium"],"potions_floor_usage":[],"damage_taken":[{"damage":5,"enemies":"Cultist","floor":2,"turns":4},{"damage":4,"enemies":"2 Louse","floor":3,"turns":3},{"damage":24,"enemies":"Jaw Worm","floor":4,"turns":5},{"damage":86,"enemies":"Gremlin Nob","floor":8,"turns":4}],"seed_played":"-4398705356795330992","potions_obtained":[{"floor":4,"key":"champ:TechniquePotion"}],"is_trial":false,"path_per_floor":["R","M","M","M","?","R","T","E"],"character_chosen":"THE_CHAMP","items_purchased":[],"campfire_rested":0,"item_purchase_floors":[],"current_hp_per_floor":[63,63,59,54,54,54,54,0,0,0],"gold":250,"neow_bonus":"THREE_RARE_CARDS","is_daily":false,"chose_seed":false,"campfire_upgraded":1,"win_rate":0.0,"timestamp":1610312664,"path_taken":["R","M","?","M","?","R","T","E"],"items_purchased_type":[],"build_version":"2020-12-22","purchased_purges":0,"victory":false,"max_hp_per_floor":[90,90,90,90,90,90,90,90,90,90],"card_choices":[{"not_picked":["champ:HoldFirm","champ:Devastate"],"picked":"champ:Improvising","floor":0},{"not_picked":["champ:RapidStrikes","champ:Backstep"],"picked":"champ:DeathBlow","floor":2},{"not_picked":["champ:Haymaker","champ:GutPunch"],"picked":"champ:BerserkersShout","floor":3},{"not_picked":["champ:CrookedStrike","champ:BringItOn"],"picked":"champ:GladiatorsShout","floor":4}],"player_experience":642533,"relics_obtained":[{"floor":7,"key":"Mummified Hand"}],"event_choices":[],"is_beta":false,"boss_relics":[],"items_purged_floors":[],"is_endless":false,"potions_floor_spawned":[4],"killed_by":"Gremlin Nob","ascension_level":0}}