{"host":"t2li07c0j4v81685","time":1610303245,"event":{"mods":["BaseMod","Bestiary","Colored Map","Colored Powertips","Dark Map","DeckTracker","Highlight Path","Infinite Spire","Minty Spire (QoL Compilation)","StSLib"],"gold_per_floor":[110,129,141,117,128,128,151,229,229,229,229,229,249,269,269,371,371,358,283,283,283,299,299,299,13,13,13,28,28,28],"floor_reached":29,"playtime":2189,"items_purged":[],"score":238,"play_id":"eed8fc9d-2283-4edb-b121-fa6808354d25","local_time":"20210110192725","is_ascension_mode":false,"campfire_choices":[{"floor":6,"key":"REST"},{"floor":12,"key":"REST"},{"floor":15,"key":"REST"},{"floor":23,"key":"REST"}],"circlet_count":0,"master_deck":["Defend_R","Defend_R","Defend_R","Defend_R","Bash","Body Slam","Entrench","Blood for Blood","Seeing Red","Demon Form","Twin Strike","Cleave","Barricade","Searing Blow+1","J.A.X.","infinitespire:SevenWalls","Armaments+1","Bite","Bite","Bite","Bite","Bite","Iron Wave"],"relics":["Burning Blood","Odd Mushroom","Eternal Feather","Pantograph","Ginger","Anchor"],"acts_visited":["TheCity"],"potions_floor_usage":[],"damage_taken":[{"damage":10.0,"enemies":"Small Slimes","floor":1.0,"turns":3.0},{"damage":9,"enemies":"Jaw Worm","floor":2,"turns":4},{"damage":14,"enemies":"2 Louse","floor":3,"turns":3},{"damage":26,"enemies":"2 Fungi Beasts","floor":5,"turns":4},{"damage":32,"enemies":"The Mushroom Lair","floor":7,"turns":5},{"damage":24,"enemies":"3 Louse","floor":13,"turns":4},{"damage":27,"enemies":"Large Slime","floor":14,"turns":5},{"damage":70,"enemies":"The Guardian","floor":16,"turns":9},{"damage":40,"enemies":"2 Thieves","floor":18,"turns":4},{"damage":22,"enemies":"Chosen","floor":22,"turns":8},{"damage":45,"enemies":"Centurion and Healer","floor":28,"turns":9},{"damage":38,"enemies":"3 Cultists","floor":29,"turns":3}],"seed_played":"5310702393495784542","potions_obtained":[{"floor":2,"key":"AttackPotion"},{"floor":5,"key":"SkillPotion"},{"floor":7,"key":"Regen Potion"}],"is_trial":false,"path_per_floor":["M","M","M","?","M","R","?","T","T","?","?","R","M","M","R","B",null,"M","?","?","?","M","R","?","$","T","AVR","M","M"],"character_chosen":"IRONCLAD","items_purchased":["Ginger"],"campfire_rested":4,"item_purchase_floors":[25],"current_hp_per_floor":[84,81,73,73,53,79,53,53,53,53,53,88,70,49,84,24,88,54,54,54,31,15,53,53,53,53,53,30,0,0],"gold":28,"neow_bonus":"TEN_PERCENT_HP_BONUS","is_daily":false,"chose_seed":false,"campfire_upgraded":0,"win_rate":0.0,"timestamp":1610303245,"path_taken":["M","M","M","?","M","R","?","?","T","?","?","R","M","M","R","BOSS","M","?","?","?","M","R","?","?","T","AVR","?","M"],"items_purchased_type":["Relic"],"build_version":"2020-12-22","purchased_purges":0,"victory":false,"max_hp_per_floor":[88,88,88,88,88,88,88,88,88,88,88,88,88,88,88,88,88,88,88,88,88,88,88,61,61,61,61,61,61,61],"card_choices":[{"not_picked":["Clash","True Grit"],"picked":"Body Slam","floor":1},{"not_picked":["Sword Boomerang","Shrug It Off"],"picked":"Entrench","floor":2},{"not_picked":["Perfected Strike","Fire Breathing"],"picked":"Blood for Blood","floor":3},{"not_picked":["Battle Trance","Sword Boomerang"],"picked":"Seeing Red","floor":5},{"not_picked":["Iron Wave","Clash"],"picked":"Demon Form","floor":7},{"not_picked":["Battle Trance","Headbutt"],"picked":"Twin Strike","floor":13},{"not_picked":["Perfected Strike","Power Through"],"picked":"Cleave","floor":14},{"not_picked":["Corruption","Brutality"],"picked":"Barricade","floor":16},{"not_picked":["Disarm","Clothesline"],"picked":"Searing Blow+1","floor":18},{"not_picked":["infinitespire:Oblivion","infinitespire:Menacing"],"picked":"infinitespire:SevenWalls","floor":21},{"not_picked":["Burning Pact","Iron Wave"],"picked":"Armaments+1","floor":22},{"not_picked":["True Grit","Disarm"],"picked":"Iron Wave","floor":28}],"player_experience":0,"relics_obtained":[{"floor":7,"key":"Odd Mushroom"},{"floor":8,"key":"Eternal Feather"},{"floor":9,"key":"Pantograph"},{"floor":26,"key":"Anchor"}],"event_choices":[{"damage_healed":0,"gold_gain":0,"player_choice":"Left Gold","damage_taken":0,"max_hp_gain":0,"max_hp_loss":0,"event_name":"World of Goop","floor":4,"gold_loss":24},{"damage_healed":0,"gold_gain":0,"player_choice":"Fought Mushrooms","damage_taken":0,"max_hp_gain":0,"max_hp_loss":0,"event_name":"Mushrooms","floor":7,"gold_loss":0},{"damage_healed":0,"gold_gain":0,"player_choice":"Searched \u00271\u0027 times","damage_taken":0,"max_hp_gain":0,"max_hp_loss":0,"event_name":"Dead Adventurer","floor":10,"gold_loss":0},{"damage_healed":0,"gold_gain":0,"player_choice":"Ignored","damage_taken":0,"max_hp_gain":0,"max_hp_loss":0,"event_name":"Shining Light","floor":11,"gold_loss":0},{"cards_removed":["Strike_R"],"damage_healed":0,"gold_gain":0,"player_choice":"Gave Gold","damage_taken":0,"max_hp_gain":0,"max_hp_loss":0,"event_name":"Beggar","floor":19,"gold_loss":75},{"damage_healed":0,"gold_gain":0,"player_choice":"Obtain J.A.X.","damage_taken":0,"max_hp_gain":0,"max_hp_loss":0,"event_name":"Drug Dealer","floor":20,"gold_loss":0,"cards_obtained":["J.A.X."]},{"damage_healed":0,"gold_gain":0,"player_choice":"Became a vampire","damage_taken":0,"max_hp_gain":0,"max_hp_loss":27,"event_name":"Vampires","floor":24,"gold_loss":0,"cards_obtained":["Bite","Bite","Bite","Bite","Bite"]}],"is_beta":false,"boss_relics":[{"not_picked":["Fusion Hammer","Busted Crown","Runic Dome"]}],"items_purged_floors":[],"is_endless":false,"potions_floor_spawned":[2,5,7,18],"killed_by":"3 Cultists","ascension_level":0}}