{"host":"m5bsg12zcyqnofur","time":1610255146,"event":{"mods":["BaseMod","BetterRewards","Colored Powertips","Downfall","Highlight Path","Minty Spire (QoL Compilation)","Quick Restart","Replay The Spire","Shop Mod","StSLib"],"gold_per_floor":[117,135,148,25,25,360,360,385,466,416,426,426,442,470,470,566,566,586,330,349,274,14,14,44,60,60,90,90,115,126,137,137,238,238,256,256,268,318,318,352,352,382,436,470,470,499,519,537,537,537],"floor_reached":51,"playtime":5570,"items_purged":["Strike_R","Strike_R"],"score":1538,"play_id":"343d7463-3c17-4bd6-bf9a-40b8dcd3cb43","local_time":"20210109230546","is_ascension_mode":true,"campfire_choices":[{"data":"Heavy Blade","floor":7.0,"key":"SMITH"},{"data":"Spot Weakness","floor":12.0,"key":"SMITH"},{"data":"Corruption","floor":15.0,"key":"SMITH"},{"data":"Heavy Blade","floor":23.0,"key":"SMITH"},{"data":"Limit Break","floor":32.0,"key":"SMITH"},{"data":"Double Tap","floor":45,"key":"SMITH"}],"circlet_count":0,"master_deck":["Strike_R+1","Defend_R","Defend_R","Defend_R+1","Defend_R","Spot Weakness+1","Inflame","Iron Wave","ReplayTheSpireMod:Muscle Training","Heavy Blade+1","Cleave","Corruption+1","Heavy Blade+1","Sword Boomerang","Double Tap+1","Sentinel","Limit Break+1","Sentinel","Rage+1","Sword Boomerang+1","Juggernaut+1","Inflame+1","Metallicize+1","Inflame+1","Dual Wield+1"],"relics":["Burning Blood","OrangePellets","Old Coin","Strawberry","ReplayTheSpireMod:Shallot","Red Skull","Black Star","ReplayTheSpireMod:TigerMarble","Shuriken","Replay:Bottled Snecko","Du-Vu Doll","Smiling Mask","Frozen Egg 2","PreservedInsect","Sundial","Sozu","Ginger","Unceasing Top","Magic Flower","Quantum Egg","TungstenRod","ReplayTheSpireMod:Spearhead","Centennial Puzzle","Juzu Bracelet","Pen Nib","Omamori","Simple Rune"],"acts_visited":["TheCity","TheBeyond"],"potions_floor_usage":[42],"damage_taken":[{"damage":5.0,"enemies":"Cultist","floor":1.0,"turns":4.0},{"damage":0.0,"enemies":"2 Louse","floor":2.0,"turns":4.0},{"damage":3.0,"enemies":"Jaw Worm","floor":3.0,"turns":4.0},{"damage":24.0,"enemies":"3 Sentries","floor":6.0,"turns":6.0},{"damage":28.0,"enemies":"Lagavulin","floor":8.0,"turns":6.0},{"damage":4.0,"enemies":"Large Slime","floor":11.0,"turns":5.0},{"damage":5.0,"enemies":"3 Louse","floor":13.0,"turns":3.0},{"damage":1.0,"enemies":"Gremlin Nob","floor":14.0,"turns":3.0},{"damage":18.0,"enemies":"The Guardian","floor":16.0,"turns":5.0},{"damage":1.0,"enemies":"Spheric Guardian","floor":18.0,"turns":3.0},{"damage":8.0,"enemies":"Chosen","floor":20.0,"turns":4.0},{"damage":23.0,"enemies":"Book of Stabbing","floor":24.0,"turns":4.0},{"damage":14.0,"enemies":"Snecko","floor":25.0,"turns":3.0},{"damage":17.0,"enemies":"Slavers","floor":27.0,"turns":4.0},{"damage":15.0,"enemies":"Replay:Snechameleon","floor":29.0,"turns":3.0},{"damage":8.0,"enemies":"Centurion and Healer","floor":30.0,"turns":3.0},{"damage":20.0,"enemies":"Sentry and Sphere","floor":31.0,"turns":5.0},{"damage":10.0,"enemies":"Pondfish","floor":33.0,"turns":6.0},{"damage":3.0,"enemies":"3 Shapes","floor":35.0,"turns":5.0},{"damage":21.0,"enemies":"3 Darklings","floor":37.0,"turns":6.0},{"damage":12.0,"enemies":"Mind Bloom Boss Battle","floor":38.0,"turns":6.0},{"damage":17.0,"enemies":"R_Hoarder","floor":40.0,"turns":5.0},{"damage":7,"enemies":"Giant Head","floor":42,"turns":3},{"damage":15,"enemies":"Nemesis","floor":44,"turns":3},{"damage":3,"enemies":"Giant Head","floor":46,"turns":3},{"damage":0,"enemies":"Transient","floor":47,"turns":5},{"damage":13,"enemies":"Sphere and 2 Shapes","floor":48,"turns":4},{"damage":102,"enemies":"Awakened One","floor":50,"turns":8}],"seed_played":"6754912839333011579","potions_obtained":[{"floor":1.0,"key":"SkillPotion"},{"floor":6.0,"key":"DistilledChaos"},{"floor":8.0,"key":"Fire Potion"},{"floor":16.0,"key":"Energy Potion"},{"floor":24.0,"key":"Reflective Coating"},{"floor":25.0,"key":"FairyPotion"},{"floor":30.0,"key":"Reflective Coating"},{"floor":33.0,"key":"SkillPotion"}],"is_trial":false,"path_per_floor":["M","M","M","$","?","E","R","E","T","?","M","R","M","E","R","B",null,"M","$","M","?","$","R","E","M","T","E","?","E","M","M","R","B",null,"M","?","M","?","?","E","?","E","T","E","R","E","M","M","R","B",null],"character_chosen":"IRONCLAD","items_purchased":["Spot Weakness","Inflame","OrangePellets","Heavy Blade","ReplayTheSpireMod:TigerMarble","Shuriken"],"campfire_rested":0,"item_purchase_floors":[0,0,0,4,19,22],"current_hp_per_floor":[72,78,80,80,80,62,62,47,47,47,49,49,50,55,55,43,87,87,87,85,85,85,85,68,60,60,49,49,44,42,35,35,31,87,87,87,72,66,66,55,55,57,57,51,51,57,66,62,62,17],"gold":537,"neow_bonus":"","is_daily":false,"chose_seed":false,"campfire_upgraded":6,"win_rate":0.0,"timestamp":1610255146,"path_taken":["M","M","M","$","?","E","R","E","T","?","M","R","M","E","R","BOSS","M","$","M","?","$","R","E","M","T","E","?","E","M","M","R","BOSS","M","?","M","?","?","E","?","E","T","E","R","E","M","M","R","BOSS"],"items_purchased_type":["Card","Card","Relic","Card","Relic","Relic"],"build_version":"2020-12-22","purchased_purges":2,"victory":true,"max_hp_per_floor":[80,80,80,80,80,80,80,87,87,87,87,87,87,87,87,87,87,87,87,87,87,87,87,87,87,87,87,87,87,87,87,87,87,87,87,87,87,87,87,87,87,87,87,87,87,87,87,87,87,87],"card_choices":[{"not_picked":["ReplayTheSpireMod:Limb From Limb","Thunderclap","Clash"],"picked":"SKIP","floor":1.0},{"not_picked":["Flame Barrier","Thunderclap"],"picked":"Iron Wave","floor":2.0},{"not_picked":["Sword Boomerang","Combust"],"picked":"ReplayTheSpireMod:Muscle Training","floor":3.0},{"not_picked":["Burning Pact","Anger"],"picked":"Cleave","floor":6.0},{"not_picked":["ReplayTheSpireMod:Strike From Hell","Spot Weakness"],"picked":"Corruption","floor":8.0},{"not_picked":["Bloodletting","Havoc","Warcry"],"picked":"SKIP","floor":11.0},{"not_picked":["Ghostly Armor","Armaments"],"picked":"Heavy Blade","floor":13.0},{"not_picked":["Anger","True Grit"],"picked":"Sword Boomerang","floor":14.0},{"not_picked":["Corruption","Immolate"],"picked":"Double Tap","floor":16.0},{"not_picked":["Searing Blow","Clothesline","Perfected Strike"],"picked":"SKIP","floor":18.0},{"not_picked":["Perfected Strike","ReplayTheSpireMod:Limb From Limb","Bloodletting"],"picked":"SKIP","floor":20.0},{"not_picked":["Disarm","Thunderclap"],"picked":"Sentinel","floor":24.0},{"not_picked":["ReplayTheSpireMod:LeadingStrike","ReplayTheSpireMod:Corrosion Curse+1"],"picked":"Limit Break","floor":25.0},{"not_picked":["Dropkick","Havoc"],"picked":"Sentinel","floor":27.0},{"not_picked":["True Grit","Clothesline","Clash"],"picked":"SKIP","floor":29.0},{"not_picked":["Body Slam+1","Shrug It Off"],"picked":"Rage+1","floor":30.0},{"not_picked":["Blood for Blood+1","Carnage+1"],"picked":"Sword Boomerang+1","floor":31.0},{"not_picked":["Immolate","Eclipse"],"picked":"Juggernaut+1","floor":33.0},{"not_picked":["Clash+1","Replay:Undeath\u0027s Touch"],"picked":"Inflame+1","floor":35.0},{"not_picked":["Havoc+1","Headbutt","Sword Boomerang+1"],"picked":"SKIP","floor":37.0},{"not_picked":["Havoc","Power Through"],"picked":"Metallicize+1","floor":38.0},{"not_picked":["Pommel Strike+1","Bludgeon","Warcry+1"],"picked":"SKIP","floor":40},{"not_picked":["Sever Soul+1","Carnage+1"],"picked":"Inflame+1","floor":42},{"not_picked":["Shrug It Off","Disarm","ReplayTheSpireMod:Stacked"],"picked":"SKIP","floor":44},{"not_picked":["Shrug It Off","Iron Wave"],"picked":"Dual Wield+1","floor":46},{"not_picked":["Headbutt+1","Clash+1","Wild Strike"],"picked":"SKIP","floor":47},{"not_picked":["Combust+1","Replay:Undeath\u0027s Touch","Bloodletting+1"],"picked":"SKIP","floor":48}],"player_experience":122735,"relics_obtained":[{"floor":6.0,"key":"Old Coin"},{"floor":8.0,"key":"Strawberry"},{"floor":9.0,"key":"ReplayTheSpireMod:Shallot"},{"floor":14.0,"key":"Red Skull"},{"floor":24.0,"key":"Replay:Bottled Snecko"},{"floor":24.0,"key":"Du-Vu Doll"},{"floor":27.0,"key":"Smiling Mask"},{"floor":27.0,"key":"Frozen Egg 2"},{"floor":29.0,"key":"PreservedInsect"},{"floor":29.0,"key":"Sundial"},{"floor":38.0,"key":"Ginger"},{"floor":40,"key":"Unceasing Top"},{"floor":40,"key":"Magic Flower"},{"floor":41,"key":"Quantum Egg"},{"floor":42,"key":"TungstenRod"},{"floor":42,"key":"ReplayTheSpireMod:Spearhead"},{"floor":43,"key":"Centennial Puzzle"},{"floor":44,"key":"Juzu Bracelet"},{"floor":44,"key":"Pen Nib"},{"floor":46,"key":"Omamori"},{"floor":46,"key":"Simple Rune"}],"event_choices":[{"damage_healed":0.0,"max_hp_gain":0.0,"max_hp_loss":0.0,"gold_gain":0.0,"event_name":"Liars Game","player_choice":"Ignored","floor":5.0,"gold_loss":0.0,"damage_taken":0.0},{"cards_removed":["Strike_R"],"damage_healed":0.0,"max_hp_gain":0.0,"max_hp_loss":0.0,"gold_gain":0.0,"event_name":"The Cleric","player_choice":"Card Removal","floor":10.0,"gold_loss":50.0,"damage_taken":0.0},{"cards_removed":["Strike_R"],"damage_healed":0.0,"max_hp_gain":0.0,"max_hp_loss":0.0,"gold_gain":0.0,"event_name":"Beggar","player_choice":"Gave Gold","floor":21.0,"gold_loss":75.0,"damage_taken":0.0},{"damage_healed":0.0,"max_hp_gain":0.0,"max_hp_loss":0.0,"gold_gain":0.0,"event_name":"The Woman in Blue","player_choice":"Bought 0 Potions","floor":28.0,"gold_loss":0.0,"damage_taken":0.0},{"damage_healed":0.0,"max_hp_gain":0.0,"max_hp_loss":0.0,"gold_gain":0.0,"event_name":"MindBloom","player_choice":"Fight","floor":38.0,"gold_loss":0.0,"damage_taken":0.0},{"cards_removed":["Bash"],"damage_healed":0.0,"max_hp_gain":0.0,"max_hp_loss":0.0,"gold_gain":0.0,"event_name":"Falling","player_choice":"Removed Attack","floor":39.0,"gold_loss":0.0,"damage_taken":0.0},{"damage_healed":0,"gold_gain":0,"player_choice":"Relic","damage_taken":0,"max_hp_gain":0,"max_hp_loss":0,"event_name":"Wheel of Change","floor":41,"gold_loss":0}],"is_beta":false,"boss_relics":[{"not_picked":["ChewingGum","Black Blood"],"picked":"Black Star"},{"not_picked":["Runic Cube","Empty Cage"],"picked":"Sozu"}],"items_purged_floors":[4,19],"is_endless":false,"potions_floor_spawned":[1,6,8,16,24,25,30,33,37,44,46,48],"ascension_level":1}}