{"host":"vr9me2kif8p2xyyc","time":1610309357,"event":{"mods":["2.2 Compatiblity","A Magickal Journey","AchievementEnabler","Act Like it!","Arknights The Spire","Aspiration","Astrologer","Bard","Bartender","BaseMod","Beaked The Cultist","Best Route Mod","Better Match","Better Note","Better Skull","Better Third Choice","BetterRewards","Block Reminder","Booster Modes","CapriCore","Challenge The Spire","ChefMod","Clawfect","Colored Map","Colored Powertips","Conjunction","Conspire","Downfall","Elementarium","Energized Spire","Friendly Minions","GifTheSpireLib","Glutton Mod","Halation","Hallownest","Hermit","Hubris","Jorbs\u0027s Wanderer Trilogy","Kratos Character Expansion","Mad Scientist","Marisa????????","Minty Spire (QoL Compilation)","Pale of the Ancients","Permanent Neow","Potionbrewer","QueenMod","Quick Restart","Random Character Button","Rare Cards Sparkle","Relic Stats","Remilia??????","Replay The Spire","Reworked Bosses","Robot Space Explorer","SCP261 Mod","SIMod","Shop Mod","Slumbering Mod","Spicy Shops","Spikes Relics","StSLib","Stuff the Spire","SuperFastMode","Td1madao Mod","The Alterego","The Animator","The Blackbeard","The Bladedancer","The Blue Laboratory","The Bug Knight","The Caster","The Clintock","The Construct","The Cursed","The Death Knight","The Disciple","The Dragon Tamer","The Druid","The Elementalist","The Exalted","The Fake Hero","The Florist","The Forsaken","The Gatherer","The Hayseed","The Hierophant","The Immortal","The Judge","The Jungle","The Kombatant","The Marked","The Mystic","The Necromancer","The Poker Player","The Problem Sleuth","The Runesmith","The Sage","The Servant 0.9.4","The Spell Scribe","The Valiant","TheArtist","TheBandit","TheFirefly","TheLocksmith","TheVacant","TheWitcher","Wandering Minibosses","Yohane!","thorton"],"gold_per_floor":[110,35,35,35,51,51,66,66,91,118,131,131,81,99,99,195,195,215,230,155,61,61,76,90,90,90,90,101,101,101],"floor_reached":29,"playtime":5255,"items_purged":[],"score":225,"play_id":"104005df-5838-40ec-a691-127e5f6addfc","local_time":"20210110140917","is_ascension_mode":false,"campfire_choices":[{"data":"DeathKnight:RuneStrike","floor":8.0,"key":"SMITH"},{"data":"DeathKnight:MutagenicPlague","floor":12.0,"key":"SMITH"},{"data":"DeathKnight:AntiMagicShell","floor":15.0,"key":"SMITH"},{"floor":25,"key":"REST"},{"data":"DeathKnight:Razorice","floor":27,"key":"SMITH"}],"circlet_count":0,"master_deck":["DeathKnight:Strike_DeathKnight","DeathKnight:Strike_DeathKnight","DeathKnight:Strike_DeathKnight","DeathKnight:Strike_DeathKnight","DeathKnight:Defend_DeathKnight","DeathKnight:Defend_DeathKnight","DeathKnight:Defend_DeathKnight","DeathKnight:Defend_DeathKnight","DeathKnight:Defend_DeathKnight","DeathKnight:RuneTap","DeathKnight:RuneStrike+1","DeathKnight:PlagueStrike","ReplayTheSpireMod:Faulty Equipment","DeathKnight:MutagenicPlague+1","DeathKnight:MutagenicPlague","DeathKnight:PlagueStrike","DeathKnight:AntiMagicShell+1","DeathKnight:Razorice+1","DeathKnight:AntiMagicShell","DeathKnight:HornOfWinter+1","DeathKnight:SindragosasBreath+1","Mayhem","Mayhem","DeathKnight:Parry","DeathKnight:Pestilence"],"relics":["DeathKnight:BrokenRuneblade","halation:PeacePiece","Sandwich","MerchantsRug","halation:EternalFortune","StuffTheSpire:EmeraldSignet"],"acts_visited":["Exordium","Exordium"],"potions_floor_usage":[],"damage_taken":[{"damage":1.0,"enemies":"Jaw Worm","floor":1.0,"turns":4.0},{"damage":8.0,"enemies":"Cultist","floor":5.0,"turns":6.0},{"damage":7.0,"enemies":"Small Slimes","floor":7.0,"turns":4.0},{"damage":7.0,"enemies":"Lagavulin","floor":10.0,"turns":5.0},{"damage":11.0,"enemies":"Red Slaver","floor":11.0,"turns":4.0},{"damage":1.0,"enemies":"Exordium Wildlife","floor":14.0,"turns":4.0},{"damage":27,"enemies":"Hexaghost","floor":16,"turns":10},{"damage":0,"enemies":"Hallownest:3_Youths","floor":18,"turns":4},{"damage":10,"enemies":"Hallownest:Guard_and_Sentry","floor":19,"turns":4},{"damage":22,"enemies":"Hallownest:monsterMisterMushroom","floor":23,"turns":5},{"damage":29,"enemies":"Hallownest:3_Mistakes","floor":24,"turns":7},{"damage":31,"enemies":"Hallownest:2_Flukemon","floor":28,"turns":8},{"damage":21,"enemies":"Hallownest:Master_and_Novice","floor":29,"turns":2}],"seed_played":"8159129278556293379","potions_obtained":[{"floor":10.0,"key":"Block Potion"},{"floor":14.0,"key":"Cursed Concoction"},{"floor":16,"key":"blueLaboratory:FruitPreserves"},{"floor":18,"key":"potionbrewer:AcidPotion"}],"is_trial":false,"path_per_floor":["M","?","?","$","M","?","M","R","T","E","M","R","?","M","R","B",null,"M","M","?","$","?","M","M","R","T","R","M","M"],"character_chosen":"DEATH_KNIGHT","items_purchased":["halation:PeacePiece","MerchantsRug","Mayhem"],"campfire_rested":1,"item_purchase_floors":[0,21,21],"current_hp_per_floor":[74,74,74,74,66,66,59,59,59,52,41,41,41,40,40,13,75,75,65,65,65,68,46,17,40,40,40,17,0,0],"gold":101,"neow_bonus":"","is_daily":false,"chose_seed":false,"campfire_upgraded":4,"win_rate":0.0,"timestamp":1610309357,"path_taken":["M","?","?","$","?","?","M","R","T","E","M","R","?","M","R","BOSS","M","M","?","$","?","M","M","R","T","R","M","M"],"items_purchased_type":["Relic","Relic","Card"],"build_version":"2020-12-22","purchased_purges":0,"victory":false,"max_hp_per_floor":[75,75,75,75,75,75,75,75,75,75,75,75,75,75,75,75,75,75,75,75,75,78,78,78,78,78,78,78,78,78],"relic_stats":{"counters":[90,486],"obtain_stats":[{"Bromod:AscarisDevice":5,"StuffTheSpire:Barrel":6,"CeramicFish":20,"StuffTheSpire:BottledEssence":8,"halation:Prosthetics":17,"hubris:MysteriousPyramids":9,"Boot":13,"halation:HeavySnake":17,"halation:PrussianBluePaint":12,"Replay:Bottled Flurry":5,"MerchantsRug":14,"StuffTheSpire:ForceGauntlet":23,"Oddly Smooth Stone":6,"potionbrewer:MortarAndPestle":21,"Pyrelight":14,"potionbrewer:ToyAutogyro":10,"potionbrewer:Torch":3,"DeathKnight:PutricidesVial":26,"hubris:TenFootPole":6,"Black Star":17,"Grinning Jar":4,"hubris:Reverence":6,"theVacant:BrassGoblet":0,"Bromod:ArcaneVictory":10,"Rawhide":9,"Blue Doll":9,"StuffTheSpire:EmeraldSignet":26,"Replay:Multitool":0,"HeavenlyBonsai":25,"Smiling Mask":9,"Pet Ghost":7,"hubris:EvacipatedBox":11,"Mummified Hand":4,"aspiration:AnachronicSnailShell":3,"StuffTheSpire:RedRose":2,"Ring of Panic":3,"DeathKnight:BrokenRuneblade":0,"Bromod:ArcaneGrace":34,"StuffTheSpire:Saxophone":14,"aspiration:HummingbirdHeart":9,"aspiration:SecretTechniqueScroll":17,"hubris:Towel":2,"Sandwich":17,"Anchor":8,"StuffTheSpire:HistoryBook":8,"StuffTheSpire:Mouthbags":6,"hubris:Spice":0,"halation:EternalFortune":22,"Ring of Fury":3,"Bottled Lightning":2,"Membership Card":0,"Toy Ornithopter":9,"halation:PeacePiece":0,"hubris:BottledRain":5},{"Bromod:AscarisDevice":39,"StuffTheSpire:Barrel":74,"CeramicFish":64,"StuffTheSpire:BottledEssence":18,"halation:Prosthetics":23,"hubris:MysteriousPyramids":60,"Boot":8,"halation:HeavySnake":44,"halation:PrussianBluePaint":76,"Replay:Bottled Flurry":39,"MerchantsRug":8,"StuffTheSpire:ForceGauntlet":48,"Oddly Smooth Stone":59,"potionbrewer:MortarAndPestle":25,"Pyrelight":62,"potionbrewer:ToyAutogyro":81,"potionbrewer:Torch":56,"DeathKnight:PutricidesVial":48,"hubris:TenFootPole":4,"Black Star":9,"Grinning Jar":68,"hubris:Reverence":18,"theVacant:BrassGoblet":0,"Bromod:ArcaneVictory":19,"Rawhide":18,"Blue Doll":80,"StuffTheSpire:EmeraldSignet":88,"Replay:Multitool":32,"HeavenlyBonsai":48,"Smiling Mask":6,"Pet Ghost":40,"hubris:EvacipatedBox":75,"Mummified Hand":34,"aspiration:AnachronicSnailShell":78,"StuffTheSpire:RedRose":33,"Ring of Panic":68,"DeathKnight:BrokenRuneblade":0,"Bromod:ArcaneGrace":51,"StuffTheSpire:Saxophone":8,"aspiration:HummingbirdHeart":40,"aspiration:SecretTechniqueScroll":63,"hubris:Towel":71,"Sandwich":84,"Anchor":6,"StuffTheSpire:HistoryBook":40,"StuffTheSpire:Mouthbags":30,"hubris:Spice":26,"halation:EternalFortune":86,"Ring of Fury":68,"Bottled Lightning":56,"Membership Card":67,"Toy Ornithopter":75,"halation:PeacePiece":77,"hubris:BottledRain":69},{"Bromod:AscarisDevice":193,"StuffTheSpire:Barrel":399,"CeramicFish":331,"StuffTheSpire:BottledEssence":83,"halation:Prosthetics":108,"hubris:MysteriousPyramids":305,"Boot":31,"halation:HeavySnake":219,"halation:PrussianBluePaint":412,"Replay:Bottled Flurry":193,"MerchantsRug":31,"StuffTheSpire:ForceGauntlet":241,"Oddly Smooth Stone":299,"potionbrewer:MortarAndPestle":123,"Pyrelight":317,"potionbrewer:ToyAutogyro":438,"potionbrewer:Torch":285,"DeathKnight:PutricidesVial":241,"hubris:TenFootPole":15,"Black Star":39,"Grinning Jar":358,"hubris:Reverence":83,"theVacant:BrassGoblet":0,"Bromod:ArcaneVictory":90,"Rawhide":83,"Blue Doll":433,"StuffTheSpire:EmeraldSignet":476,"Replay:Multitool":165,"HeavenlyBonsai":241,"Smiling Mask":21,"Pet Ghost":196,"hubris:EvacipatedBox":404,"Mummified Hand":172,"aspiration:AnachronicSnailShell":423,"StuffTheSpire:RedRose":168,"Ring of Panic":358,"DeathKnight:BrokenRuneblade":0,"Bromod:ArcaneGrace":260,"StuffTheSpire:Saxophone":31,"aspiration:HummingbirdHeart":196,"aspiration:SecretTechniqueScroll":326,"hubris:Towel":380,"Sandwich":456,"Anchor":21,"StuffTheSpire:HistoryBook":196,"StuffTheSpire:Mouthbags":156,"hubris:Spice":126,"halation:EternalFortune":464,"Ring of Fury":358,"Bottled Lightning":285,"Membership Card":352,"Toy Ornithopter":404,"halation:PeacePiece":419,"hubris:BottledRain":367}]},"card_choices":[{"not_picked":["DeathKnight:HowlingBlast","DeathKnight:RaiseAlly"],"picked":"DeathKnight:MutagenicPlague","floor":1.0},{"not_picked":["DeathKnight:Ossuary","DeathKnight:ThirstingStrike"],"picked":"DeathKnight:PlagueStrike","floor":5.0},{"not_picked":["DeathKnight:Ossuary","DeathKnight:ThirstingStrike"],"picked":"DeathKnight:MutagenicPlague","floor":7.0},{"not_picked":["DeathKnight:Obliterate","DeathKnight:DeathStrike"],"picked":"DeathKnight:MutagenicPlague","floor":10.0},{"not_picked":["DeathKnight:Runeguard","DeathKnight:BloodTap"],"picked":"DeathKnight:PlagueStrike","floor":11.0},{"not_picked":["DeathKnight:Pestilence","DeathKnight:Parry"],"picked":"DeathKnight:AntiMagicShell","floor":14.0},{"not_picked":["DeathKnight:ReapingStrike","DeathKnight:RunicDetonation"],"picked":"DeathKnight:Razorice","floor":16},{"not_picked":["DeathKnight:DreadStrike","DeathKnight:RunicCorruption"],"picked":"DeathKnight:AntiMagicShell","floor":18},{"not_picked":["DeathKnight:MindFreeze","DeathKnight:Marrowrend+1"],"picked":"DeathKnight:HornOfWinter+1","floor":19},{"not_picked":["DeathKnight:Razorice+1","DeathKnight:VampiricBlood+1"],"picked":"DeathKnight:SindragosasBreath+1","floor":20},{"not_picked":["DeathKnight:BloodTap","DeathKnight:PillarOfFrost"],"picked":"DeathKnight:Parry","floor":23},{"not_picked":["DeathKnight:DreadStrike+1","DeathKnight:BloodTap"],"picked":"DeathKnight:Pestilence","floor":24},{"not_picked":["DeathKnight:PillarOfFrost","DeathKnight:UnholyFrenzy","DeathKnight:BludPresence"],"picked":"SKIP","floor":28}],"player_experience":1186326,"relics_obtained":[{"floor":9.0,"key":"Blue Doll"},{"floor":10.0,"key":"potionbrewer:ToyAutogyro"},{"floor":26,"key":"StuffTheSpire:EmeraldSignet"}],"event_choices":[{"damage_healed":0.0,"max_hp_gain":0.0,"max_hp_loss":0.0,"gold_gain":0.0,"event_name":"betterMatch:BetterMatch","player_choice":"2","floor":2.0,"gold_loss":0.0,"damage_taken":0.0,"cards_obtained":[]},{"cards_removed":["DeathKnight:MutagenicPlague"],"damage_healed":0.0,"max_hp_gain":0.0,"max_hp_loss":0.0,"gold_gain":0.0,"event_name":"WeMeetAgain","player_choice":"Gave Card","floor":3.0,"gold_loss":0.0,"damage_taken":0.0,"relics_obtained":["aspiration:AnachronicSnailShell"]},{"cards_removed":["DeathKnight:Strike_DeathKnight"],"damage_healed":0.0,"max_hp_gain":0.0,"max_hp_loss":0.0,"gold_gain":0.0,"event_name":"The Cleric","player_choice":"Card Removal","floor":13.0,"gold_loss":50.0,"damage_taken":0.0},{"damage_healed":0,"gold_gain":0,"player_choice":"2","damage_taken":0,"max_hp_gain":0,"max_hp_loss":0,"event_name":"betterMatch:BetterMatch","floor":20,"gold_loss":0,"cards_obtained":["betterMatch:RareCard"]}],"is_beta":false,"boss_relics":[{"not_picked":["Ring of Chaos","SacredBark"],"picked":"Sandwich"}],"items_purged_floors":[],"is_endless":false,"potions_floor_spawned":[10,14,16,18],"killed_by":"Hallownest:Master_and_Novice","ascension_level":0}}