{"host":"gl7gfqdgzaxu5sie","time":1610257619,"event":{"mods":["AchievementEnabler","BaseMod","Colored Map","DeckTracker","Minty Spire (QoL Compilation)"],"gold_per_floor":[118,135,135,152,169,169,182,213,213,213,227,227,244,272,272,272,272],"floor_reached":16,"playtime":874,"items_purged":[],"score":171,"play_id":"c48f1883-6aea-4c6b-b579-c70ee69fe8ae","local_time":"20210110144659","is_ascension_mode":true,"campfire_choices":[{"data":"Hemokinesis","floor":6,"key":"SMITH"},{"data":"Shrug It Off","floor":10,"key":"SMITH"},{"data":"Spot Weakness","floor":12,"key":"SMITH"},{"data":"Power Through","floor":15,"key":"SMITH"}],"circlet_count":0,"master_deck":["AscendersBane","Strike_R","Strike_R","Strike_R","Defend_R","Defend_R","Defend_R","Defend_R","Bash+1","Combust","Pommel Strike","Second Wind","Shrug It Off+1","Hemokinesis+1","Wild Strike","Limit Break","Spot Weakness+1","Power Through+1"],"relics":["Burning Blood","Ornamental Fan","Meat on the Bone","Nunchaku"],"acts_visited":["Exordium"],"potions_floor_usage":[11,14,16,16],"damage_taken":[{"damage":7,"enemies":"Jaw Worm","floor":1,"turns":3},{"damage":8,"enemies":"Cultist","floor":2,"turns":3},{"damage":9,"enemies":"Small Slimes","floor":4,"turns":5},{"damage":11,"enemies":"Blue Slaver","floor":5,"turns":5},{"damage":8,"enemies":"Large Slime","floor":7,"turns":5},{"damage":31,"enemies":"Lagavulin","floor":8,"turns":5},{"damage":4,"enemies":"Gremlin Gang","floor":11,"turns":4},{"damage":1,"enemies":"2 Fungi Beasts","floor":13,"turns":3},{"damage":9,"enemies":"Gremlin Nob","floor":14,"turns":3},{"damage":54,"enemies":"The Guardian","floor":16,"turns":9}],"seed_played":"193721762302010416","potions_obtained":[{"floor":1,"key":"Fire Potion"},{"floor":7,"key":"DistilledChaos"},{"floor":8,"key":"Block Potion"},{"floor":13,"key":"DuplicationPotion"},{"floor":14,"key":"SmokeBomb"}],"is_trial":false,"path_per_floor":["M","M","?","M","M","R","M","E","T","R","M","R","M","E","R","B"],"character_chosen":"IRONCLAD","items_purchased":[],"campfire_rested":0,"item_purchase_floors":[],"current_hp_per_floor":[71,69,69,66,61,61,59,34,34,34,48,48,53,50,50,0,0],"gold":272,"neow_bonus":"TRANSFORM_TWO_CARDS","is_daily":false,"chose_seed":false,"campfire_upgraded":4,"win_rate":0.0,"timestamp":1610257619,"path_taken":["M","M","?","M","M","R","M","E","T","R","?","R","M","E","R","BOSS"],"items_purchased_type":[],"build_version":"2020-12-22","purchased_purges":0,"victory":false,"max_hp_per_floor":[72,72,72,72,72,72,72,72,72,72,72,72,72,72,72,72,72],"card_choices":[{"not_picked":["Heavy Blade","Pommel Strike"],"picked":"Second Wind","floor":1},{"not_picked":["Body Slam","Cleave"],"picked":"Shrug It Off","floor":2},{"not_picked":["Whirlwind","Havoc","Thunderclap"],"picked":"SKIP","floor":4},{"not_picked":["Iron Wave","Pommel Strike"],"picked":"Hemokinesis","floor":5},{"not_picked":["Searing Blow","Rage"],"picked":"Wild Strike","floor":7},{"not_picked":["Combust","Disarm"],"picked":"Limit Break","floor":8},{"not_picked":["Heavy Blade","Clothesline"],"picked":"Spot Weakness","floor":11},{"not_picked":["Disarm","Thunderclap","Iron Wave"],"picked":"SKIP","floor":13},{"not_picked":["Infernal Blade","Pummel"],"picked":"Power Through","floor":14}],"player_experience":590262,"relics_obtained":[{"floor":8,"key":"Ornamental Fan"},{"floor":9,"key":"Meat on the Bone"},{"floor":14,"key":"Nunchaku"}],"event_choices":[{"damage_healed":0,"gold_gain":0,"player_choice":"Upgraded","damage_taken":0,"max_hp_gain":0,"max_hp_loss":0,"event_name":"Upgrade Shrine","floor":3,"gold_loss":0,"cards_upgraded":["Bash"]}],"is_beta":false,"boss_relics":[],"items_purged_floors":[],"is_endless":false,"potions_floor_spawned":[1,7,8,13,14],"killed_by":"The Guardian","ascension_level":10}}