{"host":"zsyys3pofsljid9q","time":1610294665,"event":{"mods":["AchievementEnabler","BaseMod","Block Reminder","Minty Spire (QoL Compilation)","Quick Restart","Relic Stats"],"gold_per_floor":[118,132,132,144,160,160,160],"floor_reached":6,"playtime":424,"items_purged":[],"score":74,"play_id":"8e4d2959-6bed-4387-b6c7-32f8964f3808","local_time":"20210110170425","is_ascension_mode":true,"campfire_choices":[],"circlet_count":0,"master_deck":["AscendersBane","Strike_G","Strike_G","Strike_G","Strike_G","Defend_G","Defend_G","Defend_G+1","Defend_G","Defend_G+1","Survivor","Neutralize","Crippling Poison","Accuracy","Dodge and Roll","Dash","Riddle With Holes"],"relics":["Ring of the Snake"],"acts_visited":[],"potions_floor_usage":[6],"damage_taken":[{"damage":4,"enemies":"2 Louse","floor":1,"turns":3},{"damage":4,"enemies":"Jaw Worm","floor":2,"turns":6},{"damage":1,"enemies":"Small Slimes","floor":4,"turns":6},{"damage":10,"enemies":"Exordium Thugs","floor":5,"turns":6},{"damage":21,"enemies":"3 Sentries","floor":6,"turns":14}],"seed_played":"-1931652555479855186","potions_obtained":[{"floor":2,"key":"BlessingOfTheForge"}],"is_trial":false,"path_per_floor":["M","M","?","M","M","E"],"character_chosen":"THE_SILENT","items_purchased":[],"campfire_rested":0,"item_purchase_floors":[],"current_hp_per_floor":[55,51,31,30,20,0,0],"gold":160,"neow_bonus":"TRANSFORM_CARD","is_daily":false,"chose_seed":false,"campfire_upgraded":0,"win_rate":0.0,"timestamp":1610294665,"path_taken":["M","M","?","M","M","E"],"items_purchased_type":[],"build_version":"2020-12-22","purchased_purges":0,"victory":false,"max_hp_per_floor":[66,66,66,66,66,66,66],"relic_stats":{"counters":[5,35],"obtain_stats":[{"Ring of the Snake":0},{"Ring of the Snake":0},{"Ring of the Snake":0}],"Ring of the Snake":[10]},"card_choices":[{"not_picked":["Sucker Punch","Dagger Throw"],"picked":"Accuracy","floor":1},{"not_picked":["Prepared","Underhanded Strike"],"picked":"Dodge and Roll","floor":2},{"not_picked":["Dagger Throw","Acrobatics"],"picked":"Dash","floor":4},{"not_picked":["Bane","Deadly Poison"],"picked":"Riddle With Holes","floor":5}],"player_experience":894162,"relics_obtained":[],"event_choices":[{"damage_healed":0,"gold_gain":0,"player_choice":"Entered Light","damage_taken":20,"max_hp_gain":0,"max_hp_loss":0,"event_name":"Shining Light","floor":3,"gold_loss":0,"cards_upgraded":["Defend_G","Defend_G"]}],"is_beta":false,"boss_relics":[],"items_purged_floors":[],"is_endless":false,"potions_floor_spawned":[2],"killed_by":"3 Sentries","ascension_level":19}}