{"host":"uq4ng344qg9ygyoi","time":1610294988,"event":{"mods":["BaseMod","Minty Spire (QoL Compilation)","Quick Restart","Shop Mod","StSLib","[IsaacMod]ÒÔÈö¼âËþ"],"gold_per_floor":[117,133,58,77,252,252,264,296,296,326,326,345,345,345],"floor_reached":13,"playtime":493,"items_purged":["Strike_R"],"score":106,"play_id":"d79d38a4-2e19-427c-b6ec-a7cb1f8866d1","local_time":"20210111000948","is_ascension_mode":true,"campfire_choices":[{"data":"Shockwave","floor":6.0,"key":"SMITH"}],"circlet_count":0,"master_deck":["Strike_R","Strike_R","Strike_R","Strike_R","Defend_R","Defend_R","Defend_R","Defend_R","Bash","BloodyBrimstone","Headbutt","Battle Trance","Shockwave+1","Doubt","Heavy Blade","Armaments","Intimidate"],"relics":["Burning Blood","HushsDoor","GuppysHead","Sundial","ForgetMeNow","Odd Mushroom","Golden Idol"],"acts_visited":["Exordium"],"potions_floor_usage":[13],"damage_taken":[{"damage":12.0,"enemies":"Jaw Worm","floor":1.0,"turns":2.0},{"damage":7.0,"enemies":"2 Louse","floor":2.0,"turns":3.0},{"damage":5.0,"enemies":"Small Slimes","floor":4.0,"turns":3.0},{"damage":16.0,"enemies":"Looter","floor":7.0,"turns":4.0},{"damage":34.0,"enemies":"Gremlin Nob","floor":8.0,"turns":5.0},{"damage":26.0,"enemies":"The Mushroom Lair","floor":10.0,"turns":3.0},{"damage":6.0,"enemies":"Blue Slaver","floor":12.0,"turns":3.0},{"damage":25,"enemies":"Lagavulin","floor":13,"turns":7}],"seed_played":"3894687156786970421","potions_obtained":[{"floor":4.0,"key":"FearPotion"},{"floor":8.0,"key":"Explosive Potion"},{"floor":10.0,"key":"BlessingOfTheForge"}],"is_trial":false,"path_per_floor":["M","M","$","M","?","R","M","E","T","?","?","M","E"],"character_chosen":"IRONCLAD","items_purchased":[],"campfire_rested":0,"item_purchase_floors":[],"current_hp_per_floor":[82,81,81,82,82,82,72,44,44,24,24,24,0,0],"gold":345,"neow_bonus":"TEN_PERCENT_HP_BONUS","is_daily":false,"chose_seed":false,"campfire_upgraded":1,"win_rate":0.0,"timestamp":1610294988,"path_taken":["M","M","$","M","?","R","M","E","T","?","?","?","E"],"items_purchased_type":[],"build_version":"2020-12-22","purchased_purges":1,"victory":false,"max_hp_per_floor":[88,88,88,88,88,88,88,88,88,88,81,81,81,81],"card_choices":[{"not_picked":[],"picked":"BloodyBrimstone","floor":0.0},{"not_picked":["Dropkick","Barricade"],"picked":"Headbutt","floor":1.0},{"not_picked":["Inflame","Cleave"],"picked":"Battle Trance","floor":2.0},{"not_picked":["Twin Strike","Bomb"],"picked":"Shockwave","floor":4.0},{"not_picked":["Headbutt","Perfected Strike","Metallicize"],"picked":"SKIP","floor":7.0},{"not_picked":["Headbutt","Perfected Strike","Metallicize"],"picked":"SKIP","floor":7.0},{"not_picked":["Rage","Fire Breathing"],"picked":"Heavy Blade","floor":8.0},{"not_picked":["True Grit","Rupture"],"picked":"Armaments","floor":10.0},{"not_picked":["Clash","Clothesline"],"picked":"Intimidate","floor":12.0}],"player_experience":391315,"relics_obtained":[{"floor":8.0,"key":"Sundial"},{"floor":9.0,"key":"ForgetMeNow"},{"floor":10.0,"key":"Odd Mushroom"}],"event_choices":[{"damage_healed":0.0,"max_hp_gain":0.0,"max_hp_loss":0.0,"gold_gain":175.0,"event_name":"Liars Game","player_choice":"AGREE","floor":5.0,"gold_loss":0.0,"damage_taken":0.0,"cards_obtained":["Doubt"]},{"damage_healed":0.0,"max_hp_gain":0.0,"max_hp_loss":0.0,"gold_gain":0.0,"event_name":"Mushrooms","player_choice":"Fought Mushrooms","floor":10.0,"gold_loss":0.0,"damage_taken":0.0},{"damage_healed":0.0,"max_hp_gain":0.0,"max_hp_loss":7.0,"gold_gain":0.0,"event_name":"Golden Idol","player_choice":"Lose Max HP","floor":11.0,"gold_loss":0.0,"damage_taken":0.0,"relics_obtained":["Golden Idol"]}],"is_beta":false,"boss_relics":[],"items_purged_floors":[3],"is_endless":false,"potions_floor_spawned":[4,8,10],"killed_by":"Lagavulin","ascension_level":5}}