{"host":"8rqsnaeml9gxb0kp","time":1610247298,"event":{"mods":["AchievementEnabler","BaseMod","Dark Map","Minty Spire (QoL Compilation)","StSLib"],"gold_per_floor":[114,114,168,118,118,151,151,27,27,27,40,68,87,120,120,120,120],"floor_reached":16,"playtime":914,"items_purged":["Defend_R"],"score":128,"play_id":"6399fbe6-6c3e-4c58-8b3c-d6649ecb17d2","local_time":"20210109185458","is_ascension_mode":true,"campfire_choices":[{"floor":7,"key":"REST"},{"data":"Bash","floor":10,"key":"SMITH"},{"data":"Shockwave","floor":15,"key":"SMITH"}],"circlet_count":0,"master_deck":["Strike_R+1","Strike_R","Strike_R","Defend_R+1","Defend_R+1","Defend_R+1","Bash+1","Headbutt","Rage","Shrug It Off","Pommel Strike","Shockwave+1","Shockwave","Infernal Blade"],"relics":["Burning Blood","War Paint","Darkstone Periapt","Peace Pipe","Gambling Chip","Unceasing Top"],"acts_visited":["Exordium"],"potions_floor_usage":[6,12,14,16],"damage_taken":[{"damage":12,"enemies":"Jaw Worm","floor":1,"turns":2},{"damage":38,"enemies":"3 Sentries","floor":6,"turns":9},{"damage":2,"enemies":"Small Slimes","floor":11,"turns":3},{"damage":12,"enemies":"Lagavulin","floor":12,"turns":5},{"damage":6,"enemies":"2 Louse","floor":13,"turns":3},{"damage":9,"enemies":"3 Sentries","floor":14,"turns":12},{"damage":43,"enemies":"Slime Boss","floor":16,"turns":10}],"seed_played":"6985825024615234648","potions_obtained":[{"floor":1,"key":"Strength Potion"},{"floor":12,"key":"SpeedPotion"},{"floor":14,"key":"Explosive Potion"}],"is_trial":false,"path_per_floor":["M","?","T","?","?","E","R","$","T","R","M","E","M","E","R","B"],"character_chosen":"IRONCLAD","items_purchased":["Fire Potion"],"campfire_rested":1,"item_purchase_floors":[8],"current_hp_per_floor":[74,58,58,58,51,19,43,43,43,43,47,41,41,38,38,0,0],"gold":120,"neow_bonus":"THREE_CARDS","is_daily":false,"chose_seed":false,"campfire_upgraded":2,"win_rate":0.0,"timestamp":1610247298,"path_taken":["M","?","?","?","?","E","R","?","T","R","?","E","M","E","R","BOSS"],"items_purchased_type":["Potion"],"build_version":"2020-12-22","purchased_purges":1,"victory":false,"max_hp_per_floor":[80,80,80,80,80,80,80,80,80,80,80,80,80,80,80,80,80],"card_choices":[{"not_picked":["Evolve","Clash"],"picked":"Headbutt","floor":0},{"not_picked":["Intimidate","Body Slam"],"picked":"Rage","floor":1},{"not_picked":["Spot Weakness","Armaments"],"picked":"Shrug It Off","floor":6},{"not_picked":["Fire Breathing","Power Through"],"picked":"Pommel Strike","floor":11},{"not_picked":["Disarm","Thunderclap"],"picked":"Shockwave","floor":12},{"not_picked":["Thunderclap","Corruption"],"picked":"Shockwave","floor":13},{"not_picked":["Warcry","True Grit"],"picked":"Infernal Blade","floor":14}],"player_experience":38055,"relics_obtained":[{"floor":3,"key":"War Paint"},{"floor":6,"key":"Darkstone Periapt"},{"floor":9,"key":"Peace Pipe"},{"floor":12,"key":"Gambling Chip"},{"floor":14,"key":"Unceasing Top"}],"event_choices":[{"damage_healed":0,"gold_gain":0,"player_choice":"Entered Light","damage_taken":16,"max_hp_gain":0,"max_hp_loss":0,"event_name":"Shining Light","floor":2,"gold_loss":0,"cards_upgraded":["Defend_R","Strike_R"]},{"cards_removed":["Strike_R"],"damage_healed":0,"gold_gain":0,"player_choice":"Card Removal","damage_taken":0,"max_hp_gain":0,"max_hp_loss":0,"event_name":"The Cleric","floor":4,"gold_loss":50},{"cards_removed":["Strike_R"],"damage_healed":0,"gold_gain":0,"player_choice":"Card Removal","damage_taken":7,"max_hp_gain":0,"max_hp_loss":0,"event_name":"Golden Wing","floor":5,"gold_loss":0}],"is_beta":false,"boss_relics":[],"items_purged_floors":[8],"is_endless":false,"potions_floor_spawned":[1,12,14],"killed_by":"Slime Boss","ascension_level":2}}