{"host":"n9oz7eo077gsfu2d","time":1610258881,"event":{"mods":["2.2 Compatiblity","BaseMod","Colored Map","Custom Start","DeckTracker","KOR Keyword Fix","Minty Spire (QoL Compilation)","StSLib","SuperFastMode"],"gold_per_floor":[112,128,203,216,73,73,89,89,89,105,105,105,120,138,138,238,238,257,276,551,563,580,580,61,61,61,61,61,61],"floor_reached":28,"playtime":1194,"items_purged":["Strike_G","Strike_G"],"score":214,"play_id":"43f3c226-fcc2-4993-8e92-0238addd1e4f","local_time":"20210110150801","is_ascension_mode":false,"campfire_choices":[{"data":"Footwork","floor":6.0,"key":"SMITH"},{"data":"Dagger Spray","floor":8.0,"key":"SMITH"},{"data":"Bane","floor":15.0,"key":"SMITH"},{"floor":23,"key":"REST"},{"data":"Envenom","floor":25,"key":"SMITH"},{"floor":27,"key":"REST"}],"circlet_count":0,"master_deck":["Strike_G","Strike_G","Strike_G","Defend_G","Defend_G","Defend_G","Defend_G","Defend_G","Survivor","Neutralize","Bane+1","Footwork+1","Dagger Spray+1","Calculated Gamble","Noxious Fumes","Crippling Poison","Envenom+1","Footwork+1","Regret","Backflip","Master of Strategy","Outmaneuver+1"],"relics":["Ring of the Snake","White Beast Statue","Sozu","Matryoshka","Snake Skull","MealTicket"],"acts_visited":["Exordium","TheCity"],"potions_floor_usage":[22],"damage_taken":[{"damage":0.0,"enemies":"Jaw Worm","floor":1.0,"turns":4.0},{"damage":0.0,"enemies":"2 Louse","floor":2.0,"turns":3.0},{"damage":0.0,"enemies":"Cultist","floor":4.0,"turns":4.0},{"damage":10.0,"enemies":"Looter","floor":7.0,"turns":3.0},{"damage":3.0,"enemies":"Lots of Slimes","floor":10.0,"turns":2.0},{"damage":0.0,"enemies":"Blue Slaver","floor":13.0,"turns":5.0},{"damage":10.0,"enemies":"3 Louse","floor":14.0,"turns":3.0},{"damage":44.0,"enemies":"Slime Boss","floor":16.0,"turns":11.0},{"damage":18.0,"enemies":"3 Byrds","floor":18.0,"turns":4.0},{"damage":14.0,"enemies":"Spheric Guardian","floor":19.0,"turns":7.0},{"damage":16.0,"enemies":"Chosen and Byrds","floor":21.0,"turns":8.0},{"damage":24,"enemies":"Cultist and Chosen","floor":22,"turns":8},{"damage":18,"enemies":"Snake Plant","floor":28,"turns":4}],"seed_played":"-2655166191504266330","potions_obtained":[{"floor":1.0,"key":"SpeedPotion"},{"floor":4.0,"key":"SkillPotion"},{"floor":10.0,"key":"Poison Potion"},{"floor":12.0,"key":"Dexterity Potion"},{"floor":12.0,"key":"LiquidMemories"},{"floor":16.0,"key":"Energy Potion"}],"is_trial":false,"path_per_floor":["M","M","?","M","$","R","M","R","T","M","?","?","M","M","R","B",null,"M","M","?","M","M","R","$","R","T","R","M"],"character_chosen":"THE_SILENT","items_purchased":["Calculated Gamble","Matryoshka","Master of Strategy"],"campfire_rested":2,"item_purchase_floors":[5,24,24],"current_hp_per_floor":[77,77,66,66,66,66,56,56,56,53,77,77,77,67,67,23,77,59,45,45,29,5,28,28,28,28,51,33,33],"gold":61,"neow_bonus":"TEN_PERCENT_HP_BONUS","is_daily":false,"chose_seed":false,"campfire_upgraded":4,"win_rate":0.0,"timestamp":1610258881,"path_taken":["M","M","?","M","$","R","M","R","T","M","?","?","?","M","R","BOSS","M","M","?","?","M","R","$","R","T","R","M"],"items_purchased_type":["Card","Relic","Card"],"build_version":"2020-12-22","purchased_purges":2,"victory":false,"max_hp_per_floor":[77,77,77,77,77,77,77,77,77,77,77,77,77,77,77,77,77,77,77,77,77,77,77,77,77,77,77,77,77],"card_choices":[{"not_picked":["Heel Hook","Slice"],"picked":"Bane","floor":1.0},{"not_picked":["Acrobatics","Blade Dance"],"picked":"Footwork","floor":2.0},{"not_picked":["Escape Plan","Quick Slash"],"picked":"Dagger Spray","floor":4.0},{"not_picked":["Masterful Stab","All Out Attack","Acrobatics"],"picked":"SKIP","floor":7.0},{"not_picked":["Deadly Poison","Cloak And Dagger"],"picked":"Noxious Fumes","floor":10.0},{"not_picked":["All Out Attack","Flechettes","Outmaneuver"],"picked":"SKIP","floor":13.0},{"not_picked":["Deadly Poison","Masterful Stab"],"picked":"Crippling Poison","floor":14.0},{"not_picked":["A Thousand Cuts","Bullet Time"],"picked":"Envenom","floor":16.0},{"not_picked":["Tactician","Quick Slash","Sucker Punch"],"picked":"SKIP","floor":18.0},{"not_picked":["Poisoned Stab+1","Deadly Poison"],"picked":"Footwork+1","floor":19.0},{"not_picked":["Slice","All Out Attack","Sucker Punch"],"picked":"SKIP","floor":21.0},{"not_picked":["All Out Attack","Skewer"],"picked":"Backflip","floor":22},{"not_picked":["Concentrate","Slice+1"],"picked":"Outmaneuver+1","floor":28}],"player_experience":102471,"relics_obtained":[{"floor":9.0,"key":"White Beast Statue"},{"floor":26,"key":"Snake Skull"},{"floor":26,"key":"MealTicket"}],"event_choices":[{"damage_healed":0.0,"max_hp_gain":0.0,"max_hp_loss":0.0,"gold_gain":75.0,"event_name":"World of Goop","player_choice":"Gather Gold","floor":3.0,"gold_loss":0.0,"damage_taken":11.0},{"damage_healed":25.0,"max_hp_gain":0.0,"max_hp_loss":0.0,"gold_gain":0.0,"event_name":"Big Fish","player_choice":"Banana","floor":11.0,"gold_loss":0.0,"damage_taken":0.0},{"damage_healed":0.0,"max_hp_gain":0.0,"max_hp_loss":0.0,"gold_gain":0.0,"event_name":"Lab","player_choice":"Got Potions","floor":12.0,"gold_loss":0.0,"damage_taken":0.0},{"damage_healed":0.0,"max_hp_gain":0.0,"max_hp_loss":0.0,"gold_gain":275.0,"event_name":"Golden Shrine","player_choice":"Desecrate","floor":20.0,"gold_loss":0.0,"damage_taken":0.0,"cards_obtained":["Regret"]}],"is_beta":false,"boss_relics":[{"not_picked":["Busted Crown","SacredBark"],"picked":"Sozu"}],"items_purged_floors":[5,24],"is_endless":false,"potions_floor_spawned":[1,4,10,13,14,16,18,19,21,22,28],"killed_by":"Snake Plant","ascension_level":0}}