{"host":"867cnhxguf2bzj4x","time":1610238661,"event":{"mods":["BaseMod","BetterRewards","Duelist Mod","GifTheSpireLib","Lobotomy","Minty Spire (QoL Compilation)","StSLib","The Bug Knight","The Cursed","The Necromancer"],"gold_per_floor":[109,74,149,166,166,166,182,193,247,259,290,302,324,366,366],"floor_reached":14,"playtime":429,"items_purged":[],"score":82,"play_id":"8ac6519d-5a70-44a2-9eba-7e8fc2ebc713","local_time":"20210110013101","is_ascension_mode":false,"campfire_choices":[{"floor":6,"key":"REST"},{"data":"Terror","floor":10,"key":"SMITH"},{"floor":12,"key":"REST"}],"circlet_count":0,"master_deck":["Strike_G","Strike_G","Strike_G","Strike_G","Strike_G","Defend_G","Defend_G","Defend_G","Defend_G","Survivor","Neutralize","Bloodbath","Deflect","Terror+1","OSAHOGD","Endless Agony","HollowMod:QuickDashStart","FairyFestival","Prepared","WhitesApple","Noxious Fumes","SpiderBud","Eviscerate","Parasite","QueenOfHatred","Prepared"],"relics":["Ring of the Snake","CogitoBucket","MawBank","ChangeAnything"],"acts_visited":["Exordium"],"potions_floor_usage":[13],"damage_taken":[{"damage":0,"enemies":"Small Slimes","floor":1,"turns":4},{"damage":0,"enemies":"Cultist","floor":4,"turns":4},{"damage":2,"enemies":"Jaw Worm","floor":7,"turns":3},{"damage":46,"enemies":"Lots of Slimes","floor":8,"turns":7},{"damage":29,"enemies":"2 Fungi Beasts","floor":11,"turns":3},{"damage":10,"enemies":"Large Slime","floor":13,"turns":5},{"damage":23,"enemies":"Lagavulin","floor":14,"turns":3}],"seed_played":"7797579693273477486","potions_obtained":[{"floor":1,"key":"DistilledChaos"}],"is_trial":false,"path_per_floor":["M","$","?","M","?","R","M","M","T","R","M","R","M","E"],"character_chosen":"THE_SILENT","items_purchased":["Terror"],"campfire_rested":2,"item_purchase_floors":[2],"current_hp_per_floor":[70,70,59,60,60,70,68,27,27,27,2,23,16,0,0],"gold":366,"neow_bonus":"","is_daily":false,"chose_seed":false,"campfire_upgraded":1,"win_rate":0.0,"timestamp":1610238661,"path_taken":["M","$","?","M","?","R","M","M","T","R","?","R","M","E"],"items_purchased_type":["Card"],"build_version":"2020-12-22","purchased_purges":0,"victory":false,"max_hp_per_floor":[70,70,70,70,70,70,70,70,70,70,70,70,70,70,70],"card_choices":[{"not_picked":["BeautyBeast","CherryBlossoms"],"picked":"Bloodbath","floor":1},{"not_picked":["Bouncing Flask","Dash"],"picked":"Deflect","floor":1},{"not_picked":["PunishingBird","ShyLook"],"picked":"OSAHOGD","floor":4},{"not_picked":["Sucker Punch","Bane"],"picked":"Endless Agony","floor":4},{"not_picked":["Laetitia","CherryBlossoms"],"picked":"FairyFestival","floor":7},{"not_picked":["Dagger Spray","Deflect"],"picked":"Prepared","floor":7},{"not_picked":["Scorched","Funeral","CherryBlossoms"],"picked":"Singing Bowl","floor":8},{"not_picked":["BeautyBeast","SpiderBud"],"picked":"WhitesApple","floor":8},{"not_picked":["Cloak And Dagger","Sucker Punch"],"picked":"Noxious Fumes","floor":8},{"not_picked":["DreamingCurrent","BlackSwan"],"picked":"SpiderBud","floor":11},{"not_picked":["Infinite Blades","Outmaneuver"],"picked":"Eviscerate","floor":11},{"not_picked":["WallGazer","FieryBird"],"picked":"QueenOfHatred","floor":13},{"not_picked":["Riddle With Holes","Dodge and Roll"],"picked":"Prepared","floor":13}],"player_experience":121535,"relics_obtained":[{"floor":9,"key":"MawBank"}],"event_choices":[{"damage_healed":0,"gold_gain":75,"player_choice":"Gather Gold","damage_taken":11,"max_hp_gain":0,"max_hp_loss":0,"event_name":"World of Goop","floor":3,"gold_loss":0},{"cards_removed":["Defend_G"],"damage_healed":0,"gold_gain":0,"player_choice":"Took Card","damage_taken":0,"max_hp_gain":0,"max_hp_loss":0,"event_name":"NoteForYourself","floor":5,"gold_loss":0,"cards_obtained":["HollowMod:QuickDashStart"]}],"is_beta":false,"boss_relics":[],"items_purged_floors":[],"is_endless":false,"potions_floor_spawned":[1],"killed_by":"Lagavulin","ascension_level":0}}