{"host":"pqhwp6kmk3x070f7","time":1610272081,"event":{"mods":["Act Like it!","BaseMod","Better Altar","Better Match","Better Note","Better Sensory Stone","Better Skull","Better Third Choice","Downfall","Energized Spire","Hubris","Infinite Spire","Minty Spire (QoL Compilation)","Replay The Spire","StSLib","The Administrix","The Caster","The Marked","The Poker Player","TheBandit"],"gold_per_floor":[116,116,137,257,272,272,272,272],"floor_reached":6,"playtime":825,"items_purged":[],"score":36,"play_id":"34ed9a02-82c5-4e10-a0f4-16c925073625","local_time":"20210110014801","is_ascension_mode":false,"campfire_choices":[],"circlet_count":0,"master_deck":["wariomod:Strike","wariomod:Strike","wariomod:Strike","wariomod:Strike","wariomod:Defend","wariomod:Defend","wariomod:Defend","wariomod:Defend","wariomod:Step","wariomod:Leap","wariomod:DisarmingMoves","wariomod:BigUpgrade","Pot Of Greed","Pot Of Greed","wariomod:RacingSpeed","wariomod:TempestBlasts","wariomod:EmptyMind"],"relics":["wariomod:TheHat","Golden Idol","Grinning Jar"],"acts_visited":["Exordium"],"potions_floor_usage":[],"damage_taken":[{"damage":3,"enemies":"Jaw Worm","floor":1,"turns":3},{"damage":0,"enemies":"Cultist","floor":3,"turns":4},{"damage":0,"enemies":"Small Slimes","floor":5,"turns":4},{"damage":70,"enemies":"Gremlin Nob","floor":6,"turns":5}],"seed_played":"1788055837924866716","potions_obtained":[],"is_trial":false,"path_per_floor":["M","?","M","?","M","E"],"character_chosen":"THE_BANDIT","items_purchased":[],"campfire_rested":0,"item_purchase_floors":[],"current_hp_per_floor":[85,63,63,63,63,0,0,0],"gold":272,"neow_bonus":"TEN_PERCENT_HP_BONUS","is_daily":false,"chose_seed":false,"campfire_upgraded":0,"win_rate":0.0,"timestamp":1610272081,"path_taken":["M","?","M","?","?","E"],"items_purchased_type":[],"build_version":"2020-12-22","purchased_purges":0,"victory":false,"max_hp_per_floor":[88,88,88,88,88,88,88,88],"card_choices":[{"not_picked":["wariomod:Boomsmack","wariomod:HastyRush"],"picked":"wariomod:DisarmingMoves","floor":1},{"not_picked":["wariomod:DisarmingMoves","wariomod:BoomBoom"],"picked":"wariomod:BigUpgrade","floor":3},{"not_picked":["wariomod:Bombshield","wariomod:AwfulLook"],"picked":"wariomod:RacingSpeed","floor":4},{"not_picked":["wariomod:HappyHop","wariomod:DanceDash"],"picked":"wariomod:TempestBlasts","floor":4},{"not_picked":["wariomod:Goblast","wariomod:SpaceSwap"],"picked":"wariomod:EmptyMind","floor":5}],"player_experience":1383487,"relics_obtained":[{"floor":4,"key":"Grinning Jar"}],"event_choices":[{"damage_healed":0,"gold_gain":0,"player_choice":"Take Damage","damage_taken":22,"relics_obtained":["Golden Idol"],"max_hp_gain":0,"max_hp_loss":0,"event_name":"Golden Idol","floor":2,"gold_loss":0}],"is_beta":false,"boss_relics":[],"items_purged_floors":[],"is_endless":false,"potions_floor_spawned":[],"killed_by":"Gremlin Nob","ascension_level":0}}