{"host":"7o30bgpqouqblh42","time":1610245921,"event":{"mods":["AchievementEnabler","Aspiration","BaseMod","Colored Map","Downfall","Highlight Path","Minty Spire (QoL Compilation)","StSLib","SuperFastMode"],"gold_per_floor":[113,113,113,129,145,145,155,155,181,181,225,241,241,118,118,239,239,253,271,271,23,23,23,23],"floor_reached":23,"playtime":945,"items_purged":["Injury","Strike_B"],"score":208,"play_id":"c5ae6286-90b6-4dcf-854d-8b7453e8ba62","local_time":"20210109213201","is_ascension_mode":true,"campfire_choices":[{"data":"Thunder Strike","floor":6,"key":"SMITH"},{"data":"Lockon","floor":8,"key":"SMITH"},{"data":"Genetic Algorithm","floor":13,"key":"SMITH"},{"data":"Redo","floor":15,"key":"SMITH"}],"circlet_count":0,"master_deck":["Strike_B","Strike_B","Strike_B","Defend_B","Defend_B","Defend_B","Defend_B","Zap","Dualcast","FTL+1","Thunder Strike+1","Compile Driver","Stack","Conserve Battery","Lockon+1","Redo","Genetic Algorithm+1","Redo+1","Machine Learning","CurseOfTheBell","Steam","Redo+1","Thunder Strike"],"relics":["Cracked Core","NeowsBlessing","Anchor","Golden Idol","Toy Ornithopter","Calling Bell","Pen Nib","Mummified Hand","Pocketwatch","PrismaticShard","Juzu Bracelet"],"acts_visited":["Exordium","TheCity"],"potions_floor_usage":[16,16,16,19],"damage_taken":[{"damage":0,"enemies":"2 Louse","floor":1,"turns":1},{"damage":0,"enemies":"Jaw Worm","floor":4,"turns":1},{"damage":0,"enemies":"Cultist","floor":5,"turns":1},{"damage":16,"enemies":"Exordium Wildlife","floor":7,"turns":4},{"damage":18,"enemies":"Lagavulin","floor":11,"turns":6},{"damage":0,"enemies":"3 Louse","floor":12,"turns":3},{"damage":9,"enemies":"Slime Boss","floor":16,"turns":8},{"damage":0,"enemies":"Chosen","floor":18,"turns":4},{"damage":33,"enemies":"3 Byrds","floor":19,"turns":4},{"damage":64,"enemies":"Gremlin Leader","floor":23,"turns":5}],"seed_played":"-5455010700388327835","potions_obtained":[{"floor":4,"key":"CultistPotion"},{"floor":7,"key":"Strength Potion"},{"floor":12,"key":"ColorlessPotion"},{"floor":16,"key":"Dexterity Potion"},{"floor":18,"key":"Swift Potion"}],"is_trial":false,"path_per_floor":["M","?","?","M","M","R","M","R","T","?","E","M","R","$","R","B",null,"M","M","?","$","?","E"],"character_chosen":"DEFECT","items_purchased":["Redo","Juzu Bracelet"],"campfire_rested":0,"item_purchase_floors":[14,21],"current_hp_per_floor":[75,75,75,75,75,75,59,59,59,59,41,41,41,41,41,47,75,75,42,34,34,59,0,0],"gold":23,"neow_bonus":"THREE_ENEMY_KILL","is_daily":false,"chose_seed":false,"campfire_upgraded":4,"win_rate":0.0,"timestamp":1610245921,"path_taken":["M","?","?","?","M","R","M","R","T","?","E","M","R","$","R","BOSS","M","M","?","$","?","E"],"items_purchased_type":["Card","Relic"],"build_version":"2020-12-22","purchased_purges":2,"victory":false,"max_hp_per_floor":[75,75,75,75,75,75,75,75,75,75,75,75,75,75,75,75,75,75,75,75,75,75,75,75],"card_choices":[{"not_picked":["Coolheaded","Rebound"],"picked":"FTL","floor":1},{"not_picked":["Streamline","Gash"],"picked":"Stack","floor":4},{"not_picked":["Amplify","aspiration:Polymerization"],"picked":"Conserve Battery","floor":5},{"not_picked":["Doom and Gloom","White Noise"],"picked":"Lockon","floor":7},{"not_picked":["Multi-Cast","Sunder"],"picked":"Redo","floor":11},{"not_picked":["Loop","Force Field"],"picked":"Genetic Algorithm","floor":12},{"not_picked":["Thunder Strike","All For One"],"picked":"Machine Learning","floor":16},{"not_picked":["Barrage","Melter"],"picked":"Steam","floor":18},{"not_picked":["Conserve Battery+1","Go for the Eyes"],"picked":"Redo+1","floor":19},{"not_picked":["Sweeping Beam","Stack+1"],"picked":"Thunder Strike","floor":20}],"player_experience":245423,"relics_obtained":[{"floor":9,"key":"Anchor"},{"floor":11,"key":"Toy Ornithopter"},{"floor":17,"key":"Pen Nib"},{"floor":17,"key":"Mummified Hand"},{"floor":17,"key":"Pocketwatch"},{"floor":20,"key":"PrismaticShard"}],"event_choices":[{"damage_healed":0,"gold_gain":0,"player_choice":"Grow","damage_taken":0,"max_hp_gain":0,"max_hp_loss":0,"event_name":"Living Wall","floor":2,"gold_loss":0,"cards_upgraded":["FTL"]},{"damage_healed":0,"gold_gain":0,"player_choice":"2 cards matched","damage_taken":0,"max_hp_gain":0,"max_hp_loss":0,"event_name":"Match and Keep!","floor":3,"gold_loss":0,"cards_obtained":["Thunder Strike","Compile Driver"]},{"damage_healed":0,"gold_gain":0,"player_choice":"Take Wound","damage_taken":0,"relics_obtained":["Golden Idol"],"max_hp_gain":0,"max_hp_loss":0,"event_name":"Golden Idol","floor":10,"gold_loss":0,"cards_obtained":["Injury"]},{"damage_healed":25,"gold_gain":0,"player_choice":"Heal","damage_taken":0,"max_hp_gain":0,"max_hp_loss":0,"event_name":"The Library","floor":22,"gold_loss":0}],"is_beta":false,"boss_relics":[{"not_picked":["Sozu","aspiration:RunicSpoon"],"picked":"Calling Bell"}],"items_purged_floors":[14,21],"is_endless":false,"potions_floor_spawned":[4,7,12,16,18],"killed_by":"Gremlin Leader","ascension_level":2}}