{"host":"ha6p5pdchuduffeg","time":1610265781,"event":{"mods":["Act Like it!","BaseMod","Gensokyo","KinomotoSakuraMod(ƒæ÷Æ±æ”£)","Koishi","Marisa£®ÏF”Í°°ƒß¿Ì…≥£©","Minty Spire (QoL Compilation)","Reimu£®≤©¿ˆ¡È√Œ£©","Remilia£®¿Ÿ√◊¿Ú—«£©","Replay The Spire","StSLib","The Servant 0.9.4","Youmu£®ªÍ∆«—˝√Œ£©"],"gold_per_floor":[114,125,125,125,50,85,96,115,115,142,142,176,176,188,188,292,292,305,0,0,0,10,10,20,46,100,125,125,125,145,163,163,268,268,283,333,9,21,0,30,30,65,65,84,97,97,152,162,162,162],"floor_reached":51,"playtime":2348,"items_purged":["Delirium"],"score":968,"play_id":"b21ba262-e009-472c-b94b-521557ce36bb","local_time":"20210110160301","is_ascension_mode":true,"campfire_choices":[{"data":"KidneyShot","floor":11,"key":"SMITH"},{"data":"ShatteredReality","floor":13,"key":"SMITH"},{"floor":15,"key":"REST"},{"floor":23,"key":"RECALL"},{"floor":32,"key":"REST"},{"floor":41,"key":"REST"},{"floor":46,"key":"REST"},{"floor":49,"key":"DIG"}],"circlet_count":0,"master_deck":["Strike_S+1","Strike_S+1","Strike_S+1","Strike_S+1","Defend_S+1","Defend_S+1","Defend_S+1","Defend_S+1","KidneyShot+1","Exchange+1","Contraction+1","ShatteredReality+1","Contraction","Defy+1","SoulSculpture+1","Spin+1","Defy+1","MoonPhase+1","PendulumOfEternity+1","SoulSculpture+1","Rearm+1","SilverBlades","Ricochet+1"],"relics":["Uniform","NeowsBlessing","ReplayTheSpireMod:Ring of Addiction","Ring of Fury","Potion Belt","White Beast Statue","Juzu Bracelet","Replay:Baseball","Golden Egg","Fusion Hammer","Vajra","MealTicket","Regal Pillow","Gremlin Food","Bag of Preparation","Nloth\u0027s Gift","Replay:Grab Bag","SlaversCollar","Philosopher\u0027s Stone","Black Star","Shovel","Letter Opener","Red Mask","Orichalcum","Blood Vial","ReplayTheSpireMod:TigerMarble","Kunai","Replay:Arrowhead","Unceasing Top","Calipers"],"acts_visited":["Exordium","TheCity","TheBeyond"],"potions_floor_usage":[6,7,8,12,14,16,18,18,24,25,27,30,31,33,35,38,40,42,42,44,45,47,48,50,50,50],"damage_taken":[{"damage":0,"enemies":"Jaw Worm","floor":1,"turns":1},{"damage":0,"enemies":"2 Louse","floor":2,"turns":2},{"damage":5,"enemies":"3 Sentries","floor":6,"turns":2},{"damage":0,"enemies":"Cultist","floor":7,"turns":4},{"damage":3,"enemies":"2 Fungi Beasts","floor":8,"turns":3},{"damage":4,"enemies":"Replay:BlueRogue","floor":12,"turns":4},{"damage":13,"enemies":"Exordium Wildlife","floor":14,"turns":6},{"damage":18,"enemies":"The Guardian","floor":16,"turns":17},{"damage":9,"enemies":"2 Thieves","floor":18,"turns":2},{"damage":0,"enemies":"3 Byrds","floor":22,"turns":4},{"damage":0,"enemies":"Snecko","floor":24,"turns":3},{"damage":0,"enemies":"Slavers","floor":25,"turns":4},{"damage":0,"enemies":"Replay:Snechameleon","floor":27,"turns":5},{"damage":12,"enemies":"Snake Plant","floor":30,"turns":3},{"damage":0,"enemies":"3 Cultists","floor":31,"turns":4},{"damage":4,"enemies":"Champ","floor":33,"turns":17},{"damage":5,"enemies":"3 Darklings","floor":35,"turns":7},{"damage":0,"enemies":"Mind Bloom Boss Battle","floor":36,"turns":5},{"damage":0,"enemies":"Orb Walker","floor":38,"turns":3},{"damage":36,"enemies":"Reptomancer","floor":40,"turns":5},{"damage":2,"enemies":"R_Hoarder","floor":42,"turns":9},{"damage":0,"enemies":"Maw","floor":44,"turns":8},{"damage":10,"enemies":"Spire Growth","floor":45,"turns":4},{"damage":8,"enemies":"2 Orb Walkers","floor":47,"turns":3},{"damage":0,"enemies":"Writhing Mass","floor":48,"turns":5},{"damage":14,"enemies":"Awakened One","floor":50,"turns":13}],"seed_played":"3242058264178228286","potions_obtained":[{"floor":4,"key":"Fire Potion"},{"floor":4,"key":"Weak Potion"},{"floor":4,"key":"Elixir"},{"floor":6,"key":"ColorlessPotion"},{"floor":7,"key":"Dexterity Potion"},{"floor":8,"key":"AttackPotion"},{"floor":12,"key":"EssenceOfSteel"},{"floor":14,"key":"DistilledChaos"},{"floor":16,"key":"AttackPotion"},{"floor":18,"key":"SteroidPotion"},{"floor":22,"key":"Adrenaline Potion"},{"floor":24,"key":"PowerPotion"},{"floor":25,"key":"FearPotion"},{"floor":27,"key":"Regen Potion"},{"floor":30,"key":"Explosive Potion"},{"floor":31,"key":"Energy Potion"},{"floor":33,"key":"BlessingOfTheForge"},{"floor":35,"key":"LiquidBronze"},{"floor":36,"key":"Venom Potion"},{"floor":38,"key":"ZuzhouPotion:ReiMu"},{"floor":40,"key":"DistilledChaos"},{"floor":42,"key":"PowerPotion"},{"floor":44,"key":"ColorlessPotion"},{"floor":45,"key":"Dexterity Potion"},{"floor":47,"key":"ZuzhouPotion:ReiMu"},{"floor":48,"key":"LiquidBronze"}],"is_trial":false,"path_per_floor":["M","M","$","?","$","E","M","M","T","T","R","E","R","M","R","B",null,"M","$","?","$","M","R","M","E","T","E","?","?","M","M","R","B",null,"M","?","$","M","?","E","R","E","T","M","M","R","?","M","R","B",null],"character_chosen":"THE_SERVANT","items_purchased":["Vajra","MealTicket","LiquidMemories","Letter Opener"],"campfire_rested":4,"item_purchase_floors":[19,19,37,37],"current_hp_per_floor":[65,65,65,65,65,60,60,57,57,57,57,53,53,40,58,40,63,54,54,54,63,61,61,61,61,61,61,61,61,49,49,61,57,61,56,56,61,61,61,25,58,58,58,60,51,61,53,55,55,58],"gold":162,"neow_bonus":"THREE_ENEMY_KILL","is_daily":false,"chose_seed":false,"campfire_upgraded":2,"win_rate":0.0,"timestamp":1610265781,"path_taken":["M","M","$","?","$","E","M","M","T","?","R","E","R","M","R","BOSS","M","$","?","?","M","R","M","E","T","E","?","?","M","M","R","BOSS","M","?","$","M","?","E","R","E","T","M","M","R","?","M","R","BOSS"],"items_purchased_type":["Relic","Relic","Potion","Relic"],"build_version":"2020-12-22","purchased_purges":1,"victory":true,"max_hp_per_floor":[65,65,65,65,65,65,65,65,65,65,65,63,63,63,63,63,63,63,63,63,63,61,61,61,61,61,61,61,61,61,61,61,61,61,61,61,61,61,61,61,61,61,61,61,61,61,61,61,61,61],"card_choices":[{"not_picked":["BottledTime","DoubleEdge"],"picked":"Contraction","floor":1},{"not_picked":["Starlight","Potential","Replace"],"picked":"SKIP","floor":2},{"not_picked":["ShiftingGears","Rewind","InstantArmor"],"picked":"SKIP","floor":6},{"not_picked":["Revamp","FastForward"],"picked":"ShatteredReality","floor":7},{"not_picked":["BottledTime","Sabotage"],"picked":"Contraction","floor":8},{"not_picked":["Replace","Potential","ShatteredReality"],"picked":"SKIP","floor":12},{"not_picked":["InstantArmor","SurpressingFire"],"picked":"Defy","floor":14},{"not_picked":["Deny","Sunlight"],"picked":"SoulSculpture","floor":16},{"not_picked":["Defy","BottledTime"],"picked":"Spin+1","floor":18},{"not_picked":["Sabotage","Unruled"],"picked":"Defy+1","floor":22},{"not_picked":["Unruled","Revamp"],"picked":"MoonPhase+1","floor":24},{"not_picked":["ShiftingGears","Reset","StarChef"],"picked":"SKIP","floor":25},{"not_picked":["FastForward","Alleviate","Read"],"picked":"SKIP","floor":27},{"not_picked":["DoubleEdge","Rewind"],"picked":"PendulumOfEternity","floor":30},{"not_picked":["Moonlight","Manipulate+1","Spin"],"picked":"SKIP","floor":31},{"not_picked":["Deny","Duplication"],"picked":"SoulSculpture","floor":33},{"not_picked":["Collapse","BestPractice","RealityMarble+1"],"picked":"SKIP","floor":35},{"not_picked":["BottledTime+1","Unruled+1","DoubleEdge"],"picked":"SKIP","floor":38},{"not_picked":["ForgedInTime","ShiftingGears","Misdirection"],"picked":"SKIP","floor":40},{"not_picked":["Rewind","ReturningBlade+1","Collapse"],"picked":"SKIP","floor":42},{"not_picked":["Rewind","ReturningBlade+1","Collapse"],"picked":"SKIP","floor":42},{"not_picked":["MurderousAura","TimeWarp"],"picked":"Rearm","floor":44},{"not_picked":["Comet+1","Alleviate"],"picked":"SilverBlades","floor":45},{"not_picked":["Unruled+1","GearUp"],"picked":"Ricochet+1","floor":48}],"player_experience":49490,"relics_obtained":[{"floor":4,"key":"ReplayTheSpireMod:Ring of Addiction"},{"floor":4,"key":"Ring of Fury"},{"floor":4,"key":"Potion Belt"},{"floor":4,"key":"White Beast Statue"},{"floor":6,"key":"Juzu Bracelet"},{"floor":9,"key":"Replay:Baseball"},{"floor":10,"key":"Broom"},{"floor":12,"key":"Golden Egg"},{"floor":25,"key":"Regal Pillow"},{"floor":26,"key":"Gremlin Food"},{"floor":27,"key":"Bag of Preparation"},{"floor":36,"key":"Shovel"},{"floor":40,"key":"Orichalcum"},{"floor":40,"key":"Blood Vial"},{"floor":42,"key":"ReplayTheSpireMod:TigerMarble"},{"floor":42,"key":"Kunai"},{"floor":43,"key":"Replay:Arrowhead"},{"floor":47,"key":"Unceasing Top"},{"floor":49,"key":"Calipers"}],"event_choices":[{"damage_healed":0,"gold_gain":0,"player_choice":"Upgraded","damage_taken":0,"max_hp_gain":0,"max_hp_loss":0,"event_name":"Upgrade Shrine","floor":20,"gold_loss":0,"cards_upgraded":["Defy"]},{"damage_healed":0,"gold_gain":0,"player_choice":"Simplicity","damage_taken":0,"max_hp_gain":0,"max_hp_loss":0,"event_name":"Back to Basics","floor":28,"gold_loss":0,"cards_upgraded":["Strike_S","Strike_S","Strike_S","Strike_S","Defend_S","Defend_S","Defend_S","Defend_S"]},{"damage_healed":0,"gold_gain":0,"player_choice":"Traded Relic","damage_taken":0,"relics_obtained":["Nloth\u0027s Gift"],"max_hp_gain":0,"max_hp_loss":0,"event_name":"N\u0027loth","floor":29,"relics_lost":["Broom"],"gold_loss":0},{"damage_healed":0,"gold_gain":0,"player_choice":"Fight","damage_taken":0,"max_hp_gain":0,"max_hp_loss":0,"event_name":"MindBloom","floor":36,"gold_loss":0},{"damage_healed":0,"gold_gain":0,"player_choice":"Paid","damage_taken":0,"relics_obtained":["Red Mask"],"max_hp_gain":0,"max_hp_loss":0,"event_name":"Tomb of Lord Red Mask","floor":39,"gold_loss":21},{"damage_healed":0,"gold_gain":0,"player_choice":"Fight","damage_taken":0,"max_hp_gain":0,"max_hp_loss":0,"event_name":"Mysterious Sphere","floor":47,"gold_loss":0}],"is_beta":false,"boss_relics":[{"not_picked":["Replay:Drink Me","Sozu"],"picked":"Fusion Hammer"},{"not_picked":["Velvet Choker","Painkiller Herb"],"picked":"Replay:Grab Bag"},{"not_picked":["Cursed Key","ChewingGum"],"picked":"SlaversCollar"},{"not_picked":["Busted Crown","Runic Dome"],"picked":"Philosopher\u0027s Stone"},{"not_picked":["Snecko Eye","Empty Cage"],"picked":"Black Star"}],"items_purged_floors":[5],"is_endless":false,"potions_floor_spawned":[6,7,8,12,14,16,18,22,24,25,27,30,31,33,35,36,38,40,42,44,45,47,48],"ascension_level":3}}