{"host":"4rvakrj1idbgia3f","time":1610284204,"event":{"mods":["BaseMod","Colored Map","Colored Powertips","DeckTracker","Highlight Path","Minty Spire (QoL Compilation)","Random Character Button","StSLib"],"gold_per_floor":[109,5,0,13,27,53,53,88,88,88,13,13,46,61,61,137,137,154,154,169,183,183,183,217,229,229,280,313,339,339,356,356,432,432,450,450,461,480,494,494,524,524,592,135,148,158,158,174,174,174,174],"floor_reached":52,"playtime":4733,"items_purged":["Strike_R","Strike_R"],"score":1924,"play_id":"3af30401-1eea-48fa-8d92-1a4f28613260","local_time":"20210110221004","is_ascension_mode":true,"campfire_choices":[{"data":"Armaments","floor":7.0,"key":"SMITH"},{"data":"Reaper","floor":10.0,"key":"SMITH"},{"data":"Hemokinesis","floor":12.0,"key":"SMITH"},{"data":"Demon Form","floor":15.0,"key":"SMITH"},{"data":"Limit Break","floor":23.0,"key":"SMITH"},{"data":"Pummel","floor":30.0,"key":"SMITH"},{"data":"Shockwave","floor":32.0,"key":"SMITH"},{"data":"Sword Boomerang","floor":40,"key":"SMITH"},{"data":"Bash","floor":49,"key":"SMITH"}],"circlet_count":0,"master_deck":["AscendersBane","Strike_R","Strike_R","Defend_R","Defend_R","Defend_R","Bash+1","Reaper+1","Hemokinesis+1","Shrug It Off","Armaments+1","Shrug It Off","Shockwave+1","Demon Form+1","Limit Break+1","Sword Boomerang+1","Necronomicurse","Pummel+1","Decay","True Grit+1","Disarm+1","Sentinel+1","Battle Trance+1","Reaper","Whirlwind+1","Second Wind+1","Shrug It Off+1","Power Through+1","Second Wind+1","Sentinel+1"],"relics":["Burning Blood","Pocketwatch","WingedGreaves","Du-Vu Doll","Pen Nib","Black Star","Necronomicon","Eternal Feather","Toxic Egg 2","White Beast Statue","Omamori","Shuriken","Letter Opener","Tiny Chest","Paper Frog","Calling Bell","Anchor","Sundial","Dead Branch","Magic Flower","Blue Candle","PreservedInsect","Sling","Bottled Lightning"],"acts_visited":["Exordium","TheCity","TheBeyond"],"potions_floor_usage":[41,51],"damage_taken":[{"damage":14.0,"enemies":"Small Slimes","floor":1.0,"turns":3.0},{"damage":10.0,"enemies":"2 Louse","floor":4.0,"turns":3.0},{"damage":4.0,"enemies":"Jaw Worm","floor":5.0,"turns":2.0},{"damage":41.0,"enemies":"3 Sentries","floor":6.0,"turns":11.0},{"damage":7.0,"enemies":"Gremlin Nob","floor":8.0,"turns":3.0},{"damage":19.0,"enemies":"3 Sentries","floor":13.0,"turns":8.0},{"damage":1.0,"enemies":"Blue Slaver","floor":14.0,"turns":6.0},{"damage":29.0,"enemies":"The Guardian","floor":16.0,"turns":8.0},{"damage":14.0,"enemies":"Shell Parasite","floor":18.0,"turns":7.0},{"damage":7.0,"enemies":"Chosen","floor":20.0,"turns":4.0},{"damage":41.0,"enemies":"Shelled Parasite and Fungi","floor":21.0,"turns":7.0},{"damage":51.0,"enemies":"Book of Stabbing","floor":24.0,"turns":4.0},{"damage":47.0,"enemies":"Snake Plant","floor":25.0,"turns":6.0},{"damage":77.0,"enemies":"Gremlin Leader","floor":28.0,"turns":7.0},{"damage":60.0,"enemies":"Book of Stabbing","floor":29.0,"turns":6.0},{"damage":7.0,"enemies":"Sentry and Sphere","floor":31.0,"turns":3.0},{"damage":34.0,"enemies":"Champ","floor":33.0,"turns":4.0},{"damage":0.0,"enemies":"3 Shapes","floor":35.0,"turns":2.0},{"damage":0.0,"enemies":"3 Darklings","floor":37.0,"turns":2.0},{"damage":6.0,"enemies":"4 Shapes","floor":38.0,"turns":3.0},{"damage":39,"enemies":"Spire Growth","floor":39,"turns":5},{"damage":0,"enemies":"Reptomancer","floor":41,"turns":2},{"damage":32,"enemies":"3 Darklings","floor":45,"turns":4},{"damage":8,"enemies":"Transient","floor":46,"turns":6},{"damage":0,"enemies":"Jaw Worm Horde","floor":48,"turns":1},{"damage":51,"enemies":"Time Eater","floor":50,"turns":6},{"damage":79,"enemies":"Awakened One","floor":51,"turns":8}],"seed_played":"-3533430323383874495","potions_obtained":[{"floor":6.0,"key":"BlessingOfTheForge"},{"floor":8.0,"key":"Swift Potion"},{"floor":14.0,"key":"Fruit Juice"},{"floor":21.0,"key":"HeartOfIron"},{"floor":28.0,"key":"Swift Potion"},{"floor":29.0,"key":"FearPotion"},{"floor":31.0,"key":"Explosive Potion"},{"floor":35.0,"key":"Fire Potion"},{"floor":41,"key":"SteroidPotion"}],"is_trial":false,"path_per_floor":["M","$","?","M","M","E","R","E","T","R","?","R","E","M","R","B",null,"M","?","M","M","?","R","E","M","T","T","E","E","R","M","R","B",null,"M","?","M","M","M","R","E","?","T","$","M","M","T","M","R","B","B",null],"character_chosen":"IRONCLAD","items_purchased":["Anger","PreservedInsect","Sling","Second Wind+1"],"campfire_rested":0,"item_purchase_floors":[2,44,44,44],"current_hp_per_floor":[46,46,46,49,51,28,28,33,33,33,33,33,38,54,54,53,73,80,59,80,80,80,80,55,80,80,80,80,74,80,79,80,52,73,79,79,80,80,80,80,80,80,80,80,80,80,80,80,80,80,25],"gold":174,"neow_bonus":"TRANSFORM_TWO_CARDS","is_daily":false,"chose_seed":false,"campfire_upgraded":9,"win_rate":0.0,"timestamp":1610284204,"path_taken":["M","$","?","M","M","E","R","E","T","R","?","R","E","M","R","BOSS","M","?","M","M","?","R","E","M","T","?","E","E","R","M","R","BOSS","M","?","M","M","?","R","E","?","T","$","M","M","?","M","R","BOSS","BOSS"],"items_purchased_type":["Card","Relic","Relic","Card"],"build_version":"2020-12-22","purchased_purges":2,"victory":true,"max_hp_per_floor":[75,75,75,75,75,75,75,75,75,75,75,75,75,80,80,80,80,80,80,80,80,80,80,80,80,80,80,80,80,80,80,80,80,80,80,80,80,80,80,80,80,80,80,80,80,80,80,80,80,80,80],"card_choices":[{"not_picked":["Reckless Charge","Fire Breathing"],"picked":"Shrug It Off","floor":1.0},{"not_picked":["Dark Embrace","Anger"],"picked":"Iron Wave","floor":4.0},{"not_picked":["Sentinel","Body Slam"],"picked":"Armaments","floor":5.0},{"not_picked":["Havoc","Combust"],"picked":"Shrug It Off","floor":6.0},{"not_picked":["Warcry","Iron Wave","Armaments"],"picked":"SKIP","floor":8.0},{"not_picked":["Shrug It Off","Intimidate"],"picked":"Shockwave","floor":13.0},{"not_picked":["Clothesline","Spot Weakness"],"picked":"Demon Form","floor":14.0},{"not_picked":["Corruption","Bludgeon"],"picked":"Limit Break","floor":16.0},{"not_picked":["Body Slam","Headbutt"],"picked":"Sword Boomerang","floor":18.0},{"not_picked":["Inflame","Iron Wave","Dropkick"],"picked":"SKIP","floor":20.0},{"not_picked":["Flex","Hemokinesis"],"picked":"Pummel","floor":21.0},{"not_picked":["Havoc+1","Iron Wave"],"picked":"True Grit+1","floor":24.0},{"not_picked":["Twin Strike","Bloodletting+1","Entrench+1"],"picked":"SKIP","floor":25.0},{"not_picked":["Warcry+1","Berserk"],"picked":"Disarm+1","floor":28.0},{"not_picked":["Demon Form","Inflame"],"picked":"Sentinel+1","floor":29.0},{"not_picked":["Pommel Strike","Twin Strike"],"picked":"Battle Trance+1","floor":31.0},{"not_picked":["Brutality","Limit Break+1"],"picked":"Reaper","floor":33.0},{"not_picked":["Wild Strike","Perfected Strike+1"],"picked":"Whirlwind+1","floor":35.0},{"not_picked":["Spot Weakness+1","Sword Boomerang"],"picked":"Second Wind+1","floor":37.0},{"not_picked":["Pommel Strike","Rampage"],"picked":"Shrug It Off+1","floor":38.0},{"not_picked":["Entrench+1","Sword Boomerang"],"picked":"Power Through+1","floor":39},{"not_picked":["Shrug It Off+1","Perfected Strike+1","Body Slam"],"picked":"SKIP","floor":41},{"not_picked":["Rampage","Twin Strike+1"],"picked":"Sentinel+1","floor":45},{"not_picked":["Metallicize","Clothesline","Fire Breathing+1"],"picked":"SKIP","floor":46},{"not_picked":["Pummel","True Grit+1","Thunderclap"],"picked":"SKIP","floor":48}],"player_experience":1993801,"relics_obtained":[{"floor":6.0,"key":"Pocketwatch"},{"floor":8.0,"key":"WingedGreaves"},{"floor":9.0,"key":"Du-Vu Doll"},{"floor":13.0,"key":"Pen Nib"},{"floor":19.0,"key":"Necronomicon"},{"floor":24.0,"key":"Eternal Feather"},{"floor":24.0,"key":"Toxic Egg 2"},{"floor":26.0,"key":"White Beast Statue"},{"floor":27.0,"key":"Omamori"},{"floor":28.0,"key":"Shuriken"},{"floor":28.0,"key":"Letter Opener"},{"floor":29.0,"key":"Tiny Chest"},{"floor":29.0,"key":"Paper Frog"},{"floor":34.0,"key":"Anchor"},{"floor":34.0,"key":"Sundial"},{"floor":34.0,"key":"Dead Branch"},{"floor":41,"key":"Magic Flower"},{"floor":41,"key":"Blue Candle"},{"floor":47,"key":"Bottled Lightning"}],"event_choices":[{"damage_healed":0.0,"max_hp_gain":0.0,"max_hp_loss":0.0,"gold_gain":0.0,"event_name":"World of Goop","player_choice":"Left Gold","floor":3.0,"gold_loss":5.0,"damage_taken":0.0},{"cards_removed":["Anger"],"damage_healed":0.0,"max_hp_gain":0.0,"max_hp_loss":0.0,"gold_gain":0.0,"event_name":"The Cleric","player_choice":"Card Removal","floor":11.0,"gold_loss":75.0,"damage_taken":0.0},{"damage_healed":0.0,"max_hp_gain":0.0,"max_hp_loss":0.0,"gold_gain":0.0,"event_name":"Cursed Tome","player_choice":"Obtained Book","floor":19.0,"gold_loss":0.0,"damage_taken":21.0},{"damage_healed":0.0,"max_hp_gain":0.0,"max_hp_loss":0.0,"gold_gain":0.0,"event_name":"Forgotten Altar","player_choice":"Smashed Altar","floor":22.0,"gold_loss":0.0,"damage_taken":0.0,"cards_obtained":["Decay"]},{"damage_healed":0.0,"max_hp_gain":0.0,"max_hp_loss":0.0,"gold_gain":0.0,"event_name":"Lab","player_choice":"Got Potions","floor":36.0,"gold_loss":0.0,"damage_taken":0.0},{"cards_removed":["Iron Wave"],"damage_healed":0,"gold_gain":0,"player_choice":"Removed Attack","damage_taken":0,"max_hp_gain":0,"max_hp_loss":0,"event_name":"Falling","floor":42,"gold_loss":0}],"is_beta":false,"boss_relics":[{"not_picked":["Runic Pyramid","Pandora\u0027s Box"],"picked":"Black Star"},{"not_picked":["Runic Dome","Snecko Eye"],"picked":"Calling Bell"}],"items_purged_floors":[2,44],"is_endless":false,"potions_floor_spawned":[6,8,14,21,28,29,31,33,35,37,38,39,41,45,46,48],"ascension_level":20}}