{"host":"88sw61cmk1203zgj","time":1610242969,"event":{"mods":["BaseMod","Minty Spire (QoL Compilation)"],"gold_per_floor":[110,110,10,10,85,115,145,171,171,189,189,199,199,217,217,316,316,334,334,59,75,75,75,100,100,127,127,2,2,2,31,31,134,134,153,153,32,47,57,57,69,69,69,69,88,88,123,143,143,143,143,143,47,74,74,74],"floor_reached":55,"playtime":3171,"items_purged":["Strike_G","Strike_G","Strike_G"],"score":1184,"play_id":"3aea871e-8d00-4999-b679-d74ce190d7ef","local_time":"20210109204249","is_ascension_mode":true,"campfire_choices":[{"data":"Bouncing Flask","floor":11.0,"key":"SMITH"},{"data":"Adrenaline","floor":13.0,"key":"SMITH"},{"data":"Catalyst","floor":15.0,"key":"SMITH"},{"data":"Burst","floor":23.0,"key":"SMITH"},{"data":"Backflip","floor":27.0,"key":"SMITH"},{"floor":30.0,"key":"REST"},{"floor":32.0,"key":"REST"},{"data":"Night Terror","floor":40.0,"key":"SMITH"},{"data":"Footwork","floor":42.0,"key":"SMITH"},{"floor":46.0,"key":"REST"},{"floor":49.0,"key":"RECALL"},{"data":"Acrobatics","floor":52.0,"key":"SMITH"}],"circlet_count":0,"master_deck":["AscendersBane","Defend_G","Defend_G","Defend_G","Defend_G","Defend_G","Survivor","Neutralize","Bouncing Flask+1","Flying Knee","Riddle With Holes","Adrenaline+1","Leg Sweep","Backflip+1","Catalyst+1","Burst+1","PiercingWail","Skewer","Acrobatics+1","Blind","Catalyst+1","Night Terror+1","Deadly Poison","Footwork+1","Dash+1","Deadly Poison+1","Deflect","Blind","Calculated Gamble+1"],"relics":["Ring of the Snake","NeowsBlessing","Unceasing Top","Juzu Bracelet","Odd Mushroom","Meat on the Bone","Happy Flower","Sozu","Strange Spoon","Art of War","Dream Catcher","The Specimen","Empty Cage","Ice Cream","Blood Vial","Orichalcum"],"acts_visited":["Exordium","TheCity","TheBeyond","TheEnding"],"potions_floor_usage":[],"damage_taken":[{"damage":0.0,"enemies":"Cultist","floor":1.0,"turns":1.0},{"damage":0.0,"enemies":"Gremlin Nob","floor":6.0,"turns":1.0},{"damage":0.0,"enemies":"The Mushroom Lair","floor":7.0,"turns":1.0},{"damage":36.0,"enemies":"Lagavulin","floor":8.0,"turns":7.0},{"damage":0.0,"enemies":"2 Louse","floor":10.0,"turns":3.0},{"damage":0.0,"enemies":"Jaw Worm","floor":12.0,"turns":4.0},{"damage":0.0,"enemies":"Blue Slaver","floor":14.0,"turns":5.0},{"damage":7.0,"enemies":"Hexaghost","floor":16.0,"turns":8.0},{"damage":0.0,"enemies":"Spheric Guardian","floor":18.0,"turns":3.0},{"damage":11.0,"enemies":"3 Byrds","floor":21.0,"turns":8.0},{"damage":51.0,"enemies":"Gremlin Leader","floor":24.0,"turns":9.0},{"damage":13.0,"enemies":"Book of Stabbing","floor":31.0,"turns":6.0},{"damage":43.0,"enemies":"Automaton","floor":33.0,"turns":7.0},{"damage":39.0,"enemies":"3 Darklings","floor":35.0,"turns":8.0},{"damage":34.0,"enemies":"Orb Walker","floor":38.0,"turns":5.0},{"damage":15.0,"enemies":"3 Darklings","floor":39.0,"turns":5.0},{"damage":18.0,"enemies":"Writhing Mass","floor":41.0,"turns":6.0},{"damage":9.0,"enemies":"4 Shapes","floor":45.0,"turns":5.0},{"damage":0.0,"enemies":"Giant Head","floor":47.0,"turns":3.0},{"damage":10.0,"enemies":"Spire Growth","floor":48.0,"turns":2.0},{"damage":17.0,"enemies":"Time Eater","floor":50.0,"turns":4.0},{"damage":32.0,"enemies":"Shield and Spear","floor":54.0,"turns":4.0},{"damage":51,"enemies":"The Heart","floor":55,"turns":6}],"seed_played":"1630173011876940017","potions_obtained":[{"floor":1.0,"key":"FairyPotion"},{"floor":8.0,"key":"Block Potion"}],"is_trial":false,"path_per_floor":["M","T","$","?","?","E","?","E","T","M","R","M","R","M","R","B",null,"M","?","$","M","?","R","E","?","T","R","$","?","R","E","R","B",null,"M","T","$","M","M","R","M","R","T","?","M","R","E","M","R","B",null,"R","$","E","B"],"character_chosen":"THE_SILENT","items_purchased":["Dagger Spray","PiercingWail","Strange Spoon","Deadly Poison","Footwork","Blind"],"campfire_rested":3,"item_purchase_floors":[3,20,20,37,37,53],"current_hp_per_floor":[63,63,63,68,57,57,57,21,21,33,33,45,45,45,45,38,66,66,66,66,55,55,55,16,16,16,16,16,16,38,37,59,28,63,36,36,36,14,34,34,28,28,28,28,31,53,53,45,45,42,67,67,67,49,0,0],"gold":74,"neow_bonus":"THREE_ENEMY_KILL","is_daily":false,"chose_seed":false,"campfire_upgraded":8,"win_rate":0.0,"timestamp":1610242969,"path_taken":["M","?","$","?","?","E","?","E","T","M","R","M","R","M","R","BOSS","M","?","$","M","?","R","E","?","T","R","$","?","R","E","R","BOSS","M","?","?","M","M","R","M","R","T","?","M","R","E","M","R","BOSS","R","$","E","BOSS"],"items_purchased_type":["Card","Card","Relic","Card","Card","Card"],"build_version":"2020-12-22","purchased_purges":3,"victory":false,"max_hp_per_floor":[70,70,70,75,75,75,75,75,75,75,75,75,75,75,75,75,75,75,75,75,75,75,75,75,75,75,75,75,75,75,75,75,75,75,75,75,75,75,75,75,75,75,75,75,75,75,75,75,75,75,75,75,75,75,75,75],"card_choices":[{"not_picked":["Masterful Stab","Bane"],"picked":"Bouncing Flask","floor":1.0},{"not_picked":["Tools of the Trade","Deflect"],"picked":"Flying Knee","floor":6.0},{"not_picked":["Finisher","PiercingWail"],"picked":"Riddle With Holes","floor":7.0},{"not_picked":["Flying Knee","Bouncing Flask"],"picked":"Adrenaline","floor":8.0},{"not_picked":["Slice","Crippling Poison"],"picked":"Leg Sweep","floor":10.0},{"not_picked":["Slice","Blade Dance"],"picked":"Backflip","floor":12.0},{"not_picked":["Predator","Deflect"],"picked":"Catalyst","floor":14.0},{"not_picked":["Grand Finale","After Image"],"picked":"Burst","floor":16.0},{"not_picked":["Backflip","Poisoned Stab","Dodge and Roll"],"picked":"SKIP","floor":18.0},{"not_picked":["PiercingWail","Backstab"],"picked":"Skewer","floor":21.0},{"not_picked":["Dagger Spray","Cloak And Dagger"],"picked":"Acrobatics","floor":24.0},{"not_picked":["Dagger Throw","All Out Attack+1"],"picked":"Catalyst+1","floor":31.0},{"not_picked":["A Thousand Cuts","Envenom"],"picked":"Night Terror","floor":33.0},{"not_picked":["Cloak And Dagger+1","Caltrops+1","Quick Slash+1"],"picked":"SKIP","floor":35.0},{"not_picked":["Masterful Stab+1","Underhanded Strike+1"],"picked":"Dash+1","floor":38.0},{"not_picked":["Heel Hook+1","Dagger Spray"],"picked":"Deadly Poison+1","floor":39.0},{"not_picked":["Caltrops+1","Dodge and Roll","Terror+1"],"picked":"SKIP","floor":41.0},{"not_picked":["Eviscerate+1","Dodge and Roll","Cloak And Dagger"],"picked":"SKIP","floor":45.0},{"not_picked":["Accuracy","Sucker Punch"],"picked":"Deflect","floor":47.0},{"not_picked":["Backstab","Underhanded Strike","Flying Knee+1"],"picked":"SKIP","floor":48.0},{"not_picked":["Accuracy","Dagger Throw+1"],"picked":"Calculated Gamble+1","floor":54.0}],"player_experience":1469342,"relics_obtained":[{"floor":2.0,"key":"Unceasing Top"},{"floor":6.0,"key":"Juzu Bracelet"},{"floor":7.0,"key":"Odd Mushroom"},{"floor":8.0,"key":"Meat on the Bone"},{"floor":9.0,"key":"Happy Flower"},{"floor":24.0,"key":"Art of War"},{"floor":26.0,"key":"Dream Catcher"},{"floor":31.0,"key":"The Specimen"},{"floor":43.0,"key":"Ice Cream"},{"floor":47.0,"key":"Blood Vial"},{"floor":54.0,"key":"Orichalcum"}],"event_choices":[{"damage_healed":0.0,"max_hp_gain":5.0,"max_hp_loss":0.0,"gold_gain":0.0,"event_name":"Big Fish","player_choice":"Donut","floor":4.0,"gold_loss":0.0,"damage_taken":0.0},{"damage_healed":0.0,"max_hp_gain":0.0,"max_hp_loss":0.0,"gold_gain":75.0,"event_name":"World of Goop","player_choice":"Gather Gold","floor":5.0,"gold_loss":0.0,"damage_taken":11.0},{"damage_healed":0.0,"max_hp_gain":0.0,"max_hp_loss":0.0,"gold_gain":0.0,"event_name":"Mushrooms","player_choice":"Fought Mushrooms","floor":7.0,"gold_loss":0.0,"damage_taken":0.0},{"damage_healed":0.0,"max_hp_gain":0.0,"max_hp_loss":0.0,"gold_gain":0.0,"event_name":"Ghosts","player_choice":"Ignored","floor":19.0,"gold_loss":0.0,"damage_taken":0.0},{"damage_healed":0.0,"max_hp_gain":0.0,"max_hp_loss":0.0,"gold_gain":0.0,"event_name":"FaceTrader","player_choice":"Leave","floor":22.0,"gold_loss":0.0,"damage_taken":0.0},{"damage_healed":0.0,"max_hp_gain":0.0,"max_hp_loss":0.0,"gold_gain":0.0,"event_name":"Match and Keep!","player_choice":"1 cards matched","floor":29.0,"gold_loss":0.0,"damage_taken":0.0,"cards_obtained":["Blind"]},{"cards_removed":["Dagger Spray"],"damage_healed":0.0,"max_hp_gain":0.0,"max_hp_loss":0.0,"gold_gain":0.0,"event_name":"Purifier","player_choice":"Purged","floor":44.0,"gold_loss":0.0,"damage_taken":0.0}],"is_beta":false,"boss_relics":[{"not_picked":["Velvet Choker","Runic Dome"],"picked":"Sozu"},{"not_picked":["Cursed Key","Tiny House"],"picked":"Empty Cage"}],"items_purged_floors":[3,20,28],"is_endless":false,"potions_floor_spawned":[1,8,16,18,24,31,38,41,45],"killed_by":"The Heart","ascension_level":11}}