{"host":"os9owiyb0rak6c8n","time":1610297264,"event":{"mods":["AchievementEnabler","Astrologer","BaseMod","Beaked The Cultist","Better Third Choice","Block Reminder","Colored Map","Colored Powertips","Dio Mod","Minty Spire (QoL Compilation)","Robot Space Explorer","Spicy Shops","StSLib","The Death Knight","The Necromancer"],"gold_per_floor":[112,128,128,22,22,53,53,88,126,152,190,202,214,238,250,262,262],"floor_reached":16,"playtime":366,"items_purged":["Strike_B"],"score":222,"play_id":"13cf7cb0-ac05-462f-83a7-978bc2e41865","local_time":"20210110174744","is_ascension_mode":true,"campfire_choices":[{"data":"Barrage","floor":7,"key":"SMITH"},{"data":"Hologram","floor":12,"key":"SMITH"},{"floor":15,"key":"REST"}],"circlet_count":0,"master_deck":["AscendersBane","Strike_B","Strike_B","Defend_B","Defend_B","Defend_B","Defend_B","Zap","Dualcast","Compile Driver+1","Barrage+1","Hologram+1","Cold Snap+1","Hyperbeam","Stack","Conserve Battery"],"relics":["Cracked Core","NeowsBlessing","HornCleat","Anchor","MawBank","DataDisk","Tiny Chest"],"acts_visited":["Exordium"],"potions_floor_usage":[11,16],"damage_taken":[{"damage":0,"enemies":"Cultist","floor":1,"turns":1},{"damage":0,"enemies":"Small Slimes","floor":2,"turns":1},{"damage":0,"enemies":"Lagavulin","floor":6,"turns":1},{"damage":22,"enemies":"Gremlin Nob","floor":8,"turns":5},{"damage":0,"enemies":"2 Louse","floor":10,"turns":1},{"damage":17,"enemies":"Lagavulin","floor":11,"turns":5},{"damage":0,"enemies":"Blue Slaver","floor":14,"turns":3},{"damage":36,"enemies":"Hexaghost","floor":16,"turns":12}],"seed_played":"-87372249613817427","potions_obtained":[{"floor":1,"key":"DeathKnight:RimePotion"},{"floor":14,"key":"Block Potion"}],"is_trial":false,"path_per_floor":["M","M","?","$","T","E","R","E","T","M","E","R","?","M","R","B"],"character_chosen":"DEFECT","items_purchased":["Hologram"],"campfire_rested":1,"item_purchase_floors":[4],"current_hp_per_floor":[68,68,68,68,68,68,68,46,46,46,29,29,14,14,36,0,0],"gold":262,"neow_bonus":"THREE_ENEMY_KILL","is_daily":false,"chose_seed":false,"campfire_upgraded":2,"win_rate":0.0,"timestamp":1610297264,"path_taken":["M","?","?","$","?","E","R","E","T","M","E","R","?","M","R","BOSS"],"items_purchased_type":["Card"],"build_version":"2020-12-22","purchased_purges":1,"victory":false,"max_hp_per_floor":[75,75,75,75,75,75,75,75,75,75,75,75,75,75,75,75,75],"card_choices":[{"not_picked":["Gash","Recycle"],"picked":"Compile Driver","floor":1},{"not_picked":["Coolheaded","Rebound"],"picked":"Barrage","floor":2},{"not_picked":["Redo","Steam"],"picked":"Cold Snap","floor":6},{"not_picked":["Hologram","BootSequence"],"picked":"Hyperbeam","floor":8},{"not_picked":["Coolheaded","Genetic Algorithm"],"picked":"Stack","floor":10},{"not_picked":["Streamline","Chill"],"picked":"Conserve Battery","floor":11},{"not_picked":["Auto Shields","Recycle","Lockon"],"picked":"SKIP","floor":14}],"player_experience":603524,"relics_obtained":[{"floor":5,"key":"HornCleat"},{"floor":6,"key":"Anchor"},{"floor":8,"key":"MawBank"},{"floor":9,"key":"DataDisk"},{"floor":11,"key":"Tiny Chest"}],"event_choices":[{"cards_removed":["Strike_B"],"damage_healed":0,"gold_gain":0,"player_choice":"Offered Basic","damage_taken":0,"max_hp_gain":0,"max_hp_loss":0,"event_name":"Bonfire Elementals","floor":3,"gold_loss":0},{"damage_healed":29,"gold_gain":0,"player_choice":"Upgrade","damage_taken":15,"max_hp_gain":0,"max_hp_loss":75,"event_name":"betterThird:BetterShining","floor":13,"gold_loss":0,"cards_upgraded":["Compile Driver","Cold Snap"]}],"is_beta":false,"boss_relics":[],"items_purged_floors":[4],"is_endless":false,"potions_floor_spawned":[1,14],"killed_by":"Hexaghost","ascension_level":11}}