{"host":"6749gst1gzuv21qf","time":1610320748,"event":{"mods":["Aspiration","BaseMod","Better Altar","Better Match","Better Note","Better Sensory Stone","Better Skull","Better Third Choice","BetterRewards","Colored Map","Colored Powertips","Downfall","Highlight Path","Minty Spire (QoL Compilation)","Permanent Neow","Replay The Spire","Shop Mod","Spicy Shops","StSLib","The Cursed"],"gold_per_floor":[0,12,31,31,44,54,54,70,70,88,88,88,88,88],"floor_reached":12,"playtime":825,"items_purged":[],"score":72,"play_id":"7d790ce2-2176-48a9-8acf-fece521744df","local_time":"20210110181908","is_ascension_mode":false,"campfire_choices":[{"floor":1,"key":"RECALL"},{"data":"champ:Taunt","floor":11,"key":"SMITH"}],"circlet_count":0,"master_deck":["champ:Strike","champ:Strike","champ:Strike","champ:Defend","champ:Defend","champ:Defend","champ:Execute","champ:Taunt+1","champ:GladiatorsShout","champ:TornadoPunch","champ:BerserkersShout","champ:BerserkerStyle","champ:RecklessLeap","champ:Shatter","champ:Haymaker"],"relics":["champ:ChampionCrown","Gremlin Horn"],"acts_visited":["Exordium"],"potions_floor_usage":[],"damage_taken":[{"damage":6,"enemies":"2 Louse","floor":2,"turns":4},{"damage":5,"enemies":"Cultist","floor":3,"turns":3},{"damage":11,"enemies":"Small Slimes","floor":5,"turns":5},{"damage":10,"enemies":"Blue Slaver","floor":6,"turns":5},{"damage":37,"enemies":"Red Slaver","floor":8,"turns":4},{"damage":9,"enemies":"2 Fungi Beasts","floor":10,"turns":3},{"damage":66,"enemies":"3 Sentries","floor":12,"turns":6}],"seed_played":"2066526155014008581","potions_obtained":[{"floor":2,"key":"Venom Potion"},{"floor":8,"key":"Dexterity Potion"}],"is_trial":false,"path_per_floor":["R","M","M","?","M","M","T","M","T","M","R","E"],"character_chosen":"THE_CHAMP","items_purchased":[],"campfire_rested":0,"item_purchase_floors":[],"current_hp_per_floor":[90,84,84,89,83,79,79,67,67,63,63,0,0,0],"gold":88,"neow_bonus":"TRANSFORM_TWO_CARDS","is_daily":false,"chose_seed":false,"campfire_upgraded":1,"win_rate":0.0,"timestamp":1610320748,"path_taken":["R","M","M","?","?","M","T","M","?","M","R","E"],"items_purchased_type":[],"build_version":"2020-12-22","purchased_purges":0,"victory":false,"max_hp_per_floor":[90,90,90,90,90,90,90,90,90,90,90,90,90,90],"card_choices":[{"not_picked":["champ:Haymaker","champ:AdrenalArmor"],"picked":"champ:TornadoPunch","floor":2},{"not_picked":["champ:EnragedBash","champ:FlashCut"],"picked":"champ:BerserkersShout","floor":3},{"not_picked":["champ:FocusedBerserking","champ:EndlessRage"],"picked":"champ:BerserkerStyle","floor":5},{"not_picked":["champ:EnragedBash","champ:PerfectedStrike"],"picked":"champ:RecklessLeap","floor":6},{"not_picked":["champ:EnGarde","champ:FanOfKnives"],"picked":"champ:Shatter","floor":8},{"not_picked":["champ:CalledShot","champ:FanOfKnives"],"picked":"champ:Haymaker","floor":10}],"player_experience":647528,"relics_obtained":[{"floor":9,"key":"Gremlin Horn"}],"event_choices":[{"cards_removed":["champ:CrookedStrike"],"damage_healed":5,"gold_gain":0,"player_choice":"Offered Common","damage_taken":0,"max_hp_gain":0,"max_hp_loss":0,"event_name":"Bonfire Elementals","floor":4,"gold_loss":0},{"cards_removed":["champ:CrookedStrike"],"damage_healed":5,"gold_gain":0,"player_choice":"Offered Special","damage_taken":0,"max_hp_gain":0,"max_hp_loss":0,"event_name":"Bonfire Elementals","floor":4,"gold_loss":0}],"is_beta":false,"boss_relics":[],"items_purged_floors":[],"is_endless":false,"potions_floor_spawned":[2,8],"killed_by":"3 Sentries","ascension_level":0}}