{"host":"skr63qsdfgeey3it","time":1610311648,"event":{"mods":["BaseMod","Colored Map","Minty Spire (QoL Compilation)","Replay The Spire","Spicy Shops","StSLib"],"gold_per_floor":[112,132,152,8,24,55,55,89,114,114,126,126,126],"floor_reached":12,"playtime":571,"items_purged":[],"score":145,"play_id":"1b0162db-a487-4bb8-8b7c-d851db167527","local_time":"20210110144728","is_ascension_mode":true,"campfire_choices":[{"floor":7,"key":"REST"}],"circlet_count":0,"master_deck":["Strike_B","Strike_B","Strike_B","Strike_B","Defend_B","Defend_B","Defend_B","Defend_B","Zap","Dualcast","Conserve Battery","Ball Lightning","Consume","Machine Learning","Creative AI","Crystallizer"],"relics":["Cracked Core","NeowsBlessing","Emotion Chip","Dream Catcher","Toy Ornithopter","Blood Vial"],"acts_visited":["Exordium"],"potions_floor_usage":[6,8,10,12],"damage_taken":[{"damage":0,"enemies":"Cultist","floor":1,"turns":1},{"damage":0,"enemies":"Jaw Worm","floor":2,"turns":1},{"damage":0,"enemies":"2 Louse","floor":3,"turns":1},{"damage":16,"enemies":"Lots of Slimes","floor":5,"turns":4},{"damage":21,"enemies":"3 Sentries","floor":6,"turns":6},{"damage":25,"enemies":"Lagavulin","floor":8,"turns":5},{"damage":0,"enemies":"Gremlin Nob","floor":10,"turns":2},{"damage":16,"enemies":"Gremlin Gang","floor":11,"turns":5},{"damage":36,"enemies":"3 Sentries","floor":12,"turns":6}],"seed_played":"-3779116822810352392","potions_obtained":[{"floor":1,"key":"Strength Potion"},{"floor":2,"key":"SmokeBomb"},{"floor":5,"key":"Energy Potion"},{"floor":11,"key":"ColorlessPotion"}],"is_trial":false,"path_per_floor":["M","M","M","$","M","E","R","E","T","E","M","E"],"character_chosen":"DEFECT","items_purchased":["Emotion Chip"],"campfire_rested":1,"item_purchase_floors":[4],"current_hp_per_floor":[68,68,68,68,52,31,53,28,28,35,21,0,0],"gold":126,"neow_bonus":"THREE_ENEMY_KILL","is_daily":false,"chose_seed":false,"campfire_upgraded":0,"win_rate":0.0,"timestamp":1610311648,"path_taken":["M","?","M","?","M","E","R","E","T","E","M","E"],"items_purchased_type":["Relic"],"build_version":"2020-12-22","purchased_purges":0,"victory":false,"max_hp_per_floor":[75,75,75,75,75,75,75,75,75,75,75,75,75],"card_choices":[{"not_picked":["FIFO Queue","Panic Button","BasicCrystalCard"],"picked":"SKIP","floor":1},{"not_picked":["Steam","Hologram"],"picked":"Conserve Battery","floor":2},{"not_picked":["ReplayTheSpireMod:Repulse","Hologram","Heatsinks"],"picked":"SKIP","floor":3},{"not_picked":["Steam","White Noise"],"picked":"Ball Lightning","floor":5},{"not_picked":["Cold Snap","Go for the Eyes"],"picked":"Consume","floor":6},{"not_picked":["Gash","Go for the Eyes"],"picked":"Machine Learning","floor":7},{"not_picked":["Consume","Chill"],"picked":"Creative AI","floor":8},{"not_picked":["Steam","Barrage"],"picked":"Crystallizer","floor":11}],"player_experience":736092,"relics_obtained":[{"floor":6,"key":"Dream Catcher"},{"floor":8,"key":"Toy Ornithopter"},{"floor":9,"key":"Blood Vial"}],"event_choices":[],"is_beta":false,"boss_relics":[],"items_purged_floors":[],"is_endless":false,"potions_floor_spawned":[1,2,5,11],"killed_by":"3 Sentries","ascension_level":9}}