{"host":"5wznv0010959mrmz","time":1610293416,"event":{"mods":["BaseMod","Highlight Path","Minty Spire (QoL Compilation)","Relic Stats"],"gold_per_floor":[113,129,129,140,159,159,185,199,246,265,265,265],"floor_reached":11,"playtime":289,"items_purged":[],"score":154,"play_id":"f6f4d9ed-9ab9-4d01-91ef-035da5061cc3","local_time":"20210110094336","is_ascension_mode":true,"campfire_choices":[{"data":"Dagger Spray","floor":6,"key":"SMITH"}],"circlet_count":0,"master_deck":["AscendersBane","Strike_G","Strike_G","Strike_G","Strike_G","Defend_G","Defend_G","Defend_G","Defend_G","Defend_G","Survivor","Neutralize","Dagger Spray+1","Masterful Stab","Tools of the Trade","Dagger Throw","Blade Dance","Blade Dance"],"relics":["Ring of the Snake","NeowsBlessing","Strawberry","Ancient Tea Set"],"acts_visited":["Exordium"],"potions_floor_usage":[7,7,8,10],"damage_taken":[{"damage":0,"enemies":"Cultist","floor":1,"turns":1},{"damage":0,"enemies":"2 Louse","floor":2,"turns":1},{"damage":0,"enemies":"Small Slimes","floor":4,"turns":1},{"damage":0,"enemies":"3 Louse","floor":5,"turns":4},{"damage":39,"enemies":"Gremlin Nob","floor":7,"turns":5},{"damage":0,"enemies":"Exordium Wildlife","floor":8,"turns":1},{"damage":6,"enemies":"Gremlin Gang","floor":10,"turns":3},{"damage":26,"enemies":"Lagavulin","floor":11,"turns":5}],"seed_played":"-4588671363934287365","potions_obtained":[{"floor":1,"key":"Swift Potion"},{"floor":4,"key":"Block Potion"},{"floor":7,"key":"DistilledChaos"},{"floor":8,"key":"DistilledChaos"}],"is_trial":false,"path_per_floor":["M","M","?","M","M","R","E","M","T","M","E"],"character_chosen":"THE_SILENT","items_purchased":[],"campfire_rested":0,"item_purchase_floors":[],"current_hp_per_floor":[59,59,59,59,59,59,27,27,27,21,0,0],"gold":265,"neow_bonus":"THREE_ENEMY_KILL","is_daily":false,"chose_seed":false,"campfire_upgraded":1,"win_rate":0.0,"timestamp":1610293416,"path_taken":["M","M","?","?","M","R","E","M","T","M","E"],"items_purchased_type":[],"build_version":"2020-12-22","purchased_purges":0,"victory":false,"max_hp_per_floor":[66,66,66,66,66,66,73,73,73,73,73,73],"relic_stats":{"counters":[8,21],"obtain_stats":[{"NeowsBlessing":0,"Strawberry":7,"Ancient Tea Set":9,"Ring of the Snake":0},{"NeowsBlessing":0,"Strawberry":5,"Ancient Tea Set":6,"Ring of the Snake":0},{"NeowsBlessing":0,"Strawberry":12,"Ancient Tea Set":13,"Ring of the Snake":0}],"Ring of the Snake":[16]},"card_choices":[{"not_picked":["Caltrops","Poisoned Stab"],"picked":"Dagger Spray","floor":1},{"not_picked":["Footwork","Bane"],"picked":"Masterful Stab","floor":2},{"not_picked":["Sucker Punch","Prepared"],"picked":"Dagger Throw","floor":4},{"not_picked":["Bullet Time","Dodge and Roll"],"picked":"Blade Dance","floor":5},{"not_picked":["Underhanded Strike","Cloak And Dagger"],"picked":"Blade Dance","floor":7},{"not_picked":["Deflect","Distraction","Dagger Throw"],"picked":"SKIP","floor":8},{"not_picked":["Deadly Poison","Dagger Spray","Outmaneuver"],"picked":"SKIP","floor":10}],"player_experience":439200,"relics_obtained":[{"floor":7,"key":"Strawberry"},{"floor":9,"key":"Ancient Tea Set"}],"event_choices":[{"damage_healed":0,"gold_gain":0,"cards_transformed":["Strike_G"],"player_choice":"Transformed","damage_taken":0,"max_hp_gain":0,"max_hp_loss":0,"event_name":"Transmorgrifier","floor":3,"gold_loss":0,"cards_obtained":["Tools of the Trade"]}],"is_beta":false,"boss_relics":[],"items_purged_floors":[],"is_endless":false,"potions_floor_spawned":[1,4,7,8],"killed_by":"Lagavulin","ascension_level":20}}