{"host":"Sean","time":1610317892,"event":{"mods":["BaseMod","Block Reminder","Colored Map","Colored Powertips","Highlight Path","Minty Spire (QoL Compilation)","Relic Stats"],"gold_per_floor":[113,113,133,143,143,170,170,182,209,241,241,266,266,285,285,381,381,396,88,48,65,65,65,81,81,81,155,181,181,206,216,216,313,313,326,343,343,353,363,363,77,77,77,131,131,131,161,15,15,15],"floor_reached":51,"playtime":2505,"items_purged":["Defend_G","Strike_G"],"score":876,"play_id":"61b98cbc-1d60-4efe-bb64-11255905d964","local_time":"20210110223132","is_ascension_mode":true,"campfire_choices":[{"data":"Dagger Throw","floor":11.0,"key":"SMITH"},{"data":"Survivor","floor":13.0,"key":"SMITH"},{"floor":15.0,"key":"REST"},{"data":"Blur","floor":23.0,"key":"SMITH"},{"data":"All Out Attack","floor":25.0,"key":"SMITH"},{"data":"Backstab","floor":29.0,"key":"SMITH"},{"data":"Unload","floor":32.0,"key":"SMITH"},{"data":"Tools of the Trade","floor":40.0,"key":"SMITH"},{"data":"Glass Knife","floor":45.0,"key":"SMITH"},{"data":"After Image","floor":49.0,"key":"SMITH"}],"circlet_count":0,"master_deck":["Strike_G","Strike_G","Defend_G","Defend_G","Defend_G","Survivor+1","Neutralize+1","Dagger Throw+1","Blur+1","Heel Hook","Noxious Fumes","Well Laid Plans+1","All Out Attack+1","Flying Knee","Unload+1","PiercingWail+1","Backstab+1","Blade Dance","PiercingWail+1","Bane+1","Choke+1","Tools of the Trade+1","Reflex+1","Dash+1","Crippling Poison+1","Catalyst","Glass Knife+1","Swift Strike","After Image+1"],"relics":["Ring of the Snake","Tiny Chest","Shuriken","Unceasing Top","Paper Crane","Vajra","Blood Vial","Regal Pillow","Empty Cage","Omamori","Dream Catcher","Mercury Hourglass","InkBottle","Juzu Bracelet","Nunchaku","Philosopher\u0027s Stone","TwistedFunnel","Orichalcum","Incense Burner","Bag of Marbles"],"acts_visited":["Exordium","TheCity","TheBeyond"],"potions_floor_usage":[50],"damage_taken":[{"damage":6.0,"enemies":"Small Slimes","floor":1.0,"turns":4.0},{"damage":0.0,"enemies":"Cultist","floor":3.0,"turns":4.0},{"damage":1.0,"enemies":"Jaw Worm","floor":4.0,"turns":4.0},{"damage":12.0,"enemies":"Lagavulin","floor":6.0,"turns":9.0},{"damage":7.0,"enemies":"Large Slime","floor":8.0,"turns":8.0},{"damage":4.0,"enemies":"3 Sentries","floor":10.0,"turns":8.0},{"damage":13.0,"enemies":"Lagavulin","floor":12.0,"turns":7.0},{"damage":10.0,"enemies":"Gremlin Gang","floor":14.0,"turns":4.0},{"damage":6.0,"enemies":"Hexaghost","floor":16.0,"turns":9.0},{"damage":1.0,"enemies":"Chosen","floor":18.0,"turns":4.0},{"damage":11.0,"enemies":"Shell Parasite","floor":21.0,"turns":6.0},{"damage":0.0,"enemies":"Centurion and Healer","floor":24.0,"turns":5.0},{"damage":10.0,"enemies":"Book of Stabbing","floor":30.0,"turns":5.0},{"damage":0.0,"enemies":"Snake Plant","floor":31.0,"turns":3.0},{"damage":26.0,"enemies":"Automaton","floor":33.0,"turns":7.0},{"damage":7.0,"enemies":"3 Shapes","floor":35.0,"turns":5.0},{"damage":9.0,"enemies":"Orb Walker","floor":36.0,"turns":4.0},{"damage":0.0,"enemies":"Sphere and 2 Shapes","floor":38.0,"turns":3.0},{"damage":8.0,"enemies":"4 Shapes","floor":39.0,"turns":8.0},{"damage":6.0,"enemies":"Giant Head","floor":47.0,"turns":6.0},{"damage":28,"enemies":"Donu and Deca","floor":50,"turns":8}],"seed_played":"-6607380824484097919","potions_obtained":[{"floor":3.0,"key":"SpeedPotion"},{"floor":6.0,"key":"AttackPotion"},{"floor":8.0,"key":"CultistPotion"},{"floor":30.0,"key":"SkillPotion"},{"floor":31.0,"key":"EssenceOfSteel"},{"floor":33.0,"key":"BlessingOfTheForge"},{"floor":36.0,"key":"Dexterity Potion"},{"floor":39.0,"key":"Ancient Potion"}],"is_trial":false,"path_per_floor":["M","?","M","M","?","E","T","M","T","E","R","E","R","M","R","B",null,"M","$","?","M","?","R","M","R","T","T","T","R","E","M","R","B",null,"M","M","?","M","M","R","$","?","T","T","R","?","E","$","R","B",null],"character_chosen":"THE_SILENT","items_purchased":["Backstab","Omamori","Weak Potion","TwistedFunnel","Catalyst","Bag of Marbles"],"campfire_rested":1,"item_purchase_floors":[19,19,19,41,41,48],"current_hp_per_floor":[64,64,64,63,51,39,39,32,32,28,28,17,17,9,45,41,63,64,64,64,55,55,55,57,57,57,57,57,57,49,51,51,27,59,54,47,65,67,61,61,61,61,61,61,61,61,57,57,57,31],"gold":15,"neow_bonus":"RANDOM_COMMON_RELIC","is_daily":false,"chose_seed":false,"campfire_upgraded":9,"win_rate":0.0,"timestamp":1610317892,"path_taken":["M","?","?","M","?","E","?","M","T","E","R","E","R","M","R","BOSS","M","$","?","?","?","R","M","R","T","?","?","R","E","M","R","BOSS","M","M","?","M","M","R","$","?","T","?","R","?","E","$","R","BOSS"],"items_purchased_type":["Card","Relic","Potion","Relic","Card","Relic"],"build_version":"2020-12-18","purchased_purges":2,"victory":true,"max_hp_per_floor":[70,70,70,70,70,70,70,70,70,70,70,70,70,70,70,70,70,70,70,70,70,70,70,70,70,70,70,70,70,70,70,70,70,70,70,70,70,70,70,70,70,70,70,70,70,70,70,70,70,70],"relic_stats":{"Regal Pillow":15,"counters":[21,120],"Juzu Bracelet":1,"Orichalcum":[18],"Mercury Hourglass":[206],"Blood Vial":30,"Dream Catcher":0,"Nunchaku":[11],"Shuriken":[51],"Tiny Chest":3,"obtain_stats":[{"TwistedFunnel":41,"Regal Pillow":12,"Vajra":9,"Omamori":19,"Juzu Bracelet":28,"Incense Burner":47,"Paper Crane":7,"Orichalcum":44,"Empty Cage":17,"Mercury Hourglass":26,"Blood Vial":10,"Dream Catcher":22,"Nunchaku":30,"Shuriken":5,"Tiny Chest":0,"Philosopher\u0027s Stone":34,"Bag of Marbles":48,"Unceasing Top":6,"InkBottle":27,"Ring of the Snake":0},{"TwistedFunnel":19,"Regal Pillow":7,"Vajra":5,"Omamori":10,"Juzu Bracelet":12,"Incense Burner":20,"Paper Crane":4,"Orichalcum":19,"Empty Cage":9,"Mercury Hourglass":12,"Blood Vial":6,"Dream Catcher":11,"Nunchaku":13,"Shuriken":3,"Tiny Chest":0,"Philosopher\u0027s Stone":15,"Bag of Marbles":20,"Unceasing Top":4,"InkBottle":12,"Ring of the Snake":0},{"TwistedFunnel":106,"Regal Pillow":44,"Vajra":29,"Omamori":61,"Juzu Bracelet":72,"Incense Burner":112,"Paper Crane":21,"Orichalcum":106,"Empty Cage":57,"Mercury Hourglass":72,"Blood Vial":37,"Dream Catcher":67,"Nunchaku":77,"Shuriken":12,"Tiny Chest":0,"Philosopher\u0027s Stone":87,"Bag of Marbles":112,"Unceasing Top":21,"InkBottle":72,"Ring of the Snake":0}],"Unceasing Top":[19],"InkBottle":[20],"Ring of the Snake":[42]},"card_choices":[{"not_picked":["Sucker Punch","Dodge and Roll"],"picked":"Dagger Throw","floor":1.0},{"not_picked":["Acrobatics","Noxious Fumes"],"picked":"Blur","floor":3.0},{"not_picked":["Prepared","Deflect"],"picked":"Heel Hook","floor":4.0},{"not_picked":["Bane","Deflect"],"picked":"Slice","floor":6.0},{"not_picked":["Outmaneuver","Acrobatics"],"picked":"Noxious Fumes","floor":8.0},{"not_picked":["Deadly Poison","Accuracy"],"picked":"Well Laid Plans","floor":10.0},{"not_picked":["Heel Hook","Expertise"],"picked":"All Out Attack","floor":12.0},{"not_picked":["Bouncing Flask","Envenom"],"picked":"Flying Knee","floor":14.0},{"not_picked":["Envenom","Bullet Time"],"picked":"Unload","floor":16.0},{"not_picked":["Setup","Sucker Punch"],"picked":"PiercingWail+1","floor":18.0},{"not_picked":["Catalyst","All Out Attack"],"picked":"Blade Dance","floor":21.0},{"not_picked":["Well Laid Plans","Bane"],"picked":"PiercingWail+1","floor":24.0},{"not_picked":["Noxious Fumes","All Out Attack"],"picked":"Bane+1","floor":30.0},{"not_picked":["All Out Attack","Flying Knee+1"],"picked":"Choke+1","floor":31.0},{"not_picked":["Wraith Form v2","Phantasmal Killer"],"picked":"Tools of the Trade","floor":33.0},{"not_picked":["Accuracy+1","Calculated Gamble+1"],"picked":"Reflex+1","floor":35.0},{"not_picked":["Caltrops","Quick Slash"],"picked":"Dash+1","floor":36.0},{"not_picked":["Flying Knee+1","Dagger Spray","All Out Attack"],"picked":"SKIP","floor":38.0},{"not_picked":["Underhanded Strike+1","Dodge and Roll"],"picked":"Crippling Poison+1","floor":39.0},{"not_picked":["Purity","Panache"],"picked":"Swift Strike","floor":46.0},{"not_picked":["Noxious Fumes","Well Laid Plans+1"],"picked":"After Image","floor":47.0}],"player_experience":416749,"relics_obtained":[{"floor":6.0,"key":"Unceasing Top"},{"floor":7.0,"key":"Paper Crane"},{"floor":9.0,"key":"Vajra"},{"floor":10.0,"key":"Blood Vial"},{"floor":12.0,"key":"Regal Pillow"},{"floor":26.0,"key":"Mercury Hourglass"},{"floor":27.0,"key":"InkBottle"},{"floor":28.0,"key":"Juzu Bracelet"},{"floor":30.0,"key":"Nunchaku"},{"floor":44.0,"key":"Orichalcum"},{"floor":47.0,"key":"Incense Burner"}],"event_choices":[{"damage_healed":0.0,"max_hp_gain":0.0,"max_hp_loss":0.0,"gold_gain":0.0,"event_name":"Upgrade Shrine","player_choice":"Upgraded","floor":2.0,"gold_loss":0.0,"damage_taken":0.0,"cards_upgraded":["Neutralize"]},{"damage_healed":0.0,"max_hp_gain":0.0,"max_hp_loss":0.0,"gold_gain":0.0,"event_name":"Scrap Ooze","player_choice":"Success","floor":5.0,"gold_loss":0.0,"damage_taken":12.0,"relics_obtained":["Shuriken"]},{"damage_healed":0.0,"max_hp_gain":0.0,"max_hp_loss":0.0,"gold_gain":0.0,"event_name":"Designer","player_choice":"Upgrade","floor":20.0,"gold_loss":40.0,"damage_taken":0.0,"cards_upgraded":["Well Laid Plans"]},{"cards_removed":["Slice"],"damage_healed":0.0,"max_hp_gain":0.0,"max_hp_loss":0.0,"gold_gain":0.0,"event_name":"WeMeetAgain","player_choice":"Gave Card","floor":22.0,"gold_loss":0.0,"damage_taken":0.0,"relics_obtained":["Dream Catcher"]},{"damage_healed":18.0,"max_hp_gain":0.0,"max_hp_loss":0.0,"gold_gain":0.0,"event_name":"Winding Halls","player_choice":"Writhe","floor":37.0,"gold_loss":0.0,"damage_taken":0.0,"cards_obtained":["Writhe"]},{"damage_healed":0.0,"max_hp_gain":0.0,"max_hp_loss":0.0,"gold_gain":0.0,"cards_transformed":["Strike_G"],"event_name":"Transmorgrifier","player_choice":"Transformed","floor":42.0,"gold_loss":0.0,"damage_taken":0.0,"cards_obtained":["Glass Knife"]},{"damage_healed":0.0,"max_hp_gain":0.0,"max_hp_loss":0.0,"gold_gain":0.0,"event_name":"SensoryStone","player_choice":"Memory 1","floor":46.0,"gold_loss":0.0,"damage_taken":0.0}],"is_beta":true,"boss_relics":[{"not_picked":["SlaversCollar","Velvet Choker"],"picked":"Empty Cage"},{"not_picked":["Tiny House","Snecko Eye"],"picked":"Philosopher\u0027s Stone"}],"items_purged_floors":[19,41],"is_endless":false,"potions_floor_spawned":[3,6,8,30,31,33,36,39],"ascension_level":5}}