{"host":"y76clbnovzmw9ubx","time":1610308378,"event":{"mods":["AchievementEnabler","BaseMod","Minty Spire (QoL Compilation)","Permanent Neow","Relic Stats"],"gold_per_floor":[117,132,148,148,167,167,199,199,199,199,224,242,252,269,269,347,347,359,359,372,390,440,440,467,467,467,467,492,505,505,515,515,594,594,611,626,638,638,638,652,679,690,690,708,708,708,708],"floor_reached":46,"playtime":3210,"items_purged":[],"score":1112,"play_id":"9d505038-107d-4a84-be40-59042f60e128","local_time":"20210110145258","is_ascension_mode":true,"campfire_choices":[{"data":"Glass Knife","floor":6.0,"key":"SMITH"},{"floor":8.0,"key":"REST"},{"data":"Dagger Spray","floor":10.0,"key":"SMITH"},{"data":"Cloak And Dagger","floor":15.0,"key":"SMITH"},{"floor":23.0,"key":"REST"},{"data":"Blade Dance","floor":25.0,"key":"SMITH"},{"data":"Adrenaline","floor":27.0,"key":"SMITH"},{"data":"Leg Sweep","floor":30.0,"key":"SMITH"},{"floor":32.0,"key":"REST"},{"floor":45,"key":"REST"}],"circlet_count":0,"master_deck":["AscendersBane","Strike_G","Strike_G","Strike_G","Strike_G","Strike_G","Defend_G","Defend_G","Defend_G","Defend_G","Defend_G","Survivor","Neutralize","Glass Knife+1","Poisoned Stab","Terror","Dagger Spray+1","Deflect","Adrenaline+1","Blade Dance+1","Backstab","Cloak And Dagger+1","Malaise","PiercingWail","Calculated Gamble+1","Acrobatics+1","Doubt","Leg Sweep+1","Envenom+1","Backflip","Envenom+1","Deflect","Finisher+1","Doubt"],"relics":["Ring of the Snake","FaceOfCleric","Ornamental Fan","White Beast Statue","Frozen Egg 2","Cursed Key","Nilry\u0027s Codex","InkBottle","Incense Burner","Art of War","Runic Pyramid","Sundial"],"acts_visited":["Exordium","TheCity","TheBeyond"],"potions_floor_usage":[36,41,41,44,46],"damage_taken":[{"damage":2.0,"enemies":"Jaw Worm","floor":1.0,"turns":5.0},{"damage":1.0,"enemies":"Cultist","floor":2.0,"turns":3.0},{"damage":0.0,"enemies":"Small Slimes","floor":3.0,"turns":3.0},{"damage":27.0,"enemies":"Gremlin Gang","floor":5.0,"turns":6.0},{"damage":15.0,"enemies":"Lagavulin","floor":7.0,"turns":7.0},{"damage":4.0,"enemies":"Gremlin Nob","floor":11.0,"turns":3.0},{"damage":0.0,"enemies":"2 Fungi Beasts","floor":12.0,"turns":2.0},{"damage":19.0,"enemies":"Exordium Wildlife","floor":13.0,"turns":4.0},{"damage":0.0,"enemies":"Large Slime","floor":14.0,"turns":4.0},{"damage":0.0,"enemies":"Slime Boss","floor":16.0,"turns":8.0},{"damage":3.0,"enemies":"2 Thieves","floor":18.0,"turns":3.0},{"damage":0.0,"enemies":"Chosen","floor":20.0,"turns":3.0},{"damage":16.0,"enemies":"Sentry and Sphere","floor":21.0,"turns":7.0},{"damage":3.0,"enemies":"Book of Stabbing","floor":24.0,"turns":7.0},{"damage":7.0,"enemies":"Slavers","floor":28.0,"turns":3.0},{"damage":3.0,"enemies":"Shelled Parasite and Fungi","floor":29.0,"turns":7.0},{"damage":1.0,"enemies":"Snake Plant","floor":31.0,"turns":6.0},{"damage":49.0,"enemies":"Automaton","floor":33.0,"turns":14.0},{"damage":18.0,"enemies":"3 Darklings","floor":35.0,"turns":4.0},{"damage":9,"enemies":"Orb Walker","floor":36,"turns":6},{"damage":15,"enemies":"Writhing Mass","floor":37,"turns":9},{"damage":4,"enemies":"4 Shapes","floor":40,"turns":5},{"damage":32,"enemies":"Giant Head","floor":41,"turns":11},{"damage":0,"enemies":"Jaw Worm Horde","floor":42,"turns":6},{"damage":14,"enemies":"Spire Growth","floor":44,"turns":5},{"damage":28,"enemies":"Sphere and 2 Shapes","floor":46,"turns":11}],"seed_played":"-3362482622287613117","potions_obtained":[{"floor":2.0,"key":"Swift Potion"},{"floor":7.0,"key":"Poison Potion"},{"floor":11.0,"key":"Block Potion"},{"floor":12.0,"key":"SteroidPotion"},{"floor":13.0,"key":"GhostInAJar"},{"floor":16.0,"key":"SkillPotion"},{"floor":18.0,"key":"GamblersBrew"},{"floor":20.0,"key":"Fire Potion"},{"floor":21.0,"key":"SpeedPotion"},{"floor":24.0,"key":"SteroidPotion"},{"floor":28.0,"key":"SpeedPotion"},{"floor":29.0,"key":"BlessingOfTheForge"},{"floor":33.0,"key":"Regen Potion"},{"floor":35,"key":"EssenceOfSteel"},{"floor":36,"key":"BlessingOfTheForge"},{"floor":40,"key":"Regen Potion"},{"floor":41,"key":"SneckoOil"},{"floor":42,"key":"Weak Potion"},{"floor":44,"key":"DistilledChaos"}],"is_trial":false,"path_per_floor":["M","M","M","?","M","R","E","R","T","R","E","M","M","M","R","B",null,"M","?","M","M","?","R","E","R","T","R","E","M","R","M","R","B",null,"M","M","M","?","?","M","E","M","T","M","R","M"],"character_chosen":"THE_SILENT","items_purchased":[],"campfire_rested":4,"item_purchase_floors":[],"current_hp_per_floor":[57,56,56,56,30,30,16,34,34,34,31,32,14,15,15,16,54,52,31,32,17,17,38,36,36,36,36,30,28,28,28,50,2,57,40,47,33,33,33,30,14,15,15,2,25,0,0],"gold":708,"neow_bonus":"THREE_RARE_CARDS","is_daily":false,"chose_seed":false,"campfire_upgraded":6,"win_rate":0.0,"timestamp":1610308378,"path_taken":["M","M","M","?","M","R","E","R","T","R","E","M","M","M","R","BOSS","M","?","M","M","?","R","E","R","T","R","E","M","R","M","R","BOSS","M","M","M","?","?","M","E","M","T","M","R","M"],"items_purchased_type":[],"build_version":"2020-12-22","purchased_purges":0,"victory":false,"max_hp_per_floor":[60,60,60,60,61,61,62,62,62,62,63,64,65,66,66,67,67,68,68,69,70,70,70,71,71,71,71,72,73,73,74,74,75,75,76,77,78,74,74,75,76,77,77,78,78,78,78],"relic_stats":{"FaceOfCleric":22,"counters":[26,152],"Ornamental Fan":[320],"Sundial":[2],"Art of War":[16],"Cursed Key":2,"obtain_stats":[{"FaceOfCleric":4,"Ornamental Fan":7,"Nilry\u0027s Codex":19,"Sundial":41,"Incense Burner":26,"Art of War":28,"Frozen Egg 2":11,"Cursed Key":17,"White Beast Statue":9,"InkBottle":24,"Ring of the Snake":0,"Runic Pyramid":34},{"FaceOfCleric":3,"Ornamental Fan":5,"Nilry\u0027s Codex":11,"Sundial":23,"Incense Burner":14,"Art of War":15,"Frozen Egg 2":6,"Cursed Key":10,"White Beast Statue":5,"InkBottle":14,"Ring of the Snake":0,"Runic Pyramid":18},{"FaceOfCleric":11,"Ornamental Fan":24,"Nilry\u0027s Codex":48,"Sundial":130,"Incense Burner":65,"Art of War":68,"Frozen Egg 2":27,"Cursed Key":45,"White Beast Statue":24,"InkBottle":65,"Ring of the Snake":0,"Runic Pyramid":95}],"InkBottle":[44],"Ring of the Snake":[52]},"card_choices":[{"not_picked":["Night Terror","Grand Finale"],"picked":"Glass Knife","floor":0.0},{"not_picked":["Flying Knee","Cloak And Dagger"],"picked":"Poisoned Stab","floor":1.0},{"not_picked":["Cloak And Dagger","Concentrate","PiercingWail"],"picked":"SKIP","floor":2.0},{"not_picked":["Backflip","Storm of Steel"],"picked":"Terror","floor":3.0},{"not_picked":["Acrobatics","Terror"],"picked":"Dagger Spray","floor":5.0},{"not_picked":["Reflex","Heel Hook"],"picked":"Deflect","floor":7.0},{"not_picked":["Backstab","Blur"],"picked":"Adrenaline","floor":11.0},{"not_picked":["Dagger Spray","Deadly Poison"],"picked":"Blade Dance","floor":12.0},{"not_picked":["Masterful Stab","Bane"],"picked":"Backstab","floor":13.0},{"not_picked":["Outmaneuver","Acrobatics"],"picked":"Cloak And Dagger","floor":14.0},{"not_picked":["Adrenaline","Die Die Die"],"picked":"Malaise","floor":16.0},{"not_picked":["Deflect","Bane"],"picked":"PiercingWail","floor":18.0},{"not_picked":["Bouncing Flask+1","Prepared"],"picked":"Calculated Gamble+1","floor":20.0},{"not_picked":["Concentrate","Dagger Spray","Quick Slash"],"picked":"SKIP","floor":21.0},{"not_picked":["Quick Slash","Predator"],"picked":"Acrobatics+1","floor":24.0},{"not_picked":["Deadly Poison","Acrobatics","Blade Dance"],"picked":"SKIP","floor":28.0},{"not_picked":["Reflex","Expertise"],"picked":"Leg Sweep","floor":29.0},{"not_picked":["Slice","Sucker Punch","Poisoned Stab+1"],"picked":"SKIP","floor":31.0},{"not_picked":["Venomology","Unload"],"picked":"Envenom+1","floor":33.0},{"not_picked":["Well Laid Plans+1","Tactician","Concentrate"],"picked":"SKIP","floor":35},{"not_picked":["Underhanded Strike","Escape Plan"],"picked":"Backflip","floor":36},{"not_picked":["Dagger Spray+1","Sucker Punch","Quick Slash"],"picked":"SKIP","floor":37},{"not_picked":["Bouncing Flask","Predator","Dagger Spray"],"picked":"SKIP","floor":40},{"not_picked":["Dash","Grand Finale"],"picked":"Deflect","floor":41},{"not_picked":["Reflex+1","Slice+1"],"picked":"Finisher+1","floor":42},{"not_picked":["Tactician","Backflip","Quick Slash"],"picked":"SKIP","floor":44}],"player_experience":3039294,"relics_obtained":[{"floor":7.0,"key":"Ornamental Fan"},{"floor":9.0,"key":"White Beast Statue"},{"floor":11.0,"key":"Frozen Egg 2"},{"floor":19.0,"key":"Nilry\u0027s Codex"},{"floor":24.0,"key":"InkBottle"},{"floor":26.0,"key":"Incense Burner"},{"floor":28.0,"key":"Art of War"},{"floor":41,"key":"Sundial"}],"event_choices":[{"damage_healed":0.0,"max_hp_gain":0.0,"max_hp_loss":0.0,"gold_gain":0.0,"event_name":"FaceTrader","player_choice":"Trade","floor":4.0,"gold_loss":0.0,"damage_taken":0.0,"relics_obtained":["FaceOfCleric"]},{"damage_healed":0.0,"max_hp_gain":0.0,"max_hp_loss":0.0,"gold_gain":0.0,"event_name":"Cursed Tome","player_choice":"Obtained Book","floor":19.0,"gold_loss":0.0,"damage_taken":21.0},{"damage_healed":0.0,"max_hp_gain":0.0,"max_hp_loss":0.0,"gold_gain":50.0,"event_name":"Nest","player_choice":"Stole From Cult","floor":22.0,"gold_loss":0.0,"damage_taken":0.0},{"damage_healed":0,"gold_gain":0,"player_choice":"Max HP","damage_taken":0,"max_hp_gain":0,"max_hp_loss":4,"event_name":"Winding Halls","floor":38,"gold_loss":0},{"damage_healed":0,"gold_gain":0,"player_choice":"Copied","damage_taken":0,"max_hp_gain":0,"max_hp_loss":0,"event_name":"Duplicator","floor":39,"gold_loss":0,"cards_obtained":["Envenom"]}],"is_beta":false,"boss_relics":[{"not_picked":["Ring of the Serpent","SacredBark"],"picked":"Cursed Key"},{"not_picked":["Tiny House","Sozu"],"picked":"Runic Pyramid"}],"items_purged_floors":[],"is_endless":false,"potions_floor_spawned":[2,7,11,12,13,14,16,18,20,21,24,28,29,31,33,35,36,37,40,41,42,44],"killed_by":"Sphere and 2 Shapes","ascension_level":20}}