{"host":"vlqejv0notyktumz","time":1610257837,"event":{"mods":["AchievementEnabler","BaseMod","Googly Eyes","Minty Spire (QoL Compilation)"],"gold_per_floor":[14,28,28,47,47,47,77,77,104,29,129,129,145,165,165,165,165],"floor_reached":16,"playtime":338,"items_purged":["Strike_B"],"score":130,"play_id":"c7a45cb7-933b-4b5a-8adb-b414797942c8","local_time":"20210109235037","is_ascension_mode":true,"campfire_choices":[{"data":"Consume","floor":6,"key":"SMITH"},{"data":"Force Field","floor":8,"key":"SMITH"},{"data":"Zap","floor":12,"key":"SMITH"},{"data":"Buffer","floor":15,"key":"SMITH"}],"circlet_count":0,"master_deck":["Strike_B","Strike_B","Strike_B","Defend_B","Defend_B","Defend_B","Defend_B","Zap+1","Dualcast","Consume+1","Steam","Force Field+1","Storm","Buffer+1"],"relics":["Cracked Core","Bird Faced Urn","Bag of Marbles","Strawberry"],"acts_visited":["Exordium"],"potions_floor_usage":[13,16],"damage_taken":[{"damage":0,"enemies":"2 Louse","floor":1,"turns":2},{"damage":10,"enemies":"Cultist","floor":2,"turns":4},{"damage":0,"enemies":"Small Slimes","floor":4,"turns":3},{"damage":24,"enemies":"Gremlin Nob","floor":7,"turns":4},{"damage":20,"enemies":"Exordium Thugs","floor":13,"turns":5},{"damage":14,"enemies":"2 Fungi Beasts","floor":14,"turns":4},{"damage":20,"enemies":"The Guardian","floor":16,"turns":2}],"seed_played":"-3323563832786379971","potions_obtained":[{"floor":2,"key":"Energy Potion"},{"floor":7,"key":"ColorlessPotion"}],"is_trial":false,"path_per_floor":["M","M","$","M","?","R","E","R","T","$","?","R","M","M","R","B"],"character_chosen":"DEFECT","items_purchased":[],"campfire_rested":0,"item_purchase_floors":[],"current_hp_per_floor":[68,58,58,58,63,63,39,39,46,46,46,46,26,12,12,0,0],"gold":165,"neow_bonus":"ONE_RARE_RELIC","is_daily":false,"chose_seed":false,"campfire_upgraded":4,"win_rate":0.0,"timestamp":1610257837,"path_taken":["M","M","$","M","?","R","E","R","T","$","?","R","?","M","R","BOSS"],"items_purchased_type":[],"build_version":"2020-12-22","purchased_purges":1,"victory":false,"max_hp_per_floor":[75,75,75,75,80,80,80,80,87,87,87,87,87,87,87,87,87],"card_choices":[{"not_picked":["Compile Driver","Beam Cell"],"picked":"Consume","floor":1},{"not_picked":["Compile Driver","Heatsinks"],"picked":"Steam","floor":2},{"not_picked":["Stack","Turbo","Darkness"],"picked":"SKIP","floor":4},{"not_picked":["Coolheaded","Blizzard"],"picked":"Force Field","floor":7},{"not_picked":["Hologram","Leap"],"picked":"Storm","floor":13},{"not_picked":["Blizzard","Stack"],"picked":"Buffer","floor":14}],"player_experience":319721,"relics_obtained":[{"floor":7,"key":"Bag of Marbles"},{"floor":9,"key":"Strawberry"}],"event_choices":[{"damage_healed":0,"gold_gain":0,"player_choice":"Donut","damage_taken":0,"max_hp_gain":5,"max_hp_loss":0,"event_name":"Big Fish","floor":5,"gold_loss":0},{"damage_healed":0,"gold_gain":100,"player_choice":"Gold","damage_taken":0,"max_hp_gain":0,"max_hp_loss":0,"event_name":"Wheel of Change","floor":11,"gold_loss":0}],"is_beta":false,"boss_relics":[],"items_purged_floors":[10],"is_endless":false,"potions_floor_spawned":[2,7],"killed_by":"The Guardian","ascension_level":6}}