{"host":"kw4o7b3ro2ktmmbe","time":1610280594,"event":{"mods":["BaseMod","Evolution","Minty Spire (QoL Compilation)","StSLib","The Gatherer"],"gold_per_floor":[118,118,118,136,211,211,228,228,253,253,253,274,122,146,146,276,276,296,211,60,83,97,140,158,158,158,158,158,191,191,206,206,336,336,349,117,132,132,0,0,18,57,80,80,80,114,126,156,168,180,180,180],"floor_reached":50,"playtime":4124,"items_purged":["Regret"],"score":657,"play_id":"a34f2183-d279-4fc8-8736-6f908ee2debb","local_time":"20210111010954","is_ascension_mode":true,"metric_token":337,"campfire_choices":[{"data":"Gatherer:TacticalStrike","floor":6.0,"key":"SMITH"},{"data":"Gatherer:FlamingBottle","floor":8.0,"key":"SMITH"},{"floor":11.0,"key":"REST"},{"data":"Gatherer:QuickSynthesis","floor":15.0,"key":"SMITH"},{"data":"Gatherer:RecoveryHerb","floor":25,"key":"SMITH"},{"data":"Gatherer:Liquidism","floor":28,"key":"SMITH"},{"data":"Gatherer:TacticalStrike","floor":30,"key":"SMITH"},{"data":"Gatherer:PoisonMastery","floor":32,"key":"SMITH"},{"data":"Noxious Fumes","floor":40,"key":"SMITH"},{"floor":45,"key":"REST"},{"data":"Gatherer:VenomBarrier","floor":47,"key":"SMITH"},{"data":"Gatherer:Uplift","floor":49,"key":"SMITH"}],"circlet_count":0,"master_deck":["Gatherer:TacticalStrike+1","Gatherer:TacticalStrike+1","Gatherer:Strike_Gatherer","Gatherer:Strike_Gatherer","Gatherer:Strike_Gatherer","Gatherer:Defend_Gatherer","Gatherer:Defend_Gatherer+1","Gatherer:Defend_Gatherer","Gatherer:Defend_Gatherer","Gatherer:Defend_Gatherer+1","Gatherer:Centralize","Gatherer:FlowerWhip","Gatherer:FlamingBottle+1","Gatherer:QuickSynthesis+1","Gatherer:RecoveryHerb+1","Gatherer:PoisonMastery+1","Gatherer:FlowerFalling+1","Gatherer:Duplicator+1","Gatherer:Duplicator+1","Gatherer:Bulldoze","Gatherer:Liquidism+1","Gatherer:UpgradeBag+1","Gatherer:VenomBarrier+1","Noxious Fumes+1","Gatherer:Uplift+1","Gatherer:WitheringStrike+1","Gatherer:LuckyClover","Gatherer:FlowerFalling+1","Madness","Madness","Gatherer:Liquidism+1","Parasite","Gatherer:FruitForce+1","Gatherer:Bulldoze","Gatherer:Duplicator+1","Gatherer:UpgradeBag+1"],"relics":["EVO:Axolotl","Black Star","Regal Pillow","Golden Idol","Nunchaku","Cursed Key","HornCleat","PreservedInsect","Pear","Kunai","Eternal Feather","Prayer Wheel","Dream Catcher","Philosopher\u0027s Stone","Bronze Scales","Red Mask","Orichalcum","Letter Opener","Happy Flower","Anchor","MawBank"],"acts_visited":["Exordium","TheCity","TheBeyond"],"potions_floor_usage":[33,37,41,42,46,50],"damage_taken":[{"damage":0.0,"enemies":"Small Slimes","floor":1.0,"turns":3.0},{"damage":1.0,"enemies":"2 Louse","floor":4.0,"turns":3.0},{"damage":2.0,"enemies":"Jaw Worm","floor":7.0,"turns":5.0},{"damage":0.0,"enemies":"Large Slime","floor":12.0,"turns":2.0},{"damage":0.0,"enemies":"Looter","floor":14.0,"turns":2.0},{"damage":3.0,"enemies":"Slime Boss","floor":16.0,"turns":7.0},{"damage":9.0,"enemies":"3 Byrds","floor":18.0,"turns":4.0},{"damage":1.0,"enemies":"2 Thieves","floor":21.0,"turns":3.0},{"damage":10.0,"enemies":"Centurion and Healer","floor":22.0,"turns":5.0},{"damage":0.0,"enemies":"Book of Stabbing","floor":23.0,"turns":4.0},{"damage":4,"enemies":"Chosen and Byrds","floor":24,"turns":4},{"damage":28,"enemies":"Gremlin Leader","floor":29,"turns":5},{"damage":9,"enemies":"Snake Plant","floor":31,"turns":3},{"damage":23,"enemies":"Champ","floor":33,"turns":5},{"damage":4,"enemies":"Orb Walker","floor":35,"turns":3},{"damage":0,"enemies":"3 Shapes","floor":37,"turns":4},{"damage":28,"enemies":"3 Darklings","floor":41,"turns":4},{"damage":18,"enemies":"Nemesis","floor":42,"turns":5},{"damage":4,"enemies":"Reptomancer","floor":46,"turns":5},{"damage":21,"enemies":"Maw","floor":48,"turns":5},{"damage":95,"enemies":"Awakened One","floor":50,"turns":7}],"seed_played":"-1688465087716788917","potions_obtained":[{"floor":7.0,"key":"Swift Potion"},{"floor":14.0,"key":"SpeedPotion"},{"floor":18.0,"key":"AttackPotion"},{"floor":24,"key":"DuplicationPotion"},{"floor":29,"key":"Energy Potion"},{"floor":33,"key":"Swift Potion"},{"floor":42,"key":"LiquidMemories"},{"floor":48,"key":"GhostInAJar"}],"is_trial":false,"path_per_floor":["M","?","?","M","?","R","M","R","T","?","R","M","$","M","R","B",null,"M","?","$","M","M","E","M","R","T","?","R","E","R","M","R","B",null,"M","$","M","?","?","R","M","E","T","$","R","E","R","M","R","B"],"character_chosen":"THE_GATHERER","items_purchased":["Nunchaku","PreservedInsect","Bronze Scales"],"campfire_rested":2,"item_purchase_floors":[13,20,36],"current_hp_per_floor":[72,58,63,62,51,51,49,49,49,30,68,68,68,68,68,65,77,68,68,68,68,59,69,68,68,68,68,80,55,67,61,73,52,87,83,83,84,73,73,87,62,51,51,51,91,87,91,70,91,0,0,0],"gold":180,"neow_bonus":"BOSS_RELIC","is_daily":false,"chose_seed":false,"campfire_upgraded":10,"win_rate":0.0,"timestamp":1610280594,"path_taken":["M","?","?","M","?","R","?","R","T","?","R","M","$","M","R","BOSS","M","?","$","M","M","E","M","R","T","?","R","E","R","M","R","BOSS","M","$","M","?","?","R","M","E","T","?","R","E","R","?","R","BOSS"],"items_purchased_type":["Relic","Relic","Relic"],"build_version":"2020-12-22","purchased_purges":1,"victory":false,"max_hp_per_floor":[72,72,77,77,77,77,77,77,77,77,77,77,77,77,77,77,77,77,77,77,77,77,87,87,87,87,87,87,87,87,87,87,87,87,87,87,87,87,87,87,87,87,87,87,91,91,91,91,91,91,91,91],"card_choices":[{"not_picked":["Gatherer:EnergyBasket","Gatherer:Nutrients","Gatherer:Herbalism"],"picked":"SKIP","floor":1.0},{"not_picked":["Gatherer:TacticalStrike","Gatherer:WoolGloves","Gatherer:Uplift"],"picked":"SKIP","floor":4.0},{"not_picked":["Gatherer:FlowerShield","Gatherer:AcidicSpray"],"picked":"Gatherer:FlamingBottle","floor":7.0},{"not_picked":["Gatherer:RottenStipe","Gatherer:Misfortune"],"picked":"Gatherer:QuickSynthesis","floor":12.0},{"not_picked":["Gatherer:VenomBarrier","Gatherer:OddSpoils"],"picked":"Gatherer:RecoveryHerb","floor":14.0},{"not_picked":["Gatherer:FlamingBottle","Gatherer:MindSearch"],"picked":"Gatherer:PoisonMastery","floor":16.0},{"not_picked":["Gatherer:OddSpoils+1","Gatherer:CarefulStrike","Gatherer:GatherMaterial"],"picked":"SKIP","floor":18.0},{"not_picked":["Gatherer:CollectorsShot","Gatherer:OddSpoils"],"picked":"Gatherer:FlowerFalling+1","floor":21.0},{"not_picked":["Gatherer:ScentOfRosmari+1","Gatherer:FlowerShield"],"picked":"Gatherer:Duplicator+1","floor":22.0},{"not_picked":["Gatherer:DrugPower","Gatherer:RecipeChange"],"picked":"Gatherer:Duplicator+1","floor":23.0},{"not_picked":["Gatherer:FlowerBeam","Gatherer:Pollute"],"picked":"Gatherer:Bulldoze","floor":24},{"not_picked":["Gatherer:AcidicSpray+1","Gatherer:RecipeChange"],"picked":"Gatherer:UpgradeBag+1","floor":29},{"not_picked":["Gatherer:EnergyBasket","Gatherer:CollectorsShot+1"],"picked":"Gatherer:VenomBarrier","floor":31},{"not_picked":["Gatherer:PotentialSlash","Gatherer:TacticalStrike","Gatherer:AcidicSpray+1"],"picked":"SKIP","floor":31},{"not_picked":["Gatherer:BlackTea","Gatherer:MindSearch"],"picked":"Gatherer:GrowBook","floor":33},{"not_picked":["Gatherer:Nutrients+1","Gatherer:EnergyBasket+1"],"picked":"Gatherer:Uplift","floor":35},{"not_picked":["Gatherer:Duplicator","Gatherer:BambuSword+1"],"picked":"Gatherer:WitheringStrike+1","floor":35},{"not_picked":["Gatherer:DrugPower+1","Gatherer:Transmute+1"],"picked":"Gatherer:LuckyClover","floor":37},{"not_picked":["Gatherer:SaveValuables","Gatherer:MiningStrike+1"],"picked":"Gatherer:FlowerFalling+1","floor":37},{"not_picked":["Gatherer:Polymorphism","Gatherer:SmartManeuver+1","Gatherer:GatherMaterial"],"picked":"SKIP","floor":41},{"not_picked":["Gatherer:GatherMaterial+1","Gatherer:AcidicSpray","Gatherer:CollectorsShot"],"picked":"SKIP","floor":41},{"not_picked":["Gatherer:BambuSword+1","Gatherer:QuickSynthesis"],"picked":"Gatherer:Liquidism+1","floor":42},{"not_picked":["Gatherer:Nutrients+1","Gatherer:FlowerShield"],"picked":"Gatherer:FruitForce+1","floor":45},{"not_picked":["Gatherer:EnergyBasket+1","Gatherer:PotentialSlash"],"picked":"Gatherer:Bulldoze","floor":46},{"not_picked":["Gatherer:AcidicSpray+1","Gatherer:EnergyBasket+1"],"picked":"Gatherer:Duplicator+1","floor":48},{"not_picked":["Gatherer:SealedBomb","Gatherer:EnergyBasket+1"],"picked":"Gatherer:UpgradeBag+1","floor":48}],"player_experience":1815316,"relics_obtained":[{"floor":9.0,"key":"Regal Pillow"},{"floor":23.0,"key":"Pear"},{"floor":23.0,"key":"Kunai"},{"floor":26,"key":"Eternal Feather"},{"floor":29,"key":"Prayer Wheel"},{"floor":29,"key":"Dream Catcher"},{"floor":42,"key":"Orichalcum"},{"floor":42,"key":"Letter Opener"},{"floor":43,"key":"Happy Flower"},{"floor":46,"key":"Anchor"},{"floor":46,"key":"MawBank"}],"event_choices":[{"damage_healed":0.0,"max_hp_gain":0.0,"max_hp_loss":0.0,"gold_gain":0.0,"event_name":"Shining Light","player_choice":"Entered Light","floor":2.0,"gold_loss":0.0,"damage_taken":14.0,"cards_upgraded":["Gatherer:Defend_Gatherer","Gatherer:Defend_Gatherer"]},{"damage_healed":0.0,"max_hp_gain":5.0,"max_hp_loss":0.0,"gold_gain":0.0,"event_name":"Big Fish","player_choice":"Donut","floor":3.0,"gold_loss":0.0,"damage_taken":0.0},{"damage_healed":0.0,"max_hp_gain":0.0,"max_hp_loss":0.0,"gold_gain":75.0,"event_name":"World of Goop","player_choice":"Gather Gold","floor":5.0,"gold_loss":0.0,"damage_taken":11.0},{"damage_healed":0.0,"max_hp_gain":0.0,"max_hp_loss":0.0,"gold_gain":0.0,"event_name":"Golden Idol","player_choice":"Take Damage","floor":10.0,"gold_loss":0.0,"damage_taken":19.0,"relics_obtained":["Golden Idol"]},{"damage_healed":0.0,"max_hp_gain":0.0,"max_hp_loss":0.0,"gold_gain":0.0,"event_name":"Addict","player_choice":"Obtained Relic","floor":19.0,"gold_loss":85.0,"damage_taken":0.0,"relics_obtained":["HornCleat"]},{"damage_healed":0,"gold_gain":0,"player_choice":"Read","damage_taken":0,"max_hp_gain":0,"max_hp_loss":0,"event_name":"The Library","floor":27,"gold_loss":0,"cards_obtained":["Gatherer:Liquidism"]},{"damage_healed":0,"gold_gain":0,"player_choice":"Embrace Madness","damage_taken":11,"max_hp_gain":0,"max_hp_loss":0,"event_name":"Winding Halls","floor":38,"gold_loss":0,"cards_obtained":["Madness","Madness"]},{"damage_healed":0,"gold_gain":0,"player_choice":"Paid","damage_taken":0,"relics_obtained":["Red Mask"],"max_hp_gain":0,"max_hp_loss":0,"event_name":"Tomb of Lord Red Mask","floor":39,"gold_loss":132}],"is_beta":false,"boss_relics":[{"not_picked":["Runic Dome","Fusion Hammer"],"picked":"Cursed Key"},{"not_picked":["Calling Bell","Velvet Choker"],"picked":"Philosopher\u0027s Stone"}],"items_purged_floors":[36],"is_endless":false,"potions_floor_spawned":[7,14,18,24,29,33,42,48],"killed_by":"Awakened One","ascension_level":1}}