{"host":"zxkjcgzis4pm3za5","time":1610303696,"event":{"mods":["AchievementEnabler","Act Like it!","BaseMod","Colored Map","Colored Powertips","Friendly Minions","GifTheSpireLib","Minty Spire (QoL Compilation)","Quick Restart","RNG Fix","Random Character Button","Relic Sorter","Relic Stats","StSLib"],"gold_per_floor":[116,191,203,278,296,296,324,324,324,337,337,367,292,317,317,317,317],"floor_reached":16,"playtime":462,"items_purged":["Strike_R"],"score":184,"play_id":"3f18e004-e22d-4862-a8ec-aa5528fa5b21","local_time":"20210111000456","is_ascension_mode":true,"campfire_choices":[{"data":"Metallicize","floor":6.0,"key":"SMITH"},{"data":"Armaments","floor":8,"key":"SMITH"},{"floor":15,"key":"REST"}],"circlet_count":0,"master_deck":["AscendersBane","Strike_R","Strike_R","Strike_R","Strike_R","Defend_R","Defend_R","Defend_R","Defend_R","Bash","Armaments+1","Rampage","Metallicize+1","True Grit","Battle Trance","Disarm"],"relics":["Burning Blood","Bronze Scales","Potion Belt","Shovel","Self Forming Clay","Bottled Flame","Red Skull"],"acts_visited":["Exordium"],"potions_floor_usage":[16],"damage_taken":[{"damage":0.0,"enemies":"Cultist","floor":1.0,"turns":4.0},{"damage":9.0,"enemies":"Jaw Worm","floor":3.0,"turns":3.0},{"damage":7.0,"enemies":"Small Slimes","floor":5.0,"turns":3.0},{"damage":21.0,"enemies":"Gremlin Nob","floor":7.0,"turns":4.0},{"damage":16,"enemies":"Exordium Wildlife","floor":10,"turns":4},{"damage":23,"enemies":"3 Sentries","floor":12,"turns":9},{"damage":30,"enemies":"Slime Boss","floor":16,"turns":8}],"seed_played":"7087964475028605953","potions_obtained":[{"floor":1.0,"key":"SteroidPotion"},{"floor":12,"key":"Dexterity Potion"}],"is_trial":false,"path_per_floor":["M","?","M","?","M","R","E","R","T","M","?","E","$","T","R","B"],"character_chosen":"IRONCLAD","items_purchased":[],"campfire_rested":1,"item_purchase_floors":[],"current_hp_per_floor":[74,67,64,53,52,52,37,37,37,27,24,7,7,7,29,0,0],"gold":317,"neow_bonus":"RANDOM_COMMON_RELIC","is_daily":false,"chose_seed":false,"campfire_upgraded":2,"win_rate":0.0,"timestamp":1610303696,"path_taken":["M","?","M","?","?","R","E","R","T","M","?","E","$","?","R","BOSS"],"items_purchased_type":[],"build_version":"2020-12-22","purchased_purges":1,"victory":false,"max_hp_per_floor":[75,75,75,75,75,75,75,75,75,75,75,75,75,75,75,75,75],"relic_stats":{"Shovel":0,"counters":[7,35],"Self Forming Clay":[15],"Bronze Scales":[67],"obtain_stats":[{"Potion Belt":7,"Bottled Flame":12,"Shovel":9,"Self Forming Clay":11,"Bronze Scales":0,"Burning Blood":0,"Red Skull":14},{"Potion Belt":4,"Bottled Flame":6,"Shovel":4,"Self Forming Clay":5,"Bronze Scales":0,"Burning Blood":0,"Red Skull":6},{"Potion Belt":14,"Bottled Flame":27,"Shovel":14,"Self Forming Clay":18,"Bronze Scales":0,"Burning Blood":0,"Red Skull":27}],"Burning Blood":36},"card_choices":[{"not_picked":["Body Slam","Rage"],"picked":"Armaments","floor":1.0},{"not_picked":["Havoc","Sword Boomerang"],"picked":"Rampage","floor":3.0},{"not_picked":["Iron Wave","Twin Strike"],"picked":"Metallicize","floor":5.0},{"not_picked":["Combust","Limit Break"],"picked":"True Grit","floor":7.0},{"not_picked":["Seeing Red","Hemokinesis"],"picked":"Battle Trance","floor":10},{"not_picked":["Pummel","Rage"],"picked":"Disarm","floor":12}],"player_experience":202254,"relics_obtained":[{"floor":7.0,"key":"Potion Belt"},{"floor":9,"key":"Shovel"},{"floor":12,"key":"Bottled Flame"},{"floor":14,"key":"Red Skull"}],"event_choices":[{"damage_healed":0.0,"max_hp_gain":0.0,"max_hp_loss":0.0,"gold_gain":75.0,"event_name":"FaceTrader","player_choice":"Touch","floor":2.0,"gold_loss":0.0,"damage_taken":7.0},{"damage_healed":0.0,"max_hp_gain":0.0,"max_hp_loss":0.0,"gold_gain":75.0,"event_name":"World of Goop","player_choice":"Gather Gold","floor":4.0,"gold_loss":0.0,"damage_taken":11.0},{"damage_healed":0,"gold_gain":0,"player_choice":"Success","damage_taken":3,"relics_obtained":["Self Forming Clay"],"max_hp_gain":0,"max_hp_loss":0,"event_name":"Scrap Ooze","floor":11,"gold_loss":0}],"is_beta":false,"boss_relics":[],"items_purged_floors":[13],"is_endless":false,"potions_floor_spawned":[1,12],"killed_by":"Slime Boss","ascension_level":14}}