{"host":"hszimsrtxxc2k25w","time":1610252184,"event":{"mods":["AchievementEnabler","BaseMod","Colored Map","DeckTracker","Minty Spire (QoL Compilation)","Rare Cards Sparkle","SuperFastMode"],"gold_per_floor":[118,43,43,53,72,103,28,28,52,52,52,67,22,40,40,40,40],"floor_reached":16,"playtime":199,"items_purged":["Strike_R"],"score":200,"play_id":"5d999a2c-4ecd-48f0-9976-513e0edc4855","local_time":"20210110131624","is_ascension_mode":true,"campfire_choices":[{"data":"Blood for Blood","floor":10,"key":"SMITH"},{"data":"Carnage","floor":15,"key":"SMITH"}],"circlet_count":0,"master_deck":["AscendersBane","Strike_R","Strike_R","Strike_R","Defend_R","Defend_R","Defend_R","Defend_R","Bash","Pommel Strike+1","Blood for Blood+1","Carnage+1","Second Wind"],"relics":["Burning Blood","NeowsBlessing","Lantern","Golden Idol","Blood Vial","Matryoshka"],"acts_visited":["Exordium"],"potions_floor_usage":[6,16],"damage_taken":[{"damage":0,"enemies":"Jaw Worm","floor":1,"turns":1},{"damage":0,"enemies":"2 Louse","floor":4,"turns":1},{"damage":0,"enemies":"Cultist","floor":5,"turns":1},{"damage":56,"enemies":"Gremlin Nob","floor":6,"turns":5},{"damage":29,"enemies":"Red Slaver","floor":12,"turns":4},{"damage":12,"enemies":"Exordium Wildlife","floor":14,"turns":4},{"damage":21,"enemies":"Slime Boss","floor":16,"turns":6}],"seed_played":"-9129815310047888973","potions_obtained":[{"floor":5,"key":"BloodPotion"},{"floor":6,"key":"Block Potion"}],"is_trial":false,"path_per_floor":["M","?","?","M","M","E","$","?","T","R","T","M","$","M","R","B"],"character_chosen":"IRONCLAD","items_purchased":["Second Wind"],"campfire_rested":0,"item_purchase_floors":[13],"current_hp_per_floor":[74,74,74,75,75,40,40,40,40,40,40,19,19,15,15,0,0],"gold":40,"neow_bonus":"THREE_ENEMY_KILL","is_daily":false,"chose_seed":false,"campfire_upgraded":2,"win_rate":0.0,"timestamp":1610252184,"path_taken":["M","?","?","M","?","E","?","?","T","R","?","M","$","?","R","BOSS"],"items_purchased_type":["Card"],"build_version":"2020-12-22","purchased_purges":1,"victory":false,"max_hp_per_floor":[75,75,75,75,75,75,75,68,68,68,68,68,68,68,68,68,68],"card_choices":[{"not_picked":["Clothesline","Headbutt"],"picked":"Pommel Strike","floor":1},{"not_picked":["Feel No Pain","Dark Embrace"],"picked":"Blood for Blood","floor":4},{"not_picked":["Havoc","Twin Strike","Intimidate"],"picked":"SKIP","floor":5},{"not_picked":["Thunderclap","Havoc","Blood for Blood"],"picked":"SKIP","floor":6},{"not_picked":["Intimidate","Ghostly Armor"],"picked":"Carnage","floor":12},{"not_picked":["Perfected Strike","Anger","Flame Barrier"],"picked":"SKIP","floor":14}],"player_experience":615163,"relics_obtained":[{"floor":6,"key":"Lantern"},{"floor":9,"key":"Blood Vial"},{"floor":11,"key":"Matryoshka"}],"event_choices":[{"cards_removed":["Strike_R"],"damage_healed":0,"gold_gain":0,"player_choice":"Card Removal","damage_taken":0,"max_hp_gain":0,"max_hp_loss":0,"event_name":"The Cleric","floor":2,"gold_loss":75},{"damage_healed":0,"gold_gain":0,"player_choice":"Forge","damage_taken":0,"max_hp_gain":0,"max_hp_loss":0,"event_name":"Accursed Blacksmith","floor":3,"gold_loss":0,"cards_upgraded":["Pommel Strike"]},{"damage_healed":0,"gold_gain":0,"player_choice":"Lose Max HP","damage_taken":0,"relics_obtained":["Golden Idol"],"max_hp_gain":0,"max_hp_loss":7,"event_name":"Golden Idol","floor":8,"gold_loss":0}],"is_beta":false,"boss_relics":[],"items_purged_floors":[7],"is_endless":false,"potions_floor_spawned":[5,6],"killed_by":"Slime Boss","ascension_level":20}}