{"host":"Fun","time":1610313414,"event":{"mods":["BaseMod","Colored Map","Minty Spire (QoL Compilation)","Relic Stats","StSLib"],"gold_per_floor":[112,130,130,146,296,296,330,164,214,231,241,241,266,266,266,341,341,352,352,362,377,3,37,37,37,63,63,76,76,95,71,71,71,71],"floor_reached":33,"playtime":1136,"items_purged":["Doubt","Strike_G"],"score":604,"play_id":"606dbc56-fd47-47cd-ab22-2ff72ef9e39e","local_time":"20210110161654","is_ascension_mode":true,"campfire_choices":[{"data":"Dagger Spray","floor":6,"key":"SMITH"},{"data":"Phantasmal Killer","floor":12,"key":"SMITH"},{"floor":15,"key":"REST"},{"floor":24,"key":"REST"},{"floor":27,"key":"REST"},{"floor":32,"key":"REST"}],"circlet_count":0,"master_deck":["AscendersBane","Strike_G","Strike_G","Defend_G","Defend_G","Defend_G","Defend_G","Defend_G","Survivor","Neutralize","Dagger Spray+1","Quick Slash","Poisoned Stab","Dark Shackles","Phantasmal Killer+1","Distraction","Malaise","Backflip","Malaise","Footwork","Dodge and Roll","Deflect","Blur","Catalyst","Envenom","Cloak And Dagger","Blade Dance"],"relics":["SlaversCollar","WarpedTongs","NlothsMask","Strawberry","Anchor","Potion Belt","Runic Dome","Bag of Preparation","PreservedInsect","Oddly Smooth Stone"],"acts_visited":["Exordium","TheCity"],"potions_floor_usage":[13,16,25,28,33,33],"damage_taken":[{"damage":7,"enemies":"Small Slimes","floor":1,"turns":5},{"damage":0,"enemies":"Cultist","floor":2,"turns":3},{"damage":0,"enemies":"Jaw Worm","floor":4,"turns":4},{"damage":22,"enemies":"Lagavulin","floor":7,"turns":8},{"damage":1,"enemies":"Looter","floor":10,"turns":3},{"damage":0,"enemies":"Red Slaver","floor":11,"turns":3},{"damage":10,"enemies":"3 Sentries","floor":13,"turns":5},{"damage":22,"enemies":"Slime Boss","floor":16,"turns":8},{"damage":30,"enemies":"Shell Parasite","floor":18,"turns":10},{"damage":15,"enemies":"3 Byrds","floor":20,"turns":6},{"damage":9,"enemies":"Snake Plant","floor":21,"turns":7},{"damage":0,"enemies":"Book of Stabbing","floor":23,"turns":9},{"damage":0,"enemies":"Centurion and Healer","floor":25,"turns":3},{"damage":39,"enemies":"Cultist and Chosen","floor":28,"turns":11},{"damage":7,"enemies":"Snake Plant","floor":30,"turns":10},{"damage":37,"enemies":"Collector","floor":33,"turns":5}],"seed_played":"-3755742381905567027","potions_obtained":[{"floor":4,"key":"SmokeBomb"},{"floor":7,"key":"ColorlessPotion"},{"floor":13,"key":"SteroidPotion"},{"floor":16,"key":"DuplicationPotion"},{"floor":21,"key":"Dexterity Potion"},{"floor":23,"key":"Fire Potion"},{"floor":28,"key":"AttackPotion"}],"is_trial":false,"path_per_floor":["M","M","?","M","?","R","E","$","T","M","M","R","E","T","R","B",null,"M","?","M","M","$","E","R","M","T","R","M","?","M","$","R","B"],"character_chosen":"THE_SILENT","items_purchased":["Dark Shackles","Bag of Preparation","Footwork","Dodge and Roll","Blade Dance"],"campfire_rested":4,"item_purchase_floors":[8,22,22,22,31],"current_hp_per_floor":[52,52,52,52,52,52,37,37,37,36,36,36,26,26,47,25,61,31,31,16,7,7,7,28,28,28,49,10,10,3,3,24,0,0],"gold":71,"neow_bonus":"BOSS_RELIC","is_daily":false,"chose_seed":false,"campfire_upgraded":2,"win_rate":0.0,"timestamp":1610313414,"path_taken":["M","M","?","?","?","R","E","$","T","M","M","R","E","?","R","BOSS","M","?","M","M","$","E","R","M","T","R","?","?","M","?","R","BOSS"],"items_purchased_type":["Card","Relic","Card","Card","Card"],"build_version":"2020-12-18","purchased_purges":2,"victory":false,"max_hp_per_floor":[66,66,66,66,66,66,73,73,73,73,73,73,73,73,73,73,73,73,73,73,73,73,73,73,73,73,73,73,73,73,73,73,73,73],"relic_stats":{"counters":[16,100],"PreservedInsect":0,"Bag of Preparation":[10],"obtain_stats":[{"Potion Belt":14,"SlaversCollar":0,"Runic Dome":17,"Anchor":13,"Strawberry":7,"Oddly Smooth Stone":26,"PreservedInsect":23,"Bag of Preparation":22,"Ring of the Snake":0,"WarpedTongs":1,"NlothsMask":3},{"Potion Belt":7,"SlaversCollar":0,"Runic Dome":8,"Anchor":7,"Strawberry":4,"Oddly Smooth Stone":13,"PreservedInsect":12,"Bag of Preparation":11,"Ring of the Snake":0,"WarpedTongs":1,"NlothsMask":2},{"Potion Belt":31,"SlaversCollar":0,"Runic Dome":39,"Anchor":31,"Strawberry":20,"Oddly Smooth Stone":74,"PreservedInsect":71,"Bag of Preparation":62,"Ring of the Snake":0,"WarpedTongs":1,"NlothsMask":8}],"WarpedTongs":[99]},"card_choices":[{"not_picked":["Dagger Throw","Endless Agony"],"picked":"Dagger Spray","floor":1},{"not_picked":["Prepared","Terror"],"picked":"Quick Slash","floor":2},{"not_picked":["Skewer","Reflex"],"picked":"Poisoned Stab","floor":4},{"not_picked":["Outmaneuver","Poisoned Stab","Reflex"],"picked":"SKIP","floor":7},{"not_picked":["Dagger Throw","Flying Knee","Flechettes"],"picked":"SKIP","floor":10},{"not_picked":["Dagger Throw","Dagger Spray"],"picked":"Phantasmal Killer","floor":11},{"not_picked":["Expertise","Sucker Punch"],"picked":"Distraction","floor":13},{"not_picked":["Unload","Venomology"],"picked":"Malaise","floor":16},{"not_picked":["Bouncing Flask","Dodge and Roll"],"picked":"Backflip","floor":18},{"not_picked":["Tactician","Endless Agony","Flying Knee"],"picked":"SKIP","floor":20},{"not_picked":["Underhanded Strike","Dagger Spray","Backstab"],"picked":"SKIP","floor":21},{"not_picked":["Dagger Spray","Bullet Time"],"picked":"Deflect","floor":23},{"not_picked":["Reflex","Quick Slash"],"picked":"Blur","floor":28},{"not_picked":["Deflect","Heel Hook"],"picked":"Cloak And Dagger","floor":30}],"player_experience":166991,"relics_obtained":[{"floor":7,"key":"Strawberry"},{"floor":13,"key":"Anchor"},{"floor":14,"key":"Potion Belt"},{"floor":23,"key":"PreservedInsect"},{"floor":26,"key":"Oddly Smooth Stone"}],"event_choices":[{"damage_healed":0,"gold_gain":0,"player_choice":"Trade","damage_taken":0,"relics_obtained":["NlothsMask"],"max_hp_gain":0,"max_hp_loss":0,"event_name":"FaceTrader","floor":3,"gold_loss":0},{"damage_healed":0,"gold_gain":150,"player_choice":"AGREE","damage_taken":0,"max_hp_gain":0,"max_hp_loss":0,"event_name":"Liars Game","floor":5,"gold_loss":0,"cards_obtained":["Doubt"]},{"damage_healed":0,"gold_gain":0,"player_choice":"Copied","damage_taken":0,"max_hp_gain":0,"max_hp_loss":0,"event_name":"Duplicator","floor":19,"gold_loss":0,"cards_obtained":["Malaise"]},{"damage_healed":0,"gold_gain":0,"cards_transformed":["Strike_G","Strike_G"],"player_choice":"Became Test Subject","damage_taken":0,"max_hp_gain":0,"max_hp_loss":0,"event_name":"Drug Dealer","floor":29,"gold_loss":0,"cards_obtained":["Catalyst","Envenom"]}],"is_beta":true,"boss_relics":[{"not_picked":["SacredBark","Snecko Eye"],"picked":"Runic Dome"}],"items_purged_floors":[8,22],"is_endless":false,"potions_floor_spawned":[4,7,10,13,16,21,23,28],"killed_by":"Collector","ascension_level":20}}