{"host":"qm4rv4rkpk76sbxu","time":1610239893,"event":{"mods":["BaseMod","Bestiary","Block Reminder","DeckTracker","Filter the Spire","Keyboard Shortcuts","Minty Spire (QoL Compilation)","MonsterHotkey","Potion Indicator Mod","Quick Restart","Relic Stats","Slay-I","StSLib","ojb\u0027s Better Paths Mod"],"gold_per_floor":[110,125,125,135,135,135,167,167,192,208,17,51,61,81,81,154,154,169,94,40,70,96,96,122,142,142,171,86,33,52,74,74,74,74],"floor_reached":33,"playtime":1242,"items_purged":[],"score":590,"play_id":"ff526f38-d9f4-4f81-98d5-eda37e64ea55","local_time":"20210110015133","is_ascension_mode":true,"campfire_choices":[{"data":"1","floor":6.0,"key":"LIFT"},{"data":"2","floor":8.0,"key":"LIFT"},{"data":"3","floor":15.0,"key":"LIFT"},{"data":"Blade Dance","floor":23.0,"key":"SMITH"},{"data":"Accuracy","floor":32.0,"key":"SMITH"}],"circlet_count":0,"master_deck":["AscendersBane","Strike_G","Strike_G","Strike_G","Strike_G","Defend_G","Defend_G","Defend_G","Defend_G","Defend_G","Survivor","Neutralize","Blade Dance+1","Dagger Throw","Storm of Steel","Dash","Poisoned Stab","Infinite Blades","Accuracy+1","Cloak And Dagger","Corpse Explosion","Dagger Spray+1","Dash+1"],"relics":["Ring of the Snake","Girya","Bronze Scales","Tiny Chest","Lee\u0027s Waffle","Pen Nib","Coffee Dripper","Red Mask","Akabeko","Potion Belt","Molten Egg 2","Strawberry","CeramicFish"],"acts_visited":["Exordium","TheCity"],"potions_floor_usage":[33,33],"damage_taken":[{"damage":2.0,"enemies":"Jaw Worm","floor":1.0,"turns":6.0},{"damage":1.0,"enemies":"Cultist","floor":2.0,"turns":3.0},{"damage":0.0,"enemies":"Small Slimes","floor":4.0,"turns":4.0},{"damage":29.0,"enemies":"Gremlin Nob","floor":7.0,"turns":4.0},{"damage":6.0,"enemies":"Gremlin Gang","floor":10.0,"turns":3.0},{"damage":20.0,"enemies":"3 Sentries","floor":12.0,"turns":7.0},{"damage":0.0,"enemies":"2 Fungi Beasts","floor":13.0,"turns":3.0},{"damage":0.0,"enemies":"Looter","floor":14.0,"turns":2.0},{"damage":8.0,"enemies":"Slime Boss","floor":16.0,"turns":6.0},{"damage":23.0,"enemies":"Shell Parasite","floor":18.0,"turns":5.0},{"damage":4.0,"enemies":"Masked Bandits","floor":21.0,"turns":2.0},{"damage":5.0,"enemies":"Slavers","floor":24.0,"turns":2.0},{"damage":1.0,"enemies":"2 Thieves","floor":25.0,"turns":2.0},{"damage":19.0,"enemies":"Book of Stabbing","floor":27.0,"turns":4.0},{"damage":2.0,"enemies":"Snake Plant","floor":30.0,"turns":3.0},{"damage":5.0,"enemies":"Cultist and Chosen","floor":31.0,"turns":5.0},{"damage":17,"enemies":"Champ","floor":33,"turns":6}],"seed_played":"7145949514608041440","potions_obtained":[{"floor":1.0,"key":"Poison Potion"},{"floor":7.0,"key":"SpeedPotion"},{"floor":10.0,"key":"Weak Potion"},{"floor":13.0,"key":"LiquidMemories"},{"floor":24.0,"key":"LiquidBronze"},{"floor":31.0,"key":"Block Potion"}],"is_trial":false,"path_per_floor":["M","M","?","M","?","R","E","R","T","M","$","E","M","M","R","B",null,"M","?","$","?","T","R","E","M","T","E","?","$","M","M","R","B"],"character_chosen":"THE_SILENT","items_purchased":["Lee\u0027s Waffle","Poisoned Stab","AttackPotion","SkillPotion"],"campfire_rested":0,"item_purchase_floors":[11,11,20,29],"current_hp_per_floor":[42,41,41,41,41,41,12,12,12,6,73,53,53,53,53,45,66,43,43,43,39,39,39,34,33,33,21,21,21,19,14,14,0,0],"gold":74,"neow_bonus":"ONE_RARE_RELIC","is_daily":false,"chose_seed":false,"campfire_upgraded":2,"win_rate":0.0,"timestamp":1610239893,"path_taken":["M","M","?","?","?","R","E","R","T","?","$","E","M","M","R","BOSS","M","?","$","?","?","R","E","M","T","E","?","?","?","M","R","BOSS"],"items_purchased_type":["Relic","Card","Potion","Potion"],"build_version":"2020-12-22","purchased_purges":0,"victory":false,"max_hp_per_floor":[66,66,66,66,66,66,66,66,66,66,73,73,73,73,73,73,73,73,73,73,73,73,73,73,73,73,80,80,80,80,80,80,80,80],"relic_stats":{"Lee\u0027s Waffle":67,"counters":[17,67],"Bronze Scales":[118],"CeramicFish":9,"Tiny Chest":1,"Pen Nib":[12],"obtain_stats":[{"Potion Belt":24,"Girya":0,"Lee\u0027s Waffle":11,"CeramicFish":28,"Pen Nib":12,"Akabeko":22,"Bronze Scales":7,"Strawberry":27,"Tiny Chest":9,"Molten Egg 2":26,"Coffee Dripper":17,"Red Mask":21,"Ring of the Snake":0},{"Potion Belt":12,"Girya":0,"Lee\u0027s Waffle":5,"CeramicFish":14,"Pen Nib":6,"Akabeko":11,"Bronze Scales":4,"Strawberry":14,"Tiny Chest":4,"Molten Egg 2":13,"Coffee Dripper":9,"Red Mask":11,"Ring of the Snake":0},{"Potion Belt":47,"Girya":0,"Lee\u0027s Waffle":20,"CeramicFish":53,"Pen Nib":27,"Akabeko":45,"Bronze Scales":17,"Strawberry":53,"Tiny Chest":17,"Molten Egg 2":49,"Coffee Dripper":38,"Red Mask":45,"Ring of the Snake":0}],"Ring of the Snake":[34]},"card_choices":[{"not_picked":["Acrobatics","PiercingWail"],"picked":"Blade Dance","floor":1.0},{"not_picked":["Eviscerate","Flying Knee","Setup"],"picked":"SKIP","floor":2.0},{"not_picked":["Cloak And Dagger","Flying Knee"],"picked":"Dagger Throw","floor":4.0},{"not_picked":["Masterful Stab","Sucker Punch"],"picked":"Storm of Steel","floor":7.0},{"not_picked":["Quick Slash","Flechettes"],"picked":"Dash","floor":10.0},{"not_picked":["Blur","Flying Knee"],"picked":"Infinite Blades","floor":12.0},{"not_picked":["Acrobatics","Outmaneuver"],"picked":"Accuracy","floor":13.0},{"not_picked":["Crippling Poison","Slice"],"picked":"Cloak And Dagger","floor":14.0},{"not_picked":["Bullet Time","Unload"],"picked":"Corpse Explosion","floor":16.0},{"not_picked":["Cloak And Dagger","Masterful Stab","Caltrops+1"],"picked":"SKIP","floor":18.0},{"not_picked":["Distraction","Caltrops"],"picked":"Dagger Spray+1","floor":24.0},{"not_picked":["Dodge and Roll","Crippling Poison","Finisher"],"picked":"SKIP","floor":25.0},{"not_picked":["Crippling Poison","Flechettes+1","Deadly Poison"],"picked":"SKIP","floor":27.0},{"not_picked":["Distraction","Blade Dance","Bane+1"],"picked":"SKIP","floor":30.0},{"not_picked":["Dodge and Roll","Dagger Spray+1"],"picked":"Dash+1","floor":31.0}],"player_experience":1244332,"relics_obtained":[{"floor":7.0,"key":"Bronze Scales"},{"floor":9.0,"key":"Tiny Chest"},{"floor":12.0,"key":"Pen Nib"},{"floor":21.0,"key":"Red Mask"},{"floor":22.0,"key":"Akabeko"},{"floor":24.0,"key":"Potion Belt"},{"floor":26.0,"key":"Molten Egg 2"},{"floor":27.0,"key":"Strawberry"}],"event_choices":[{"cards_removed":["Strike_G"],"damage_healed":0.0,"max_hp_gain":0.0,"max_hp_loss":0.0,"gold_gain":0.0,"event_name":"Purifier","player_choice":"Purged","floor":3.0,"gold_loss":0.0,"damage_taken":0.0},{"damage_healed":0.0,"max_hp_gain":0.0,"max_hp_loss":0.0,"gold_gain":0.0,"event_name":"Wheel of Change","player_choice":"Cursed","floor":5.0,"gold_loss":0.0,"damage_taken":0.0,"cards_obtained":["Decay"]},{"cards_removed":["Decay"],"damage_healed":0.0,"max_hp_gain":0.0,"max_hp_loss":0.0,"gold_gain":0.0,"event_name":"Beggar","player_choice":"Gave Gold","floor":19.0,"gold_loss":75.0,"damage_taken":0.0},{"damage_healed":0.0,"max_hp_gain":0.0,"max_hp_loss":0.0,"gold_gain":0.0,"event_name":"Masked Bandits","player_choice":"Fought Bandits","floor":21.0,"gold_loss":0.0,"damage_taken":0.0},{"damage_healed":0.0,"max_hp_gain":0.0,"max_hp_loss":0.0,"gold_gain":0.0,"event_name":"Addict","player_choice":"Obtained Relic","floor":28.0,"gold_loss":85.0,"damage_taken":0.0,"relics_obtained":["CeramicFish"]}],"is_beta":false,"boss_relics":[{"not_picked":["Sozu","Velvet Choker"],"picked":"Coffee Dripper"}],"items_purged_floors":[],"is_endless":false,"potions_floor_spawned":[1,7,10,13,14,24,31],"killed_by":"Champ","ascension_level":20}}