{"host":"n3cy3kvidykvt4jk","time":1610237161,"event":{"mods":["BaseMod","Colored Powertips","Marisa????????","Minty Spire (QoL Compilation)","Shop Mod","StSLib","SuperFastMode","The Disciple","The Jungle","The Servant 0.9.4"],"gold_per_floor":[119,119,22,22,22,22,57,7,7,26,42,52,52,68,68,168,168,184,184,218,218,218,218,229,259,259,259,66,76,1,14,14,112,112,129,129,147,166,14,14,47,47,70,100,112,140,152,386,398,410,410],"floor_reached":50,"playtime":1564,"items_purged":["Strike_R"],"score":590,"play_id":"31d24a11-e255-422a-bebe-85fb22e88de9","local_time":"20210110030601","is_ascension_mode":true,"campfire_choices":[{"data":"Dramatic Entrance","floor":6,"key":"SMITH"},{"data":"Flex","floor":13,"key":"SMITH"},{"data":"Thunderclap","floor":15,"key":"SMITH"},{"data":"Armaments","floor":23,"key":"SMITH"},{"data":"Metamorphosis","floor":32,"key":"SMITH"},{"data":"Barricade","floor":40,"key":"SMITH"},{"floor":42,"key":"REST"},{"data":"Flex","floor":49,"key":"SMITH"}],"circlet_count":0,"master_deck":["Strike_R","Strike_R","Strike_R","Defend_R","Defend_R","Defend_R","Defend_R","Bash","Headbutt+1","Dramatic Entrance+1","Thunderclap+1","Cleave+1","Flex+1","Blood for Blood+1","Reaper+1","Headbutt+1","Armaments+1","Iron Wave+1","Flex+1","Metamorphosis+1","Barricade+1","Pain","Bludgeon+1","Iron Wave+1"],"relics":["Burning Blood","NeowsBlessing","Mummified Hand","Molten Egg 2","SlaversCollar","Red Mask","MutagenicStrength","Darkstone Periapt","Bottled Flame","Pen Nib","Velvet Choker","WarpedTongs","PreservedInsect","Vajra","MawBank"],"acts_visited":["Exordium","TheCity","TheBeyond"],"potions_floor_usage":[25,29,33,33,33,50,50],"damage_taken":[{"damage":0,"enemies":"Jaw Worm","floor":1,"turns":1},{"damage":0,"enemies":"3 Sentries","floor":7,"turns":1},{"damage":0,"enemies":"Small Slimes","floor":10,"turns":1},{"damage":0,"enemies":"Cultist","floor":11,"turns":2},{"damage":3,"enemies":"Blue Slaver","floor":12,"turns":2},{"damage":0,"enemies":"3 Louse","floor":14,"turns":2},{"damage":46,"enemies":"Hexaghost","floor":16,"turns":7},{"damage":2,"enemies":"Chosen","floor":18,"turns":3},{"damage":0,"enemies":"Masked Bandits","floor":20,"turns":2},{"damage":31,"enemies":"Spheric Guardian","floor":24,"turns":5},{"damage":42,"enemies":"Book of Stabbing","floor":25,"turns":5},{"damage":6,"enemies":"Snake Plant","floor":29,"turns":3},{"damage":8,"enemies":"Cultist and Chosen","floor":31,"turns":3},{"damage":58,"enemies":"Collector","floor":33,"turns":7},{"damage":15,"enemies":"3 Shapes","floor":35,"turns":2},{"damage":16,"enemies":"Orb Walker","floor":37,"turns":2},{"damage":0,"enemies":"Jaw Worm Horde","floor":38,"turns":2},{"damage":33,"enemies":"Reptomancer","floor":41,"turns":5},{"damage":0,"enemies":"Sphere and 2 Shapes","floor":44,"turns":1},{"damage":8,"enemies":"4 Shapes","floor":46,"turns":1},{"damage":106,"enemies":"Donu and Deca","floor":50,"turns":5}],"seed_played":"-1059760668743142967","potions_obtained":[{"floor":11,"key":"Block Potion"},{"floor":12,"key":"LiquidBronze"},{"floor":14,"key":"Strength Potion"},{"floor":29,"key":"DuplicationPotion"},{"floor":31,"key":"Strength Potion"},{"floor":38,"key":"Explosive Potion"},{"floor":44,"key":"Regen Potion"}],"is_trial":false,"path_per_floor":["M","?","$","?","?","R","E","?","T","M","M","M","R","M","R","B",null,"M","?","?","$","?","R","M","E","T","?","$","M","$","M","R","B",null,"M","?","M","M","$","R","E","R","T","M","?","M","?","?","R","B"],"character_chosen":"IRONCLAD","items_purchased":["Dramatic Entrance","Metamorphosis","PreservedInsect"],"campfire_rested":1,"item_purchase_floors":[3,28,39],"current_hp_per_floor":[80,80,80,80,80,80,80,80,80,80,80,80,80,80,80,40,80,80,80,80,80,80,80,55,29,29,29,29,36,36,70,70,18,80,76,82,80,86,86,86,59,84,84,86,86,84,84,84,84,0,0],"gold":410,"neow_bonus":"THREE_ENEMY_KILL","is_daily":false,"chose_seed":false,"campfire_upgraded":7,"win_rate":0.0,"timestamp":1610237161,"path_taken":["M","?","$","?","?","R","E","?","T","M","M","M","R","M","R","BOSS","M","?","?","$","?","R","M","E","T","?","$","M","$","M","R","BOSS","M","?","M","?","$","R","E","R","T","M","?","M","?","?","R","BOSS"],"items_purchased_type":["Card","Card","Relic"],"build_version":"2020-12-22","purchased_purges":1,"victory":false,"max_hp_per_floor":[80,80,80,80,80,80,80,80,80,80,80,80,80,80,80,80,80,80,80,80,80,80,80,80,80,80,80,80,80,80,80,80,80,80,80,86,86,86,86,86,86,86,86,86,86,86,86,86,86,86,86],"card_choices":[{"not_picked":["Burning Pact","True Grit"],"picked":"Headbutt","floor":1},{"not_picked":["Disarm","Anger"],"picked":"Thunderclap","floor":7},{"not_picked":["Anger+1","Blood for Blood+1"],"picked":"Cleave+1","floor":10},{"not_picked":["Bloodletting","Shockwave"],"picked":"Flex","floor":11},{"not_picked":["Metallicize","Clash+1"],"picked":"Blood for Blood+1","floor":12},{"not_picked":["Feel No Pain","Warcry","Anger+1"],"picked":"SKIP","floor":14},{"not_picked":["Brutality","Impervious"],"picked":"Reaper+1","floor":16},{"not_picked":["Heavy Blade+1","Carnage+1"],"picked":"Headbutt+1","floor":18},{"not_picked":["Perfected Strike+1","Thunderclap+1"],"picked":"Armaments","floor":20},{"not_picked":["Heavy Blade+1","Clash+1"],"picked":"Iron Wave+1","floor":24},{"not_picked":["Metallicize+1","Anger+1"],"picked":"Flex","floor":25},{"not_picked":["Sword Boomerang+1","Body Slam+1","Clothesline+1"],"picked":"SKIP","floor":29},{"not_picked":["Thunderclap+1","Feed+1","Twin Strike+1"],"picked":"SKIP","floor":31},{"not_picked":["Impervious","Demon Form"],"picked":"Barricade","floor":33},{"not_picked":["Shrug It Off+1","Armaments","Havoc+1"],"picked":"SKIP","floor":35},{"not_picked":["Havoc","Burning Pact+1","Infernal Blade"],"picked":"SKIP","floor":37},{"not_picked":["Juggernaut","Headbutt+1","Sword Boomerang+1"],"picked":"SKIP","floor":38},{"not_picked":["Warcry+1","Sever Soul+1"],"picked":"Bludgeon+1","floor":41},{"not_picked":["Sentinel","Thunderclap+1"],"picked":"Iron Wave+1","floor":44},{"not_picked":["Impatience","Deep Breath"],"picked":"Swift Strike+1","floor":45},{"not_picked":["Sever Soul+1","Wild Strike+1","Blood for Blood+1"],"picked":"SKIP","floor":46}],"player_experience":501871,"relics_obtained":[{"floor":7,"key":"Mummified Hand"},{"floor":9,"key":"Molten Egg 2"},{"floor":20,"key":"Red Mask"},{"floor":25,"key":"Darkstone Periapt"},{"floor":26,"key":"Bottled Flame"},{"floor":41,"key":"Vajra"},{"floor":43,"key":"MawBank"}],"event_choices":[{"damage_healed":0,"gold_gain":0,"player_choice":"Grow","damage_taken":0,"max_hp_gain":0,"max_hp_loss":0,"event_name":"Living Wall","floor":2,"gold_loss":0,"cards_upgraded":["Headbutt"]},{"damage_healed":0,"gold_gain":0,"player_choice":"Ignored","damage_taken":0,"max_hp_gain":0,"max_hp_loss":0,"event_name":"Liars Game","floor":4,"gold_loss":0},{"damage_healed":0,"gold_gain":0,"player_choice":"Ignored","damage_taken":0,"max_hp_gain":0,"max_hp_loss":0,"event_name":"Shining Light","floor":5,"gold_loss":0},{"cards_removed":["Strike_R"],"damage_healed":0,"gold_gain":0,"player_choice":"Card Removal","damage_taken":0,"max_hp_gain":0,"max_hp_loss":0,"event_name":"The Cleric","floor":8,"gold_loss":50},{"damage_healed":0,"gold_gain":0,"player_choice":"Ignored","damage_taken":0,"max_hp_gain":0,"max_hp_loss":0,"event_name":"Ghosts","floor":19,"gold_loss":0},{"damage_healed":0,"gold_gain":0,"player_choice":"Fought Bandits","damage_taken":0,"max_hp_gain":0,"max_hp_loss":0,"event_name":"Masked Bandits","floor":20,"gold_loss":0},{"damage_healed":0,"gold_gain":0,"player_choice":"Inject Mutagens","damage_taken":0,"relics_obtained":["MutagenicStrength"],"max_hp_gain":0,"max_hp_loss":0,"event_name":"Drug Dealer","floor":22,"gold_loss":0},{"damage_healed":0,"gold_gain":0,"player_choice":"Opened","damage_taken":0,"relics_obtained":["Pen Nib"],"max_hp_gain":0,"max_hp_loss":0,"event_name":"The Mausoleum","floor":27,"gold_loss":0},{"damage_healed":0,"gold_gain":0,"player_choice":"Rummage","damage_taken":0,"relics_obtained":["WarpedTongs"],"max_hp_gain":0,"max_hp_loss":0,"event_name":"Accursed Blacksmith","floor":36,"gold_loss":0,"cards_obtained":["Pain"]},{"damage_healed":0,"gold_gain":0,"player_choice":"Memory 1","damage_taken":0,"max_hp_gain":0,"max_hp_loss":0,"event_name":"SensoryStone","floor":45,"gold_loss":0},{"cards_removed":["Swift Strike"],"damage_healed":0,"gold_gain":0,"player_choice":"Removed Attack","damage_taken":0,"max_hp_gain":0,"max_hp_loss":0,"event_name":"Falling","floor":47,"gold_loss":0},{"damage_healed":0,"gold_gain":222,"player_choice":"Wore Mask","damage_taken":0,"max_hp_gain":0,"max_hp_loss":0,"event_name":"Tomb of Lord Red Mask","floor":48,"gold_loss":0}],"is_beta":false,"boss_relics":[{"not_picked":["Mark of Pain","SacredBark"],"picked":"SlaversCollar"},{"not_picked":["Astrolabe","Pandora\u0027s Box"],"picked":"Velvet Choker"}],"items_purged_floors":[30],"is_endless":false,"potions_floor_spawned":[11,12,14,16,18,29,31,38,44],"killed_by":"Donu and Deca","ascension_level":3}}