{"host":"vzkpoqyw8ea6g4k2","time":1610260608,"event":{"mods":["AchievementEnabler","BaseMod","Colored Map","Colored Powertips","Lobotomy","Minty Spire (QoL Compilation)","Permanent Neow","Quick Restart","StSLib"],"gold_per_floor":[114,130,149,168,23,33,33,68,68,84,95,20,20,31,31,126,126,138,158,158,158],"floor_reached":20,"playtime":819,"items_purged":["Strike_R"],"score":305,"play_id":"e0ddc737-f623-4554-a91c-8c247746f95c","local_time":"20210110153648","is_ascension_mode":false,"campfire_choices":[{"data":"Whirlwind","floor":13,"key":"SMITH"},{"data":"Pommel Strike","floor":15,"key":"SMITH"}],"circlet_count":0,"master_deck":["Strike_R","Strike_R","Strike_R","Strike_R","Defend_R","Defend_R","Defend_R","Defend_R","Bash","OSAHOGD","Whirlwind+1","LaLuna","Seeing Red","UniverseFragment","Combust","Wellcheers","Pommel Strike+1","Scorched","Heavy Blade","PunishingBird","Pummel","OldLady","Perfected Strike","QueenOfHatred","Carnage","Alriune","Feed","CrumblingArmor","Offering","Bloodbath","Thunderclap+1","HeroicMonk","Pommel Strike"],"relics":["Burning Blood","CogitoBucket","Chemical X","Champion Belt","Peace Pipe","Bottled Flame","LuminousBracelet","SacredBark","TreeSap"],"acts_visited":["Exordium","TheCity"],"potions_floor_usage":[10,16],"damage_taken":[{"damage":0,"enemies":"2 Louse","floor":1,"turns":3},{"damage":8,"enemies":"Jaw Worm","floor":2,"turns":4},{"damage":6,"enemies":"Cultist","floor":3,"turns":3},{"damage":3,"enemies":"2 Fungi Beasts","floor":4,"turns":3},{"damage":23,"enemies":"Exordium Thugs","floor":6,"turns":4},{"damage":19,"enemies":"Gremlin Nob","floor":8,"turns":4},{"damage":0,"enemies":"3 Louse","floor":10,"turns":1},{"damage":9,"enemies":"Red Slaver","floor":11,"turns":3},{"damage":1,"enemies":"Exordium Thugs","floor":14,"turns":2},{"damage":4,"enemies":"Slime Boss","floor":16,"turns":5},{"damage":28,"enemies":"2 Thieves","floor":18,"turns":3},{"damage":119,"enemies":"Spheric Guardian","floor":19,"turns":10},{"damage":100,"enemies":"Snake Plant","floor":20,"turns":1}],"seed_played":"-293300542224529313","potions_obtained":[{"floor":1,"key":"BloodPotion"},{"floor":10,"key":"Block Potion"},{"floor":11,"key":"AttackPotion"},{"floor":16,"key":"AttackPotion"},{"floor":18,"key":"Strength Potion"}],"is_trial":false,"path_per_floor":["M","M","M","M","$","M","?","E","T","M","M","$","R","M","R","B",null,"M","M","M"],"character_chosen":"IRONCLAD","items_purchased":["Chemical X"],"campfire_rested":0,"item_purchase_floors":[5],"current_hp_per_floor":[80,78,78,80,80,63,30,17,17,54,55,55,55,70,70,82,95,76,95,0,0],"gold":158,"neow_bonus":"","is_daily":false,"chose_seed":false,"campfire_upgraded":2,"win_rate":0.0,"timestamp":1610260608,"path_taken":["M","M","M","M","$","M","?","E","T","M","M","$","R","M","R","BOSS","M","M","M"],"items_purchased_type":["Relic"],"build_version":"2020-12-22","purchased_purges":1,"victory":false,"max_hp_per_floor":[80,80,80,80,80,80,80,80,80,95,95,95,95,95,95,95,95,95,95,95,95],"card_choices":[{"not_picked":["Bloodbath","FairyFestival"],"picked":"OSAHOGD","floor":1},{"not_picked":["Pommel Strike","Flex"],"picked":"Whirlwind","floor":1},{"not_picked":["SpiderBud","PunishingBird"],"picked":"LaLuna","floor":2},{"not_picked":["Sentinel","Cleave"],"picked":"Seeing Red","floor":2},{"not_picked":["MeatLantern","Murderer"],"picked":"UniverseFragment","floor":3},{"not_picked":["Second Wind","Cleave"],"picked":"Combust","floor":3},{"not_picked":["Murderer","PunishingBird"],"picked":"Wellcheers","floor":4},{"not_picked":["Body Slam","Thunderclap"],"picked":"Pommel Strike","floor":4},{"not_picked":["GalaxyChild","Funeral"],"picked":"Scorched","floor":6},{"not_picked":["Headbutt","Cleave"],"picked":"Heavy Blade","floor":6},{"not_picked":["Mercenary","CherryBlossoms"],"picked":"PunishingBird","floor":8},{"not_picked":["Rupture","Second Wind"],"picked":"Pummel","floor":8},{"not_picked":["BeautyBeast","CherryBlossoms"],"picked":"OldLady","floor":10},{"not_picked":["Bludgeon","Pommel Strike"],"picked":"Perfected Strike","floor":10},{"not_picked":["BeautyBeast","Scarecrow"],"picked":"QueenOfHatred","floor":11},{"not_picked":["Heavy Blade","Anger"],"picked":"Carnage","floor":11},{"not_picked":["RedShoes","LittlePrince"],"picked":"Alriune","floor":14},{"not_picked":["Armaments","Power Through"],"picked":"Feed","floor":14},{"not_picked":["SpiderBud","HappyTeddy"],"picked":"CrumblingArmor","floor":16},{"not_picked":["Juggernaut","Fiend Fire"],"picked":"Offering","floor":16},{"not_picked":["MeatLantern","BeautyBeast"],"picked":"Bloodbath","floor":18},{"not_picked":["Sentinel","Cleave"],"picked":"Thunderclap+1","floor":18},{"not_picked":["CherryBlossoms","BeautyBeast"],"picked":"HeroicMonk","floor":19},{"not_picked":["Sword Boomerang","Dropkick+1"],"picked":"Pommel Strike","floor":19}],"player_experience":18431,"relics_obtained":[{"floor":8,"key":"Peace Pipe"},{"floor":9,"key":"Bottled Flame"}],"event_choices":[{"damage_healed":0,"gold_gain":0,"player_choice":"Success","damage_taken":33,"relics_obtained":["Champion Belt"],"max_hp_gain":0,"max_hp_loss":0,"event_name":"Scrap Ooze","floor":7,"gold_loss":0}],"is_beta":false,"boss_relics":[{"not_picked":["Coffee Dripper","Snecko Eye"],"picked":"SacredBark"}],"items_purged_floors":[12],"is_endless":false,"potions_floor_spawned":[1,10,11,16,18],"killed_by":"Snake Plant","ascension_level":0}}