{"host":"bpkhhmvsfrvlto2l","time":1610245660,"event":{"mods":["2.2 Compatiblity","AchievementEnabler","Act Like it!","AlwaysNeverKeys","Aspiration","BaseMod","Better Silent Start","Challenge The Spire","Colored Map","Colored Powertips","Custom Start","Downfall","Energized Spire","Friendly Minions","GifTheSpireLib","Halation","Hubris","Infinite Spire","Ironclad Rager","Mimic Mod","Minty Spire (QoL Compilation)","Permanent Neow","Quick Restart","Random Character Button","Relic Sorter","Replay The Spire","Spikes Relics","StSLib","Stuff the Spire","Swap Starting Deck Mod","Trackpad"],"gold_per_floor":[99,99,114,18,36,29,74,74,96,6,25,50,50,50,65,172,172,172,199,213,213,313,332,359,209,209,209,256,256,282,320,339,444,444,369,388,438,438,438,452,452,452,468,502,502,513,526,168,187,187],"floor_reached":51,"playtime":2182,"items_purged":["hexamod:Float"],"score":766,"play_id":"dc929b7e-b5bc-4f58-9036-39f25220e101","local_time":"20210109212740","is_ascension_mode":false,"campfire_choices":[{"data":"hexamod:HexaLevel","floor":1.0,"key":"SMITH"},{"data":"hexamod:GhostflameInferno","floor":8.0,"key":"SMITH"},{"floor":13.0,"key":"REST"},{"floor":18.0,"key":"RECALL"},{"data":"hexamod:RadiantFlame","floor":25,"key":"SMITH"},{"data":"infinitespire:Gouge","floor":35,"key":"SMITH"},{"floor":42,"key":"REST"}],"circlet_count":0,"master_deck":["hexamod:Strike","hexamod:Strike+1","hexamod:Strike+1","hexamod:Strike","hexamod:Defend+1","hexamod:Defend","hexamod:Defend","hexamod:Defend","hexamod:HexaLevel+1","hexamod:SoulSteal","hexamod:RadiantFlame+1","hexamod:GhostflameInferno+1","hexamod:SpectersWail+1","hexamod:SpectersWail","infinitespire:Gouge+1","hexamod:FastForward","hexamod:TimeOfNeed","hubris:Fate","hexamod:EtherealExpedition+1","Parasite","infinitespire:Gouge+1"],"relics":["hexamod:SpiritBrand","halation:PinkSoulGem","halation:LettersToHer","downfall:GremlinWheel","downfall:HeartBlessingRed","downfall:HeartBlessingBlue","aspiration:ChemicalBlood","Blue Doll","StuffTheSpire:HeavyRock","hexamod:TheBrokenSeal","energizedSpire:SpiderWeb","downfall:HeartBlessingGreen","Turnip","Replay:Rubber Ducky","MiniBlackHole","MealTicket","hubris:SphereOfDissonance"],"acts_visited":["Exordium","TheCity","TheBeyond"],"potions_floor_usage":[21,22,30,30,31,31,31,31,32,33,37,37,37,40,48,50,50],"damage_taken":[{"damage":9.0,"enemies":"2 Louse","floor":3.0,"turns":5.0},{"damage":0.0,"enemies":"downfall:FleeingMerchant","floor":4.0,"turns":4.0},{"damage":11.0,"enemies":"Jaw Worm","floor":5.0,"turns":3.0},{"damage":9.0,"enemies":"downfall:FleeingMerchant","floor":6.0,"turns":4.0},{"damage":7.0,"enemies":"Cultist","floor":7.0,"turns":7.0},{"damage":0.0,"enemies":"Cultist","floor":9.0,"turns":4.0},{"damage":11.0,"enemies":"downfall:FleeingMerchant","floor":10.0,"turns":4.0},{"damage":26.0,"enemies":"Lots of Slimes","floor":11.0,"turns":3.0},{"damage":0.0,"enemies":"3 Louse","floor":12.0,"turns":2.0},{"damage":15.0,"enemies":"Exordium Thugs","floor":15.0,"turns":5.0},{"damage":15.0,"enemies":"downfall:Watcher","floor":16.0,"turns":8.0},{"damage":14.0,"enemies":"3 Byrds","floor":19.0,"turns":4.0},{"damage":27.0,"enemies":"Centurion and Healer","floor":20.0,"turns":9.0},{"damage":0,"enemies":"Snecko","floor":21,"turns":1},{"damage":42,"enemies":"Snecko","floor":22,"turns":5},{"damage":0,"enemies":"3 Cultists","floor":23,"turns":2},{"damage":9,"enemies":"Snake Plant","floor":30,"turns":4},{"damage":51,"enemies":"Slavers","floor":31,"turns":3},{"damage":31,"enemies":"Shelled Parasite and Fungi","floor":32,"turns":8},{"damage":10,"enemies":"downfall:Defect","floor":33,"turns":8},{"damage":14,"enemies":"3 Darklings","floor":36,"turns":5},{"damage":42,"enemies":"Mind Bloom Boss Battle","floor":37,"turns":5},{"damage":14,"enemies":"3 Shapes","floor":40,"turns":3},{"damage":0,"enemies":"Writhing Mass","floor":43,"turns":5},{"damage":20,"enemies":"Nemesis","floor":44,"turns":3},{"damage":3,"enemies":"Transient","floor":46,"turns":5},{"damage":10,"enemies":"Spire Growth","floor":47,"turns":6},{"damage":0,"enemies":"downfall:FleeingMerchant","floor":48,"turns":4},{"damage":10,"enemies":"Maw","floor":49,"turns":5},{"damage":22,"enemies":"downfall:Silent","floor":50,"turns":8}],"seed_played":"196125302676430662","potions_obtained":[{"floor":9.0,"key":"LiquidMemories"},{"floor":11.0,"key":"Explosive Potion"},{"floor":15.0,"key":"SteroidPotion"},{"floor":16.0,"key":"SkillPotion"},{"floor":16.0,"key":"AttackPotion"},{"floor":20.0,"key":"SmokeBomb"},{"floor":22,"key":"DuplicationPotion"},{"floor":22,"key":"Block Potion"},{"floor":23,"key":"Fire Potion"},{"floor":30,"key":"sneckomod:MuddlingPotion"},{"floor":31,"key":"LifebloodPotion"},{"floor":43,"key":"SpeedPotion"},{"floor":44,"key":"Energy Potion"}],"is_trial":false,"path_per_floor":["R","?","M","$","M","$","MIM","R","M","$","M","M","R","?","M","B",null,"R_BF","M","M","M","?","M","T","R","?","AVR","T","?","M","E","M","B",null,"R","M","?","?","AVR","M","T","R","M","E","?","M","M","$","M","B",null],"character_chosen":"THE_SPIRIT","items_purchased":["hexamod:RadiantFlame","hubris:SphereOfDissonance","PowerPotion","ColorlessPotion"],"campfire_rested":2,"item_purchase_floors":[4,48,48,48],"current_hp_per_floor":[70,70,61,61,57,55,55,55,62,58,39,39,60,60,52,44,70,70,63,43,43,8,70,70,80,80,80,80,60,58,7,90,85,95,95,81,39,39,39,25,25,53,53,33,33,30,20,35,85,63],"gold":187,"neow_bonus":"ONE_RANDOM_RARE_CARD","is_daily":false,"chose_seed":false,"campfire_upgraded":4,"win_rate":0.0,"timestamp":1610245660,"path_taken":["R","?","M","?","?","$","MIM","R","M","$","M","M","R","?","M","BOSS","R_BF","M","M","M","?","?","T","R","?","AVR","?","?","M","E","M","BOSS","R","M","?","?","AVR","M","T","R","M","E","?","M","M","$","M","BOSS"],"items_purchased_type":["Card","Relic","Potion","Potion"],"build_version":"2020-12-22","purchased_purges":1,"victory":true,"max_hp_per_floor":[70,70,70,70,70,70,70,70,70,70,70,70,70,70,70,70,70,70,70,70,70,70,70,70,80,80,80,80,80,80,80,90,95,95,95,95,95,95,95,95,95,95,95,95,95,95,95,95,95,95],"card_choices":[{"not_picked":["hexamod:Incineration","hexamod:GhostLash"],"picked":"hexamod:SoulSteal","floor":3.0},{"not_picked":["hexamod:NecessarySacrifice","hexamod:NightmareStrike"],"picked":"hexamod:FirstSeal","floor":4.0},{"not_picked":["hexamod:HeatMetal","hexamod:SoulSteal"],"picked":"hexamod:SecondSeal","floor":5.0},{"not_picked":["hexamod:GhostShield","hexamod:Haunt"],"picked":"hexamod:GhostflameInferno","floor":6.0},{"not_picked":["hexamod:TimeWarp","hexamod:EtherealExpedition","hexamod:BacktrackSmack"],"picked":"SKIP","floor":10.0},{"not_picked":["hexamod:ShieldOfDarkness","hexamod:GhostLash","hexamod:RainOfEmbers"],"picked":"SKIP","floor":11.0},{"not_picked":["hexamod:RadiantFlame","hexamod:AdvancingGuard"],"picked":"hexamod:FourthSeal","floor":15.0},{"not_picked":["hexamod:TimeOfNeed","hexamod:GhostflameInferno"],"picked":"hexamod:FifthSeal","floor":16.0},{"not_picked":["hexamod:GhostShield","hexamod:InspiringFlames+1"],"picked":"hexamod:SpectersWail+1","floor":19.0},{"not_picked":["hexamod:FirstSeal","hexamod:ThirdSeal"],"picked":"hexamod:SixthSeal","floor":20.0},{"not_picked":["hexamod:GhostShield","hexamod:Haunt"],"picked":"hexamod:SpectersWail","floor":20.0},{"not_picked":["infinitespire:Fortify","infinitespire:UltimateForm"],"picked":"infinitespire:Gouge","floor":29},{"not_picked":["hexamod:FirstSeal","hexamod:SixthSeal"],"picked":"hexamod:ThirdSeal","floor":30},{"not_picked":["hexamod:Hexaguard","hexamod:BurningTouch","hexamod:GhostShield"],"picked":"SKIP","floor":30},{"not_picked":["hexamod:HauntingEcho","hexamod:Firestarter"],"picked":"hexamod:FastForward","floor":31},{"not_picked":["hexamod:FifthSeal","hexamod:StepThrough","hexamod:AdvancingGuard+1"],"picked":"SKIP","floor":31},{"not_picked":["hexamod:FirstSeal","hexamod:EmpoweredFlame","hexamod:RainOfEmbers+1"],"picked":"SKIP","floor":32},{"not_picked":["hexamod:SixthSeal","hexamod:UnleashSpirits"],"picked":"hexamod:TimeOfNeed","floor":33},{"not_picked":["hexamod:FifthSeal","hexamod:InspiringFlames+1"],"picked":"hexamod:EtherealExpedition+1","floor":40},{"not_picked":["hexamod:NightmareGuise+1","hexamod:Rewind","hexamod:EtherealExpedition+1"],"picked":"SKIP","floor":48},{"not_picked":["hexamod:DynamicBlow+1","hexamod:InspiringFlames+1","hexamod:GhostflameInferno"],"picked":"SKIP","floor":49}],"player_experience":57310,"relics_obtained":[{"floor":7.0,"key":"halation:LettersToHer"},{"floor":22,"key":"downfall:GremlinWheel"},{"floor":25,"key":"aspiration:ChemicalBlood"},{"floor":28,"key":"Blue Doll"},{"floor":31,"key":"StuffTheSpire:HeavyRock"},{"floor":37,"key":"Turnip"},{"floor":41,"key":"MiniBlackHole"},{"floor":44,"key":"MealTicket"}],"event_choices":[{"cards_removed":["hexamod:Sear"],"damage_healed":0.0,"max_hp_gain":0.0,"max_hp_loss":0.0,"gold_gain":0.0,"event_name":"Bonfire Elementals","player_choice":"Offered Basic","floor":14.0,"gold_loss":0.0,"damage_taken":0.0},{"damage_healed":0,"gold_gain":0,"player_choice":"Relic","damage_taken":0,"max_hp_gain":0,"max_hp_loss":0,"event_name":"Wheel of Change","floor":25,"gold_loss":0},{"damage_healed":0,"gold_gain":0,"player_choice":"Copied","damage_taken":0,"max_hp_gain":0,"max_hp_loss":0,"event_name":"Duplicator","floor":45,"gold_loss":0,"cards_obtained":["infinitespire:Gouge"]}],"is_beta":false,"boss_relics":[{"not_picked":["StuffTheSpire:Kangaroo","Fusion Hammer","halation:LoveArrow"]},{"not_picked":["halation:ForbiddenBikini","aspiration:PoetsPen_weak"],"picked":"energizedSpire:SpiderWeb"}],"items_purged_floors":[10],"is_endless":false,"potions_floor_spawned":[9,11,15,16,21,22,23,30,31,43,44,47],"ascension_level":0}}