{"host":"gsp4qlltb0c3ynci","time":1610278221,"event":{"mods":["2.2 Compatiblity","Abigail Mod","Ascension Reborn","BaseMod","Friendly Minions","Minty Spire (QoL Compilation)","Prisma Mod","Replay The Spire","Say the Spire","StSLib"],"gold_per_floor":[153,213,267,297,339,444,549,0,48,132,307,397,439,532,532,844,844,889,946,483,398,398,506,605,701,701,758,875,617,38,131,131,449,449,482,482,189,44,44,119,197,296,296,136,220,328,328,415,415,415],"floor_reached":51,"playtime":1764,"items_purged":["Doubt","Pain","Strike_G+1","Slice+1","Pot Of Greed+1"],"score":1720,"play_id":"c8b4394e-b9cf-4d49-a288-109559c81f34","local_time":"20210110203021","daily_mods":["Vintage","Colorless Cards","Heirloom","Time Dilation","Flight","DeadlyEvents","Elite Swarm","Midas"],"is_ascension_mode":true,"campfire_choices":[],"circlet_count":0,"master_deck":["Strike_G+1","Strike_G+1","Strike_G+1","Strike_G+2","Defend_G+1","Defend_G+1","Defend_G+2","Defend_G+1","Defend_G+1","Survivor+1","Neutralize+1","Adrenaline","After Image","Prepared+1","Envenom","Master of Strategy+1","Pot Of Greed+1","ReplayTheSpireMod:Brewmster","Sadistic Nature","Storm of Steel","Crow Ritual","Flying Knee+1","Heel Hook+1","Apotheosis+1","Madness","ReplayTheSpireMod:Necrogeddon+1","Slice+1","Acrobatics+1","Panache"],"relics":["Ring of the Snake","Replay:Arrowhead","Chameleon Ring","Incense Burner","Molten Egg 2","MawBank","Gambling Chip","Tingsha","Kunai","Gremlin Horn","Thread and Needle","Nunchaku","Odd Mushroom","Blue Doll","Durian","Calipers","SacredBark","Counterbalance","Grinning Jar","Membership Card","Oddly Smooth Stone","Garlic","Ancient Tea Set","WarpedTongs","CeramicFish","Replay:Bottled Eggs","Replay:Bottled Steam","War Paint","Whetstone","Toy Ornithopter","PreservedInsect","ReplayFunnel","FossilizedHelix","Letter Opener","Strange Spoon","Strawberry","SlaversCollar","Simple Rune","Happy Flower","Tough Bandages","Potion Belt","Replay:Mystery Machine","Divine Protection","Pet Ghost","Blood Vial","Akabeko","Snake Skull","Quantum Egg","Regal Pillow","The Courier","Bronze Scales"],"acts_visited":["Exordium","TheCity","TheBeyond"],"potions_floor_usage":[6,16,18,24,24,25,28,33,33,33,41,46,50,50,50,50,50,50],"damage_taken":[{"damage":0,"enemies":"2 Louse","floor":1,"turns":2},{"damage":0,"enemies":"Small Slimes","floor":2,"turns":3},{"damage":0,"enemies":"Jaw Worm","floor":3,"turns":3},{"damage":0,"enemies":"Looter","floor":4,"turns":3},{"damage":17,"enemies":"Exordium Thugs","floor":5,"turns":5},{"damage":2,"enemies":"3 Sentries","floor":6,"turns":10},{"damage":0,"enemies":"Gremlin Nob","floor":7,"turns":3},{"damage":0,"enemies":"The Mushroom Lair","floor":10,"turns":3},{"damage":0,"enemies":"3 Sentries","floor":12,"turns":6},{"damage":0,"enemies":"Blue Slaver","floor":13,"turns":2},{"damage":0,"enemies":"Replay:BlueRogue","floor":14,"turns":4},{"damage":0,"enemies":"The Guardian","floor":16,"turns":6},{"damage":0,"enemies":"Shell Parasite","floor":18,"turns":2},{"damage":0,"enemies":"Chosen","floor":19,"turns":3},{"damage":6,"enemies":"Gremlin Leader","floor":23,"turns":10},{"damage":1,"enemies":"Book of Stabbing","floor":24,"turns":4},{"damage":8,"enemies":"Gremlin Leader","floor":25,"turns":3},{"damage":1,"enemies":"Centurion and Healer","floor":27,"turns":3},{"damage":1,"enemies":"Slavers","floor":28,"turns":2},{"damage":0,"enemies":"Replay:Snechameleon","floor":31,"turns":3},{"damage":0,"enemies":"Collector","floor":33,"turns":3},{"damage":0,"enemies":"Orb Walker","floor":35,"turns":1},{"damage":0,"enemies":"Reptomancer","floor":40,"turns":1},{"damage":0,"enemies":"R_Hoarder","floor":41,"turns":5},{"damage":0,"enemies":"Reptomancer","floor":42,"turns":1},{"damage":0,"enemies":"R_Hoarder","floor":45,"turns":4},{"damage":0,"enemies":"Giant Head","floor":46,"turns":3},{"damage":0,"enemies":"R_Hoarder","floor":48,"turns":2},{"damage":0,"enemies":"Awakened One","floor":50,"turns":3}],"seed_played":"-5247399367927263437","potions_obtained":[{"floor":5,"key":"Weak Potion"},{"floor":7,"key":"SkillPotion"},{"floor":10,"key":"SteroidPotion"},{"floor":12,"key":"LiquidMemories"},{"floor":23,"key":"Swift Potion"},{"floor":25,"key":"PowerPotion"},{"floor":40,"key":"BlessingOfTheForge"},{"floor":41,"key":"DistilledChaos"},{"floor":42,"key":"Strength Potion"}],"is_trial":true,"path_per_floor":["M","M","M","M","M","E","E","$","T","?","?","E","M","E","R","B",null,"M","M","$","?","?","E","E","E","T","M","E","$","$","E","R","B",null,"M","?","$","$","?","E","E","E","T","$","E","E","T","E","R","B",null],"character_chosen":"THE_SILENT","items_purchased":["Gremlin Horn","Thread and Needle","Membership Card","Oddly Smooth Stone","Garlic","Thinking Ahead+1","PreservedInsect","ReplayFunnel","Flying Knee+1","Heel Hook+1","SpeedPotion","Apotheosis","Madness","FossilizedHelix","Letter Opener","CultistPotion","Strange Spoon","Happy Flower","Tough Bandages","Slice+1","Acrobatics+1","Potion Belt","Replay:Mystery Machine","Snake Skull"],"campfire_rested":0,"item_purchase_floors":[8,8,20,20,20,20,29,29,29,29,29,30,30,30,30,30,30,37,37,37,37,38,38,44],"current_hp_per_floor":[70,70,70,70,53,51,51,51,51,51,51,51,56,56,56,56,75,75,75,75,75,75,69,68,60,60,59,58,58,58,65,65,80,82,82,82,82,82,82,82,82,82,82,82,82,82,82,82,82,82],"gold":415,"neow_bonus":"","is_daily":false,"chose_seed":false,"campfire_upgraded":0,"win_rate":0.0,"timestamp":1610278221,"path_taken":["M","M","M","M","M","E","E","$","T","?","?","?","?","E","R","BOSS","M","M","$","?","?","E","?","E","T","?","E","?","$","E","R","BOSS","M","?","$","$","?","E","E","E","T","$","?","E","?","E","R","BOSS"],"items_purchased_type":["Relic","Relic","Relic","Relic","Relic","Card","Relic","Relic","Card","Card","Potion","Card","Card","Relic","Relic","Potion","Relic","Relic","Relic","Card","Card","Relic","Relic","Relic"],"build_version":"2020-12-22","purchased_purges":5,"victory":true,"max_hp_per_floor":[70,70,70,70,70,70,70,70,70,70,70,70,75,75,75,75,75,75,75,75,75,75,75,75,75,75,75,75,75,75,82,82,82,82,82,82,82,82,82,82,82,82,82,82,82,82,82,82,82,82],"card_choices":[{"not_picked":["Metamorphosis","Secret Technique"],"picked":"Adrenaline","floor":6},{"not_picked":["Adrenaline","Violence"],"picked":"After Image","floor":7},{"not_picked":["ReplayTheSpireMod:Exploit Weakness","Backflip"],"picked":"Prepared","floor":10},{"not_picked":["ReplayTheSpireMod:From All Sides+1","HandOfGreed+1"],"picked":"Envenom","floor":12},{"not_picked":["Crow Ritual","After Image"],"picked":"Master of Strategy","floor":14},{"not_picked":["Unload+1","Corpse Explosion"],"picked":"ReplayTheSpireMod:Brewmster","floor":23},{"not_picked":["Storm of Steel","ReplayTheSpireMod:From All Sides+1"],"picked":"Sadistic Nature","floor":24},{"not_picked":["Metamorphosis","Thinking Ahead"],"picked":"Storm of Steel","floor":25},{"not_picked":["Secret Weapon","Bullet Time"],"picked":"Crow Ritual","floor":28},{"not_picked":["Die Die Die+1","Crow Ritual","Poisoned Strike+1"],"picked":"SKIP","floor":31},{"not_picked":["Unload+1","Secret Technique"],"picked":"ReplayTheSpireMod:Necrogeddon+1","floor":33},{"not_picked":["Storm of Steel","Envenom","Crow Ritual"],"picked":"SKIP","floor":40},{"not_picked":["ReplayTheSpireMod:Necrosis","Bullet Time","Adrenaline"],"picked":"SKIP","floor":41},{"not_picked":["Night Terror","Adrenaline","Poisoned Strike+1"],"picked":"SKIP","floor":42},{"not_picked":["Storm of Steel","ReplayTheSpireMod:Brewmster","The Bomb"],"picked":"SKIP","floor":45},{"not_picked":["Atom Bomb+1","Tools of the Trade"],"picked":"Panache","floor":46},{"not_picked":["Metamorphosis","Apotheosis","Corpse Explosion"],"picked":"SKIP","floor":48}],"player_experience":502770,"relics_obtained":[{"floor":1,"key":"Chameleon Ring"},{"floor":2,"key":"Incense Burner"},{"floor":3,"key":"Molten Egg 2"},{"floor":4,"key":"MawBank"},{"floor":5,"key":"Gambling Chip"},{"floor":6,"key":"Tingsha"},{"floor":7,"key":"Kunai"},{"floor":9,"key":"Nunchaku"},{"floor":10,"key":"Odd Mushroom"},{"floor":12,"key":"Blue Doll"},{"floor":13,"key":"Durian"},{"floor":14,"key":"Calipers"},{"floor":18,"key":"Counterbalance"},{"floor":19,"key":"Grinning Jar"},{"floor":23,"key":"CeramicFish"},{"floor":24,"key":"Replay:Bottled Eggs"},{"floor":25,"key":"Replay:Bottled Steam"},{"floor":26,"key":"War Paint"},{"floor":27,"key":"Whetstone"},{"floor":28,"key":"Toy Ornithopter"},{"floor":31,"key":"Strawberry"},{"floor":35,"key":"Simple Rune"},{"floor":40,"key":"Divine Protection"},{"floor":41,"key":"Pet Ghost"},{"floor":42,"key":"Blood Vial"},{"floor":43,"key":"Akabeko"},{"floor":45,"key":"Quantum Egg"},{"floor":46,"key":"Regal Pillow"},{"floor":47,"key":"The Courier"},{"floor":48,"key":"Bronze Scales"}],"event_choices":[{"damage_healed":0,"gold_gain":0,"player_choice":"Fought Mushrooms","damage_taken":0,"max_hp_gain":0,"max_hp_loss":0,"event_name":"Mushrooms","floor":10,"gold_loss":0},{"damage_healed":0,"gold_gain":175,"player_choice":"AGREE","damage_taken":0,"max_hp_gain":0,"max_hp_loss":0,"event_name":"Liars Game","floor":11,"gold_loss":0,"cards_obtained":["Doubt"]},{"damage_healed":0,"gold_gain":0,"player_choice":"Obtained Relic","damage_taken":0,"relics_obtained":["Ancient Tea Set"],"max_hp_gain":0,"max_hp_loss":0,"event_name":"Addict","floor":21,"gold_loss":85},{"damage_healed":0,"gold_gain":0,"player_choice":"Rummage","damage_taken":0,"relics_obtained":["WarpedTongs"],"max_hp_gain":0,"max_hp_loss":0,"event_name":"Accursed Blacksmith","floor":22,"gold_loss":0,"cards_obtained":["Pain"]},{"cards_removed":["Thinking Ahead"],"damage_healed":0,"gold_gain":0,"player_choice":"Removed Skill","damage_taken":0,"max_hp_gain":0,"max_hp_loss":0,"event_name":"Falling","floor":36,"gold_loss":0},{"cards_removed":["Pot Of Greed"],"damage_healed":0,"gold_gain":0,"player_choice":"Purged","damage_taken":0,"max_hp_gain":0,"max_hp_loss":0,"event_name":"Purifier","floor":39,"gold_loss":0}],"is_beta":false,"boss_relics":[{"not_picked":["Runic Dome","Painkiller Herb"],"picked":"SacredBark"},{"not_picked":["Pandora\u0027s Box","Snecko Scales"],"picked":"SlaversCollar"}],"items_purged_floors":[20,29,30,37,44],"is_endless":false,"potions_floor_spawned":[5,7,10,12,13,23,24,25,31,40,41,42,45],"ascension_level":0}}