{"host":"9v3x998ddbx8o276","time":1610237307,"event":{"mods":["AchievementEnabler","BaseMod","Colored Map","Colored Powertips","Highlight Path","Minty Spire (QoL Compilation)","Quick Restart","Rare Cards Sparkle"],"gold_per_floor":[117,136,136,149,19,53,53,53,130,173,194,194,194,219,219,313,313,334,23,73,89,89,89,104,20,101,101,101,142,142,158,158,256,256,279,310,329,347,6,6,39,39,87,87,114,150,165,201,201,201,201],"floor_reached":52,"playtime":2374,"items_purged":["Strike_B","Strike_B"],"score":2017,"play_id":"e660c0f2-c7b1-4e6a-a3b0-c68f52982037","local_time":"20210110103827","is_ascension_mode":true,"campfire_choices":[{"floor":7,"key":"REST"},{"floor":12,"key":"REST"},{"data":"Defragment","floor":15,"key":"SMITH"},{"floor":23,"key":"REST"},{"data":"Loop","floor":27,"key":"SMITH"},{"floor":30,"key":"REST"},{"data":"Biased Cognition","floor":32,"key":"SMITH"},{"floor":40,"key":"RECALL"},{"data":"Self Repair","floor":44,"key":"SMITH"},{"floor":49,"key":"REST"}],"circlet_count":0,"master_deck":["AscendersBane","Strike_B","Defend_B","Defend_B+1","Defend_B","Zap","Dualcast","Ball Lightning","Ball Lightning","Beam Cell","Sweeping Beam","Core Surge","Defragment+1","Coolheaded","Echo Form","Go for the Eyes","Glacier","Seek","Ball Lightning","Doom and Gloom","Conserve Battery","Decay","Loop+1","Biased Cognition+1","Coolheaded","Creative AI","Self Repair+1","Consume+1","Conserve Battery+1"],"relics":["Cracked Core","NeowsBlessing","Dream Catcher","Golden Idol","Bottled Tornado","Question Card","InkBottle","Nuclear Battery","Regal Pillow","Cables","Red Mask","Inserter","Emotion Chip","TungstenRod","Sundial","Vajra","Pantograph","Bronze Scales"],"acts_visited":["Exordium","TheCity","TheBeyond"],"potions_floor_usage":[6,6,14,16,29,29,33,48,50],"damage_taken":[{"damage":0,"enemies":"Cultist","floor":1,"turns":1},{"damage":0,"enemies":"2 Louse","floor":2,"turns":1},{"damage":0,"enemies":"Jaw Worm","floor":4,"turns":1},{"damage":19,"enemies":"Lagavulin","floor":6,"turns":4},{"damage":24,"enemies":"3 Sentries","floor":10,"turns":6},{"damage":10,"enemies":"Blue Slaver","floor":11,"turns":3},{"damage":0,"enemies":"Exordium Thugs","floor":14,"turns":3},{"damage":0,"enemies":"Slime Boss","floor":16,"turns":5},{"damage":23,"enemies":"Shell Parasite","floor":18,"turns":5},{"damage":3,"enemies":"Spheric Guardian","floor":21,"turns":3},{"damage":6,"enemies":"Snake Plant","floor":24,"turns":4},{"damage":31,"enemies":"Masked Bandits","floor":29,"turns":5},{"damage":0,"enemies":"Centurion and Healer","floor":31,"turns":6},{"damage":16,"enemies":"Champ","floor":33,"turns":8},{"damage":0,"enemies":"3 Shapes","floor":35,"turns":4},{"damage":0,"enemies":"Mind Bloom Boss Battle","floor":36,"turns":5},{"damage":5,"enemies":"3 Darklings","floor":37,"turns":6},{"damage":12,"enemies":"Jaw Worm Horde","floor":38,"turns":6},{"damage":11,"enemies":"Giant Head","floor":41,"turns":7},{"damage":56,"enemies":"Reptomancer","floor":46,"turns":7},{"damage":13,"enemies":"4 Shapes","floor":47,"turns":3},{"damage":8,"enemies":"Giant Head","floor":48,"turns":10},{"damage":23,"enemies":"Awakened One","floor":50,"turns":15},{"damage":48,"enemies":"Time Eater","floor":51,"turns":12}],"seed_played":"3681326125835667606","potions_obtained":[{"floor":1,"key":"Fire Potion"},{"floor":2,"key":"Fruit Juice"},{"floor":6,"key":"SkillPotion"},{"floor":14,"key":"Fire Potion"},{"floor":24,"key":"Explosive Potion"},{"floor":29,"key":"Energy Potion"},{"floor":31,"key":"Weak Potion"},{"floor":33,"key":"Strength Potion"}],"is_trial":false,"path_per_floor":["M","M","?","M","$","E","R","?","T","E","M","R","T","M","R","B",null,"M","$","?","M","?","R","M","$","T","R","?","?","R","M","R","B",null,"M","?","M","M","$","R","E","?","T","R","T","E","M","E","R","B","B",null],"character_chosen":"DEFECT","items_purchased":["Sweeping Beam","Regal Pillow","Doom and Gloom","LiquidMemories","TungstenRod"],"campfire_rested":5,"item_purchase_floors":[5,19,19,25,39],"current_hp_per_floor":[64,64,43,43,43,29,51,51,51,27,17,37,37,37,37,37,61,38,38,38,35,35,69,63,63,63,63,63,32,67,67,67,51,65,65,65,69,69,69,69,69,69,69,69,69,33,20,32,67,56,21],"gold":201,"neow_bonus":"THREE_ENEMY_KILL","is_daily":false,"chose_seed":false,"campfire_upgraded":4,"win_rate":0.0,"timestamp":1610237307,"path_taken":["M","?","?","M","$","E","R","?","T","E","M","R","?","?","R","BOSS","M","?","?","M","?","R","?","$","T","R","?","?","R","M","R","BOSS","M","?","M","M","$","R","E","?","T","R","?","E","M","E","R","BOSS","BOSS"],"items_purchased_type":["Card","Relic","Card","Potion","Relic"],"build_version":"2020-12-22","purchased_purges":2,"victory":true,"max_hp_per_floor":[71,71,71,71,71,76,76,69,69,69,69,69,69,69,69,69,69,69,69,69,69,69,69,69,69,69,69,69,69,69,69,69,69,69,69,69,69,69,69,69,69,69,69,69,69,69,69,69,69,69,69],"card_choices":[{"not_picked":["Static Discharge","Heatsinks"],"picked":"Ball Lightning","floor":1},{"not_picked":["Steam Power","Self Repair"],"picked":"Ball Lightning","floor":2},{"not_picked":["Compile Driver","Coolheaded"],"picked":"Beam Cell","floor":4},{"not_picked":["Sunder","Static Discharge"],"picked":"Core Surge","floor":6},{"not_picked":["Leap","Stack"],"picked":"Defragment","floor":7},{"not_picked":["Barrage","Sweeping Beam"],"picked":"Coolheaded","floor":10},{"not_picked":["Barrage","Darkness","Turbo"],"picked":"Echo Form","floor":11},{"not_picked":["Compile Driver","Chill","Leap"],"picked":"Go for the Eyes","floor":12},{"not_picked":["Conserve Battery","Turbo","Doom and Gloom"],"picked":"Glacier","floor":14},{"not_picked":["Reboot","Fission","Creative AI"],"picked":"Seek","floor":16},{"not_picked":["Steam","Cold Snap","Barrage"],"picked":"Ball Lightning","floor":18},{"not_picked":["Gash","Turbo","Blizzard"],"picked":"Conserve Battery","floor":21},{"not_picked":["Rebound","Chill","Steam"],"picked":"Loop","floor":23},{"not_picked":["Storm","Doom and Gloom","Beam Cell","Compile Driver"],"picked":"SKIP","floor":24},{"not_picked":["Hello World","Rip and Tear","Steam"],"picked":"Biased Cognition","floor":29},{"not_picked":["Redo","Beam Cell+1","Hologram"],"picked":"Coolheaded","floor":30},{"not_picked":["Cold Snap","Beam Cell+1","Redo","Hologram"],"picked":"SKIP","floor":31},{"not_picked":["Machine Learning","Core Surge","Thunder Strike"],"picked":"Creative AI","floor":33},{"not_picked":["White Noise","Hologram","Beam Cell+1","Cold Snap"],"picked":"SKIP","floor":35},{"not_picked":["Steam","Defragment","White Noise"],"picked":"Self Repair","floor":36},{"not_picked":["Gash","Fusion","Stack","Redo"],"picked":"SKIP","floor":37},{"not_picked":["Tempest","Chill","Cold Snap"],"picked":"Consume+1","floor":38},{"not_picked":["Stack","Lockon+1","BootSequence+1","Ball Lightning"],"picked":"SKIP","floor":41},{"not_picked":["Sunder","Stack","Meteor Strike","Lockon"],"picked":"SKIP","floor":46},{"not_picked":["Aggregate+1","Sweeping Beam","FTL","Consume"],"picked":"SKIP","floor":47},{"not_picked":["Recycle+1","Go for the Eyes+1","Streamline","Leap"],"picked":"SKIP","floor":48},{"not_picked":["Storm+1","Doom and Gloom+1","Coolheaded"],"picked":"Conserve Battery+1","floor":49}],"player_experience":1636518,"relics_obtained":[{"floor":6,"key":"Dream Catcher"},{"floor":9,"key":"Bottled Tornado"},{"floor":10,"key":"Question Card"},{"floor":13,"key":"InkBottle"},{"floor":26,"key":"Cables"},{"floor":29,"key":"Red Mask"},{"floor":36,"key":"Emotion Chip"},{"floor":41,"key":"Sundial"},{"floor":43,"key":"Vajra"},{"floor":46,"key":"Pantograph"},{"floor":48,"key":"Bronze Scales"}],"event_choices":[{"damage_healed":0,"gold_gain":0,"player_choice":"Entered Light","damage_taken":21,"max_hp_gain":0,"max_hp_loss":0,"event_name":"Shining Light","floor":3,"gold_loss":0,"cards_upgraded":["Defend_B","Defend_B"]},{"damage_healed":0,"gold_gain":0,"player_choice":"Lose Max HP","damage_taken":0,"relics_obtained":["Golden Idol"],"max_hp_gain":0,"max_hp_loss":7,"event_name":"Golden Idol","floor":8,"gold_loss":0},{"damage_healed":0,"gold_gain":50,"player_choice":"Stole From Cult","damage_taken":0,"max_hp_gain":0,"max_hp_loss":0,"event_name":"Nest","floor":20,"gold_loss":0},{"damage_healed":0,"gold_gain":0,"player_choice":"Cursed","damage_taken":0,"max_hp_gain":0,"max_hp_loss":0,"event_name":"Wheel of Change","floor":22,"gold_loss":0,"cards_obtained":["Decay"]},{"cards_removed":["Strike_B"],"damage_healed":0,"gold_gain":0,"player_choice":"Elegance","damage_taken":0,"max_hp_gain":0,"max_hp_loss":0,"event_name":"Back to Basics","floor":28,"gold_loss":0},{"damage_healed":0,"gold_gain":0,"player_choice":"Fought Bandits","damage_taken":0,"max_hp_gain":0,"max_hp_loss":0,"event_name":"Masked Bandits","floor":29,"gold_loss":0},{"damage_healed":0,"gold_gain":0,"player_choice":"Fight","damage_taken":0,"max_hp_gain":0,"max_hp_loss":0,"event_name":"MindBloom","floor":36,"gold_loss":0},{"cards_removed":["Defend_B"],"damage_healed":0,"gold_gain":0,"player_choice":"Removed Skill","damage_taken":0,"max_hp_gain":0,"max_hp_loss":0,"event_name":"Falling","floor":42,"gold_loss":0}],"is_beta":false,"boss_relics":[{"not_picked":["Busted Crown","Coffee Dripper"],"picked":"Nuclear Battery"},{"not_picked":["Runic Dome","Runic Pyramid"],"picked":"Inserter"}],"items_purged_floors":[5,19],"is_endless":false,"potions_floor_spawned":[1,2,6,14,24,29,31,33,37,38,41],"ascension_level":20}}