{"host":"g7trc0x2teqyd8ye","time":1610313277,"event":{"mods":["BaseMod","Key Reminder","Minty Spire (QoL Compilation)","Relic Stats"],"gold_per_floor":[113,113,113,113,45,85,99,133,133,133,174,199,224,39,39,164,164,187,200,200,200,221,221,264,264,264,302,317,317,5,43,43,163,163,176,176,176,195,210,250,250,281,281,299,299,299],"floor_reached":45,"playtime":1733,"items_purged":["Pain"],"score":1103,"play_id":"6598d651-6e2f-4a97-8552-d4b10b56db3f","local_time":"20210110221437","is_ascension_mode":true,"campfire_choices":[{"floor":10,"key":"REST"},{"data":"Buffer","floor":15,"key":"SMITH"},{"data":"Tempest","floor":23,"key":"SMITH"},{"data":"Electrodynamics","floor":29,"key":"SMITH"},{"floor":32,"key":"REST"},{"data":"Static Discharge","floor":41,"key":"SMITH"}],"circlet_count":0,"master_deck":["AscendersBane","Strike_B+1","Strike_B+1","Strike_B+1","Strike_B+1","Defend_B+1","Defend_B+1","Defend_B+1","Defend_B+1","Zap","Dualcast","Storm","Self Repair","Auto Shields","Static Discharge","Tempest+1","Buffer+1","BootSequence","Redo","Consume","Static Discharge+1","Electrodynamics+1","Conserve Battery","Turbo+1","Stack","Ball Lightning+1","Madness","Sunder+1","Double Energy","Madness","Madness","Aggregate","Self Repair+1","Melter","Self Repair","Fission"],"relics":["Cracked Core","NeowsBlessing","Golden Idol","Mercury Hourglass","WarpedTongs","Pear","Girya","Eternal Feather","Akabeko","Velvet Choker","Gremlin Horn","Nilry\u0027s Codex","Sundial","Bottled Tornado","DataDisk","Bag of Marbles","keyreminder:keyreminder","Sozu","Ginger","Whetstone","StoneCalendar"],"acts_visited":["Exordium","TheCity","TheBeyond"],"potions_floor_usage":[40,44],"damage_taken":[{"damage":0,"enemies":"Jaw Worm","floor":1,"turns":1},{"damage":0,"enemies":"3 Sentries","floor":6,"turns":1},{"damage":0,"enemies":"2 Louse","floor":7,"turns":1},{"damage":40,"enemies":"Gremlin Nob","floor":8,"turns":5},{"damage":16,"enemies":"3 Sentries","floor":11,"turns":5},{"damage":3,"enemies":"Cultist","floor":12,"turns":2},{"damage":2,"enemies":"Lots of Slimes","floor":13,"turns":3},{"damage":0,"enemies":"Slime Boss","floor":16,"turns":8},{"damage":11,"enemies":"Spheric Guardian","floor":18,"turns":2},{"damage":4,"enemies":"2 Thieves","floor":19,"turns":3},{"damage":0,"enemies":"3 Cultists","floor":22,"turns":3},{"damage":10,"enemies":"Gremlin Leader","floor":24,"turns":6},{"damage":11,"enemies":"Slavers","floor":27,"turns":4},{"damage":13,"enemies":"Snecko","floor":28,"turns":4},{"damage":39,"enemies":"Book of Stabbing","floor":31,"turns":5},{"damage":0,"enemies":"Automaton","floor":33,"turns":6},{"damage":0,"enemies":"3 Darklings","floor":35,"turns":3},{"damage":0,"enemies":"Orb Walker","floor":38,"turns":3},{"damage":0,"enemies":"Maw","floor":39,"turns":6},{"damage":47,"enemies":"Reptomancer","floor":40,"turns":5},{"damage":53,"enemies":"Nemesis","floor":42,"turns":5},{"damage":9,"enemies":"Transient","floor":44,"turns":5},{"damage":46,"enemies":"Giant Head","floor":45,"turns":5}],"seed_played":"7737127990717946150","potions_obtained":[{"floor":6,"key":"Fire Potion"},{"floor":8,"key":"EssenceOfDarkness"},{"floor":11,"key":"DuplicationPotion"}],"is_trial":false,"path_per_floor":["M","?","?","?","$","E","M","E","T","R","E","M","M","$","R","B",null,"M","M","?","?","M","R","E","?","T","E","M","R","$","E","R","B",null,"M","?","?","M","M","E","R","E","T","M","E"],"character_chosen":"DEFECT","items_purchased":["Self Repair","Consume","Static Discharge","DataDisk","Madness","Sunder"],"campfire_rested":2,"item_purchase_floors":[5,14,14,30,30,30],"current_hp_per_floor":[68,50,43,43,43,53,53,23,23,57,48,45,50,50,62,72,82,71,74,74,74,74,85,85,69,69,68,55,70,70,31,71,78,83,83,72,72,82,85,55,73,37,37,45,0,0],"gold":299,"neow_bonus":"THREE_ENEMY_KILL","is_daily":false,"chose_seed":false,"campfire_upgraded":4,"win_rate":0.0,"timestamp":1610313277,"path_taken":["M","?","?","?","$","E","M","E","T","R","E","?","M","$","R","BOSS","M","?","?","?","M","R","E","?","T","E","M","R","$","E","R","BOSS","M","?","?","?","M","E","R","E","T","?","E"],"items_purchased_type":["Card","Card","Card","Relic","Card","Card"],"build_version":"2020-12-22","purchased_purges":1,"victory":false,"max_hp_per_floor":[75,75,75,75,75,85,85,85,85,85,85,85,85,85,85,85,85,85,85,85,85,85,85,85,85,85,85,85,85,85,85,85,85,85,85,85,85,85,85,85,85,85,85,85,85,85],"relic_stats":{"Sozu":3,"Gremlin Horn":[9,9],"counters":[23,91],"Golden Idol":153,"Sundial":[0],"Eternal Feather":80,"StoneCalendar":[0],"Ginger":[6],"Whetstone":["Ball Lightning","Sunder"],"obtain_stats":[{"Girya":8,"Pear":6,"NeowsBlessing":0,"Gremlin Horn":24,"Golden Idol":2,"Nilry\u0027s Codex":25,"Velvet Choker":17,"Eternal Feather":9,"StoneCalendar":42,"Ginger":37,"Whetstone":40,"Bottled Tornado":27,"Akabeko":11,"Mercury Hourglass":3,"WarpedTongs":4,"keyreminder:keyreminder":31,"Sozu":34,"DataDisk":30,"Sundial":26,"Bag of Marbles":31,"Cracked Core":0},{"Girya":4,"Pear":2,"NeowsBlessing":0,"Gremlin Horn":12,"Golden Idol":1,"Nilry\u0027s Codex":12,"Velvet Choker":8,"Eternal Feather":4,"StoneCalendar":21,"Ginger":17,"Whetstone":20,"Bottled Tornado":13,"Akabeko":5,"Mercury Hourglass":1,"WarpedTongs":1,"keyreminder:keyreminder":15,"Sozu":16,"DataDisk":14,"Sundial":12,"Bag of Marbles":15,"Cracked Core":0},{"Girya":8,"Pear":2,"NeowsBlessing":0,"Gremlin Horn":40,"Golden Idol":1,"Nilry\u0027s Codex":40,"Velvet Choker":26,"Eternal Feather":8,"StoneCalendar":81,"Ginger":62,"Whetstone":76,"Bottled Tornado":44,"Akabeko":13,"Mercury Hourglass":1,"WarpedTongs":1,"keyreminder:keyreminder":53,"Sozu":59,"DataDisk":48,"Sundial":40,"Bag of Marbles":53,"Cracked Core":0}],"Mercury Hourglass":[388],"WarpedTongs":[86]},"card_choices":[{"not_picked":["Beam Cell","Recycle"],"picked":"Storm","floor":1},{"not_picked":["Undo","Recycle"],"picked":"Auto Shields","floor":6},{"not_picked":["Turbo","Fusion"],"picked":"Static Discharge","floor":7},{"not_picked":["Leap","Rainbow"],"picked":"Tempest","floor":8},{"not_picked":["Hologram","Rebound"],"picked":"Buffer","floor":11},{"not_picked":["Fusion","Rebound"],"picked":"BootSequence","floor":12},{"not_picked":["BootSequence","Scrape"],"picked":"Redo","floor":13},{"not_picked":["Hyperbeam","Biased Cognition"],"picked":"Electrodynamics","floor":16},{"not_picked":["Barrage","BootSequence","Compile Driver"],"picked":"SKIP","floor":18},{"not_picked":["Skim","Consume"],"picked":"Conserve Battery","floor":19},{"not_picked":["Conserve Battery","Streamline"],"picked":"Turbo+1","floor":22},{"not_picked":["Steam+1","Fusion"],"picked":"Stack","floor":24},{"not_picked":["Gash","Go for the Eyes","Beam Cell"],"picked":"SKIP","floor":27},{"not_picked":["Beam Cell","Coolheaded"],"picked":"Ball Lightning","floor":28},{"not_picked":["Barrage","Turbo","Sweeping Beam"],"picked":"SKIP","floor":31},{"not_picked":["Reboot","Rainbow"],"picked":"Multi-Cast","floor":33},{"not_picked":["Streamline","Conserve Battery"],"picked":"Double Energy","floor":35},{"not_picked":["Genetic Algorithm","Rebound"],"picked":"Aggregate","floor":38},{"not_picked":["Ball Lightning","Sunder+1"],"picked":"Self Repair+1","floor":39},{"not_picked":["Hello World","Hologram"],"picked":"Melter","floor":40},{"not_picked":["Hello World","Ball Lightning"],"picked":"Self Repair","floor":42},{"not_picked":["Glacier","Sweeping Beam"],"picked":"Fission","floor":44}],"player_experience":899735,"relics_obtained":[{"floor":6,"key":"Pear"},{"floor":8,"key":"Girya"},{"floor":9,"key":"Eternal Feather"},{"floor":11,"key":"Akabeko"},{"floor":24,"key":"Gremlin Horn"},{"floor":25,"key":"Nilry\u0027s Codex"},{"floor":26,"key":"Sundial"},{"floor":27,"key":"Bottled Tornado"},{"floor":31,"key":"Bag of Marbles"},{"floor":40,"key":"Whetstone"},{"floor":42,"key":"StoneCalendar"}],"event_choices":[{"damage_healed":0,"gold_gain":0,"player_choice":"Take Damage","damage_taken":18,"relics_obtained":["Golden Idol"],"max_hp_gain":0,"max_hp_loss":0,"event_name":"Golden Idol","floor":2,"gold_loss":0},{"damage_healed":0,"gold_gain":0,"player_choice":"Success","damage_taken":7,"relics_obtained":["Mercury Hourglass"],"max_hp_gain":0,"max_hp_loss":0,"event_name":"Scrap Ooze","floor":3,"gold_loss":0},{"damage_healed":0,"gold_gain":0,"player_choice":"Rummage","damage_taken":0,"relics_obtained":["WarpedTongs"],"max_hp_gain":0,"max_hp_loss":0,"event_name":"Accursed Blacksmith","floor":4,"gold_loss":0,"cards_obtained":["Pain"]},{"damage_healed":0,"gold_gain":0,"player_choice":"Simplicity","damage_taken":0,"max_hp_gain":0,"max_hp_loss":0,"event_name":"Back to Basics","floor":20,"gold_loss":0,"cards_upgraded":["Strike_B","Strike_B","Strike_B","Strike_B","Defend_B","Defend_B","Defend_B","Defend_B"]},{"damage_healed":0,"gold_gain":0,"player_choice":"Ignored","damage_taken":0,"max_hp_gain":0,"max_hp_loss":0,"event_name":"Vampires","floor":21,"gold_loss":0},{"damage_healed":0,"gold_gain":0,"player_choice":"Obtained Book","damage_taken":16,"max_hp_gain":0,"max_hp_loss":0,"event_name":"Cursed Tome","floor":25,"gold_loss":0},{"damage_healed":0,"gold_gain":0,"player_choice":"Embrace Madness","damage_taken":11,"max_hp_gain":0,"max_hp_loss":0,"event_name":"Winding Halls","floor":36,"gold_loss":0,"cards_obtained":["Madness","Madness"]},{"cards_removed":["Multi-Cast"],"damage_healed":0,"gold_gain":0,"player_choice":"Gave Card","damage_taken":0,"relics_obtained":["Ginger"],"max_hp_gain":0,"max_hp_loss":0,"event_name":"WeMeetAgain","floor":37,"gold_loss":0}],"is_beta":false,"boss_relics":[{"not_picked":["Pandora\u0027s Box","Cursed Key"],"picked":"Velvet Choker"},{"not_picked":["Empty Cage","Runic Dome"],"picked":"Sozu"}],"items_purged_floors":[14],"is_endless":false,"potions_floor_spawned":[6,8,11,16,19,24,31,33,39,40,44],"killed_by":"Giant Head","ascension_level":12}}