{"host":"dm4yvegl9um2tlqd","time":1610273166,"event":{"mods":["2.2 Compatiblity","AchievementEnabler","BaseMod","Colored Map","DeckTracker","Highlight Path","KOR Keyword Fix","Keyboard Shortcuts","Minty Spire (QoL Compilation)","Permanent Neow","Quick Restart","Random Character Button","StSLib","SuperFastMode","everything is the same but u backflip on backflip"],"gold_per_floor":[114,129,129,147,163,192,192,192,192,218,228,228,328,361,361,459,459,476,491,509,509,509,509],"floor_reached":22,"playtime":894,"items_purged":[],"score":227,"play_id":"7445113e-74d2-47de-8f4b-a6daef30fc83","local_time":"20210110190606","is_ascension_mode":true,"campfire_choices":[{"data":"Hologram","floor":8,"key":"SMITH"},{"data":"White Noise","floor":12,"key":"SMITH"},{"floor":15,"key":"REST"}],"circlet_count":0,"master_deck":["Strike_B","Strike_B","Defend_B","Defend_B","Defend_B","Defend_B","Zap","Dualcast","Scrape","Genetic Algorithm","Gash","Double Energy","Hologram+1","White Noise+1","Go for the Eyes","Reboot","Redo+1","Leap+1","Beam Cell"],"relics":["Cracked Core","Mercury Hourglass","Incense Burner","Du-Vu Doll","Lantern","Runic Pyramid"],"acts_visited":["Exordium","TheCity"],"potions_floor_usage":[6,10,16,19],"damage_taken":[{"damage":7,"enemies":"Small Slimes","floor":1,"turns":3},{"damage":7,"enemies":"Jaw Worm","floor":2,"turns":3},{"damage":1,"enemies":"Cultist","floor":4,"turns":3},{"damage":0,"enemies":"Blue Slaver","floor":5,"turns":4},{"damage":21,"enemies":"Lagavulin","floor":6,"turns":7},{"damage":13,"enemies":"Gremlin Nob","floor":10,"turns":4},{"damage":0,"enemies":"3 Louse","floor":11,"turns":3},{"damage":16,"enemies":"Lagavulin","floor":14,"turns":4},{"damage":28,"enemies":"Slime Boss","floor":16,"turns":8},{"damage":20,"enemies":"2 Thieves","floor":18,"turns":4},{"damage":9,"enemies":"3 Byrds","floor":19,"turns":4},{"damage":2,"enemies":"Sentry and Sphere","floor":20,"turns":5},{"damage":53,"enemies":"Snecko","floor":22,"turns":7}],"seed_played":"5507277896494645005","potions_obtained":[{"floor":5,"key":"FearPotion"},{"floor":6,"key":"Regen Potion"},{"floor":10,"key":"Fruit Juice"},{"floor":11,"key":"Swift Potion"},{"floor":18,"key":"Energy Potion"}],"is_trial":false,"path_per_floor":["M","M","?","M","M","E","?","R","T","E","M","R","?","E","R","B",null,"M","M","M","?","M"],"character_chosen":"DEFECT","items_purchased":[],"campfire_rested":1,"item_purchase_floors":[],"current_hp_per_floor":[61,54,59,58,58,37,37,37,37,29,29,29,29,13,36,23,78,58,49,47,47,0,0],"gold":509,"neow_bonus":"REMOVE_TWO","is_daily":false,"chose_seed":false,"campfire_upgraded":2,"win_rate":0.0,"timestamp":1610273166,"path_taken":["M","M","?","M","M","E","?","R","T","E","?","R","?","E","R","BOSS","M","M","M","?","M"],"items_purchased_type":[],"build_version":"2020-12-22","purchased_purges":0,"victory":false,"max_hp_per_floor":[68,68,73,73,73,73,73,73,73,78,78,78,78,78,78,78,78,78,78,78,78,78,78],"card_choices":[{"not_picked":["Coolheaded","Rebound"],"picked":"Scrape","floor":1},{"not_picked":["Chill","Cold Snap"],"picked":"Genetic Algorithm","floor":2},{"not_picked":["Capacitor","Rebound"],"picked":"Gash","floor":4},{"not_picked":["Cold Snap","Reinforced Body"],"picked":"Double Energy","floor":5},{"not_picked":["Steam","Stack"],"picked":"Hologram","floor":6},{"not_picked":["Steam","Chill"],"picked":"White Noise","floor":10},{"not_picked":["Chaos","Cold Snap"],"picked":"Go for the Eyes","floor":11},{"not_picked":["Consume","Ball Lightning","Multi-Cast"],"picked":"SKIP","floor":14},{"not_picked":["Electrodynamics","Buffer"],"picked":"Reboot","floor":16},{"not_picked":["Cold Snap","Streamline"],"picked":"Redo+1","floor":18},{"not_picked":["Glacier","Barrage"],"picked":"Leap+1","floor":19},{"not_picked":["Blizzard","Barrage"],"picked":"Beam Cell","floor":20}],"player_experience":18580,"relics_obtained":[{"floor":6,"key":"Mercury Hourglass"},{"floor":9,"key":"Incense Burner"},{"floor":10,"key":"Du-Vu Doll"},{"floor":14,"key":"Lantern"}],"event_choices":[{"damage_healed":0,"gold_gain":0,"player_choice":"Donut","damage_taken":0,"max_hp_gain":5,"max_hp_loss":0,"event_name":"Big Fish","floor":3,"gold_loss":0},{"damage_healed":0,"gold_gain":0,"player_choice":"Ignored","damage_taken":0,"max_hp_gain":0,"max_hp_loss":0,"event_name":"Liars Game","floor":7,"gold_loss":0},{"damage_healed":0,"gold_gain":100,"player_choice":"Pray","damage_taken":0,"max_hp_gain":0,"max_hp_loss":0,"event_name":"Golden Shrine","floor":13,"gold_loss":0},{"damage_healed":0,"gold_gain":0,"player_choice":"Ignored","damage_taken":0,"max_hp_gain":0,"max_hp_loss":0,"event_name":"Vampires","floor":21,"gold_loss":0}],"is_beta":false,"boss_relics":[{"not_picked":["SlaversCollar","Fusion Hammer"],"picked":"Runic Pyramid"}],"items_purged_floors":[],"is_endless":false,"potions_floor_spawned":[5,6,10,11,18],"killed_by":"Snecko","ascension_level":2}}