{"host":"8oad2sh1i7kph5eo","time":1610260850,"event":{"mods":["AchievementEnabler","BaseMod","Minty Spire (QoL Compilation)","Spicy Shops","StSLib","The Bladedancer","The Hierophant","The Poker Player","The Wild Card"],"gold_per_floor":[113,113,132,307,328,328,361,361,361,384,427,427,468,108,108,236,236,252,38,38,102,102,102,126,146,146,185,185,185,185,224,224,375,375,389,432,432,447,447,447,105,129,152,152,173,18,18,0,0,0],"floor_reached":51,"playtime":3506,"items_purged":["Clumsy"],"score":740,"play_id":"6df15744-2abe-463b-bb03-99ba0021f87e","local_time":"20210109224050","is_ascension_mode":true,"campfire_choices":[{"data":"blademaster:Quickness","floor":6.0,"key":"SMITH"},{"floor":8.0,"key":"REST"},{"floor":12.0,"key":"REST"},{"floor":15.0,"key":"REST"},{"data":"blademaster:Sharpen","floor":23.0,"key":"SMITH"},{"data":"blademaster:LightningCrash","floor":29,"key":"SMITH"},{"data":"blademaster:AspectOfWind","floor":32,"key":"SMITH"},{"data":"blademaster:EnchantedCuirass","floor":40,"key":"SMITH"},{"floor":44,"key":"RECALL"},{"data":"blademaster:EnchantedCuirass","floor":47,"key":"SMITH"},{"data":"blademaster:Blockade","floor":49,"key":"SMITH"}],"circlet_count":0,"master_deck":["blademaster:Strike","blademaster:Strike","blademaster:Strike","blademaster:Strike","blademaster:Defend+1","blademaster:Defend","blademaster:Defend","blademaster:Defend","blademaster:RagingBlow","blademaster:HighVoltage","blademaster:Quickness+1","blademaster:LightningCrash+1","blademaster:Momentum","blademaster:TraverseCut","blademaster:Overcharge","blademaster:AncestralHealing","blademaster:Empower+1","blademaster:Sharpen+1","blademaster:CullingStrike+1","blademaster:Safeguard","HandOfGreed","blademaster:EnchantedCuirass+1","blademaster:DaggerAndCloak","Flash of Steel","blademaster:TraverseCut+1","blademaster:Blockade+1","blademaster:Sharpen","RitualDagger","blademaster:AspectOfWind+1","blademaster:EnchantedCuirass+1","blademaster:Slice+1","blademaster:Cut+1","blademaster:AwakeningDefend+1","blademaster:LightningDraw"],"relics":["blademaster:DancersAmulet","NeowsBlessing","Golden Idol","Smiling Mask","Matryoshka","Bag of Marbles","Bird Faced Urn","Sozu","Membership Card","War Paint","Juzu Bracelet","Lantern","Gremlin Horn","MutagenicStrength","PreservedInsect","Runic Pyramid","Regal Pillow","Whetstone","Centennial Puzzle","Ancient Tea Set","Omamori","Calipers","Red Mask"],"acts_visited":["Exordium","TheCity","TheBeyond"],"potions_floor_usage":[],"damage_taken":[{"damage":0.0,"enemies":"Small Slimes","floor":1.0,"turns":1.0},{"damage":0.0,"enemies":"2 Louse","floor":3.0,"turns":1.0},{"damage":0.0,"enemies":"Jaw Worm","floor":5.0,"turns":1.0},{"damage":50.0,"enemies":"3 Sentries","floor":7.0,"turns":11.0},{"damage":6.0,"enemies":"Blue Slaver","floor":10.0,"turns":3.0},{"damage":8.0,"enemies":"Lagavulin","floor":11.0,"turns":6.0},{"damage":23.0,"enemies":"Gremlin Nob","floor":13.0,"turns":4.0},{"damage":43.0,"enemies":"The Guardian","floor":16.0,"turns":11.0},{"damage":0.0,"enemies":"Spheric Guardian","floor":18.0,"turns":3.0},{"damage":26.0,"enemies":"3 Byrds","floor":21.0,"turns":5.0},{"damage":10.0,"enemies":"Shelled Parasite and Fungi","floor":24.0,"turns":3.0},{"damage":17.0,"enemies":"Snake Plant","floor":25.0,"turns":3.0},{"damage":2,"enemies":"Snecko","floor":27,"turns":4},{"damage":0,"enemies":"Gremlin Leader","floor":31,"turns":4},{"damage":33,"enemies":"Automaton","floor":33,"turns":9},{"damage":0,"enemies":"Orb Walker","floor":35,"turns":3},{"damage":15,"enemies":"3 Shapes","floor":36,"turns":4},{"damage":0,"enemies":"3 Darklings","floor":38,"turns":2},{"damage":0,"enemies":"Sphere and 2 Shapes","floor":45,"turns":1},{"damage":15,"enemies":"Awakened One","floor":50,"turns":7}],"seed_played":"4905742586377423554","potions_obtained":[{"floor":1.0,"key":"ColorlessPotion"},{"floor":7.0,"key":"SpeedPotion"},{"floor":10.0,"key":"Explosive Potion"},{"floor":13.0,"key":"Strength Potion"},{"floor":16.0,"key":"AttackPotion"}],"is_trial":false,"path_per_floor":["M","?","M","?","M","R","E","R","T","M","E","R","E","$","R","B",null,"M","$","?","M","?","R","M","M","T","M","?","R","?","E","R","B",null,"M","M","?","M","?","R","$","T","T","R","M","$","R","?","R","B",null],"character_chosen":"THE_BLADEMASTER","items_purchased":["blademaster:Sharpen","blademaster:CullingStrike","blademaster:Safeguard","HandOfGreed","Membership Card","Flash of Steel","Regal Pillow","Whetstone","blademaster:LightningDraw","Centennial Puzzle","Calipers"],"campfire_rested":3,"item_purchase_floors":[14,14,14,14,19,19,41,41,41,41,46],"current_hp_per_floor":[75,57,57,57,57,57,7,29,29,23,15,37,14,14,36,13,75,75,75,75,55,55,55,55,52,52,66,60,60,60,75,75,48,75,75,75,75,75,75,75,75,75,75,75,75,75,75,75,75,72],"gold":0,"neow_bonus":"THREE_ENEMY_KILL","is_daily":false,"chose_seed":false,"campfire_upgraded":7,"win_rate":0.0,"timestamp":1610260850,"path_taken":["M","?","M","?","M","R","E","R","T","M","E","R","E","$","R","BOSS","M","$","?","M","?","R","M","M","T","M","?","R","?","E","R","BOSS","M","M","?","M","?","R","$","?","T","R","M","$","R","?","R","BOSS"],"items_purchased_type":["Card","Card","Card","Card","Relic","Card","Relic","Relic","Card","Relic","Relic"],"build_version":"2020-12-22","purchased_purges":1,"victory":true,"max_hp_per_floor":[75,75,75,75,75,75,75,75,75,75,75,75,75,75,75,75,75,75,75,75,75,75,75,75,75,75,75,75,75,75,75,75,75,75,75,75,75,75,75,75,75,75,75,75,75,75,75,75,75,75],"card_choices":[{"not_picked":["blademaster:AncestralHealing","blademaster:Thrust"],"picked":"blademaster:Quickness","floor":1.0},{"not_picked":["blademaster:Stability","blademaster:Blockade"],"picked":"blademaster:LightningCrash","floor":3.0},{"not_picked":["blademaster:SharpBlades","blademaster:DeadlyDance"],"picked":"blademaster:Momentum","floor":5.0},{"not_picked":["blademaster:ThunderSlash","blademaster:Quickness"],"picked":"blademaster:TraverseCut","floor":7.0},{"not_picked":["blademaster:Stormstrike","blademaster:AspectOfLightning"],"picked":"blademaster:Overcharge","floor":10.0},{"not_picked":["blademaster:AspectOfLightning","blademaster:ThunderSlash"],"picked":"blademaster:AncestralHealing","floor":11.0},{"not_picked":["blademaster:Sunder","blademaster:AspectOfWind"],"picked":"blademaster:Empower","floor":13.0},{"not_picked":["blademaster:FlockOfBlades","blademaster:BladeDance"],"picked":"blademaster:EnchantedCuirass","floor":16.0},{"not_picked":["blademaster:AspectOfLightning","blademaster:OneTrickPony"],"picked":"blademaster:DaggerAndCloak","floor":18.0},{"not_picked":["blademaster:AirSlash+1","blademaster:IcyWind+1"],"picked":"blademaster:TraverseCut+1","floor":21.0},{"not_picked":["blademaster:Stability","blademaster:SlyStabs+1"],"picked":"blademaster:Blockade","floor":24.0},{"not_picked":["blademaster:DancingEdge","blademaster:SlyStabs","blademaster:Sunder"],"picked":"SKIP","floor":25},{"not_picked":["blademaster:Breeze+1","blademaster:Quickstep"],"picked":"blademaster:Sharpen","floor":27},{"not_picked":["blademaster:LightningCrash","blademaster:EyeOfTheStorm"],"picked":"blademaster:AspectOfWind","floor":31},{"not_picked":["blademaster:HighVoltage","blademaster:FuryOfTheElements"],"picked":"blademaster:EnchantedCuirass","floor":33},{"not_picked":["blademaster:KiBarrier","blademaster:BloodyBlow"],"picked":"blademaster:Slice+1","floor":35},{"not_picked":["blademaster:AirSlash","blademaster:HighVoltage"],"picked":"blademaster:Cut","floor":36},{"not_picked":["blademaster:Blockade","blademaster:AncestralHealing"],"picked":"blademaster:AwakeningDefend+1","floor":38},{"not_picked":["blademaster:Blockade+1","blademaster:BrainBloom","blademaster:ThunderSlash+1"],"picked":"SKIP","floor":45}],"player_experience":294718,"relics_obtained":[{"floor":7.0,"key":"Smiling Mask"},{"floor":7.0,"key":"blademaster:StrongPerk"},{"floor":9.0,"key":"Matryoshka"},{"floor":11.0,"key":"Bag of Marbles"},{"floor":11.0,"key":"blademaster:DextrousPerk"},{"floor":13.0,"key":"Bird Faced Urn"},{"floor":13.0,"key":"blademaster:StanceHealPerk"},{"floor":26,"key":"Lantern"},{"floor":26,"key":"Gremlin Horn"},{"floor":31,"key":"PreservedInsect"},{"floor":31,"key":"blademaster:RandomStancePerk"},{"floor":42,"key":"Ancient Tea Set"},{"floor":42,"key":"Omamori"}],"event_choices":[{"damage_healed":0.0,"max_hp_gain":0.0,"max_hp_loss":0.0,"gold_gain":0.0,"event_name":"Golden Idol","player_choice":"Take Damage","floor":2.0,"gold_loss":0.0,"damage_taken":18.0,"relics_obtained":["Golden Idol"]},{"damage_healed":0.0,"max_hp_gain":0.0,"max_hp_loss":0.0,"gold_gain":175.0,"event_name":"Liars Game","player_choice":"AGREE","floor":4.0,"gold_loss":0.0,"damage_taken":0.0,"cards_obtained":["Doubt"]},{"damage_healed":0.0,"max_hp_gain":0.0,"max_hp_loss":0.0,"gold_gain":0.0,"event_name":"Addict","player_choice":"Stole Relic","floor":20.0,"gold_loss":0.0,"damage_taken":0.0,"relics_obtained":["War Paint"],"cards_obtained":["Shame"]},{"damage_healed":0.0,"max_hp_gain":0.0,"max_hp_loss":0.0,"gold_gain":0.0,"event_name":"The Mausoleum","player_choice":"Opened","floor":22.0,"gold_loss":0.0,"damage_taken":0.0,"relics_obtained":["Juzu Bracelet"]},{"damage_healed":0,"gold_gain":0,"player_choice":"Joined the Cult","damage_taken":6,"max_hp_gain":0,"max_hp_loss":0,"event_name":"Nest","floor":28,"gold_loss":0,"cards_obtained":["RitualDagger"]},{"damage_healed":0,"gold_gain":0,"player_choice":"Inject Mutagens","damage_taken":0,"relics_obtained":["MutagenicStrength"],"max_hp_gain":0,"max_hp_loss":0,"event_name":"Drug Dealer","floor":30,"gold_loss":0},{"cards_removed":["Shame","Doubt"],"damage_healed":0,"gold_gain":0,"player_choice":"Removed Curses","damage_taken":0,"max_hp_gain":0,"max_hp_loss":0,"event_name":"Fountain of Cleansing","floor":37,"gold_loss":0},{"damage_healed":0,"gold_gain":0,"player_choice":"Ignored","damage_taken":0,"max_hp_gain":0,"max_hp_loss":0,"event_name":"SecretPortal","floor":39,"gold_loss":0},{"damage_healed":0,"gold_gain":0,"player_choice":"Paid","damage_taken":0,"relics_obtained":["Red Mask"],"max_hp_gain":0,"max_hp_loss":0,"event_name":"Tomb of Lord Red Mask","floor":48,"gold_loss":18}],"is_beta":false,"boss_relics":[{"not_picked":["Ectoplasm","Empty Cage"],"picked":"Sozu"},{"not_picked":["SacredBark","Philosopher\u0027s Stone"],"picked":"Runic Pyramid"}],"items_purged_floors":[41],"is_endless":false,"potions_floor_spawned":[1,7,10,13,16,18,21,31,33,35,36,45],"ascension_level":1}}