{"host":"y36bp6mnm73x3iob","time":1610307060,"event":{"mods":["2.2 Compatiblity","Aspiration","BaseMod","Downfall","GifTheSpireLib","Hermit","Hubris","Marisa????????","Minty Spire (QoL Compilation)","Replay The Spire","Retaliation","StSLib","Stuff the Spire","The Cursed","The Disciple","The Servant 0.9.4"],"gold_per_floor":[109,125,125,145,163,163,163,197,252,252,266,285,309,11,11,116,116,145,145,154,11,31,66,66,102,102,111,255,283,321,330,330,434,434,434],"floor_reached":34,"playtime":1773,"items_purged":[],"score":428,"play_id":"9fb206e8-b05c-4908-af83-c9d57a88a3ed","local_time":"20210110213100","is_ascension_mode":true,"campfire_choices":[{"data":"Skewer","floor":6,"key":"SMITH"},{"data":"StuffTheSpire:Injection","floor":10,"key":"SMITH"},{"data":"Well Laid Plans","floor":15,"key":"SMITH"},{"data":"Replay:Bag of Tricks","floor":24,"key":"SMITH"},{"floor":27,"key":"REST"},{"data":"Outmaneuver","floor":32,"key":"SMITH"}],"circlet_count":0,"master_deck":["Strike_G","Strike_G","Strike_G","Strike_G","Defend_G","Defend_G","Defend_G","Defend_G","Defend_G","Survivor","Neutralize","Cloak And Dagger","StuffTheSpire:Injection+1","Skewer+1","Flying Knee","PiercingWail","Cloak And Dagger","Burst","Poisoned Stab","Acrobatics","Crippling Poison","Replay:Bag of Tricks+1","StuffTheSpire:ClusterCrunch+1","Replay:Bag of Tricks","ReplayTheSpireMod:Splinters","Quick Slash+1","Acrobatics","Escape Plan","Burst","Outmaneuver+1","DDmod:ScaleUpSkill","Envenom"],"relics":["Ring of the Snake","NeowsBlessing","aspiration:FrozenJewel","Dream Catcher","Orichalcum","CeramicFish","aspiration:VileToxins","Bag of Preparation","Runic Pyramid","TheAbacus","hubris:AncientText","Iron Hammer","Blue Doll","Nunchaku","Honey Jar"],"acts_visited":["Exordium","TheCity","TheBeyond"],"potions_floor_usage":[16,23,33,33],"damage_taken":[{"damage":0,"enemies":"Small Slimes","floor":1,"turns":1},{"damage":0,"enemies":"Cultist","floor":2,"turns":1},{"damage":0,"enemies":"Jaw Worm","floor":4,"turns":1},{"damage":0,"enemies":"Looter","floor":5,"turns":3},{"damage":13,"enemies":"3 Sentries","floor":8,"turns":11},{"damage":5,"enemies":"2 Fungi Beasts","floor":11,"turns":3},{"damage":3,"enemies":"Gremlin Gang","floor":12,"turns":6},{"damage":11,"enemies":"The Guardian","floor":16,"turns":11},{"damage":10,"enemies":"Spheric Guardian","floor":18,"turns":8},{"damage":0,"enemies":"3 Byrds","floor":22,"turns":5},{"damage":11,"enemies":"Slavers","floor":23,"turns":6},{"damage":4,"enemies":"Book of Stabbing","floor":25,"turns":6},{"damage":4,"enemies":"Snake Plant","floor":29,"turns":3},{"damage":2,"enemies":"Slavers","floor":30,"turns":8},{"damage":6,"enemies":"Automaton","floor":33,"turns":12}],"seed_played":"-5325858644674712483","potions_obtained":[{"floor":1,"key":"FearPotion"},{"floor":4,"key":"sneckomod:MuddlingPotion"},{"floor":5,"key":"FearPotion"},{"floor":11,"key":"PowerPotion"},{"floor":22,"key":"SteroidPotion"},{"floor":25,"key":"LiquidMemories"}],"is_trial":false,"path_per_floor":["M","M","?","M","M","R","?","E","T","R","M","M","T","$","R","B",null,"M","?","?","$","M","E","R","E","T","R","?","M","E","?","R","B",null],"character_chosen":"THE_SILENT","items_purchased":["aspiration:VileToxins","Bag of Preparation","TheAbacus"],"campfire_rested":1,"item_purchase_floors":[14,14,21],"current_hp_per_floor":[70,70,70,70,70,70,70,57,57,57,52,49,49,49,49,38,70,60,60,60,60,60,49,49,45,45,66,66,62,60,60,60,54,70,70],"gold":434,"neow_bonus":"THREE_ENEMY_KILL","is_daily":false,"chose_seed":false,"campfire_upgraded":5,"win_rate":0.0,"timestamp":1610307060,"path_taken":["M","M","?","M","?","R","?","E","T","R","?","?","?","$","R","BOSS","M","?","?","$","?","E","R","E","T","R","?","M","E","?","R","BOSS"],"items_purchased_type":["Relic","Relic","Relic"],"build_version":"2020-12-22","purchased_purges":0,"victory":false,"max_hp_per_floor":[70,70,70,70,70,70,70,70,70,70,70,70,70,70,70,70,70,70,70,70,70,70,70,70,70,70,70,70,70,70,70,70,70,70,70],"card_choices":[{"not_picked":["hubris:SlightOfHand","Flying Knee"],"picked":"Well Laid Plans","floor":1},{"not_picked":["StuffTheSpire:ReptileScales","Concentrate"],"picked":"Cloak And Dagger","floor":2},{"not_picked":["Backflip","Predator"],"picked":"StuffTheSpire:Injection","floor":4},{"not_picked":["Dodge and Roll","StuffTheSpire:Injection"],"picked":"Skewer","floor":5},{"not_picked":["hubris:SlightOfHand","Slice"],"picked":"Flying Knee","floor":8},{"not_picked":["StuffTheSpire:Sprint","ReplayTheSpireMod:The Works"],"picked":"PiercingWail","floor":11},{"not_picked":["StuffTheSpire:ClusterCrunch","Poisoned Stab"],"picked":"Cloak And Dagger","floor":12},{"not_picked":["ReplayTheSpireMod:From All Sides","Glass Knife"],"picked":"Burst","floor":16},{"not_picked":["Acrobatics+1","Blade Dance"],"picked":"Poisoned Stab","floor":18},{"not_picked":["Cloak And Dagger","Underhanded Strike"],"picked":"Crippling Poison","floor":22},{"not_picked":["StuffTheSpire:ClusterCrunch","Slice"],"picked":"Replay:Bag of Tricks","floor":23},{"not_picked":["StuffTheSpire:BumpUp+1","Dagger Spray+1"],"picked":"StuffTheSpire:ClusterCrunch+1","floor":25},{"not_picked":["Dodge and Roll","Hidden Blade"],"picked":"Replay:Bag of Tricks","floor":27},{"not_picked":["Deflect","ReplayTheSpireMod:The Works"],"picked":"Quick Slash+1","floor":28},{"not_picked":["Underhanded Strike","Outmaneuver"],"picked":"Acrobatics","floor":28},{"not_picked":["Deadly Poison+1","Acrobatics"],"picked":"Escape Plan","floor":28},{"not_picked":["Cloak And Dagger","Backflip"],"picked":"Burst","floor":29},{"not_picked":["StuffTheSpire:Shiver","Backflip"],"picked":"Outmaneuver","floor":30},{"not_picked":["aspiration:Lunge","A Thousand Cuts"],"picked":"Envenom","floor":33}],"player_experience":461307,"relics_obtained":[{"floor":8,"key":"Dream Catcher"},{"floor":9,"key":"Orichalcum"},{"floor":13,"key":"CeramicFish"},{"floor":23,"key":"hubris:AncientText"},{"floor":25,"key":"Iron Hammer"},{"floor":26,"key":"Blue Doll"},{"floor":30,"key":"Nunchaku"}],"event_choices":[{"cards_removed":["Strike_G"],"damage_healed":0,"gold_gain":0,"player_choice":"Offered Basic","damage_taken":0,"max_hp_gain":0,"max_hp_loss":0,"event_name":"Bonfire Elementals","floor":3,"gold_loss":0},{"damage_healed":0,"gold_gain":0,"player_choice":"Gave Potion","damage_taken":0,"relics_obtained":["aspiration:FrozenJewel"],"max_hp_gain":0,"max_hp_loss":0,"event_name":"WeMeetAgain","floor":7,"gold_loss":0},{"damage_healed":0,"gold_gain":0,"player_choice":"Ignored","damage_taken":0,"max_hp_gain":0,"max_hp_loss":0,"event_name":"Beggar","floor":19,"gold_loss":0},{"damage_healed":0,"gold_gain":0,"cards_transformed":["Well Laid Plans"],"player_choice":"Transformed","damage_taken":0,"max_hp_gain":0,"max_hp_loss":0,"event_name":"Transmorgrifier","floor":20,"gold_loss":0,"cards_obtained":["Acrobatics"]}],"is_beta":false,"boss_relics":[{"not_picked":["aspiration:PoetsPen_weak","Snecko Eye"],"picked":"Runic Pyramid"},{"not_picked":["hubris:CrackedHourglass","StuffTheSpire:Kangaroo"],"picked":"Honey Jar"}],"items_purged_floors":[],"is_endless":false,"potions_floor_spawned":[1,4,5,11,22,25],"ascension_level":1}}