{"host":"6hzrz31j95f2y1pa","time":1610244680,"event":{"mods":["BaseMod","Colored Map","Downfall","Minty Spire (QoL Compilation)","StSLib"],"gold_per_floor":[99,117,132,152,62,79,79,99,99,117,146,146,31,61,72,169,169,94,112,112,112,122,122,148,165,250,260,260,271,30,61,72,168,168,93,103,122,122,122,147,174,188,201,7,7,7,7],"floor_reached":45,"playtime":2944,"items_purged":["Guardian:Defend_Guardian","Guardian:Defend_Guardian"],"score":564,"play_id":"40ae0d0c-2a02-4a19-8de9-42daf70db0d8","local_time":"20210109211120","is_ascension_mode":true,"campfire_choices":[{"data":"Guardian:TwinSlam","floor":1.0,"key":"SMITH"},{"data":"Guardian:ShieldSpikes","floor":18.0,"key":"SMITH"},{"data":"Guardian:Harden","floor":23.0,"key":"SMITH"},{"data":"Guardian:PiercingHide","floor":28.0,"key":"SMITH"},{"floor":35.0,"key":"RECALL"}],"circlet_count":0,"master_deck":["Guardian:Strike_Guardian","Guardian:CurlUp","Guardian:TwinSlam+1","Guardian:AncientConstruct","Guardian:VentSteam","Guardian:PiercingHide+1","Guardian:ShieldSpikes+1","Guardian:PiercingHide","Guardian:Harden+1","Guardian:GuardianWhirl+1","Guardian:ArmoredProtocol","Guardian:EvasiveProtocol","Guardian:ShieldSpikes+1","Guardian:SentryBeam","Guardian:RevengeProtocol+1","Guardian:RevengeProtocol+1","Guardian:TemporalShield+1","Guardian:TemporalShield+1","Guardian:WalkerClaw","Guardian:SpikerProtocol","Guardian:Gem_Fragmented"],"relics":["Guardian:ModeShifter","Ornamental Fan","Odd Mushroom","Blood Vial","Guardian:StasisSlotReductionRelic","downfall:HeartBlessingBlue","Nilry\u0027s Codex","PreservedInsect","Bag of Preparation","Orichalcum","Astrolabe","downfall:HeartBlessingGreen","Bronze Scales","Lantern","Oddly Smooth Stone"],"acts_visited":["Exordium","TheCity","TheBeyond"],"potions_floor_usage":[40,44],"damage_taken":[{"damage":2.0,"enemies":"Small Slimes","floor":2.0,"turns":4.0},{"damage":0.0,"enemies":"2 Louse","floor":3.0,"turns":2.0},{"damage":5.0,"enemies":"Jaw Worm","floor":4.0,"turns":3.0},{"damage":10.0,"enemies":"downfall:FleeingMerchant","floor":5.0,"turns":4.0},{"damage":11.0,"enemies":"2 Fungi Beasts","floor":6.0,"turns":4.0},{"damage":1.0,"enemies":"Blue Slaver","floor":8.0,"turns":4.0},{"damage":1.0,"enemies":"Gremlin Gang","floor":10.0,"turns":5.0},{"damage":16.0,"enemies":"The Mushroom Lair","floor":11.0,"turns":6.0},{"damage":5.0,"enemies":"downfall:FleeingMerchant","floor":13.0,"turns":4.0},{"damage":20.0,"enemies":"Lagavulin","floor":14.0,"turns":8.0},{"damage":7.0,"enemies":"2 Fungi Beasts","floor":15.0,"turns":5.0},{"damage":10.0,"enemies":"downfall:Watcher","floor":16.0,"turns":11.0},{"damage":0.0,"enemies":"3 Byrds","floor":19.0,"turns":3.0},{"damage":10.0,"enemies":"Snake Plant","floor":22.0,"turns":4.0},{"damage":0.0,"enemies":"Chosen and Byrds","floor":25.0,"turns":5.0},{"damage":24.0,"enemies":"Cultist and Chosen","floor":27.0,"turns":8.0},{"damage":16.0,"enemies":"3 Cultists","floor":29.0,"turns":7.0},{"damage":1.0,"enemies":"downfall:FleeingMerchant","floor":30.0,"turns":4.0},{"damage":4.0,"enemies":"Slavers","floor":31.0,"turns":5.0},{"damage":20.0,"enemies":"Chosen and Byrds","floor":32.0,"turns":4.0},{"damage":4.0,"enemies":"downfall:Silent","floor":33.0,"turns":9.0},{"damage":0.0,"enemies":"Orb Walker","floor":36.0,"turns":6.0},{"damage":0.0,"enemies":"3 Shapes","floor":37.0,"turns":3.0},{"damage":16,"enemies":"Nemesis","floor":40,"turns":7},{"damage":1,"enemies":"Spire Growth","floor":42,"turns":6},{"damage":16,"enemies":"4 Shapes","floor":43,"turns":9},{"damage":6,"enemies":"downfall:FleeingMerchant","floor":44,"turns":4},{"damage":71,"enemies":"Giant Head","floor":45,"turns":11}],"seed_played":"3662823955460572630","potions_obtained":[{"floor":6.0,"key":"champ:CounterPotion"},{"floor":10.0,"key":"Fruit Juice"},{"floor":11.0,"key":"AttackPotion"},{"floor":14.0,"key":"champ:CounterPotion"},{"floor":19.0,"key":"FairyPotion"},{"floor":31.0,"key":"Guardian:AcceleratePotion"},{"floor":33.0,"key":"Guardian:BlockOnCardUsePotion"},{"floor":39.0,"key":"Regen Potion"},{"floor":43,"key":"LiquidBronze"}],"is_trial":false,"path_per_floor":["R","M","M","M","$","M","T","M","?","M","?","?","$","E","M","B",null,"R","M","?","?","M","R","T","M","?","M","R","M","$","E","M","B",null,"R","M","M","?","?","E","T","M","M","$","E"],"character_chosen":"GUARDIAN","items_purchased":["Bag of Preparation","Guardian:EvasiveProtocol","Guardian:Gem_Fragmented","Oddly Smooth Stone"],"campfire_rested":0,"item_purchase_floors":[30,30,44,44],"current_hp_per_floor":[80,78,78,73,63,52,52,51,51,55,39,39,34,14,9,1,85,95,95,79,79,71,71,71,73,57,35,35,21,22,20,2,28,95,95,95,95,95,95,79,79,80,66,62,0,0,0],"gold":7,"neow_bonus":"ONE_RANDOM_RARE_CARD","is_daily":false,"chose_seed":false,"campfire_upgraded":4,"win_rate":0.0,"timestamp":1610244680,"path_taken":["R","M","M","M","$","M","T","M","?","M","?","?","$","E","M","BOSS","R","M","?","?","M","R","T","M","?","M","R","M","$","E","M","BOSS","R","M","M","?","?","E","T","M","?","$","E"],"items_purchased_type":["Relic","Card","Card","Relic"],"build_version":"2020-12-22","purchased_purges":2,"victory":false,"max_hp_per_floor":[80,80,80,80,80,80,80,80,80,85,85,85,85,85,85,85,85,95,95,95,95,95,95,95,95,95,95,95,95,95,95,95,95,95,95,95,95,95,95,95,95,95,95,95,95,95,95],"card_choices":[{"not_picked":["Guardian:Gem_Green","Guardian:Repulse"],"picked":"Guardian:VentSteam","floor":2.0},{"not_picked":["Guardian:ChargeUp","Guardian:TimeCapacitor"],"picked":"Guardian:Gem_Purple","floor":3.0},{"not_picked":["Guardian:PrismaticBeam","Guardian:ShieldCharger"],"picked":"Guardian:PiercingHide","floor":4.0},{"not_picked":["Guardian:Planning","Guardian:VentSteam"],"picked":"Guardian:ShieldSpikes","floor":5.0},{"not_picked":["Guardian:TemporalShield","Guardian:ShieldCharger"],"picked":"Guardian:Gem_Red","floor":6.0},{"not_picked":["Guardian:Planning","Guardian:Incinerate","Guardian:SentryBeam"],"picked":"SKIP","floor":8.0},{"not_picked":["Guardian:Planning","Guardian:Incinerate","Guardian:SentryBeam"],"picked":"SKIP","floor":8.0},{"not_picked":["Guardian:Planning","Guardian:Gem_Crimson"],"picked":"Guardian:Gem_Synthetic","floor":10.0},{"not_picked":["Guardian:TemporalStrike","Guardian:PrimingBeam"],"picked":"Guardian:Gem_Green","floor":11.0},{"not_picked":["Guardian:PrimingBeam","Guardian:Recover"],"picked":"Guardian:PiercingHide","floor":13.0},{"not_picked":["Guardian:PiercingHide","Guardian:Suspension","Guardian:RefractedBeam"],"picked":"SKIP","floor":14.0},{"not_picked":["Guardian:VentSteam","Guardian:TemporalStrike","Guardian:StasisField"],"picked":"SKIP","floor":15.0},{"not_picked":["Guardian:CrystalBeam","Guardian:PrimingBeam+1"],"picked":"Guardian:Gem_Blue","floor":19.0},{"not_picked":["Guardian:PrismaticBarrier","Guardian:Recover"],"picked":"Guardian:Harden","floor":22.0},{"not_picked":["Guardian:TimeCapacitor","Guardian:CrystalBeam"],"picked":"Guardian:Gem_Crimson","floor":25.0},{"not_picked":["Guardian:Gem_Lightblue","Guardian:TemporalShield","Guardian:ShieldCharger"],"picked":"SKIP","floor":27.0},{"not_picked":["Guardian:PrimingBeam","Guardian:Incinerate"],"picked":"Guardian:GuardianWhirl+1","floor":29.0},{"not_picked":["Guardian:ConstructionForm","Guardian:Gem_Red"],"picked":"Guardian:ArmoredProtocol","floor":30.0},{"not_picked":["Guardian:Suspension","Guardian:RefractedBeam"],"picked":"Guardian:ShieldSpikes+1","floor":31.0},{"not_picked":["Guardian:TemporalStrike","Guardian:Gem_Green"],"picked":"Guardian:SentryBeam","floor":32.0},{"not_picked":["Guardian:ShieldCharger","Guardian:Recover"],"picked":"Guardian:TemporalShield+1","floor":36.0},{"not_picked":["Guardian:Reroute","Guardian:RollAttack+1"],"picked":"Guardian:WalkerClaw","floor":37.0},{"not_picked":["Guardian:ChargeUp+1","Guardian:Suspension+1","Guardian:Gem_Green"],"picked":"SKIP","floor":40},{"not_picked":["Guardian:ShieldCharger+1","Guardian:Gem_Lightblue","Guardian:Gem_Purple"],"picked":"SKIP","floor":42},{"not_picked":["Guardian:RollAttack+1","Guardian:MultiBeam+1"],"picked":"Guardian:SpikerProtocol","floor":43},{"not_picked":["Guardian:PrimingBeam","Guardian:SpikerProtocol","Guardian:PiercingHide"],"picked":"SKIP","floor":44}],"player_experience":1315337,"relics_obtained":[{"floor":11.0,"key":"Odd Mushroom"},{"floor":14.0,"key":"Blood Vial"},{"floor":20.0,"key":"Nilry\u0027s Codex"},{"floor":24.0,"key":"PreservedInsect"},{"floor":31.0,"key":"Orichalcum"},{"floor":40,"key":"Bronze Scales"},{"floor":41,"key":"Lantern"}],"event_choices":[{"damage_healed":0.0,"max_hp_gain":0.0,"max_hp_loss":0.0,"gold_gain":0.0,"event_name":"Mushrooms","player_choice":"Fought Mushrooms","floor":11.0,"gold_loss":0.0,"damage_taken":0.0},{"damage_healed":0.0,"max_hp_gain":0.0,"max_hp_loss":0.0,"gold_gain":0.0,"event_name":"Vampires","player_choice":"Ignored","floor":21.0,"gold_loss":0.0,"damage_taken":0.0},{"damage_healed":0.0,"max_hp_gain":0.0,"max_hp_loss":0.0,"gold_gain":0.0,"event_name":"Lab","player_choice":"Got Potions","floor":39.0,"gold_loss":0.0,"damage_taken":0.0}],"is_beta":false,"boss_relics":[{"not_picked":["Tiny House","Empty Cage"],"picked":"Guardian:StasisSlotReductionRelic"},{"not_picked":["Sozu","Velvet Choker"],"picked":"Astrolabe"}],"items_purged_floors":[5,13],"is_endless":false,"potions_floor_spawned":[6,10,11,14,19,29,31,33,43],"killed_by":"Giant Head","ascension_level":3}}