{"host":"4328iixd8pca51w5","time":1610257292,"event":{"mods":["2.2 Compatiblity","BaseMod","CapriCore","KOR Keyword Fix","Minty Spire (QoL Compilation)","StSLib","The Immortal"],"gold_per_floor":[117,117,130,149,2,41,41,216,240,279,295,331,331,374,374,504,504,504,504,504],"floor_reached":18,"playtime":1137,"items_purged":[],"score":256,"play_id":"1e857e19-a2ef-4952-a126-af90e97d96f7","local_time":"20210110144132","is_ascension_mode":true,"campfire_choices":[{"data":"MokouMod:RisingSunBarrier","floor":7.0,"key":"SMITH"},{"data":"MokouMod:Sear","floor":13.0,"key":"SMITH"},{"data":"MokouMod:ResoluteFlare","floor":15,"key":"SMITH"}],"circlet_count":0,"master_deck":["MokouMod:HeatSpark","MokouMod:SearingBlow","MokouMod:RisingSunBarrier+1","MokouMod:ResoluteFlare+1","MokouMod:Sear+1","MokouMod:IndiscriminateIgnition","Doubt","MokouMod:HeartofFire","MokouMod:FlamingFireTalons+1","MokouMod:TemporalFireSeal+1","MokouMod:ResonatingAura","MokouMod:EnchantingBambooForest","MokouMod:Firecracker","MokouMod:BurningDraft","MokouMod:PhoenixForm","MokouMod:SubterraneanCore","MokouMod:WarmUp","MokouMod:ScorchedEarth","MokouMod:EnchantingBambooForest","MokouMod:SubterraneanCore"],"relics":["MokouMod:PhoenixFeather","Golden Idol","Lee\u0027s Waffle","Oddly Smooth Stone","Vajra","Mummified Hand","Molten Egg 2","Bag of Preparation","Pandora\u0027s Box"],"acts_visited":["Exordium","TheCity"],"potions_floor_usage":[14,14],"damage_taken":[{"damage":5.0,"enemies":"Small Slimes","floor":1.0,"turns":3.0},{"damage":13.0,"enemies":"2 Louse","floor":3.0,"turns":3.0},{"damage":3.0,"enemies":"Jaw Worm","floor":4.0,"turns":4.0},{"damage":48.0,"enemies":"Gremlin Nob","floor":6.0,"turns":6.0},{"damage":10.0,"enemies":"Lagavulin","floor":10.0,"turns":6.0},{"damage":0.0,"enemies":"Large Slime","floor":11.0,"turns":5.0},{"damage":16.0,"enemies":"3 Sentries","floor":12.0,"turns":6.0},{"damage":0,"enemies":"Gremlin Nob","floor":14,"turns":2},{"damage":12,"enemies":"Hexaghost","floor":16,"turns":9},{"damage":20,"enemies":"3 Byrds","floor":18,"turns":3}],"seed_played":"4532422154077655299","potions_obtained":[{"floor":3.0,"key":"Strength Potion"},{"floor":4.0,"key":"ColorlessPotion"},{"floor":6.0,"key":"Explosive Potion"},{"floor":12.0,"key":"AttackPotion"}],"is_trial":false,"path_per_floor":["M","?","M","M","$","E","R","?","T","E","M","E","R","E","R","B",null,"M"],"character_chosen":"MKU","items_purchased":["Lee\u0027s Waffle"],"campfire_rested":0,"item_purchase_floors":[5],"current_hp_per_floor":[70,52,39,36,82,34,34,34,34,24,24,8,8,8,8,20,82,62,62,62],"gold":504,"neow_bonus":"ONE_RANDOM_RARE_CARD","is_daily":false,"chose_seed":false,"campfire_upgraded":3,"win_rate":0.0,"timestamp":1610257292,"path_taken":["M","?","M","M","$","E","R","?","T","E","M","E","R","E","R","BOSS","M"],"items_purchased_type":["Relic"],"build_version":"2020-12-22","purchased_purges":0,"victory":false,"max_hp_per_floor":[75,75,75,75,82,82,82,82,82,82,82,82,82,82,82,82,82,82,82,82],"card_choices":[{"not_picked":["MokouMod:FlareStarter","MokouMod:BurningDraft"],"picked":"MokouMod:RisingSunBarrier","floor":1.0},{"not_picked":["MokouMod:TemporalFireSeal","MokouMod:Firecracker"],"picked":"MokouMod:ResoluteFlare","floor":3.0},{"not_picked":["MokouMod:ShiftIgnition","MokouMod:UncontrollableSolarReaction"],"picked":"MokouMod:Sear","floor":4.0},{"not_picked":["MokouMod:PhoenixFeathers","MokouMod:SacredFire"],"picked":"MokouMod:IndiscriminateIgnition","floor":6.0},{"not_picked":["MokouMod:ControlledCombustion","MokouMod:RadiantBlade"],"picked":"MokouMod:HeartofFire","floor":10.0},{"not_picked":["MokouMod:IndiscriminateIgnition","MokouMod:Singe","MokouMod:RoaringFlare"],"picked":"SKIP","floor":11.0},{"not_picked":["MokouMod:Wildfire","MokouMod:Stoke"],"picked":"MokouMod:FlamingFireTalons+1","floor":12.0},{"not_picked":["MokouMod:BurningHiddenBullet+1","MokouMod:RetainTemperature"],"picked":"MokouMod:TemporalFireSeal+1","floor":14},{"not_picked":["MokouMod:SpontaneousHumanCombustion","MokouMod:HouraiForge"],"picked":"MokouMod:ResonatingAura","floor":16}],"player_experience":185846,"relics_obtained":[{"floor":6.0,"key":"Oddly Smooth Stone"},{"floor":9.0,"key":"Vajra"},{"floor":10.0,"key":"Mummified Hand"},{"floor":12.0,"key":"Molten Egg 2"},{"floor":14,"key":"Bag of Preparation"}],"event_choices":[{"damage_healed":0.0,"max_hp_gain":0.0,"max_hp_loss":0.0,"gold_gain":0.0,"event_name":"Golden Idol","player_choice":"Take Damage","floor":2.0,"gold_loss":0.0,"damage_taken":18.0,"relics_obtained":["Golden Idol"]},{"damage_healed":0.0,"max_hp_gain":0.0,"max_hp_loss":0.0,"gold_gain":175.0,"event_name":"Liars Game","player_choice":"AGREE","floor":8.0,"gold_loss":0.0,"damage_taken":0.0,"cards_obtained":["Doubt"]}],"is_beta":false,"boss_relics":[{"not_picked":["Cursed Key","Calling Bell"],"picked":"Pandora\u0027s Box"}],"items_purged_floors":[],"is_endless":false,"potions_floor_spawned":[3,4,6,12],"killed_by":"3 Byrds","ascension_level":4}}