{"host":"06h77atpgiec8kbk","time":1610267452,"event":{"mods":["Act Like it!","Alarm Clock","Arknights The Spire","Aspiration","Bard","BaseMod","CapriCore","Colored Powertips","Conspire","Downfall","Hermit","Marisa£®ÏF”Í°°ƒß¿Ì…≥£©","Minty Spire (QoL Compilation)","Quick Restart","Reimu£®≤©¿ˆ¡È√Œ£©","Relic Stats","Replay The Spire","StSLib","The Alterego","The Construct","The Cursed","The Gatherer","The Hierophant","The Immortal","The Marked","The Runesmith","[µÿæ´ ◊¡Ï≈¿À˛]The Maniac","°æ“≈ŒÔø®≈∆°øREMEMod"],"gold_per_floor":[113,74,111,186,204,218,218,253,253,361,361,372,69,89,89,193,193,205,205],"floor_reached":18,"playtime":991,"items_purged":["ats:Defend"],"score":185,"play_id":"adb299dd-7486-4892-8f5b-e81bbe2fa87e","local_time":"20210110163052","is_ascension_mode":false,"campfire_choices":[{"data":"ats:Emotion Absorption","floor":7,"key":"SMITH"},{"floor":11,"key":"REST"}],"circlet_count":0,"master_deck":["ats:Strike C","ats:Strike G","ats:Strike S","ats:Strike V","ats:Armor Crushing Shot","ats:Defend","ats:Defend","ats:Emotion Absorption+1","TreasureHunter","ats:Mental Burst","ats:Shell Defense","ats:Shell Defense","ats:Shell Defense","ats:Revitalization","ats:Ignite","ats:Ignite","ats:Shell Defense","ats:Part Time Job","ats:Song Of Battle","ats:Disruption Kick","ats:Volcano"],"relics":["ats:Sanity","REME_ComplimentaryCards","Toy Ornithopter","Tea:ReiMu","ats:Originium","Oddly Smooth Stone","PreservedInsect","ats:Rhine Circuitry","REME_LowDesire","Lantern","MawBank"],"acts_visited":["Exordium","TheCity"],"potions_floor_usage":[8],"damage_taken":[{"damage":6.0,"enemies":"Jaw Worm","floor":1.0,"turns":3.0},{"damage":16.0,"enemies":"conspire:MimicChest","floor":3.0,"turns":4.0},{"damage":0.0,"enemies":"Small Slimes","floor":5.0,"turns":2.0},{"damage":7,"enemies":"conspire:RoseBush","floor":6,"turns":4},{"damage":24,"enemies":"Gremlin Nob","floor":8,"turns":5},{"damage":10,"enemies":"Large Slime","floor":12,"turns":11},{"damage":20,"enemies":"Looter","floor":14,"turns":4},{"damage":188,"enemies":"Hexaghost","floor":16,"turns":22},{"damage":0,"enemies":"Shell Parasite","floor":18,"turns":2}],"seed_played":"-568596981896637011","potions_obtained":[{"floor":1.0,"key":"Elixir"},{"floor":3.0,"key":"SpeedPotion"},{"floor":6,"key":"Weak Potion"},{"floor":12,"key":"Fire Potion"}],"is_trial":false,"path_per_floor":["M","$","?","?","M","M","R","E","T","?","R","M","$","M","R","B",null,"M"],"character_chosen":"DOCTOR_CLASS","items_purchased":["ats:Mental Burst","ats:Rhine Circuitry","ats:Part Time Job"],"campfire_rested":1,"item_purchase_floors":[2,13,13],"current_hp_per_floor":[66,66,50,39,39,36,36,20,20,2,23,72,72,61,61,58,72,72,72],"gold":205,"neow_bonus":"RANDOM_COMMON_RELIC","is_daily":false,"chose_seed":false,"campfire_upgraded":1,"win_rate":0.0,"timestamp":1610267452,"path_taken":["M","$","?","?","M","M","R","E","T","?","R","M","$","M","R","BOSS","M"],"items_purchased_type":["Card","Relic","Card"],"build_version":"2020-12-22","purchased_purges":1,"victory":false,"max_hp_per_floor":[72,72,72,72,72,72,72,72,72,72,72,72,72,72,72,72,72,72,72],"relic_stats":{"counters":[9,55],"PreservedInsect":0,"MawBank":12,"obtain_stats":[{"Lantern":17,"ats:Originium":8,"Tea:ReiMu":3,"Oddly Smooth Stone":8,"PreservedInsect":9,"ats:Sanity":0,"REME_LowDesire":17,"MawBank":17,"Toy Ornithopter":0,"ats:Rhine Circuitry":13,"REME_ComplimentaryCards":0},{"Lantern":8,"ats:Originium":5,"Tea:ReiMu":2,"Oddly Smooth Stone":5,"PreservedInsect":5,"ats:Sanity":0,"REME_LowDesire":8,"MawBank":8,"Toy Ornithopter":0,"ats:Rhine Circuitry":6,"REME_ComplimentaryCards":0},{"Lantern":53,"ats:Originium":17,"Tea:ReiMu":7,"Oddly Smooth Stone":17,"PreservedInsect":17,"ats:Sanity":0,"REME_LowDesire":53,"MawBank":53,"Toy Ornithopter":0,"ats:Rhine Circuitry":28,"REME_ComplimentaryCards":0}],"Toy Ornithopter":5},"card_choices":[{"not_picked":["ats:Sword Rain","ats:Song Of Battle","ats:Ignite"],"picked":"SKIP","floor":1.0},{"not_picked":["ats:Closed Bolt Burst Fire","ats:Overload"],"picked":"ats:Shell Defense","floor":3.0},{"not_picked":["ats:Rapid Magazine","ats:Consecutive Shot Auto"],"picked":"ats:Shell Defense","floor":5.0},{"not_picked":["ats:Steam Pump","ats:Red Shift","ats:Rat Pack"],"picked":"SKIP","floor":6},{"not_picked":["ats:Ignite","ats:Flexible Camouflage"],"picked":"ats:Shell Defense","floor":8},{"not_picked":["ats:Defend Order","ats:Collapsing Strike"],"picked":"ats:Revitalization","floor":10},{"not_picked":["ats:Poison Spread","ats:Magnetic Hammer"],"picked":"ats:Ignite","floor":10},{"not_picked":["ats:Consecutive Shot Auto","ats:Curse Doll"],"picked":"ats:Ignite","floor":10},{"not_picked":["ats:Powerful Strike","ats:Curse Doll"],"picked":"ats:Shell Defense","floor":12},{"not_picked":["ats:Cat Scratch","ats:Assault Order"],"picked":"ats:Song Of Battle","floor":14},{"not_picked":["ats:Soul Rend","ats:Shadow Assault"],"picked":"ats:Volcano","floor":16}],"player_experience":816890,"relics_obtained":[{"floor":3.0,"key":"Tea:ReiMu"},{"floor":8,"key":"ats:Originium"},{"floor":8,"key":"Oddly Smooth Stone"},{"floor":9,"key":"PreservedInsect"},{"floor":17,"key":"Lantern"},{"floor":17,"key":"MawBank"}],"event_choices":[{"damage_healed":0.0,"max_hp_gain":0.0,"max_hp_loss":0.0,"gold_gain":75.0,"event_name":"World of Goop","player_choice":"Gather Gold","floor":4.0,"gold_loss":0.0,"damage_taken":11.0}],"is_beta":false,"boss_relics":[{"not_picked":["conspire:RoyalGoblet","aspiration:FutureDiary"],"picked":"REME_LowDesire"}],"items_purged_floors":[13],"is_endless":false,"potions_floor_spawned":[1,3,6,12],"killed_by":"Shell Parasite","ascension_level":0}}