{"host":"hf83sijwe64ts2lm","time":1610289585,"event":{"mods":["2.2 Compatiblity","BaseMod","Better Altar","Better Match","Better Note","Better Sensory Stone","Better Skull","Better Third Choice","Colored Map","Colored Powertips","Highlight Path","Hubris","Infinite Spire","Minty Spire (QoL Compilation)","Quick Restart","Rare Cards Sparkle","Relic Stats","Replay The Spire","Shop Mod","Spicy Shops","StSLib","The Blue Laboratory","Thieving Mod"],"gold_per_floor":[119,0,0,16,16,16,42,6,33,60,60,71,91,11,11,108,108,126,36,36,36,48,48,48],"floor_reached":23,"playtime":445,"items_purged":[],"score":280,"play_id":"8229ba28-74c7-4e0d-83f4-6793a541dfe2","local_time":"20210110093945","is_ascension_mode":true,"campfire_choices":[{"floor":6.0,"key":"RECALL"},{"floor":11.0,"key":"REST"},{"floor":15.0,"key":"REST"}],"circlet_count":0,"master_deck":["Strike_G","Strike_G","Strike_G","Strike_G","Strike_G+1","Defend_G","Defend_G","Defend_G","Defend_G","Defend_G","Survivor","Neutralize","Draining Mist","Enlightenment","Replay:Poison Smokescreen","Outmaneuver","hubris:SlightOfHand+1","Atom Bomb","Dagger Spray","Well Laid Plans","infinitespire:Neurotoxin","Terror","Catalyst+1"],"relics":["Ring of the Snake","NeowsBlessing","hubris:Towel","Juzu Bracelet","Mummified Hand","Pear","SacredBark"],"acts_visited":["Exordium","TheCity"],"potions_floor_usage":[23],"damage_taken":[{"damage":0.0,"enemies":"Small Slimes","floor":1.0,"turns":1.0},{"damage":0.0,"enemies":"Jaw Worm","floor":4.0,"turns":1.0},{"damage":0.0,"enemies":"Lagavulin","floor":7.0,"turns":1.0},{"damage":30.0,"enemies":"Gremlin Nob","floor":10.0,"turns":4.0},{"damage":0.0,"enemies":"Cultist","floor":12.0,"turns":2.0},{"damage":17.0,"enemies":"Red Slaver","floor":13.0,"turns":6.0},{"damage":36.0,"enemies":"The Guardian","floor":16.0,"turns":11.0},{"damage":40,"enemies":"Chosen","floor":18,"turns":8},{"damage":32,"enemies":"Shell Parasite","floor":22,"turns":5},{"damage":42,"enemies":"Book of Stabbing","floor":23,"turns":3}],"seed_played":"7763698165638528989","potions_obtained":[{"floor":4.0,"key":"blueLaboratory:NinjaPotion"},{"floor":7.0,"key":"blueLaboratory:LouseDecoction"},{"floor":12.0,"key":"Ancient Potion"},{"floor":13.0,"key":"ColorlessPotion"},{"floor":18,"key":"blueLaboratory:HorrorPotion"}],"is_trial":false,"path_per_floor":["M","?","?","M","?","R","E","$","T","E","R","M","M","$","R","B",null,"M","?","$","?","M","E"],"character_chosen":"THE_SILENT","items_purchased":["hubris:SlightOfHand+1","Well Laid Plans"],"campfire_rested":2,"item_purchase_floors":[8,14],"current_hp_per_floor":[70,76,76,76,76,76,76,76,76,56,81,81,64,64,86,50,86,46,46,46,74,42,0,0],"gold":48,"neow_bonus":"THREE_ENEMY_KILL","is_daily":false,"chose_seed":false,"campfire_upgraded":0,"win_rate":0.0,"timestamp":1610289585,"path_taken":["M","?","?","M","?","R","E","$","T","E","R","M","M","$","R","BOSS","M","?","$","?","M","E"],"items_purchased_type":["Card","Card"],"build_version":"2020-12-22","purchased_purges":0,"victory":false,"max_hp_per_floor":[70,76,76,76,76,76,76,76,76,86,86,86,86,86,86,86,86,86,86,86,86,86,86,86],"relic_stats":{"counters":[10,42],"Mummified Hand":[6],"Juzu Bracelet":1,"obtain_stats":[{"Pear":10,"NeowsBlessing":0,"Mummified Hand":7,"SacredBark":17,"Juzu Bracelet":5,"hubris:Towel":3,"Ring of the Snake":0},{"Pear":4,"NeowsBlessing":0,"Mummified Hand":3,"SacredBark":7,"Juzu Bracelet":2,"hubris:Towel":1,"Ring of the Snake":0},{"Pear":7,"NeowsBlessing":0,"Mummified Hand":3,"SacredBark":26,"Juzu Bracelet":2,"hubris:Towel":1,"Ring of the Snake":0}],"Ring of the Snake":[20]},"card_choices":[{"not_picked":["Slice","Dodge and Roll"],"picked":"Draining Mist","floor":1.0},{"not_picked":["Backflip","Flying Knee"],"picked":"Replay:Poison Smokescreen","floor":4.0},{"not_picked":["Acrobatics","Caltrops"],"picked":"Outmaneuver","floor":7.0},{"not_picked":["Prepared","Reflex"],"picked":"Atom Bomb","floor":10.0},{"not_picked":["Prepared","hubris:SlightOfHand"],"picked":"Concentrate","floor":12.0},{"not_picked":["Prepared","hubris:SlightOfHand"],"picked":"Dagger Spray","floor":13.0},{"not_picked":["Tools of the Trade","Envenom"],"picked":"infinitespire:Neurotoxin","floor":16.0},{"not_picked":["Prepared+1","Accuracy"],"picked":"Terror","floor":18},{"not_picked":["Eviscerate","Deadly Poison"],"picked":"Catalyst+1","floor":22}],"player_experience":124936,"relics_obtained":[{"floor":7.0,"key":"Mummified Hand"},{"floor":10.0,"key":"Pear"}],"event_choices":[{"damage_healed":0.0,"max_hp_gain":0.0,"max_hp_loss":0.0,"gold_gain":0.0,"event_name":"betterThird:BetterSerpent","player_choice":"RENOUNCE","floor":2.0,"gold_loss":119.0,"damage_taken":119.0,"cards_obtained":["Enlightenment"]},{"damage_healed":0.0,"max_hp_gain":0.0,"max_hp_loss":0.0,"gold_gain":0.0,"event_name":"WeMeetAgain","player_choice":"Gave Potion","floor":5.0,"gold_loss":0.0,"damage_taken":0.0,"relics_obtained":["Juzu Bracelet"]},{"cards_removed":["Concentrate"],"damage_healed":0,"gold_gain":0,"player_choice":"Upgrade and Remove","damage_taken":0,"max_hp_gain":0,"max_hp_loss":0,"event_name":"Designer","floor":19,"gold_loss":90,"cards_upgraded":["Strike_G"]},{"damage_healed":28,"gold_gain":0,"player_choice":"Heal","damage_taken":0,"max_hp_gain":0,"max_hp_loss":0,"event_name":"The Library","floor":21,"gold_loss":0}],"is_beta":false,"boss_relics":[{"not_picked":["Velvet Choker","Kintsugi"],"picked":"SacredBark"}],"items_purged_floors":[],"is_endless":false,"potions_floor_spawned":[4,7,12,13,18],"killed_by":"Book of Stabbing","ascension_level":3}}