{"host":"Connor","time":1610313799,"event":{"mods":["Aspiration","BaseMod","Downfall","Hubris","Marisa????????","Minty Spire (QoL Compilation)","Replay The Spire","StSLib","The Cursed","The Jungle","The Servant 0.9.4"],"gold_per_floor":[113,113,127,142,192,204,246,44,68,101,118,118,58,58,58,135,135,149,74,87,7,26,26,26],"floor_reached":23,"playtime":918,"items_purged":["hubris:Envy","Spreading Infection"],"score":378,"play_id":"8784b427-1522-4653-b105-f2be56ecfd61","local_time":"20210110132319","is_ascension_mode":true,"campfire_choices":[{"floor":6,"key":"RECALL"},{"data":"Rampage","floor":12,"key":"SMITH"},{"data":"Seeing Red","floor":15,"key":"SMITH"}],"circlet_count":0,"master_deck":["Strike_R","Strike_R","Strike_R","Strike_R","Strike_R","Defend_R","Defend_R","Defend_R","Defend_R","Bash","hubris:StunningStrike","Armaments+1","Pummel","Ghostly Armor","Seeing Red+1","expansioncontent:QuickStudy+1","Shrug It Off+1","Shrug It Off","Rampage+1","Barricade+1","Pommel Strike","Combust","hubris:Gluttony","Infernal Blade"],"relics":["Black Blood","Ring of Peace","Ring of Greed","MawBank","Golden Egg","Bag of Marbles","The Courier"],"acts_visited":["Exordium","TheCity"],"potions_floor_usage":[7,7,10],"damage_taken":[{"damage":6,"enemies":"Cultist","floor":1,"turns":3},{"damage":1,"enemies":"Small Slimes","floor":3,"turns":4},{"damage":0,"enemies":"Jaw Worm","floor":4,"turns":4},{"damage":2,"enemies":"Gremlin Nob","floor":7,"turns":6},{"damage":11,"enemies":"Lagavulin","floor":10,"turns":9},{"damage":0,"enemies":"3 Louse","floor":11,"turns":5},{"damage":40,"enemies":"The Guardian","floor":16,"turns":12},{"damage":0,"enemies":"Shell Parasite","floor":18,"turns":8},{"damage":14,"enemies":"Spheric Guardian","floor":20,"turns":10},{"damage":6,"enemies":"Centurion and Healer","floor":22,"turns":10},{"damage":78,"enemies":"Book of Stabbing","floor":23,"turns":8}],"seed_played":"201649812191987098","potions_obtained":[{"floor":3,"key":"PowerPotion"},{"floor":4,"key":"PowerPotion"},{"floor":7,"key":"Weak Potion"}],"is_trial":false,"path_per_floor":["M","?","M","M","?","R","E","$","T","E","M","R","$","?","R","B",null,"M","?","M","$","M","E"],"character_chosen":"IRONCLAD","items_purchased":["expansioncontent:QuickStudy","Shrug It Off"],"campfire_rested":0,"item_purchase_floors":[8,8],"current_hp_per_floor":[68,68,73,75,75,75,75,75,75,70,75,75,75,75,75,41,67,75,75,73,73,75,0,0],"gold":26,"neow_bonus":"ONE_RANDOM_RARE_CARD","is_daily":false,"chose_seed":false,"campfire_upgraded":2,"win_rate":0.0,"timestamp":1610313799,"path_taken":["M","?","M","M","?","R","E","$","T","E","M","R","?","?","R","BOSS","M","?","M","?","M","E"],"items_purchased_type":["Card","Card"],"build_version":"2020-12-18","purchased_purges":2,"victory":false,"max_hp_per_floor":[75,75,75,75,75,75,75,75,75,75,75,75,75,75,75,75,75,75,75,75,75,75,75,75],"card_choices":[{"not_picked":["Clothesline","hubris:SharpeningStone"],"picked":"Armaments","floor":1},{"not_picked":["ReplayTheSpireMod:Corrosion Curse","ReplayTheSpireMod:Strike From Hell"],"picked":"Pummel","floor":3},{"not_picked":["hubris:CleavingFinish","Warcry"],"picked":"Ghostly Armor","floor":4},{"not_picked":["Headbutt","True Grit"],"picked":"Seeing Red","floor":7},{"not_picked":["Thunderclap","Sword Boomerang"],"picked":"Shrug It Off","floor":10},{"not_picked":["Wild Strike","Rupture"],"picked":"Rampage","floor":11},{"not_picked":["Brutality","Immolate"],"picked":"Barricade","floor":16},{"not_picked":["Thunderclap","Flex"],"picked":"Pommel Strike","floor":18},{"not_picked":["Perfected Strike","Burning Pact"],"picked":"Combust","floor":20},{"not_picked":["Twin Strike","Bloodletting"],"picked":"Infernal Blade","floor":22}],"player_experience":594570,"relics_obtained":[{"floor":5,"key":"Ring of Peace"},{"floor":5,"key":"Ring of Greed"},{"floor":5,"key":"MawBank"},{"floor":5,"key":"Golden Egg"},{"floor":7,"key":"Bag of Marbles"},{"floor":10,"key":"The Courier"}],"event_choices":[{"cards_removed":["ReplayTheSpireMod:Splinters"],"damage_healed":0,"gold_gain":0,"player_choice":"Gave Gold","damage_taken":0,"max_hp_gain":0,"max_hp_loss":0,"event_name":"Beggar","floor":19,"gold_loss":75}],"is_beta":true,"boss_relics":[{"not_picked":["hubris:CrackedHourglass","aspiration:RitualDagger"],"picked":"Black Blood"}],"items_purged_floors":[13,21],"is_endless":false,"potions_floor_spawned":[3,4,7],"killed_by":"Book of Stabbing","ascension_level":18}}