{"host":"jut1dta95hmxx5jm","time":1610265591,"event":{"mods":["AchievementEnabler","BaseMod","BetterRewards","Colored Map","Colored Powertips","Minty Spire (QoL Compilation)","Quick Restart","StSLib","The Cursed"],"gold_per_floor":[111,1,1,14,89,89,89,107,107,132,146,161,80,27,27,123,123,141,161,161,49,49,49,66,80,133,6,6,6,6,6],"floor_reached":30,"playtime":1919,"items_purged":[],"score":264,"play_id":"8d484f2f-736b-4131-832f-ba569a4a3823","local_time":"20210110015951","is_ascension_mode":true,"campfire_choices":[{"data":"Infinite Blades","floor":6,"key":"SMITH"},{"floor":15,"key":"REST"},{"data":"1","floor":23,"key":"LIFT"},{"floor":29,"key":"REST"}],"circlet_count":0,"master_deck":["Strike_G+1","Strike_G+1","Strike_G+1","Strike_G+1","Strike_G+1","Defend_G+1","Defend_G+1","Defend_G+1","Defend_G+1","Defend_G+1","Survivor","Neutralize","Infinite Blades+1","Predator","Caltrops","Caltrops","Accuracy","Blade Dance","All Out Attack","Accuracy","Cloak And Dagger+1","Bullet Time+1","Storm of Steel","Flying Knee","Caltrops","Cloak And Dagger","Caltrops","Dagger Spray","After Image"],"relics":["Ring of the Snake","NeowsBlessing","Mercury Hourglass","Question Card","Girya","HoveringKite","War Paint","Juzu Bracelet"],"acts_visited":["Exordium","TheCity"],"potions_floor_usage":[10,12,16,24,30],"damage_taken":[{"damage":0,"enemies":"2 Louse","floor":1,"turns":1},{"damage":0,"enemies":"Cultist","floor":4,"turns":1},{"damage":0,"enemies":"Jaw Worm","floor":8,"turns":1},{"damage":26,"enemies":"3 Sentries","floor":10,"turns":5},{"damage":6,"enemies":"Blue Slaver","floor":11,"turns":4},{"damage":11,"enemies":"3 Louse","floor":12,"turns":2},{"damage":34,"enemies":"The Guardian","floor":16,"turns":8},{"damage":23,"enemies":"Shell Parasite","floor":18,"turns":6},{"damage":5,"enemies":"3 Byrds","floor":19,"turns":4},{"damage":14,"enemies":"Cultist and Chosen","floor":24,"turns":3},{"damage":26,"enemies":"Centurion and Healer","floor":25,"turns":4},{"damage":26,"enemies":"Book of Stabbing","floor":30,"turns":3}],"seed_played":"139680442560346498","potions_obtained":[{"floor":4,"key":"Fire Potion"},{"floor":11,"key":"Weak Potion"},{"floor":12,"key":"Energy Potion"},{"floor":24,"key":"SpeedPotion"}],"is_trial":false,"path_per_floor":["M","$","?","M","?","R","T","M","T","E","M","M","$","$","R","B",null,"M","M","?","$","?","R","M","M","T","$","?","R","E"],"character_chosen":"THE_SILENT","items_purchased":["Infinite Blades","Predator","Accuracy","Cloak And Dagger","Caltrops","DistilledChaos","Dagger Spray","After Image"],"campfire_rested":2,"item_purchase_floors":[2,2,13,14,21,21,27,27],"current_hp_per_floor":[70,70,70,70,59,59,59,59,59,33,27,16,16,16,37,3,70,47,42,42,42,42,42,28,2,2,2,2,23,0,0],"gold":6,"neow_bonus":"THREE_ENEMY_KILL","is_daily":false,"chose_seed":false,"campfire_upgraded":1,"win_rate":0.0,"timestamp":1610265591,"path_taken":["M","$","?","?","?","R","?","M","T","E","M","M","?","$","R","BOSS","M","M","?","$","?","R","M","M","T","?","?","R","E"],"items_purchased_type":["Card","Card","Card","Card","Card","Potion","Card","Card"],"build_version":"2020-12-22","purchased_purges":0,"victory":false,"max_hp_per_floor":[70,70,70,70,70,70,70,70,70,70,70,70,70,70,70,70,70,70,70,70,70,70,70,70,70,70,70,70,70,70,70],"card_choices":[{"not_picked":["Flying Knee","Prepared"],"picked":"Bane","floor":1},{"not_picked":["Backflip","Flechettes"],"picked":"Caltrops","floor":4},{"not_picked":["Sucker Punch","Escape Plan","Blade Dance"],"picked":"Caltrops","floor":8},{"not_picked":["Dodge and Roll","Masterful Stab","Bane"],"picked":"Accuracy","floor":10},{"not_picked":["Skewer","Eviscerate","Noxious Fumes"],"picked":"Blade Dance","floor":11},{"not_picked":["Underhanded Strike","Malaise","Noxious Fumes"],"picked":"All Out Attack","floor":12},{"not_picked":["Envenom","Night Terror","Die Die Die"],"picked":"Bullet Time","floor":16},{"not_picked":["Cloak And Dagger","Sucker Punch","Deadly Poison+1"],"picked":"Storm of Steel","floor":18},{"not_picked":["Poisoned Stab","Outmaneuver","Underhanded Strike"],"picked":"Flying Knee","floor":19},{"not_picked":["PiercingWail+1","Skewer","Deflect"],"picked":"Cloak And Dagger","floor":24},{"not_picked":["Noxious Fumes","Dagger Throw","Deadly Poison"],"picked":"Caltrops","floor":25}],"player_experience":324355,"relics_obtained":[{"floor":7,"key":"Question Card"},{"floor":10,"key":"Girya"},{"floor":26,"key":"Juzu Bracelet"}],"event_choices":[{"cards_removed":["Bane"],"damage_healed":0,"gold_gain":0,"player_choice":"Gave Card","damage_taken":0,"relics_obtained":["Mercury Hourglass"],"max_hp_gain":0,"max_hp_loss":0,"event_name":"WeMeetAgain","floor":3,"gold_loss":0},{"damage_healed":0,"gold_gain":75,"player_choice":"Gather Gold","damage_taken":11,"max_hp_gain":0,"max_hp_loss":0,"event_name":"World of Goop","floor":5,"gold_loss":0},{"damage_healed":0,"gold_gain":0,"player_choice":"Opened","damage_taken":0,"relics_obtained":["War Paint"],"max_hp_gain":0,"max_hp_loss":0,"event_name":"The Mausoleum","floor":20,"gold_loss":0},{"damage_healed":0,"gold_gain":0,"player_choice":"Ignored","damage_taken":0,"max_hp_gain":0,"max_hp_loss":0,"event_name":"Ghosts","floor":22,"gold_loss":0},{"damage_healed":0,"gold_gain":0,"player_choice":"Simplicity","damage_taken":0,"max_hp_gain":0,"max_hp_loss":0,"event_name":"Back to Basics","floor":28,"gold_loss":0,"cards_upgraded":["Strike_G","Strike_G","Strike_G","Strike_G","Strike_G","Defend_G","Defend_G","Defend_G","Defend_G","Defend_G"]}],"is_beta":false,"boss_relics":[{"not_picked":["Fusion Hammer","Ectoplasm"],"picked":"HoveringKite"}],"items_purged_floors":[],"is_endless":false,"potions_floor_spawned":[4,11,12,24],"killed_by":"Book of Stabbing","ascension_level":1}}