{"host":"cimxalwyqyblhb3d","time":1610314894,"event":{"mods":["AchievementEnabler","BaseMod","Colored Powertips","Evolution","Minty Spire (QoL Compilation)","Quick Restart","StSLib"],"gold_per_floor":[111,111,85,104,104,130,149,149,199,233,109,127,138,152,152,247,247,262,280,204,219,318,318,318,318,393,393,421,421,440,238,238,338,338,356,356,376,159,174,174,174,174],"floor_reached":41,"playtime":1126,"items_purged":["Cold Snap"],"score":538,"play_id":"2213d9b2-19d4-48e0-b710-f3836eb1a25a","local_time":"20210110224134","is_ascension_mode":true,"campfire_choices":[{"data":"Redo","floor":8,"key":"SMITH"},{"data":"Zap","floor":15,"key":"SMITH"},{"data":"Self Repair","floor":23,"key":"SMITH"},{"data":"Steam","floor":25,"key":"SMITH"},{"data":"Ball Lightning","floor":27,"key":"SMITH"},{"data":"Thunder Strike","floor":32,"key":"SMITH"},{"data":"Redo","floor":40,"key":"SMITH"}],"circlet_count":0,"master_deck":["Ball Lightning+1","Ball Lightning+1","Ball Lightning","Ball Lightning","Defend_B","Defend_B","Defend_B","Defend_B","Zap+1","Ball Lightning","Ball Lightning","Redo+1","Storm","Steam+1","Ball Lightning+1","Self Repair+1","Thunder Strike+1","Rebound+1","Storm","Ball Lightning+1","Redo","Seek","Leap+1","Capacitor+1","Ball Lightning","Redo+1","Conserve Battery+1"],"relics":["Cracked Core","EVO:Axolotl","NeowsBlessing","Akabeko","Potion Belt","HornCleat","Velvet Choker","Frozen Egg 2","Whetstone","Lee\u0027s Waffle","SacredBark","Membership Card"],"acts_visited":["Exordium","TheCity","TheBeyond"],"potions_floor_usage":[12,13,16,16,16,21,33,33],"damage_taken":[{"damage":0,"enemies":"Small Slimes","floor":1,"turns":1},{"damage":0,"enemies":"Cultist","floor":4,"turns":1},{"damage":0,"enemies":"Gremlin Nob","floor":6,"turns":1},{"damage":12,"enemies":"Jaw Worm","floor":7,"turns":2},{"damage":20,"enemies":"Lagavulin","floor":10,"turns":3},{"damage":0,"enemies":"Exordium Thugs","floor":12,"turns":2},{"damage":0,"enemies":"Lots of Slimes","floor":13,"turns":2},{"damage":0,"enemies":"Blue Slaver","floor":14,"turns":2},{"damage":22,"enemies":"Hexaghost","floor":16,"turns":5},{"damage":2,"enemies":"Chosen","floor":18,"turns":3},{"damage":7,"enemies":"Shell Parasite","floor":19,"turns":2},{"damage":10,"enemies":"3 Cultists","floor":21,"turns":4},{"damage":46,"enemies":"Gremlin Leader","floor":28,"turns":4},{"damage":12,"enemies":"Cultist and Chosen","floor":30,"turns":3},{"damage":28,"enemies":"Automaton","floor":33,"turns":5},{"damage":0,"enemies":"3 Shapes","floor":35,"turns":3},{"damage":30,"enemies":"3 Darklings","floor":37,"turns":4},{"damage":13,"enemies":"Sphere and 2 Shapes","floor":39,"turns":4},{"damage":74,"enemies":"Nemesis","floor":41,"turns":4}],"seed_played":"-9162786862646264699","potions_obtained":[{"floor":6,"key":"Swift Potion"},{"floor":7,"key":"PowerPotion"},{"floor":10,"key":"PotionOfCapacity"},{"floor":12,"key":"Block Potion"},{"floor":13,"key":"Swift Potion"},{"floor":18,"key":"AttackPotion"},{"floor":28,"key":"FocusPotion"},{"floor":33,"key":"FearPotion"},{"floor":35,"key":"Explosive Potion"}],"is_trial":false,"path_per_floor":["M","?","$","M","?","E","M","R","T","E","$","M","M","M","R","B",null,"M","M","$","M","?","R","?","R","T","R","E","$","M","$","R","B",null,"M","?","M","$","M","R","E"],"character_chosen":"DEFECT","items_purchased":["Ball Lightning","Steam","Storm","Lee\u0027s Waffle","Swift Potion","Membership Card","Capacitor+1","Ball Lightning","Redo"],"campfire_rested":0,"item_purchase_floors":[3,11,20,31,31,38,38,38,38],"current_hp_per_floor":[75,75,75,75,80,80,68,68,68,48,48,48,48,48,48,33,80,80,80,80,77,77,77,77,77,77,77,41,41,29,87,87,69,87,87,87,67,67,54,54,0,0],"gold":174,"neow_bonus":"THREE_ENEMY_KILL","is_daily":false,"chose_seed":false,"campfire_upgraded":7,"win_rate":0.0,"timestamp":1610314894,"path_taken":["M","?","$","?","?","E","M","R","T","E","?","?","M","?","R","BOSS","M","M","$","M","?","R","?","R","T","R","E","$","M","$","R","BOSS","M","?","?","$","M","R","E"],"items_purchased_type":["Card","Card","Card","Relic","Potion","Relic","Card","Card","Card"],"build_version":"2020-12-22","purchased_purges":1,"victory":false,"max_hp_per_floor":[75,75,75,75,80,80,80,80,80,80,80,80,80,80,80,80,80,80,80,80,80,80,80,80,80,80,80,80,80,80,87,87,87,87,87,87,87,87,87,87,87,87],"card_choices":[{"not_picked":["Beam Cell","Conserve Battery"],"picked":"Cold Snap","floor":1},{"not_picked":["Gash","Sweeping Beam"],"picked":"Ball Lightning","floor":4},{"not_picked":["Coolheaded","Go for the Eyes","Amplify"],"picked":"SKIP","floor":6},{"not_picked":["Chaos","Recycle"],"picked":"Redo","floor":7},{"not_picked":["Melter","Hello World"],"picked":"Storm","floor":10},{"not_picked":["Turbo","Recycle"],"picked":"Ball Lightning","floor":12},{"not_picked":["Force Field","Redo"],"picked":"Self Repair","floor":13},{"not_picked":["Go for the Eyes","Rebound","Conserve Battery"],"picked":"SKIP","floor":14},{"not_picked":["Hyperbeam","Machine Learning"],"picked":"Thunder Strike","floor":16},{"not_picked":["Leap+1","Chaos+1"],"picked":"Rebound+1","floor":18},{"not_picked":["Stack","Conserve Battery","Force Field"],"picked":"SKIP","floor":19},{"not_picked":["Beam Cell","Turbo"],"picked":"Ball Lightning+1","floor":21},{"not_picked":["Compile Driver+1","Chill+1"],"picked":"Redo","floor":28},{"not_picked":["Streamline","Go for the Eyes+1","Auto Shields"],"picked":"SKIP","floor":30},{"not_picked":["Multi-Cast","Hyperbeam"],"picked":"Seek","floor":33},{"not_picked":["Barrage+1","Steam","Hologram+1"],"picked":"SKIP","floor":35},{"not_picked":["Beam Cell","Sunder+1"],"picked":"Leap+1","floor":37},{"not_picked":["Fission","Go for the Eyes"],"picked":"Conserve Battery+1","floor":39}],"player_experience":494161,"relics_obtained":[{"floor":6,"key":"Akabeko"},{"floor":9,"key":"Potion Belt"},{"floor":10,"key":"HornCleat"},{"floor":26,"key":"Frozen Egg 2"},{"floor":28,"key":"Whetstone"}],"event_choices":[{"damage_healed":0,"gold_gain":0,"player_choice":"Ignored","damage_taken":0,"max_hp_gain":0,"max_hp_loss":0,"event_name":"Transmorgrifier","floor":2,"gold_loss":0},{"damage_healed":0,"gold_gain":0,"player_choice":"Donut","damage_taken":0,"max_hp_gain":5,"max_hp_loss":0,"event_name":"Big Fish","floor":5,"gold_loss":0},{"damage_healed":0,"gold_gain":99,"player_choice":"Stole From Cult","damage_taken":0,"max_hp_gain":0,"max_hp_loss":0,"event_name":"Nest","floor":22,"gold_loss":0},{"cards_removed":["Dualcast"],"damage_healed":0,"gold_gain":0,"player_choice":"Elegance","damage_taken":0,"max_hp_gain":0,"max_hp_loss":0,"event_name":"Back to Basics","floor":24,"gold_loss":0},{"damage_healed":0,"gold_gain":0,"player_choice":"Ignored","damage_taken":0,"max_hp_gain":0,"max_hp_loss":0,"event_name":"Purifier","floor":36,"gold_loss":0}],"is_beta":false,"boss_relics":[{"not_picked":["Astrolabe","Pandora\u0027s Box"],"picked":"Velvet Choker"},{"not_picked":["Busted Crown","Runic Dome"],"picked":"SacredBark"}],"items_purged_floors":[11],"is_endless":false,"potions_floor_spawned":[6,7,10,12,13,18,28,33,35],"killed_by":"Nemesis","ascension_level":3}}