{"host":"hf83sijwe64ts2lm","time":1610289013,"event":{"mods":["2.2 Compatiblity","BaseMod","Better Altar","Better Match","Better Note","Better Sensory Stone","Better Skull","Better Third Choice","Colored Map","Colored Powertips","Highlight Path","Hubris","Infinite Spire","Minty Spire (QoL Compilation)","Quick Restart","Rare Cards Sparkle","Relic Stats","Replay The Spire","Shop Mod","Spicy Shops","StSLib","The Blue Laboratory","Thieving Mod"],"gold_per_floor":[109,109,125,143,157,157,183,197,224,255,255,269,269,269,269,368,368,383,383,383,403,403,403,403,403,430,11,11,11],"floor_reached":28,"playtime":663,"items_purged":["hubris:Envy"],"score":283,"play_id":"21f5540e-3810-4a72-bd39-4c495cd711ce","local_time":"20210110093013","is_ascension_mode":true,"campfire_choices":[{"floor":6,"key":"RECALL"},{"floor":11,"key":"REST"},{"floor":15,"key":"REST"},{"floor":23,"key":"REST"},{"floor":25,"key":"REST"}],"circlet_count":0,"master_deck":["Strike_G","Strike_G","Strike_G","Strike_G","Strike_G+1","Defend_G","Defend_G","Defend_G","Defend_G","Defend_G+1","Survivor","Neutralize","Footwork","Masterful Stab","Deadly Poison","Bane+1","Predator+1","Eviscerate+1","Malaise+1","Backstab+1","infinitespire:Neurotoxin+1","Distraction+1","Bane+1","Dagger Spray+1","Noxious Fumes","Noxious Fumes","Sneak Up"],"relics":["Ring of the Snake","NeowsBlessing","Molten Egg 2","Gremlin Food","Toy Ornithopter","ReplayTheSpireMod:Ring of Addiction","Ring of Peace","White Beast Statue","hubris:EmptyBottle","SacredBark","infinitespire:Joker Card","Bag of Marbles"],"acts_visited":["Exordium","TheCity"],"potions_floor_usage":[5,7,12,16,16,16,16,21,24,28,28,28],"damage_taken":[{"damage":0,"enemies":"2 Louse","floor":1,"turns":1},{"damage":0,"enemies":"infinitespire:Voidling","floor":3,"turns":1},{"damage":0,"enemies":"Jaw Worm","floor":4,"turns":1},{"damage":4,"enemies":"Looter","floor":5,"turns":3},{"damage":27,"enemies":"Gremlin Nob","floor":7,"turns":4},{"damage":5,"enemies":"Large Slime","floor":8,"turns":4},{"damage":19,"enemies":"3 Sentries","floor":10,"turns":9},{"damage":6,"enemies":"2 Fungi Beasts","floor":12,"turns":3},{"damage":43,"enemies":"Fading Forest","floor":16,"turns":11},{"damage":29,"enemies":"3 Byrds","floor":18,"turns":11},{"damage":28,"enemies":"Spheric Guardian","floor":21,"turns":7},{"damage":0,"enemies":"Gremlin Leader","floor":24,"turns":1},{"damage":66,"enemies":"Slavers","floor":28,"turns":7}],"seed_played":"1056167703256217769","potions_obtained":[{"floor":3,"key":"blueLaboratory:ArtistsPotion"},{"floor":4,"key":"blueLaboratory:EnvenomedCoating"},{"floor":5,"key":"DuplicationPotion"},{"floor":10,"key":"Dexterity Potion"},{"floor":12,"key":"Fire Potion"},{"floor":13,"key":"GamblersBrew"},{"floor":13,"key":"blueLaboratory:NullPotion"},{"floor":13,"key":"LiquidBronze"},{"floor":16,"key":"SmokeBomb"},{"floor":18,"key":"Block Potion"},{"floor":21,"key":"blueLaboratory:RememoryPotion"}],"is_trial":false,"path_per_floor":["M","?","M","M","M","R","E","M","T","E","R","M","?","?","R","B",null,"M","?","?","M","?","R","E","R","T","$","E"],"character_chosen":"THE_SILENT","items_purchased":["Dagger Spray+1","Noxious Fumes","Sneak Up","Bag of Marbles"],"campfire_rested":4,"item_purchase_floors":[27,27,27,27],"current_hp_per_floor":[70,70,70,70,66,66,39,34,34,15,36,35,35,35,56,32,70,41,41,41,18,18,38,43,63,63,63,0,0],"gold":11,"neow_bonus":"THREE_ENEMY_KILL","is_daily":false,"chose_seed":false,"campfire_upgraded":0,"win_rate":0.0,"timestamp":1610289013,"path_taken":["M","?","M","M","?","R","E","M","T","E","R","M","?","?","R","BOSS","M","?","?","M","?","R","E","R","T","$","E"],"items_purchased_type":["Card","Card","Card","Relic"],"build_version":"2020-12-22","purchased_purges":1,"victory":false,"max_hp_per_floor":[70,70,70,70,70,70,70,70,70,70,70,70,70,70,70,70,70,70,70,68,68,68,68,68,68,68,68,66,66],"relic_stats":{"counters":[13,63],"obtain_stats":[{"Gremlin Food":9,"NeowsBlessing":0,"ReplayTheSpireMod:Ring of Addiction":13,"Ring of Peace":13,"SacredBark":17,"Molten Egg 2":7,"infinitespire:Joker Card":20,"Bag of Marbles":27,"hubris:EmptyBottle":13,"Toy Ornithopter":10,"White Beast Statue":13,"Ring of the Snake":0},{"Gremlin Food":6,"NeowsBlessing":0,"ReplayTheSpireMod:Ring of Addiction":8,"Ring of Peace":8,"SacredBark":9,"Molten Egg 2":5,"infinitespire:Joker Card":10,"Bag of Marbles":12,"hubris:EmptyBottle":8,"Toy Ornithopter":7,"White Beast Statue":8,"Ring of the Snake":0},{"Gremlin Food":14,"NeowsBlessing":0,"ReplayTheSpireMod:Ring of Addiction":26,"Ring of Peace":26,"SacredBark":37,"Molten Egg 2":10,"infinitespire:Joker Card":48,"Bag of Marbles":56,"hubris:EmptyBottle":26,"Toy Ornithopter":23,"White Beast Statue":26,"Ring of the Snake":0}],"Toy Ornithopter":37,"Ring of the Snake":[26]},"card_choices":[{"not_picked":["Underhanded Strike","Flying Knee"],"picked":"Footwork","floor":1},{"not_picked":["Cloak And Dagger","Fluid Movement"],"picked":"Masterful Stab","floor":3},{"not_picked":["Dodge and Roll","Hidden Blade"],"picked":"Deadly Poison","floor":4},{"not_picked":["Tactician","Storm of Steel"],"picked":"Bane","floor":5},{"not_picked":["Endless Agony+1","Underhanded Strike+1"],"picked":"Predator+1","floor":7},{"not_picked":["Tools of the Trade","Backflip"],"picked":"Eviscerate+1","floor":8},{"not_picked":["Deadly Poison","Backflip"],"picked":"Malaise","floor":10},{"not_picked":["Predator+1","Sneak Up"],"picked":"Backstab+1","floor":12},{"not_picked":["Die Die Die+1","Glass Knife+1"],"picked":"infinitespire:Neurotoxin","floor":16},{"not_picked":["Blade Dance","Toxin Wave"],"picked":"Distraction+1","floor":18},{"not_picked":["Prepared","Hidden Blade"],"picked":"Bane+1","floor":21}],"player_experience":124273,"relics_obtained":[{"floor":7,"key":"Molten Egg 2"},{"floor":9,"key":"Gremlin Food"},{"floor":10,"key":"Toy Ornithopter"},{"floor":13,"key":"ReplayTheSpireMod:Ring of Addiction"},{"floor":13,"key":"Ring of Peace"},{"floor":13,"key":"White Beast Statue"},{"floor":13,"key":"hubris:EmptyBottle"}],"event_choices":[{"damage_healed":0,"gold_gain":0,"player_choice":"Ignored","damage_taken":0,"max_hp_gain":0,"max_hp_loss":0,"event_name":"Transmorgrifier","floor":2,"gold_loss":0},{"damage_healed":0,"gold_gain":0,"player_choice":"Searched \u00271\u0027 times","damage_taken":0,"max_hp_gain":0,"max_hp_loss":0,"event_name":"Dead Adventurer","floor":14,"gold_loss":0},{"damage_healed":0,"gold_gain":0,"player_choice":"Forge","damage_taken":0,"max_hp_gain":0,"max_hp_loss":0,"event_name":"Accursed Blacksmith","floor":22,"gold_loss":0,"cards_upgraded":["infinitespire:Neurotoxin"]}],"is_beta":false,"boss_relics":[{"not_picked":["Snecko Eye","Ectoplasm"],"picked":"SacredBark"}],"items_purged_floors":[27],"is_endless":false,"potions_floor_spawned":[3,4,5,10,12,16,18,21,24],"killed_by":"Slavers","ascension_level":3}}