{"host":"c97twqu0op5dg8i4","time":1610259741,"event":{"mods":["BaseMod","Minty Spire (QoL Compilation)","Permanent Neow"],"gold_per_floor":[113,113,123,141,26,53,69,69,151,180,8,24,43,68,68,167,167,167,167],"floor_reached":18,"playtime":598,"items_purged":["Decay"],"score":259,"play_id":"1f4dd357-2559-440c-8dd9-188b8f35be9d","local_time":"20210110012221","is_ascension_mode":true,"campfire_choices":[{"data":"Ball Lightning","floor":8,"key":"SMITH"},{"floor":15,"key":"REST"}],"circlet_count":0,"master_deck":["Strike_B","Strike_B","Defend_B","Defend_B","Defend_B","Zap","Dualcast","Sunder+1","Darkness+1","Genetic Algorithm+1","Cold Snap","Multi-Cast","Cold Snap","Blizzard","Ball Lightning+1","Chaos","Conserve Battery","Leap","Thunder Strike","Creative AI"],"relics":["Astrolabe","Turnip","Darkstone Periapt","Juzu Bracelet","Orichalcum","Bottled Lightning","Nuclear Battery"],"acts_visited":["Exordium","TheCity"],"potions_floor_usage":[7,14,14,16],"damage_taken":[{"damage":0,"enemies":"Small Slimes","floor":1,"turns":2},{"damage":5,"enemies":"Cultist","floor":3,"turns":4},{"damage":0,"enemies":"2 Louse","floor":4,"turns":2},{"damage":22,"enemies":"3 Sentries","floor":6,"turns":6},{"damage":11,"enemies":"Looter","floor":7,"turns":4},{"damage":14,"enemies":"Gremlin Nob","floor":10,"turns":4},{"damage":10,"enemies":"Lots of Slimes","floor":12,"turns":3},{"damage":5,"enemies":"2 Fungi Beasts","floor":13,"turns":2},{"damage":0,"enemies":"Lagavulin","floor":14,"turns":4},{"damage":28,"enemies":"The Guardian","floor":16,"turns":15},{"damage":0,"enemies":"2 Thieves","floor":18,"turns":1}],"seed_played":"-406923347504871343","potions_obtained":[{"floor":1,"key":"Strength Potion"},{"floor":7,"key":"FocusPotion"},{"floor":12,"key":"DuplicationPotion"},{"floor":13,"key":"Swift Potion"},{"floor":16,"key":"PotionOfCapacity"}],"is_trial":false,"path_per_floor":["M","?","M","M","$","E","M","R","T","E","$","M","M","E","R","B",null,"M"],"character_chosen":"DEFECT","items_purchased":["Blizzard","Orichalcum","Conserve Battery"],"campfire_rested":1,"item_purchase_floors":[5,11,11],"current_hp_per_floor":[75,75,70,70,70,48,37,37,37,23,23,13,8,8,30,2,57,57,57],"gold":167,"neow_bonus":"BOSS_RELIC","is_daily":false,"chose_seed":false,"campfire_upgraded":1,"win_rate":0.0,"timestamp":1610259741,"path_taken":["M","?","M","?","$","E","M","R","T","E","?","M","M","E","R","BOSS","M"],"items_purchased_type":["Card","Relic","Card"],"build_version":"2020-12-22","purchased_purges":1,"victory":false,"max_hp_per_floor":[75,75,75,75,75,75,75,75,75,75,75,75,75,75,75,75,75,75,75],"card_choices":[{"not_picked":["Hologram","Leap"],"picked":"Cold Snap","floor":1},{"not_picked":["Barrage","Go for the Eyes"],"picked":"Multi-Cast","floor":3},{"not_picked":["Streamline","Hello World"],"picked":"Cold Snap","floor":4},{"not_picked":["Go for the Eyes","Seek","Aggregate"],"picked":"SKIP","floor":6},{"not_picked":["Storm","Streamline"],"picked":"Ball Lightning","floor":7},{"not_picked":["Fusion","Static Discharge"],"picked":"Chaos","floor":10},{"not_picked":["Rip and Tear","Stack"],"picked":"Leap","floor":12},{"not_picked":["Auto Shields","Turbo","Capacitor"],"picked":"SKIP","floor":13},{"not_picked":["Machine Learning","Fusion"],"picked":"Thunder Strike","floor":14},{"not_picked":["Thunder Strike","Reboot"],"picked":"Creative AI","floor":16}],"player_experience":282929,"relics_obtained":[{"floor":6,"key":"Turnip"},{"floor":9,"key":"Darkstone Periapt"},{"floor":10,"key":"Juzu Bracelet"},{"floor":14,"key":"Bottled Lightning"}],"event_choices":[{"damage_healed":0,"gold_gain":0,"player_choice":"Cursed","damage_taken":0,"max_hp_gain":0,"max_hp_loss":0,"event_name":"Wheel of Change","floor":2,"gold_loss":0,"cards_obtained":["Decay"]}],"is_beta":false,"boss_relics":[{"not_picked":["Empty Cage","Black Star"],"picked":"Nuclear Battery"}],"items_purged_floors":[5],"is_endless":false,"potions_floor_spawned":[1,7,12,13,16],"killed_by":"2 Thieves","ascension_level":5}}