{"host":"627up2rvtmm0cf0r","time":1610287625,"event":{"mods":["ATMod(°¢èªMod)","Act Like it!","BaseMod","Better Vampires","CapriCore","Card Filter","Card Forge","Colored Powertips","DeckTracker","Dota2Spire","Friendly Minions","Highlight Path","Infinite Spire","Jedi Mod","Marked Mod","Mimic Mod","Minty Spire (QoL Compilation)","MostiFishMod","Permanent Neow","Practice Mode","Quick Restart","Relic Stats","Shop Mod","Spicy Shops","StSLib","SuperFastMode","TestMod","The Marked","¡¾ÒÅÎï¿¨ÅÆ¡¿REMEMod","²ÐÁôÖ®Îï","óô»ðÖ¸ÄÏ"],"gold_per_floor":[113,113,113,126,139,169,169,197,197,226,51,66,66,99,99,200,200,213,213,230,265,48,78,42,72,110,155,1,451,487,507,507,622,622,645,658,470,470,496,539,539,587,587,625,693,723,723,723,610,633,633,478,1,80,126],"floor_reached":56,"playtime":1944,"items_purged":["PlaceholderMod:BaseStrike","PlaceholderMod:BaseStrike","PlaceholderMod:BaseStrike","Pain","PlaceholderMod:BaseStrike","PlaceholderMod:BaseDefend","PlaceholderMod:BaseDefend","PlaceholderMod:BaseDefend","PlaceholderMod:BaseDefend","Decay","PlaceholderMod:PoisonWhip+1"],"score":2044,"play_id":"48cf545c-0490-4340-a4d8-a52b4000397b","local_time":"20210110220705","is_ascension_mode":true,"campfire_choices":[{"data":"AT_MachinaRedman","floor":7.0,"key":"SMITH"},{"data":"AT_Dispersion","floor":15,"key":"SMITH"},{"floor":32,"key":"RECALL"},{"data":"PlaceholderMod:ReactionCatalyze","floor":41,"key":"SMITH"}],"circlet_count":0,"master_deck":["PlaceholderMod:BaseStrike+1","PlaceholderMod:BaseDefend","PlaceholderMod:Crystal","AT_Dispersion+1","AT_MachinaRedman+1","PlaceholderMod:NearChange","PlaceholderMod:ReactionCatalyze+1","PlaceholderMod:PericyclicReaction+1"],"relics":["PlaceholderMod:Tancle","Hammer of Thor","Seething Fire","Anvil of the Gods","DaveBox","testmod-TestBox","REME_ComplimentaryCards","AT_ATBox","testmod-Brilliant","Nloth\u0027s Gift","SynthV:TestCard","Anchor","Eternal Feather","infinitespire:Beetle Shell","AT_DeathDance","DaCapo","infinitespire:CursedDice","testmod-TimeTraveler","WarpedTongs","AT_ForceNature","Membership Card","Mercury Hourglass","Toolbox","testmod-Acrobat","AT_RabadonDeathcap","Medical Kit","testmod-BlackFramedGlasses","testmod-DeterminationOfClimber","Unceasing Top","testmod-IndustrialRevolution","infinitespire:PuzzleCube","AT_GoldPhoenixTree","infinitespire:Midas Blood","Oddly Smooth Stone","AT_SunfireAegis","AT_ChloranthyRing","Dota2Spire:HandOfMidas","jedi:fakemustache","Toy Ornithopter"],"acts_visited":["Exordium","TheCity","TheBeyond","TheEnding"],"potions_floor_usage":[39,55,55,55],"damage_taken":[{"damage":0.0,"enemies":"2 Louse","floor":1.0,"turns":1.0},{"damage":7.0,"enemies":"Jaw Worm","floor":4.0,"turns":3.0},{"damage":0.0,"enemies":"Cultist","floor":5.0,"turns":2.0},{"damage":10.0,"enemies":"Lagavulin","floor":6.0,"turns":5.0},{"damage":0.0,"enemies":"Gremlin Nob","floor":8.0,"turns":3.0},{"damage":9.0,"enemies":"Lagavulin","floor":10.0,"turns":5.0},{"damage":0,"enemies":"2 Fungi Beasts","floor":12,"turns":2},{"damage":8,"enemies":"3 Sentries","floor":14,"turns":4},{"damage":3,"enemies":"Hexaghost","floor":16,"turns":6},{"damage":0,"enemies":"3 Byrds","floor":18,"turns":1},{"damage":1,"enemies":"2 Thieves","floor":20,"turns":2},{"damage":3,"enemies":"Snake Plant","floor":21,"turns":6},{"damage":7,"enemies":"Slavers","floor":23,"turns":2},{"damage":7,"enemies":"Book of Stabbing","floor":25,"turns":3},{"damage":0,"enemies":"Snake Plant","floor":26,"turns":3},{"damage":10,"enemies":"Gremlin Leader","floor":27,"turns":5},{"damage":0,"enemies":"Slavers","floor":30,"turns":1},{"damage":0,"enemies":"Snake Plant","floor":31,"turns":1},{"damage":6,"enemies":"Champ","floor":33,"turns":5},{"damage":0,"enemies":"3 Darklings","floor":35,"turns":1},{"damage":0,"enemies":"3 Shapes","floor":36,"turns":1},{"damage":0,"enemies":"Spire Growth","floor":39,"turns":1},{"damage":0,"enemies":"Nemesis","floor":40,"turns":1},{"damage":0,"enemies":"Giant Head","floor":42,"turns":2},{"damage":0,"enemies":"Writhing Mass","floor":44,"turns":2},{"damage":0,"enemies":"Mind Bloom Boss Battle","floor":45,"turns":2},{"damage":5,"enemies":"Reptomancer","floor":46,"turns":3},{"damage":0,"enemies":"infinitespire:MassOfShapes","floor":50,"turns":1},{"damage":0,"enemies":"Shield and Spear","floor":54,"turns":1},{"damage":0,"enemies":"The Heart","floor":55,"turns":3}],"seed_played":"260064081287250974","potions_obtained":[{"floor":4.0,"key":"SteroidPotion"},{"floor":6.0,"key":"jedi:tentaclejuice"},{"floor":14,"key":"AttackPotion"},{"floor":23,"key":"jedi:wingpotion"},{"floor":31,"key":"DuplicationPotion"},{"floor":39,"key":"testmod-SpacePotion"},{"floor":40,"key":"Block Potion"},{"floor":44,"key":"Explosive Potion"}],"is_trial":false,"path_per_floor":["M","?","?","M","M","E","R","E","T","E","$","M","?","E","R","B",null,"M","?","M","MIM","$","E","$","E","MIM","E","R","?","E","M","R","B",null,"M","M","$","?","M","E","R","E","T","M","?","E","?","AVR","R","B",null,"R","$","E","B",null],"character_chosen":"THE_PLACEHOLDER","items_purchased":["Membership Card","Toolbox","Medical Kit","Unceasing Top","AT_SunfireAegis","AT_ChloranthyRing","Dota2Spire:HandOfMidas","jedi:fakemustache"],"campfire_rested":0,"item_purchase_floors":[22,24,28,37,52,53,53,53],"current_hp_per_floor":[78,62,62,55,55,45,45,45,45,36,36,36,33,25,31,28,78,78,78,77,74,74,67,67,60,60,50,56,34,34,35,41,40,78,78,78,78,78,78,78,78,78,78,78,78,74,74,74,78,78,78,78,78,78,78],"gold":126,"neow_bonus":"THREE_CARDS","is_daily":false,"chose_seed":false,"campfire_upgraded":3,"win_rate":0.0,"timestamp":1610287625,"path_taken":["M","?","?","M","M","E","R","E","T","E","?","?","?","E","R","BOSS","M","?","?","?","$","E","?","E","MIM","E","R","?","E","?","R","BOSS","M","M","?","?","M","E","R","E","T","?","?","E","?","AVR","R","BOSS","R","$","E","BOSS"],"items_purchased_type":["Relic","Relic","Relic","Relic","Relic","Relic","Relic","Relic"],"build_version":"2020-12-22","purchased_purges":11,"victory":true,"max_hp_per_floor":[78,78,78,78,78,78,78,78,78,78,78,78,78,78,78,78,78,78,78,78,78,78,78,78,78,78,78,78,78,78,78,78,78,78,78,78,78,78,78,78,78,78,78,78,78,78,78,78,78,78,78,78,78,78,78],"relic_stats":{"counters":[30,78],"Eternal Feather":22,"Nloth\u0027s Gift":16,"Medical Kit":[11],"obtain_stats":[{"PlaceholderMod:Tancle":0,"AT_ATBox":0,"DaveBox":0,"Hammer of Thor":0,"testmod-BlackFramedGlasses":30,"testmod-Brilliant":0,"Toolbox":24,"DaCapo":13,"testmod-DeterminationOfClimber":34,"AT_ForceNature":21,"AT_ChloranthyRing":53,"AT_RabadonDeathcap":27,"Dota2Spire:HandOfMidas":53,"testmod-TestBox":0,"testmod-TimeTraveler":17,"infinitespire:CursedDice":14,"AT_GoldPhoenixTree":45,"Oddly Smooth Stone":48,"Eternal Feather":8,"infinitespire:Beetle Shell":9,"Seething Fire":0,"Medical Kit":28,"testmod-IndustrialRevolution":40,"WarpedTongs":19,"Mercury Hourglass":23,"jedi:fakemustache":53,"Anchor":6,"SynthV:TestCard":1,"Anvil of the Gods":0,"testmod-Acrobat":25,"Nloth\u0027s Gift":0,"Membership Card":22,"AT_DeathDance":10,"AT_SunfireAegis":52,"Unceasing Top":37,"infinitespire:PuzzleCube":42,"Toy Ornithopter":54,"REME_ComplimentaryCards":0,"infinitespire:Midas Blood":46},{"PlaceholderMod:Tancle":0,"AT_ATBox":0,"DaveBox":0,"Hammer of Thor":0,"testmod-BlackFramedGlasses":17,"testmod-Brilliant":0,"Toolbox":13,"DaCapo":7,"testmod-DeterminationOfClimber":19,"AT_ForceNature":12,"AT_ChloranthyRing":28,"AT_RabadonDeathcap":16,"Dota2Spire:HandOfMidas":28,"testmod-TestBox":0,"testmod-TimeTraveler":9,"infinitespire:CursedDice":8,"AT_GoldPhoenixTree":26,"Oddly Smooth Stone":27,"Eternal Feather":5,"infinitespire:Beetle Shell":5,"Seething Fire":0,"Medical Kit":16,"testmod-IndustrialRevolution":23,"WarpedTongs":10,"Mercury Hourglass":13,"jedi:fakemustache":28,"Anchor":4,"SynthV:TestCard":1,"Anvil of the Gods":0,"testmod-Acrobat":14,"Nloth\u0027s Gift":0,"Membership Card":12,"AT_DeathDance":6,"AT_SunfireAegis":28,"Unceasing Top":21,"infinitespire:PuzzleCube":24,"Toy Ornithopter":29,"REME_ComplimentaryCards":0,"infinitespire:Midas Blood":27},{"PlaceholderMod:Tancle":0,"AT_ATBox":0,"DaveBox":0,"Hammer of Thor":0,"testmod-BlackFramedGlasses":54,"testmod-Brilliant":0,"Toolbox":42,"DaCapo":21,"testmod-DeterminationOfClimber":60,"AT_ForceNature":40,"AT_ChloranthyRing":74,"AT_RabadonDeathcap":53,"Dota2Spire:HandOfMidas":74,"testmod-TestBox":0,"testmod-TimeTraveler":31,"infinitespire:CursedDice":25,"AT_GoldPhoenixTree":70,"Oddly Smooth Stone":73,"Eternal Feather":14,"infinitespire:Beetle Shell":14,"Seething Fire":0,"Medical Kit":53,"testmod-IndustrialRevolution":64,"WarpedTongs":32,"Mercury Hourglass":42,"jedi:fakemustache":74,"Anchor":11,"SynthV:TestCard":1,"Anvil of the Gods":0,"testmod-Acrobat":45,"Nloth\u0027s Gift":0,"Membership Card":40,"AT_DeathDance":19,"AT_SunfireAegis":74,"Unceasing Top":62,"infinitespire:PuzzleCube":66,"Toy Ornithopter":75,"REME_ComplimentaryCards":0,"infinitespire:Midas Blood":73}],"Unceasing Top":[8],"Toy Ornithopter":0,"WarpedTongs":[46],"Mercury Hourglass":[131]},"card_choices":[{"not_picked":["PlaceholderMod:SubstitutionNucleophilic1","PlaceholderMod:PoisonAbsorb","PlaceholderMod:Crystallization"],"picked":"SKIP","floor":1.0},{"not_picked":["PlaceholderMod:NutritionAbsorb","PlaceholderMod:Inner","PlaceholderMod:InnerStable","PlaceholderMod:CrystallizationStrike"],"picked":"PlaceholderMod:NearChange","floor":4.0},{"not_picked":["PlaceholderMod:Turn","PlaceholderMod:ParasiteChange","PlaceholderMod:ComplexForm","PlaceholderMod:HighConcentration","PlaceholderMod:SprayAttack"],"picked":"SKIP","floor":5.0},{"not_picked":["PlaceholderMod:Eat","PlaceholderMod:EvolutionSpray","PlaceholderMod:NutritionAbsorb","PlaceholderMod:HornyBlast","PlaceholderMod:BlastSpray"],"picked":"SKIP","floor":6.0},{"not_picked":["PlaceholderMod:Eat","PlaceholderMod:EvolutionSpray","PlaceholderMod:NutritionAbsorb","PlaceholderMod:HornyBlast","PlaceholderMod:BlastSpray"],"picked":"SKIP","floor":6.0},{"not_picked":["PlaceholderMod:HardStrike","PlaceholderMod:FinalSpray","PlaceholderMod:SeverePoisonStrike","PlaceholderMod:DiffusionChemical"],"picked":"PlaceholderMod:ReactionCatalyze","floor":8.0},{"not_picked":["PlaceholderMod:HornyBlast","PlaceholderMod:OHStrongAttack","PlaceholderMod:CrystallizationStrike","PlaceholderMod:PoisonExcitation","PlaceholderMod:Internalization"],"picked":"SKIP","floor":10.0},{"not_picked":["PlaceholderMod:DoublePoint","PlaceholderMod:AngryAttack","PlaceholderMod:FastReaction","PlaceholderMod:Stratification","PlaceholderMod:SelectReaction"],"picked":"SKIP","floor":12},{"not_picked":["PlaceholderMod:ThreeBenzyolStart","PlaceholderMod:HealingAttack","PlaceholderMod:DoublePoint","PlaceholderMod:Polyp","PlaceholderMod:DissolvingSpikes"],"picked":"SKIP","floor":14},{"not_picked":["PlaceholderMod:PoisonExcitation","PlaceholderMod:Colorful+1","PlaceholderMod:DirectingGroup+1","PlaceholderMod:AttackAsDefend","PlaceholderMod:StressReaction"],"picked":"SKIP","floor":18},{"not_picked":["PlaceholderMod:OHStrongAttack","PlaceholderMod:AttackAsDefend","PlaceholderMod:Sweep","PlaceholderMod:SelectReaction","PlaceholderMod:ChainPoly"],"picked":"SKIP","floor":20},{"not_picked":["PlaceholderMod:CrystallizationStrike","PlaceholderMod:HornyCollision","PlaceholderMod:HighConcentration+1","PlaceholderMod:OHStrongAttack","PlaceholderMod:SprayAttack"],"picked":"SKIP","floor":23},{"not_picked":["PlaceholderMod:OHStrongAttack+1","PlaceholderMod:PericyclicReaction","PlaceholderMod:SevereHeat","PlaceholderMod:FinalSpray","PlaceholderMod:DiffusionChemical"],"picked":"SKIP","floor":25},{"not_picked":["PlaceholderMod:MultiReaction","PlaceholderMod:SubstitutionNucleophilic1","PlaceholderMod:QualitativeChange","PlaceholderMod:ThreeBenzyolStart","PlaceholderMod:DiffusionPoison"],"picked":"SKIP","floor":27},{"not_picked":["PlaceholderMod:ProliferateStrike","PlaceholderMod:Polyp+1","PlaceholderMod:Package+1","PlaceholderMod:DiffusionChemical","PlaceholderMod:AttackAsDefend+1"],"picked":"SKIP","floor":30},{"not_picked":["PlaceholderMod:OHStrongAttack","PlaceholderMod:DirectingGroup","PlaceholderMod:CrystallizationStrike+1","PlaceholderMod:AttackAsDefend","PlaceholderMod:GrowthForm"],"picked":"SKIP","floor":31},{"not_picked":["PlaceholderMod:CorePoison","PlaceholderMod:InnerSoften","PlaceholderMod:DiffusionPoison","PlaceholderMod:SelfCoupling"],"picked":"PlaceholderMod:PericyclicReaction","floor":33},{"not_picked":["PlaceholderMod:StrongAcid","PlaceholderMod:ParasiteChange","PlaceholderMod:AngryAttack+1","PlaceholderMod:Package","PlaceholderMod:DissolvingSpikes+1"],"picked":"SKIP","floor":35},{"not_picked":["PlaceholderMod:DirectingGroup","PlaceholderMod:ChainPoly+1","PlaceholderMod:PoisonAbsorb+1","PlaceholderMod:ContinueSpray+1","PlaceholderMod:RadicalHit+1"],"picked":"SKIP","floor":36},{"not_picked":["PlaceholderMod:Sweep+1","PlaceholderMod:Turn","PlaceholderMod:ProliferateStrike","PlaceholderMod:SpinBlade","PlaceholderMod:Corrosion+1"],"picked":"SKIP","floor":39},{"not_picked":["PlaceholderMod:SprayAttack+1","PlaceholderMod:DissolvingSpikes+1","PlaceholderMod:Package+1","PlaceholderMod:SevereHeat","PlaceholderMod:CorePoison"],"picked":"SKIP","floor":40},{"not_picked":["PlaceholderMod:SelectReaction","PlaceholderMod:OHStrongAttack","PlaceholderMod:FinalSpray","PlaceholderMod:AbsorbTouch","PlaceholderMod:GrowthForm"],"picked":"SKIP","floor":42},{"not_picked":["PlaceholderMod:UnpureUse","PlaceholderMod:Hyperplasia+1","PlaceholderMod:HornyBlast","PlaceholderMod:HardStrike","PlaceholderMod:StressReaction"],"picked":"SKIP","floor":44},{"not_picked":["PlaceholderMod:ProliferateStrike+1","PlaceholderMod:SubstitutionNucleophilic1+1","PlaceholderMod:InnerSoften","PlaceholderMod:DiffusionChemical","PlaceholderMod:Corrosion+1","PlaceholderMod:StressReaction"],"picked":"SKIP","floor":46},{"not_picked":["PlaceholderMod:PoisonExcitation+1","PlaceholderMod:MultiReaction","PlaceholderMod:Colorful+1","PlaceholderMod:HornyBlast","PlaceholderMod:MultipleOxi+1"],"picked":"SKIP","floor":54}],"player_experience":86622,"relics_obtained":[{"floor":1.0,"key":"SynthV:TestCard"},{"floor":6.0,"key":"Anchor"},{"floor":8.0,"key":"Eternal Feather"},{"floor":9.0,"key":"infinitespire:Beetle Shell"},{"floor":10.0,"key":"AT_DeathDance"},{"floor":14,"key":"infinitespire:CursedDice"},{"floor":21,"key":"AT_ForceNature"},{"floor":23,"key":"Mercury Hourglass"},{"floor":25,"key":"testmod-Acrobat"},{"floor":27,"key":"AT_RabadonDeathcap"},{"floor":30,"key":"testmod-BlackFramedGlasses"},{"floor":40,"key":"testmod-IndustrialRevolution"},{"floor":42,"key":"infinitespire:PuzzleCube"},{"floor":45,"key":"AT_GoldPhoenixTree"},{"floor":46,"key":"infinitespire:Midas Blood"},{"floor":54,"key":"Toy Ornithopter"}],"event_choices":[{"damage_healed":0.0,"max_hp_gain":0.0,"max_hp_loss":0.0,"gold_gain":0.0,"event_name":"Shining Light","player_choice":"Entered Light","floor":2.0,"gold_loss":0.0,"damage_taken":16.0,"cards_upgraded":["PlaceholderMod:BaseStrike","PlaceholderMod:PoisonWhip"]},{"damage_healed":0,"gold_gain":0,"player_choice":"Success","damage_taken":7,"relics_obtained":["DaCapo"],"max_hp_gain":0,"max_hp_loss":0,"event_name":"Scrap Ooze","floor":13,"gold_loss":0},{"damage_healed":0,"gold_gain":0,"player_choice":"Rummage","damage_taken":0,"relics_obtained":["WarpedTongs"],"max_hp_gain":0,"max_hp_loss":0,"event_name":"Accursed Blacksmith","floor":19,"gold_loss":0,"cards_obtained":["Pain"]},{"damage_healed":0,"gold_gain":450,"player_choice":"GOLD GOLD GOLD GOLD GOLD ","damage_taken":46,"max_hp_gain":0,"max_hp_loss":0,"event_name":"Knowing Skull","floor":29,"potions_obtained":[],"gold_loss":0,"cards_obtained":[]},{"damage_healed":0,"gold_gain":0,"player_choice":"Upgraded","damage_taken":0,"max_hp_gain":0,"max_hp_loss":0,"event_name":"Upgrade Shrine","floor":38,"gold_loss":0,"cards_upgraded":["PlaceholderMod:PericyclicReaction"]},{"damage_healed":0,"gold_gain":0,"player_choice":"Fight","damage_taken":0,"max_hp_gain":0,"max_hp_loss":0,"event_name":"MindBloom","floor":45,"gold_loss":0}],"is_beta":false,"boss_relics":[{"not_picked":["Snecko Eye","jedi:paperlyon"],"picked":"testmod-TimeTraveler"},{"not_picked":["testmod-KeyOfTheVoid","Runic Pyramid"],"picked":"testmod-DeterminationOfClimber"}],"items_purged_floors":[11,11,22,28,37,37,48,49,52,53,53],"is_endless":false,"potions_floor_spawned":[4,6,14,16,18,23,27,30,31,39,40,44,45,54],"ascension_level":4}}