{"host":"dth8fvkfiulu86fi","time":1610292502,"event":{"mods":["2.2 Compatiblity","AchievementEnabler","BaseMod","Better Third Choice","Colored Map","Colored Powertips","Minty Spire (QoL Compilation)","Rare Cards Sparkle","StSLib","SuperFastMode","Synergy Search"],"gold_per_floor":[114,129,14,29,44,59,59,59,84,99,114,114,114],"floor_reached":12,"playtime":346,"items_purged":["Accuracy"],"score":99,"play_id":"4c39aca9-0a57-4832-b411-73e96ca2a627","local_time":"20210110162822","daily_mods":["Specialized","Diverse","Night Terrors"],"is_ascension_mode":false,"campfire_choices":[{"data":"Crippling Poison","floor":8,"key":"SMITH"}],"circlet_count":0,"master_deck":["Strike_P","Strike_P","Strike_P","Strike_P","Defend_P","Defend_P","Defend_P","Defend_P","Eruption","Vigilance","Accuracy","Accuracy","Accuracy","Accuracy","Clothesline","Crippling Poison+1","Static Discharge+1","Conserve Battery","Intimidate","Noxious Fumes"],"relics":["PureWater","Strawberry"],"acts_visited":["Exordium"],"potions_floor_usage":[11],"damage_taken":[{"damage":0,"enemies":"2 Louse","floor":1,"turns":2},{"damage":7,"enemies":"Cultist","floor":2,"turns":3},{"damage":5,"enemies":"Small Slimes","floor":4,"turns":4},{"damage":17,"enemies":"2 Fungi Beasts","floor":5,"turns":5},{"damage":10,"enemies":"3 Louse","floor":6,"turns":5},{"damage":9,"enemies":"Blue Slaver","floor":10,"turns":2},{"damage":14,"enemies":"Exordium Thugs","floor":11,"turns":4},{"damage":19,"enemies":"Lagavulin","floor":12,"turns":3}],"seed_played":"-956745095108410897","potions_obtained":[{"floor":1,"key":"Fire Potion"},{"floor":6,"key":"SkillPotion"}],"is_trial":false,"path_per_floor":["M","M","$","M","M","M","?","R","T","M","M","E"],"character_chosen":"WATCHER","items_purchased":["Static Discharge"],"campfire_rested":0,"item_purchase_floors":[3],"current_hp_per_floor":[72,65,65,60,43,33,33,33,40,31,17,0,0],"gold":114,"neow_bonus":"","is_daily":true,"chose_seed":false,"campfire_upgraded":1,"win_rate":0.0,"timestamp":1610292502,"path_taken":["M","M","$","M","M","M","?","R","T","M","?","E"],"items_purchased_type":["Card"],"build_version":"2020-12-22","purchased_purges":1,"victory":false,"max_hp_per_floor":[72,72,72,72,72,72,72,72,79,79,79,79,79],"card_choices":[{"not_picked":["Finisher","Flechettes"],"picked":"Clothesline","floor":1},{"not_picked":["Poisoned Stab","Steam"],"picked":"Crippling Poison","floor":2},{"not_picked":["Halt","Wild Strike"],"picked":"Conserve Battery","floor":4},{"not_picked":["SashWhip","EmptyBody"],"picked":"Intimidate","floor":5},{"not_picked":["ReachHeaven","Underhanded Strike"],"picked":"Noxious Fumes","floor":6},{"not_picked":["Prostrate","FollowUp","Riddle With Holes"],"picked":"SKIP","floor":10},{"not_picked":["Worship","Doom and Gloom","Reckless Charge"],"picked":"SKIP","floor":11}],"player_experience":1138637,"relics_obtained":[{"floor":9,"key":"Strawberry"}],"event_choices":[{"damage_healed":0,"gold_gain":0,"player_choice":"Upgraded","damage_taken":0,"max_hp_gain":0,"max_hp_loss":0,"event_name":"Upgrade Shrine","floor":7,"gold_loss":0,"cards_upgraded":["Static Discharge"]}],"is_beta":false,"boss_relics":[],"items_purged_floors":[3],"is_endless":false,"potions_floor_spawned":[1,6],"killed_by":"Lagavulin","ascension_level":0}}