{"host":"xs2umar4czbsv0xl","time":1610280674,"event":{"mods":["AchievementEnabler","Act Like it!","BaseMod","Gensokyo","Marisa????????","Minty Spire (QoL Compilation)","Reimu??????","Remilia??????","Replay The Spire","StSLib","The Hierophant","The Wild Card"],"gold_per_floor":[114,114,129,144,74,104,104],"floor_reached":6,"playtime":1608,"items_purged":[],"score":71,"play_id":"e28abfac-73d4-440e-bc6f-e5aab04cce25","local_time":"20210110061114","daily_mods":["Specialized","Green Cards","Night Terrors"],"is_ascension_mode":false,"campfire_choices":[],"circlet_count":0,"master_deck":["Strike_Lin:ReiMu","Strike_Lin:ReiMu","Strike_Lin:ReiMu","Strike_Lin:ReiMu","Defend_Lin:ReiMu","Defend_Lin:ReiMu","Defend_Lin:ReiMu+1","Defend_Lin:ReiMu","NB:ReiMu","Stagnation:ReiMu","ForcedLanding:ReiMu+1","ForcedLanding:ReiMu","ForcedLanding:ReiMu","ForcedLanding:ReiMu","UniversalSpiritual:ReiMu","TakeOff:ReiMu","Intuition:ReiMu","Amulet:ReiMu"],"relics":["FlyPower:ReiMu","Gensokyo:OccultBall","Replay:Rubber Ducky"],"acts_visited":["Exordium"],"potions_floor_usage":[6],"damage_taken":[{"damage":0,"enemies":"Gensokyo:3_Fairies","floor":1,"turns":2},{"damage":7,"enemies":"Gensokyo:Gryphon","floor":3,"turns":5},{"damage":0,"enemies":"Gensokyo:2_Kodama","floor":4,"turns":2},{"damage":56,"enemies":"Gensokyo:Aya","floor":6,"turns":13}],"seed_played":"-956745095108410897","potions_obtained":[{"floor":1,"key":"Swift Potion"}],"is_trial":false,"path_per_floor":["M","?","M","M","?","E"],"character_chosen":"REIMU","items_purchased":[],"campfire_rested":0,"item_purchase_floors":[],"current_hp_per_floor":[65,65,58,58,58,2,2],"gold":104,"neow_bonus":"","is_daily":true,"chose_seed":false,"campfire_upgraded":0,"win_rate":0.0,"timestamp":1610280674,"path_taken":["M","?","M","?","?","E"],"items_purchased_type":[],"build_version":"2020-12-22","purchased_purges":0,"victory":false,"max_hp_per_floor":[65,65,65,65,65,65,65],"card_choices":[{"not_picked":["KamiSacrifice:ReiMu","AirStrike:ReiMu"],"picked":"UniversalSpiritual:ReiMu","floor":1},{"not_picked":["CareerPray:ReiMu","TightArray:ReiMu"],"picked":"TakeOff:ReiMu","floor":3},{"not_picked":["SafetyPray:ReiMu","Dreaming:ReiMu"],"picked":"Intuition:ReiMu","floor":4},{"not_picked":["KamiSacrifice:ReiMu","AirManeuver:ReiMu"],"picked":"Amulet:ReiMu","floor":6}],"player_experience":170030,"relics_obtained":[{"floor":6,"key":"Gensokyo:OccultBall"},{"floor":6,"key":"Replay:Rubber Ducky"}],"event_choices":[],"is_beta":false,"boss_relics":[],"items_purged_floors":[],"is_endless":false,"potions_floor_spawned":[1],"killed_by":"Gensokyo:Aya","ascension_level":0}}