{"host":"684z1xpuwaoqmmh1","time":1610287392,"event":{"mods":["Bard","BaseMod","Downfall","Hermit","Jorbs\u0027s Wanderer Trilogy","Marisa????????","Minty Spire (QoL Compilation)","Robot Space Explorer","Shade Mod","StSLib","The Hierophant","The Marked","The Mystic"],"gold_per_floor":[110,129,29,41,41,70,84,110,110,139,139,153,182,197,197,299,299,311,328,347,379,398,433,443,472,495,514,514,514,541,556,556,654,654,674,687,736,748,387,421,421,446,498,515,515,535,613,629,629,629,629,629,4,36,36,36],"floor_reached":55,"playtime":3931,"items_purged":["RobotSpaceExplorer:Strike","Decay","RobotSpaceExplorer:Strike"],"score":914,"play_id":"cef2eaa9-5e21-4182-bbb6-47cacf94ea8b","local_time":"20210110160312","is_ascension_mode":true,"campfire_choices":[{"data":"RobotSpaceExplorer:ChargingLaser","floor":11.0,"key":"SMITH"},{"data":"RobotSpaceExplorer:MiniBoosters","floor":15.0,"key":"SMITH"},{"data":"RobotSpaceExplorer:ShockMissile","floor":28,"key":"SMITH"},{"data":"RobotSpaceExplorer:ShockMissile","floor":32,"key":"SMITH"},{"floor":41,"key":"RECALL"},{"data":"RobotSpaceExplorer:Blaster","floor":45,"key":"SMITH"},{"data":"RobotSpaceExplorer:MiniBoosters","floor":49,"key":"SMITH"},{"data":"RobotSpaceExplorer:ExhaustFan","floor":52,"key":"SMITH"}],"circlet_count":0,"master_deck":["RobotSpaceExplorer:Strike","RobotSpaceExplorer:Strike","RobotSpaceExplorer:Defend","RobotSpaceExplorer:Defend","RobotSpaceExplorer:Defend","RobotSpaceExplorer:Scan+1","RobotSpaceExplorer:MiniLasers","RobotSpaceExplorer:StarLightning","RobotSpaceExplorer:PlasmaMissile","RobotSpaceExplorer:SurgingShield","RobotSpaceExplorer:ScrapShield","RobotSpaceExplorer:GearShield","RobotSpaceExplorer:ChargingLaser+1","RobotSpaceExplorer:ScrapMissile","RobotSpaceExplorer:MiniBoosters+1","RobotSpaceExplorer:TrailblazerForm","RobotSpaceExplorer:ToxicBomb","RobotSpaceExplorer:ShockMissile+1","RobotSpaceExplorer:MiniDrones+1","RobotSpaceExplorer:ScrapMissile","RobotSpaceExplorer:JunkDive+1","RobotSpaceExplorer:GlueShot+1","RobotSpaceExplorer:ShockMissile+1","RobotSpaceExplorer:FreezeRay","RobotSpaceExplorer:StarLightning","RobotSpaceExplorer:Smokescreen","RobotSpaceExplorer:Autoloader","RobotSpaceExplorer:Probe","RobotSpaceExplorer:ExhaustFan+1","RobotSpaceExplorer:Blaster+1","RobotSpaceExplorer:MiniBoosters+1","RobotSpaceExplorer:Jetpack+1","RobotSpaceExplorer:Ammunition+1","RobotSpaceExplorer:MiniBoosters+1","RobotSpaceExplorer:MiniDrones+1","RobotSpaceExplorer:Pulsar+1","RobotSpaceExplorer:Comet","RobotSpaceExplorer:StarLightning","RobotSpaceExplorer:BlastShield"],"relics":["RobotSpaceExplorer:RoboCore","RobotSpaceExplorer:FoglandsKnife","PreservedInsect","Meat on the Bone","Kunai","Prayer Wheel","sneckomod:SneckoTalon","Red Mask","Dream Catcher","Blue Candle","Smiling Mask","SlaversCollar","champ:DeflectingBracers","War Paint","RobotSpaceExplorer:SlideRule","StrikeDummy","Orichalcum","Centennial Puzzle","Shuriken","Calipers","RobotSpaceExplorer:BottledGravity","Akabeko"],"acts_visited":["Exordium","TheCity","TheBeyond","TheEnding"],"potions_floor_usage":[21,27,30,33,35,37,37,44,55,55],"damage_taken":[{"damage":1.0,"enemies":"Cultist","floor":1.0,"turns":3.0},{"damage":1.0,"enemies":"Jaw Worm","floor":2.0,"turns":3.0},{"damage":0.0,"enemies":"2 Louse","floor":4.0,"turns":2.0},{"damage":9.0,"enemies":"Gremlin Nob","floor":6.0,"turns":4.0},{"damage":0.0,"enemies":"Large Slime","floor":7.0,"turns":4.0},{"damage":2.0,"enemies":"Lagavulin","floor":8.0,"turns":6.0},{"damage":8.0,"enemies":"3 Sentries","floor":10.0,"turns":5.0},{"damage":3.0,"enemies":"Lots of Slimes","floor":12.0,"turns":3.0},{"damage":0.0,"enemies":"Gremlin Nob","floor":13.0,"turns":2.0},{"damage":0.0,"enemies":"Blue Slaver","floor":14.0,"turns":2.0},{"damage":14.0,"enemies":"Slime Boss","floor":16.0,"turns":7.0},{"damage":0.0,"enemies":"2 Thieves","floor":18.0,"turns":3.0},{"damage":0.0,"enemies":"3 Byrds","floor":19.0,"turns":4.0},{"damage":0.0,"enemies":"Sentry and Sphere","floor":20.0,"turns":4.0},{"damage":3,"enemies":"Masked Bandits","floor":21,"turns":3},{"damage":14,"enemies":"Snake Plant","floor":22,"turns":4},{"damage":15,"enemies":"Book of Stabbing","floor":23,"turns":5},{"damage":0,"enemies":"Cultist and Chosen","floor":24,"turns":5},{"damage":0,"enemies":"Slavers","floor":25,"turns":3},{"damage":0,"enemies":"3 Cultists","floor":27,"turns":5},{"damage":18,"enemies":"Gremlin Leader","floor":30,"turns":5},{"damage":6,"enemies":"Snake Plant","floor":31,"turns":6},{"damage":23,"enemies":"Collector","floor":33,"turns":11},{"damage":4,"enemies":"Orb Walker","floor":35,"turns":4},{"damage":3,"enemies":"3 Shapes","floor":36,"turns":4},{"damage":58,"enemies":"2 Orb Walkers","floor":37,"turns":7},{"damage":10,"enemies":"Jaw Worm Horde","floor":38,"turns":4},{"damage":8,"enemies":"Giant Head","floor":40,"turns":6},{"damage":19,"enemies":"Nemesis","floor":42,"turns":3},{"damage":0,"enemies":"4 Shapes","floor":44,"turns":3},{"damage":12,"enemies":"3 Darklings","floor":46,"turns":4},{"damage":2,"enemies":"Sphere and 2 Shapes","floor":48,"turns":4},{"damage":8,"enemies":"Time Eater","floor":50,"turns":8},{"damage":20,"enemies":"Shield and Spear","floor":54,"turns":5},{"damage":68,"enemies":"The Heart","floor":55,"turns":6}],"seed_played":"4934787578770369564","potions_obtained":[{"floor":1.0,"key":"PowerPotion"},{"floor":2.0,"key":"RobotSpaceExplorer:RecyclePotion"},{"floor":10.0,"key":"AttackPotion"},{"floor":13.0,"key":"SpeedPotion"},{"floor":18.0,"key":"SpeedPotion"},{"floor":19.0,"key":"LiquidBronze"},{"floor":23,"key":"SpeedPotion"},{"floor":27,"key":"Block Potion"},{"floor":31,"key":"hexamod:EctoCoolerPotion"},{"floor":33,"key":"hexamod:EctoCoolerPotion"},{"floor":35,"key":"Weak Potion"},{"floor":40,"key":"Strength Potion"},{"floor":42,"key":"sneckomod:MuddlingPotion"},{"floor":44,"key":"Fruit Juice"}],"is_trial":false,"path_per_floor":["M","M","$","M","?","E","M","E","T","E","R","M","E","M","R","B",null,"M","M","M","?","M","E","M","E","T","M","R","?","E","M","R","B",null,"M","M","?","M","$","E","R","E","T","M","R","M","T","M","R","B",null,"R","$","E","B"],"character_chosen":"RobotSpaceExplorer","items_purchased":["RobotSpaceExplorer:SurgingShield","War Paint","RobotSpaceExplorer:SlideRule","Calipers","RobotSpaceExplorer:BottledGravity","RobotSpaceExplorer:StarLightning"],"campfire_rested":0,"item_purchase_floors":[3,39,39,53,53,53],"current_hp_per_floor":[74,73,73,73,73,64,64,62,62,54,54,51,51,51,51,49,75,75,75,75,72,58,43,43,43,43,43,43,43,37,43,43,32,75,71,68,22,24,24,28,28,21,21,38,38,38,38,48,48,52,80,80,80,60,0,0],"gold":36,"neow_bonus":"REMOVE_CARD","is_daily":false,"chose_seed":false,"campfire_upgraded":7,"win_rate":0.0,"timestamp":1610287392,"path_taken":["M","M","$","?","?","E","M","E","T","E","R","M","E","M","R","BOSS","M","M","M","?","M","E","M","E","T","M","R","?","E","?","R","BOSS","M","M","?","M","$","E","R","E","T","M","R","M","?","M","R","BOSS","R","$","E","BOSS"],"items_purchased_type":["Card","Relic","Relic","Relic","Relic","Card"],"build_version":"2020-12-22","purchased_purges":3,"victory":false,"max_hp_per_floor":[75,75,75,75,75,75,75,75,75,75,75,75,75,75,75,75,75,75,75,75,75,75,75,75,75,75,75,75,75,75,75,75,75,75,75,75,75,75,75,75,75,75,75,80,80,80,80,80,80,80,80,80,80,80,80,80],"card_choices":[{"not_picked":["RobotSpaceExplorer:DoubleFind","RobotSpaceExplorer:ScrapMissile"],"picked":"RobotSpaceExplorer:StarLightning","floor":1.0},{"not_picked":["RobotSpaceExplorer:Discharger","RobotSpaceExplorer:LuckyStrike"],"picked":"RobotSpaceExplorer:PlasmaMissile","floor":2.0},{"not_picked":["RobotSpaceExplorer:SwiftStep","RobotSpaceExplorer:ShovelStrike"],"picked":"RobotSpaceExplorer:ScrapShield","floor":4.0},{"not_picked":["RobotSpaceExplorer:SurgingShield","RobotSpaceExplorer:SlimeMissile","RobotSpaceExplorer:FreezingShield"],"picked":"SKIP","floor":6.0},{"not_picked":["RobotSpaceExplorer:FrostMissile","RobotSpaceExplorer:StunGrenade"],"picked":"RobotSpaceExplorer:GearShield","floor":7.0},{"not_picked":["RobotSpaceExplorer:ScrapShield","RobotSpaceExplorer:ShovelStrike","RobotSpaceExplorer:GlueShot"],"picked":"SKIP","floor":8.0},{"not_picked":["RobotSpaceExplorer:Pulsar","RobotSpaceExplorer:SlimeMissile"],"picked":"RobotSpaceExplorer:ChargingLaser","floor":10.0},{"not_picked":["RobotSpaceExplorer:ShovelStrike","RobotSpaceExplorer:ImprovisedAttack"],"picked":"RobotSpaceExplorer:ScrapMissile","floor":12.0},{"not_picked":["RobotSpaceExplorer:FreezingShield","RobotSpaceExplorer:Counterblock","RobotSpaceExplorer:GlueSpray"],"picked":"SKIP","floor":13.0},{"not_picked":["RobotSpaceExplorer:FrostMissile","RobotSpaceExplorer:ShockKick"],"picked":"RobotSpaceExplorer:MiniBoosters","floor":14.0},{"not_picked":["RobotSpaceExplorer:ImprovisedAttack","RobotSpaceExplorer:Ammunition","RobotSpaceExplorer:SwiftStep"],"picked":"SKIP","floor":14.0},{"not_picked":["RobotSpaceExplorer:ShockMissile","RobotSpaceExplorer:Scanner"],"picked":"RobotSpaceExplorer:TrailblazerForm","floor":16.0},{"not_picked":["RobotSpaceExplorer:Electropulse","RobotSpaceExplorer:Discharger"],"picked":"RobotSpaceExplorer:ToxicBomb","floor":18.0},{"not_picked":["RobotSpaceExplorer:DoubleBlock","RobotSpaceExplorer:MetalStrike+1","RobotSpaceExplorer:Pulsar"],"picked":"SKIP","floor":18.0},{"not_picked":["RobotSpaceExplorer:ShovelStrike","RobotSpaceExplorer:Smokescreen"],"picked":"RobotSpaceExplorer:ShockMissile","floor":19.0},{"not_picked":["RobotSpaceExplorer:StarLightning","RobotSpaceExplorer:ShovelStrike"],"picked":"RobotSpaceExplorer:MiniDrones+1","floor":19.0},{"not_picked":["RobotSpaceExplorer:BigMissile","RobotSpaceExplorer:FranticSearch"],"picked":"RobotSpaceExplorer:ScrapMissile","floor":20.0},{"not_picked":["RobotSpaceExplorer:Ammunition","RobotSpaceExplorer:Counterblock"],"picked":"RobotSpaceExplorer:JunkDive","floor":20.0},{"not_picked":["RobotSpaceExplorer:ScrapShield","RobotSpaceExplorer:ShockKick"],"picked":"RobotSpaceExplorer:GlueShot+1","floor":21},{"not_picked":["RobotSpaceExplorer:ScrapMissile","RobotSpaceExplorer:LuckyStrike"],"picked":"RobotSpaceExplorer:ShockMissile","floor":22},{"not_picked":["RobotSpaceExplorer:Electropulse","RobotSpaceExplorer:StunGrenade","RobotSpaceExplorer:Blitz+1"],"picked":"SKIP","floor":22},{"not_picked":["RobotSpaceExplorer:SurgingStrike","RobotSpaceExplorer:Probe"],"picked":"RobotSpaceExplorer:FreezeRay","floor":23},{"not_picked":["RobotSpaceExplorer:GlueShot","RobotSpaceExplorer:SurgingStrike"],"picked":"RobotSpaceExplorer:StarLightning","floor":24},{"not_picked":["RobotSpaceExplorer:Electropulse","RobotSpaceExplorer:SurgingStrike+1","RobotSpaceExplorer:SwiftStep"],"picked":"SKIP","floor":24},{"not_picked":["RobotSpaceExplorer:SwiftStep","RobotSpaceExplorer:ShockKick"],"picked":"RobotSpaceExplorer:Smokescreen","floor":25},{"not_picked":["RobotSpaceExplorer:StunGrenade+1","RobotSpaceExplorer:SurgingStrike"],"picked":"RobotSpaceExplorer:Autoloader","floor":27},{"not_picked":["RobotSpaceExplorer:SelfCleaning","RobotSpaceExplorer:GlueShot","RobotSpaceExplorer:SlimeMissile"],"picked":"SKIP","floor":27},{"not_picked":["RobotSpaceExplorer:FranticSearch+1","RobotSpaceExplorer:SurgingStrike+1"],"picked":"RobotSpaceExplorer:Probe","floor":30},{"not_picked":["RobotSpaceExplorer:Pulsar+1","RobotSpaceExplorer:GlueSpray+1"],"picked":"RobotSpaceExplorer:ExhaustFan","floor":31},{"not_picked":["RobotSpaceExplorer:BigMissile","RobotSpaceExplorer:MiniDrones","RobotSpaceExplorer:ShovelStrike+1"],"picked":"SKIP","floor":31},{"not_picked":["RobotSpaceExplorer:Scanner","RobotSpaceExplorer:Asteroid"],"picked":"RobotSpaceExplorer:Blaster","floor":33},{"not_picked":["RobotSpaceExplorer:ImprovisedAttack+1","RobotSpaceExplorer:IronShell+1","RobotSpaceExplorer:ScrapMissile"],"picked":"SKIP","floor":35},{"not_picked":["RobotSpaceExplorer:Counterblock+1","RobotSpaceExplorer:MiniDrones+1","RobotSpaceExplorer:LaserBurst"],"picked":"SKIP","floor":35},{"not_picked":["RobotSpaceExplorer:ImprovisedAttack+1","RobotSpaceExplorer:Counterblock"],"picked":"RobotSpaceExplorer:MiniBoosters+1","floor":36},{"not_picked":["RobotSpaceExplorer:FranticSearch","RobotSpaceExplorer:SelfCleaning","RobotSpaceExplorer:TurboDodge+1"],"picked":"SKIP","floor":36},{"not_picked":["RobotSpaceExplorer:SwiftStep","RobotSpaceExplorer:Electroshield+1"],"picked":"RobotSpaceExplorer:Jetpack+1","floor":38},{"not_picked":["RobotSpaceExplorer:TurboDodge","RobotSpaceExplorer:ImprovisedAttack"],"picked":"RobotSpaceExplorer:Ammunition+1","floor":38},{"not_picked":["RobotSpaceExplorer:HighVoltage","RobotSpaceExplorer:MetalStrike"],"picked":"RobotSpaceExplorer:MiniBoosters","floor":40},{"not_picked":["RobotSpaceExplorer:SelfCleaning","RobotSpaceExplorer:ScrapMissile","RobotSpaceExplorer:Probe"],"picked":"SKIP","floor":42},{"not_picked":["RobotSpaceExplorer:StunGrenade+1","RobotSpaceExplorer:ScrapMissile+1"],"picked":"RobotSpaceExplorer:MiniDrones+1","floor":44},{"not_picked":["RobotSpaceExplorer:DoubleFind","RobotSpaceExplorer:IronShell","RobotSpaceExplorer:Probe"],"picked":"SKIP","floor":44},{"not_picked":["RobotSpaceExplorer:Probe","RobotSpaceExplorer:MiniBoosters"],"picked":"RobotSpaceExplorer:Pulsar+1","floor":46},{"not_picked":["RobotSpaceExplorer:LaserBurst+1","RobotSpaceExplorer:FreezingShield","RobotSpaceExplorer:MetalStrike+1"],"picked":"SKIP","floor":46},{"not_picked":["RobotSpaceExplorer:Ammunition+1","RobotSpaceExplorer:StunGrenade"],"picked":"RobotSpaceExplorer:Comet","floor":48},{"not_picked":["RobotSpaceExplorer:Smokescreen+1","RobotSpaceExplorer:ScrapMissile","RobotSpaceExplorer:FrostMissile+1"],"picked":"SKIP","floor":48},{"not_picked":["RobotSpaceExplorer:Comet","RobotSpaceExplorer:MiniDrones"],"picked":"RobotSpaceExplorer:BlastShield","floor":54}],"player_experience":2462573,"relics_obtained":[{"floor":6.0,"key":"RobotSpaceExplorer:FoglandsKnife"},{"floor":8.0,"key":"PreservedInsect"},{"floor":9.0,"key":"Meat on the Bone"},{"floor":10.0,"key":"Kunai"},{"floor":13.0,"key":"Prayer Wheel"},{"floor":21,"key":"Red Mask"},{"floor":23,"key":"Dream Catcher"},{"floor":25,"key":"Blue Candle"},{"floor":30,"key":"Smiling Mask"},{"floor":37,"key":"champ:DeflectingBracers"},{"floor":40,"key":"StrikeDummy"},{"floor":42,"key":"Orichalcum"},{"floor":43,"key":"Centennial Puzzle"},{"floor":47,"key":"Shuriken"},{"floor":54,"key":"Akabeko"}],"event_choices":[{"damage_healed":0.0,"max_hp_gain":0.0,"max_hp_loss":0.0,"gold_gain":0.0,"event_name":"The Cleric","player_choice":"Leave","floor":5.0,"gold_loss":0.0,"damage_taken":0.0},{"damage_healed":0,"gold_gain":0,"player_choice":"Fought Bandits","damage_taken":0,"max_hp_gain":0,"max_hp_loss":0,"event_name":"Masked Bandits","floor":21,"gold_loss":0},{"damage_healed":0,"gold_gain":0,"player_choice":"Cursed","damage_taken":0,"max_hp_gain":0,"max_hp_loss":0,"event_name":"Wheel of Change","floor":29,"gold_loss":0,"cards_obtained":["Decay"]},{"damage_healed":0,"gold_gain":0,"player_choice":"Fight","damage_taken":0,"max_hp_gain":0,"max_hp_loss":0,"event_name":"Mysterious Sphere","floor":37,"gold_loss":0}],"is_beta":false,"boss_relics":[{"not_picked":["Fusion Hammer","Ectoplasm"],"picked":"sneckomod:SneckoTalon"},{"not_picked":["Black Star","Calling Bell"],"picked":"SlaversCollar"}],"items_purged_floors":[3,39,53],"is_endless":false,"potions_floor_spawned":[1,2,10,13,18,19,23,27,31,33,35,40,42,44],"killed_by":"The Heart","ascension_level":1}}