{"host":"sxnl403xm2xmiyj1","time":1610279786,"event":{"mods":["AchievementEnabler","BaseMod","Colored Map","Keyboard Shortcuts","Minty Spire (QoL Compilation)","Quick Restart","StSLib","SuperFastMode"],"gold_per_floor":[110,160,174,2,2,2,36,36,36,46,78,90,90,115,115,192,192,150,64,64,64,84,84,84,84],"floor_reached":24,"playtime":466,"items_purged":[],"score":443,"play_id":"7b0b0ea3-5b93-49be-bffb-192dfd36f41b","local_time":"20210110205626","is_ascension_mode":true,"campfire_choices":[{"data":"Hologram","floor":6.0,"key":"SMITH"},{"data":"Zap","floor":8.0,"key":"SMITH"},{"data":"Hologram","floor":13.0,"key":"SMITH"},{"data":"Beam Cell","floor":15.0,"key":"SMITH"},{"floor":23,"key":"REST"}],"circlet_count":0,"master_deck":["AscendersBane","Strike_B","Strike_B","Strike_B","Strike_B","Defend_B","Defend_B","Defend_B","Defend_B","Zap+1","Dualcast","Stack","Hologram+1","Gash","Hologram+1","Beam Cell+1","Conserve Battery","Gash","Gash","Stack","Aggregate"],"relics":["Cracked Core","NeowsBlessing","Lee\u0027s Waffle","Pen Nib","Matryoshka","Torii","Lantern","Omamori","Runic Dome"],"acts_visited":["Exordium","TheCity"],"potions_floor_usage":[22,24],"damage_taken":[{"damage":0.0,"enemies":"Jaw Worm","floor":1.0,"turns":1.0},{"damage":0.0,"enemies":"Cultist","floor":3.0,"turns":1.0},{"damage":0.0,"enemies":"3 Sentries","floor":7.0,"turns":2.0},{"damage":4.0,"enemies":"Small Slimes","floor":10.0,"turns":3.0},{"damage":14.0,"enemies":"Gremlin Nob","floor":11.0,"turns":3.0},{"damage":16.0,"enemies":"Exordium Thugs","floor":12.0,"turns":5.0},{"damage":28.0,"enemies":"The Guardian","floor":16.0,"turns":15.0},{"damage":22,"enemies":"2 Thieves","floor":18,"turns":5},{"damage":2,"enemies":"Shell Parasite","floor":22,"turns":5},{"damage":64,"enemies":"Book of Stabbing","floor":24,"turns":5}],"seed_played":"-1983510473803996526","potions_obtained":[{"floor":3.0,"key":"Dexterity Potion"},{"floor":7.0,"key":"CultistPotion"},{"floor":10.0,"key":"Strength Potion"},{"floor":12.0,"key":"SpeedPotion"},{"floor":16.0,"key":"SpeedPotion"}],"is_trial":false,"path_per_floor":["M","?","M","$","?","R","E","R","T","M","E","M","R","T","R","B",null,"M","$","?","$","M","R","E"],"character_chosen":"DEFECT","items_purchased":["Lee\u0027s Waffle","Gash","Stack"],"campfire_rested":1,"item_purchase_floors":[4,19,19],"current_hp_per_floor":[64,57,57,78,78,78,78,78,78,74,60,44,44,44,44,16,63,41,41,41,41,39,62,0,0],"gold":84,"neow_bonus":"THREE_ENEMY_KILL","is_daily":false,"chose_seed":false,"campfire_upgraded":4,"win_rate":0.0,"timestamp":1610279786,"path_taken":["M","?","?","$","?","R","E","R","T","M","E","?","R","?","R","BOSS","M","$","?","?","?","R","E"],"items_purchased_type":["Relic","Card","Card"],"build_version":"2020-12-22","purchased_purges":0,"victory":false,"max_hp_per_floor":[71,71,71,78,78,78,78,78,78,78,78,78,78,78,78,78,78,78,78,78,78,78,78,78,78],"card_choices":[{"not_picked":["Heatsinks","Steam"],"picked":"Stack","floor":1.0},{"not_picked":["Steam Power","Redo"],"picked":"Hologram","floor":3.0},{"not_picked":["Redo","Turbo"],"picked":"Gash","floor":7.0},{"not_picked":["Rebound","Aggregate"],"picked":"Hologram","floor":10.0},{"not_picked":["Stack","Rebound"],"picked":"Beam Cell","floor":11.0},{"not_picked":["Doom and Gloom","Tempest"],"picked":"Conserve Battery","floor":12.0},{"not_picked":["Hello World","Capacitor"],"picked":"Gash","floor":18},{"not_picked":["Stack+1","Cold Snap"],"picked":"Aggregate","floor":22}],"player_experience":157341,"relics_obtained":[{"floor":7.0,"key":"Pen Nib"},{"floor":9.0,"key":"Matryoshka"},{"floor":11.0,"key":"Torii"},{"floor":14.0,"key":"Lantern"},{"floor":14.0,"key":"Omamori"}],"event_choices":[{"damage_healed":0.0,"max_hp_gain":0.0,"max_hp_loss":0.0,"gold_gain":50.0,"event_name":"FaceTrader","player_choice":"Touch","floor":2.0,"gold_loss":0.0,"damage_taken":7.0},{"damage_healed":0.0,"max_hp_gain":0.0,"max_hp_loss":0.0,"gold_gain":0.0,"event_name":"Match and Keep!","player_choice":"0 cards matched","floor":5.0,"gold_loss":0.0,"damage_taken":0.0,"cards_obtained":[]},{"damage_healed":0,"gold_gain":0,"player_choice":"Ignored","damage_taken":0,"max_hp_gain":0,"max_hp_loss":0,"event_name":"N\u0027loth","floor":20,"gold_loss":0}],"is_beta":false,"boss_relics":[{"not_picked":["Busted Crown","Fusion Hammer"],"picked":"Runic Dome"}],"items_purged_floors":[],"is_endless":false,"potions_floor_spawned":[3,7,10,12,16],"killed_by":"Book of Stabbing","ascension_level":19}}