{"host":"Krakhan","time":1610297467,"event":{"mods":["AchievementEnabler","BaseMod","Colored Map","Colored Powertips","Faster Ascension Climbing","Highlight Path","Minty Spire (QoL Compilation)","Rare Cards Sparkle","Relic Stats","StSLib"],"gold_per_floor":[117,130,145,145,220,220,220],"floor_reached":6,"playtime":356,"items_purged":[],"score":72,"play_id":"8019adfc-6d47-4166-826c-cf9b002da763","local_time":"20210110115107","is_ascension_mode":true,"campfire_choices":[],"circlet_count":0,"master_deck":["AscendersBane","Strike_G","Strike_G","Strike_G","Strike_G","Defend_G","Defend_G","Defend_G","Defend_G","Survivor+1","Neutralize","PiercingWail","Underhanded Strike+1","All Out Attack"],"relics":["Empty Cage"],"acts_visited":["Exordium"],"potions_floor_usage":[6,6],"damage_taken":[{"damage":0,"enemies":"2 Louse","floor":1,"turns":4},{"damage":6,"enemies":"Small Slimes","floor":2,"turns":5},{"damage":2,"enemies":"Cultist","floor":3,"turns":5},{"damage":22,"enemies":"Lagavulin","floor":6,"turns":6}],"seed_played":"-148450399702386083","potions_obtained":[{"floor":1,"key":"Energy Potion"},{"floor":2,"key":"CunningPotion"}],"is_trial":false,"path_per_floor":["M","M","M","?","?","E"],"character_chosen":"THE_SILENT","items_purchased":[],"campfire_rested":0,"item_purchase_floors":[],"current_hp_per_floor":[59,53,51,31,20,0,0],"gold":220,"neow_bonus":"BOSS_RELIC","is_daily":false,"chose_seed":false,"campfire_upgraded":0,"win_rate":0.0,"timestamp":1610297467,"path_taken":["M","M","M","?","?","E"],"items_purchased_type":[],"build_version":"2020-12-18","purchased_purges":0,"victory":false,"max_hp_per_floor":[66,66,66,66,66,66,66],"relic_stats":{"counters":[4,20],"obtain_stats":[{"Empty Cage":0,"Ring of the Snake":0},{"Empty Cage":0,"Ring of the Snake":0},{"Empty Cage":0,"Ring of the Snake":0}]},"card_choices":[{"not_picked":["Tactician","Backflip"],"picked":"PiercingWail","floor":1},{"not_picked":["Sucker Punch","Eviscerate"],"picked":"Underhanded Strike","floor":2},{"not_picked":["PiercingWail","Dagger Throw"],"picked":"All Out Attack","floor":3}],"player_experience":1292659,"relics_obtained":[],"event_choices":[{"damage_healed":0,"gold_gain":0,"player_choice":"Entered Light","damage_taken":20,"max_hp_gain":0,"max_hp_loss":0,"event_name":"Shining Light","floor":4,"gold_loss":0,"cards_upgraded":["Survivor","Underhanded Strike"]},{"damage_healed":0,"gold_gain":75,"player_choice":"Gather Gold","damage_taken":11,"max_hp_gain":0,"max_hp_loss":0,"event_name":"World of Goop","floor":5,"gold_loss":0}],"is_beta":true,"boss_relics":[],"items_purged_floors":[],"is_endless":false,"potions_floor_spawned":[1,2],"killed_by":"Lagavulin","ascension_level":20}}