{"host":"3zhcrllo23fhqv4x","time":1610317792,"event":{"mods":["AchievementEnabler","BaseMod","Downfall","Duelist Mod","Hermit","Jorbs\u0027s Wanderer Trilogy","Marisa????????","Minty Spire (QoL Compilation)","Remilia??????","StSLib","The Cursed","The Disciple","The Hierophant","The Runesmith","The Servant 0.9.4","[IsaacMod]????"],"gold_per_floor":[99,113,172,182,214,199,199,159,9,44,44,44,77,91,104,203,203,203,247,261,261,272,272,272,272,266,266],"floor_reached":26,"playtime":1591,"items_purged":[],"score":225,"play_id":"d421981f-79ae-4cfb-a063-3b0d2c2e6907","local_time":"20210110172952","is_ascension_mode":false,"campfire_choices":[{"floor":1,"key":"RECALL"},{"floor":9,"key":"REST"},{"floor":12,"key":"REST"},{"data":"Runesmith:Fortify","floor":18,"key":"SMITH"},{"floor":23,"key":"REST"}],"circlet_count":0,"master_deck":["Runesmith:Strike_RS","Runesmith:Strike_RS","Runesmith:Defend_RS","Runesmith:Defend_RS","Runesmith:Defend_RS","Runesmith:CraftFirestone","Runesmith:Fortify+1","BettingIsNotGood","Runesmith:CraftProtectio","Runesmith:EarthShield+1","Runesmith:EarthShield+1","Runesmith:HeatedChisel","Runesmith:CraftMagma+1","Runesmith:ChaoticBlast","Pain","Runesmith:Firewall+1","Bomb","Runesmith:CraftIndustria+1","Runesmith:CraftMedicinae+1","Runesmith:Retool+1","Runesmith:CraftObretio+1","Runesmith:UnstableHammer+1","Runesmith:HammerThrow","Runesmith:CraftVitae+1","Runesmith:Malloc+1"],"relics":["Runesmith:BrokenRuby","HushsDoor","KeepersGift","Toxic Egg 2","TuHaoJin","Boot","downfall:HeartBlessingRed","downfall:HeartBlessingBlue","WarpedTongs","Astrolabe","Nilry\u0027s Codex","Runesmith:Nanobots","DeathBook"],"acts_visited":["Exordium","TheCity"],"potions_floor_usage":[8,16,16,20,22],"damage_taken":[{"damage":5,"enemies":"Jaw Worm","floor":2,"turns":4},{"damage":19,"enemies":"3 Sentries","floor":3,"turns":9},{"damage":5,"enemies":"Small Slimes","floor":4,"turns":5},{"damage":1,"enemies":"Cultist","floor":5,"turns":6},{"damage":0,"enemies":"downfall:FleeingMerchant","floor":6,"turns":4},{"damage":44,"enemies":"Hiden Room Battle","floor":8,"turns":4},{"damage":9,"enemies":"3 Louse","floor":10,"turns":6},{"damage":13,"enemies":"Red Slaver","floor":13,"turns":5},{"damage":14,"enemies":"Exordium Thugs","floor":14,"turns":5},{"damage":9,"enemies":"Lots of Slimes","floor":15,"turns":4},{"damage":40,"enemies":"downfall:Watcher","floor":16,"turns":12},{"damage":12,"enemies":"Spheric Guardian","floor":19,"turns":5},{"damage":7,"enemies":"3 Byrds","floor":20,"turns":6},{"damage":15,"enemies":"3 Cultists","floor":22,"turns":5},{"damage":63,"enemies":"Gremlin Leader","floor":26,"turns":8}],"seed_played":"1533169961583957775","potions_obtained":[{"floor":2,"key":"DistilledChaos"},{"floor":4,"key":"CultistPotion"},{"floor":10,"key":"DuplicationPotion"},{"floor":13,"key":"Regen Potion"},{"floor":14,"key":"EntropicBrew"},{"floor":16,"key":"Swift Potion"},{"floor":19,"key":"DistilledChaos"},{"floor":20,"key":"Fire Potion"}],"is_trial":false,"path_per_floor":["R","M","?","M","M","$","T","?","R","M","?","R","M","M","M","B",null,"R","M","M","?","M","R","T","T","E"],"character_chosen":"RUNESMITH_CLASS","items_purchased":[],"campfire_rested":3,"item_purchase_floors":[],"current_hp_per_floor":[77,72,53,48,47,47,47,8,44,35,35,61,48,39,30,15,87,87,75,68,52,37,63,63,63,0,0],"gold":266,"neow_bonus":"TEN_PERCENT_HP_BONUS","is_daily":false,"chose_seed":false,"campfire_upgraded":1,"win_rate":0.0,"timestamp":1610317792,"path_taken":["R","M","?","M","M","?","T","?","R","?","?","R","M","M","M","BOSS","R","M","M","?","?","R","T","?","E"],"items_purchased_type":[],"build_version":"2020-12-22","purchased_purges":0,"victory":false,"max_hp_per_floor":[77,77,77,77,77,77,77,77,87,87,87,87,87,87,87,87,87,87,87,87,87,87,87,87,87,87,87],"card_choices":[{"not_picked":[],"picked":"BettingIsNotGood","floor":0},{"not_picked":["Runesmith:HeatExchange","Runesmith:Permafrost"],"picked":"Runesmith:CraftProtectio","floor":2},{"not_picked":["Runesmith:HammerThrow","Runesmith:Permafrost"],"picked":"Runesmith:EarthShield+1","floor":3},{"not_picked":["Runesmith:Overpower","Runesmith:HammerThrow"],"picked":"Runesmith:EarthShield+1","floor":4},{"not_picked":["Runesmith:Malloc+1","Runesmith:HeatExchange"],"picked":"Bomb","floor":5},{"not_picked":["Runesmith:HeatExchange","Runesmith:Refine+1"],"picked":"Runesmith:HeatedChisel","floor":6},{"not_picked":["Runesmith:NanitesCloud+1","Runesmith:Malloc+1"],"picked":"Runesmith:CraftMagma+1","floor":8},{"not_picked":["Runesmith:PerfectChisel","Runesmith:Prism+1"],"picked":"Runesmith:ChaoticBlast","floor":10},{"not_picked":["Runesmith:NanitesCloud+1","Runesmith:CraftMagma+1"],"picked":"Runesmith:Firewall+1","floor":13},{"not_picked":["Runesmith:ChargedHammer","Runesmith:HammerThrow"],"picked":"Bomb","floor":14},{"not_picked":["Bomb","Runesmith:HammerThrow"],"picked":"Runesmith:CraftIndustria+1","floor":15},{"not_picked":["Runesmith:ArcReactor","Runesmith:UnlimitedPower"],"picked":"Runesmith:CraftMedicinae+1","floor":16},{"not_picked":["Runesmith:MakeshiftArmor+1","Runesmith:HeatedChisel"],"picked":"Runesmith:HammerThrow","floor":19},{"not_picked":["Runesmith:Retool+1","Runesmith:EnergizedChisel"],"picked":"Runesmith:CraftVitae+1","floor":20},{"not_picked":["Runesmith:ElementalConversion+1","Runesmith:ShiftingStrike+1"],"picked":"Runesmith:Malloc+1","floor":22}],"player_experience":283986,"relics_obtained":[{"floor":8,"key":"TuHaoJin"},{"floor":8,"key":"Boot"},{"floor":21,"key":"Nilry\u0027s Codex"},{"floor":24,"key":"Runesmith:Nanobots"},{"floor":25,"key":"DeathBook"}],"event_choices":[{"damage_healed":0,"gold_gain":0,"player_choice":"Fight","damage_taken":0,"max_hp_gain":0,"max_hp_loss":0,"event_name":"HidenRoomEvent","floor":8,"gold_loss":0},{"damage_healed":0,"gold_gain":0,"player_choice":"Rummage","damage_taken":0,"relics_obtained":["WarpedTongs"],"max_hp_gain":0,"max_hp_loss":0,"event_name":"Accursed Blacksmith","floor":11,"gold_loss":0,"cards_obtained":["Pain"]}],"is_beta":false,"boss_relics":[{"not_picked":["ChampionBelt","Busted Crown"],"picked":"Astrolabe"},{"not_picked":[]}],"items_purged_floors":[],"is_endless":false,"potions_floor_spawned":[2,4,10,13,14,16,19,20],"killed_by":"Gremlin Leader","ascension_level":0}}