{"host":"k5ezbu40hxyit46v","time":1610248496,"event":{"mods":["Act Like it!","Aspiration","Astrologer","BaseMod","BetterRewards","Conspire","DeckTracker","Energized Spire","Gensokyo","Googly Eyes","Halation","HexUI Lib","Highlight Path","Hubris","Infinite Spire","Ironclad Rager","Jedi Mod","Mad Scientist","Marisa????????","Minty Spire (QoL Compilation)","Quarter Circle Forward PUNCH!","Quick Restart","Replay The Spire","Reworked Bosses","Shop Mod","Spikes Relics","StSLib","The Administrix","The Awakened One except there are too many feathers","The Bladedancer","The Cursed","The IronCluck","The Servant 0.9.4","The Wild Card","everything is the same but u backflip on backflip","slay the spire mod where everything is the same but ironclad has a cowboy hat","vexMod"],"gold_per_floor":[111,41,23,42,354,354,387,387,441,441,441],"floor_reached":10,"playtime":544,"items_purged":[],"score":122,"play_id":"6e82050a-575d-4da0-9e3a-2803e55ab0d8","local_time":"20210109221456","is_ascension_mode":true,"campfire_choices":[{"data":"hubris:EnhanceAbility","floor":6.0,"key":"SMITH"},{"floor":8.0,"key":"REST"}],"circlet_count":0,"master_deck":["AscendersBane","Strike_R+1","Strike_R","Strike_R+1","Strike_R","Strike_R","Defend_R+1","Defend_R+1","Defend_R+1","Defend_R+1","Bash","jedi:forcepush+1","hubris:EnhanceAbility+1"],"relics":["Burning Blood","Whetstone","Bag of Marbles","Bag of Preparation","Replay:Bottled Eggs","infinitespire:ShieldingShard","Smiling Mask","War Paint","Potion Belt"],"acts_visited":["Gensokyo:Gensokyo"],"potions_floor_usage":[],"damage_taken":[{"damage":0.0,"enemies":"Gensokyo:3_Fairies","floor":1.0,"turns":3.0},{"damage":9.0,"enemies":"Gensokyo:Gryphon","floor":4.0,"turns":5.0},{"damage":0.0,"enemies":"Gensokyo:2_Kodama","floor":5.0,"turns":4.0},{"damage":15.0,"enemies":"Gensokyo:Cirno","floor":7.0,"turns":7.0},{"damage":43,"enemies":"Nightmare","floor":10,"turns":11}],"seed_played":"109533870152995144","potions_obtained":[{"floor":4.0,"key":"Energy Potion"},{"floor":5.0,"key":"Adrenaline Potion"}],"is_trial":false,"path_per_floor":["M","?","COS","M","M","R","E","R","T","NM"],"character_chosen":"IRONCLAD","items_purchased":["Whetstone","Bag of Marbles","Bag of Preparation","jedi:forcepush","hubris:EnhanceAbility","Replay:Bottled Eggs"],"campfire_rested":1,"item_purchase_floors":[0,0,0,0,0,0],"current_hp_per_floor":[30,30,30,27,33,33,24,46,46,3,3],"gold":441,"neow_bonus":"","is_daily":false,"chose_seed":false,"campfire_upgraded":1,"win_rate":0.0,"timestamp":1610248496,"path_taken":["M","?","COS","M","M","R","E","R","T","NM"],"items_purchased_type":["Relic","Relic","Relic","Card","Card","Relic"],"build_version":"2020-12-22","purchased_purges":0,"victory":false,"max_hp_per_floor":[75,75,75,75,75,75,75,75,75,75,75],"card_choices":[{"not_picked":["infinitespire:OneForAll","Clothesline","Perfected Strike"],"picked":"SKIP","floor":1.0},{"not_picked":["ReplayTheSpireMod:Stacked","hubris:ReadiedAction","Body Slam"],"picked":"SKIP","floor":4.0},{"not_picked":["Perfected Strike","Invigoration","Clash"],"picked":"SKIP","floor":5.0},{"not_picked":["Body Slam","Replay:Undeath\u0027s Touch","Heavy Blade"],"picked":"SKIP","floor":7.0}],"player_experience":1241903,"relics_obtained":[{"floor":7.0,"key":"War Paint"},{"floor":9.0,"key":"Potion Belt"}],"event_choices":[],"is_beta":false,"boss_relics":[],"items_purged_floors":[],"is_endless":false,"potions_floor_spawned":[4,5],"killed_by":"Nightmare","ascension_level":20}}