{"host":"s3s7xsmblwiz356v","time":1610320540,"event":{"mods":["AchievementEnabler","BaseMod","Block Reminder","Colored Map","Colored Powertips","Minty Spire (QoL Compilation)"],"gold_per_floor":[99,99,99,99,18,18,18,18,18,18,18,18,18,18,18,18,18,18,18,18,18,18,18,18,18,18,18,18,18,18,18,18,18,18,18,18,18,18,18,18,18,18,18,18,18,18,18,18,18,18,18],"floor_reached":50,"playtime":6134,"items_purged":[],"score":992,"play_id":"5552f3d5-af7d-4122-8840-e17aa937cc79","local_time":"20210110181540","is_ascension_mode":true,"campfire_choices":[{"data":"Finesse","floor":6.0,"key":"SMITH"},{"data":"Wallop","floor":11.0,"key":"SMITH"},{"data":"CutThroughFate","floor":13.0,"key":"SMITH"},{"data":"Eruption","floor":15.0,"key":"SMITH"},{"data":"TalkToTheHand","floor":23.0,"key":"SMITH"},{"floor":32.0,"key":"REST"},{"data":"Blasphemy","floor":40.0,"key":"SMITH"},{"floor":45.0,"key":"RECALL"},{"data":"Vault","floor":49,"key":"SMITH"}],"circlet_count":0,"master_deck":["Defend_P","Defend_P","Defend_P","Defend_P","Eruption+1","Vigilance","FlurryOfBlows","CutThroughFate+1","Wallop+1","Finesse+1","FlurryOfBlows","Indignation","InnerPeace","Halt","CutThroughFate","Vault+1","Halt+1","Bite","Bite","Bite","Bite","Adaptation","TalkToTheHand+1","Blasphemy+1","InnerPeace","Conclude+1","Halt+1","ConjureBlade","SignatureMove+1","LikeWater+1","TalkToTheHand","Finesse","CarveReality+1","DeusExMachina","Protect+1","TalkToTheHand+1","Consecrate+1","WaveOfTheHand+1","Tantrum"],"relics":["Ectoplasm","Pen Nib","Anchor","Bottled Flame","VioletLotus","Blue Candle","Prayer Wheel","Toy Ornithopter","Pear","SlaversCollar","Damaru","Nunchaku"],"acts_visited":["Exordium","TheCity","TheBeyond"],"potions_floor_usage":[50,50],"damage_taken":[{"damage":4.0,"enemies":"2 Louse","floor":1.0,"turns":2.0},{"damage":0.0,"enemies":"Cultist","floor":2.0,"turns":3.0},{"damage":0.0,"enemies":"Small Slimes","floor":4.0,"turns":2.0},{"damage":10.0,"enemies":"3 Sentries","floor":7.0,"turns":8.0},{"damage":0.0,"enemies":"2 Fungi Beasts","floor":8.0,"turns":2.0},{"damage":0.0,"enemies":"Lots of Slimes","floor":10.0,"turns":3.0},{"damage":6.0,"enemies":"Lagavulin","floor":12.0,"turns":3.0},{"damage":0.0,"enemies":"Blue Slaver","floor":14.0,"turns":1.0},{"damage":3.0,"enemies":"The Guardian","floor":16.0,"turns":7.0},{"damage":0.0,"enemies":"Spheric Guardian","floor":18.0,"turns":2.0},{"damage":0.0,"enemies":"3 Byrds","floor":21.0,"turns":4.0},{"damage":1.0,"enemies":"Centurion and Healer","floor":22.0,"turns":4.0},{"damage":0.0,"enemies":"Sentry and Sphere","floor":24.0,"turns":2.0},{"damage":3.0,"enemies":"Book of Stabbing","floor":25.0,"turns":4.0},{"damage":0.0,"enemies":"3 Cultists","floor":27.0,"turns":4.0},{"damage":0.0,"enemies":"Centurion and Healer","floor":28.0,"turns":5.0},{"damage":0.0,"enemies":"Slavers","floor":29.0,"turns":2.0},{"damage":48.0,"enemies":"Gremlin Leader","floor":31.0,"turns":5.0},{"damage":29.0,"enemies":"Champ","floor":33.0,"turns":9.0},{"damage":0.0,"enemies":"Orb Walker","floor":35.0,"turns":3.0},{"damage":19.0,"enemies":"3 Darklings","floor":36.0,"turns":4.0},{"damage":9.0,"enemies":"Spire Growth","floor":39.0,"turns":3.0},{"damage":0.0,"enemies":"Writhing Mass","floor":42.0,"turns":2.0},{"damage":1.0,"enemies":"Transient","floor":44.0,"turns":5.0},{"damage":0.0,"enemies":"3 Darklings","floor":46.0,"turns":4.0},{"damage":0.0,"enemies":"Giant Head","floor":47.0,"turns":7.0},{"damage":8,"enemies":"Sphere and 2 Shapes","floor":48,"turns":5},{"damage":105,"enemies":"Time Eater","floor":50,"turns":10}],"seed_played":"-3834678215891305718","potions_obtained":[{"floor":4.0,"key":"SneckoOil"},{"floor":7.0,"key":"Swift Potion"},{"floor":8.0,"key":"Strength Potion"},{"floor":21.0,"key":"SteroidPotion"},{"floor":22.0,"key":"AttackPotion"},{"floor":25.0,"key":"CultistPotion"},{"floor":29.0,"key":"FearPotion"},{"floor":31.0,"key":"SmokeBomb"},{"floor":39.0,"key":"Ancient Potion"},{"floor":46.0,"key":"Regen Potion"},{"floor":47,"key":"Block Potion"}],"is_trial":false,"path_per_floor":["M","M","?","M","$","R","E","M","T","M","R","E","R","M","R","B",null,"M","?","?","M","M","R","M","E","T","M","M","E","T","E","R","B",null,"M","M","?","?","M","R","?","M","T","M","R","M","E","M","R","B"],"character_chosen":"WATCHER","items_purchased":["Finesse"],"campfire_rested":1,"item_purchase_floors":[5],"current_hp_per_floor":[61,61,61,61,61,61,51,51,51,51,51,45,45,45,45,42,65,65,50,50,50,49,49,50,49,49,50,50,50,50,12,30,28,52,54,41,41,41,38,38,38,47,47,57,57,57,57,49,49,0,0],"gold":18,"neow_bonus":"BOSS_RELIC","is_daily":false,"chose_seed":false,"campfire_upgraded":7,"win_rate":0.0,"timestamp":1610320540,"path_taken":["M","M","?","M","$","R","E","?","T","M","R","E","R","M","R","BOSS","M","?","?","?","?","R","M","E","T","M","M","E","?","E","R","BOSS","M","M","?","?","?","R","?","M","T","M","R","M","E","M","R","BOSS"],"items_purchased_type":["Card"],"build_version":"2020-12-22","purchased_purges":0,"victory":false,"max_hp_per_floor":[72,72,72,72,72,72,72,72,72,72,72,72,72,72,72,72,72,72,50,50,50,50,50,50,50,50,50,50,50,50,60,60,60,60,60,60,60,60,60,60,57,57,57,57,57,57,57,57,57,57,57],"card_choices":[{"not_picked":["WreathOfFlame","ClearTheMind"],"picked":"FlurryOfBlows","floor":1.0},{"not_picked":["JustLucky","ReachHeaven"],"picked":"CutThroughFate","floor":2.0},{"not_picked":["Halt","CarveReality"],"picked":"Wallop","floor":4.0},{"not_picked":["SashWhip","Prostrate"],"picked":"FlurryOfBlows","floor":7.0},{"not_picked":["Wallop","SashWhip"],"picked":"Indignation","floor":8.0},{"not_picked":["MentalFortress","EmptyBody"],"picked":"InnerPeace","floor":10.0},{"not_picked":["Prostrate","FlyingSleeves"],"picked":"Halt","floor":12.0},{"not_picked":["Consecrate","Judgement"],"picked":"CutThroughFate","floor":14.0},{"not_picked":["Judgement","Establishment"],"picked":"Vault","floor":16.0},{"not_picked":["WindmillStrike","Crescendo"],"picked":"Halt+1","floor":18.0},{"not_picked":["Wallop","FlurryOfBlows+1"],"picked":"Adaptation","floor":21.0},{"not_picked":["Sanctity+1","Protect"],"picked":"TalkToTheHand","floor":22.0},{"not_picked":["PathToVictory","CrushJoints","CutThroughFate"],"picked":"SKIP","floor":24.0},{"not_picked":["EmptyBody","DeceiveReality+1"],"picked":"Blasphemy","floor":25.0},{"not_picked":["BowlingBash","PathToVictory"],"picked":"InnerPeace","floor":27.0},{"not_picked":["CutThroughFate","SashWhip","FlurryOfBlows"],"picked":"SKIP","floor":27.0},{"not_picked":["FlyingSleeves","FlurryOfBlows+1"],"picked":"Conclude+1","floor":28.0},{"not_picked":["Pray","EmptyBody"],"picked":"Halt+1","floor":28.0},{"not_picked":["BowlingBash","FlyingSleeves","EmptyFist"],"picked":"SKIP","floor":29.0},{"not_picked":["DeusExMachina","Evaluate","EmptyBody+1"],"picked":"SKIP","floor":31.0},{"not_picked":["SpiritShield","Scrawl"],"picked":"ConjureBlade","floor":33.0},{"not_picked":["Consecrate+1","Evaluate"],"picked":"SignatureMove+1","floor":35.0},{"not_picked":["ThirdEye","SashWhip+1"],"picked":"LikeWater+1","floor":35.0},{"not_picked":["Consecrate","Adaptation+1"],"picked":"TalkToTheHand","floor":36.0},{"not_picked":["Perseverance","BowlingBash","FlyingSleeves+1"],"picked":"SKIP","floor":36.0},{"not_picked":["Dramatic Entrance","Trip"],"picked":"Finesse","floor":37.0},{"not_picked":["FlyingSleeves","Adaptation"],"picked":"CarveReality+1","floor":39.0},{"not_picked":["FlyingSleeves","CarveReality","FollowUp+1"],"picked":"SKIP","floor":39.0},{"not_picked":["Pray+1","BowlingBash"],"picked":"DeusExMachina","floor":44.0},{"not_picked":["Nirvana+1","CrushJoints+1"],"picked":"Protect+1","floor":44.0},{"not_picked":["CutThroughFate","Fasting2"],"picked":"TalkToTheHand+1","floor":46.0},{"not_picked":["Crescendo","JustLucky+1"],"picked":"Consecrate+1","floor":46.0},{"not_picked":["EmptyFist","Worship+1","Adaptation"],"picked":"SKIP","floor":47},{"not_picked":["Nirvana","Evaluate"],"picked":"WaveOfTheHand+1","floor":48},{"not_picked":["ClearTheMind+1","JustLucky+1"],"picked":"Tantrum","floor":48}],"player_experience":415941,"relics_obtained":[{"floor":7.0,"key":"Pen Nib"},{"floor":9.0,"key":"Anchor"},{"floor":12.0,"key":"Bottled Flame"},{"floor":25.0,"key":"Blue Candle"},{"floor":26.0,"key":"Prayer Wheel"},{"floor":29.0,"key":"Toy Ornithopter"},{"floor":31.0,"key":"Pear"},{"floor":43.0,"key":"Damaru"},{"floor":47,"key":"Nunchaku"}],"event_choices":[{"cards_removed":["Strike_P"],"damage_healed":0.0,"max_hp_gain":0.0,"max_hp_loss":0.0,"gold_gain":0.0,"event_name":"Purifier","player_choice":"Purged","floor":3.0,"gold_loss":0.0,"damage_taken":0.0},{"damage_healed":0.0,"max_hp_gain":0.0,"max_hp_loss":22.0,"gold_gain":0.0,"event_name":"Vampires","player_choice":"Became a vampire","floor":19.0,"gold_loss":0.0,"damage_taken":0.0,"cards_obtained":["Bite","Bite","Bite","Bite","Bite"]},{"cards_removed":["Bite"],"damage_healed":5.0,"max_hp_gain":0.0,"max_hp_loss":0.0,"gold_gain":0.0,"event_name":"Bonfire Elementals","player_choice":"Offered Special","floor":20.0,"gold_loss":0.0,"damage_taken":0.0},{"damage_healed":0.0,"max_hp_gain":0.0,"max_hp_loss":0.0,"gold_gain":0.0,"event_name":"SensoryStone","player_choice":"Memory 1","floor":37.0,"gold_loss":0.0,"damage_taken":0.0},{"damage_healed":0.0,"max_hp_gain":0.0,"max_hp_loss":0.0,"gold_gain":100.0,"event_name":"Golden Shrine","player_choice":"Pray","floor":38.0,"gold_loss":0.0,"damage_taken":0.0},{"damage_healed":0.0,"max_hp_gain":0.0,"max_hp_loss":3.0,"gold_gain":0.0,"event_name":"Winding Halls","player_choice":"Max HP","floor":41.0,"gold_loss":0.0,"damage_taken":0.0}],"is_beta":false,"boss_relics":[{"not_picked":["Runic Dome","Snecko Eye"],"picked":"VioletLotus"},{"not_picked":["Pandora\u0027s Box","Philosopher\u0027s Stone"],"picked":"SlaversCollar"}],"items_purged_floors":[],"is_endless":false,"potions_floor_spawned":[4,7,8,10,21,22,25,29,31,39,42,46,47],"killed_by":"Time Eater","ascension_level":8}}