{"host":"4328iixd8pca51w5","time":1610257463,"event":{"mods":["2.2 Compatiblity","BaseMod","CapriCore","KOR Keyword Fix","Minty Spire (QoL Compilation)","StSLib","The Immortal"],"gold_per_floor":[109,109,59,59,59,59,59,59],"floor_reached":6,"playtime":134,"items_purged":[],"score":38,"play_id":"8dcc493f-012b-4f02-93e0-8c52d509c4a2","local_time":"20210110144423","is_ascension_mode":true,"campfire_choices":[],"circlet_count":0,"master_deck":["MokouMod:Strike","MokouMod:Strike","MokouMod:Strike","MokouMod:Strike","MokouMod:Strike","MokouMod:Defend","MokouMod:Defend","MokouMod:HeatSpark","MokouMod:Singe","MokouMod:FlareStarter","MokouMod:Trailblazer"],"relics":["MokouMod:PhoenixFeather","Ancient Tea Set"],"acts_visited":["Exordium"],"potions_floor_usage":[],"damage_taken":[{"damage":7,"enemies":"2 Louse","floor":1,"turns":2},{"damage":0,"enemies":"3 Sentries","floor":6,"turns":1}],"seed_played":"-9031392180645544969","potions_obtained":[],"is_trial":false,"path_per_floor":["M","?","?","?","$","E"],"character_chosen":"MKU","items_purchased":[],"campfire_rested":0,"item_purchase_floors":[],"current_hp_per_floor":[68,68,68,50,50,50,50,50],"gold":59,"neow_bonus":"THREE_CARDS","is_daily":false,"chose_seed":false,"campfire_upgraded":0,"win_rate":0.0,"timestamp":1610257463,"path_taken":["M","?","?","?","?","E"],"items_purchased_type":[],"build_version":"2020-12-22","purchased_purges":0,"victory":false,"max_hp_per_floor":[75,75,75,75,75,75,75,75],"card_choices":[{"not_picked":["MokouMod:Trailblazer","MokouMod:RetainTemperature"],"picked":"MokouMod:Singe","floor":0},{"not_picked":["MokouMod:CrimsonArmoury","MokouMod:HeatCyclone"],"picked":"MokouMod:FlareStarter","floor":1}],"player_experience":186983,"relics_obtained":[],"event_choices":[{"damage_healed":0,"gold_gain":0,"cards_transformed":["MokouMod:Defend"],"player_choice":"Change","damage_taken":0,"max_hp_gain":0,"max_hp_loss":0,"event_name":"Living Wall","floor":2,"gold_loss":0,"cards_obtained":["MokouMod:Trailblazer"]},{"cards_removed":["MokouMod:Defend"],"damage_healed":0,"gold_gain":0,"player_choice":"Card Removal","damage_taken":0,"max_hp_gain":0,"max_hp_loss":0,"event_name":"The Cleric","floor":3,"gold_loss":50},{"damage_healed":0,"gold_gain":0,"player_choice":"Success","damage_taken":18,"relics_obtained":["Ancient Tea Set"],"max_hp_gain":0,"max_hp_loss":0,"event_name":"Scrap Ooze","floor":4,"gold_loss":0}],"is_beta":false,"boss_relics":[],"items_purged_floors":[],"is_endless":false,"potions_floor_spawned":[],"killed_by":"3 Sentries","ascension_level":4}}