{"host":"fubl5olmpa6illow","time":1610316398,"event":{"mods":["BaseMod","Colored Map","Colored Powertips","Highlight Path","Minty Spire (QoL Compilation)","Quick Restart","Random Character Button","Relic Sorter","Relic Stats"],"gold_per_floor":[109,109,69,94,106,106,138,138,138,138,158,212,226,251,251,347,347,367,398,128,146,161,194,207,207,207,53,53,53,63,90,90,194,194,208,223,223,80,95,120,120,135,161,46,65,104,104,123,123,123,123,123,0,33,33],"floor_reached":56,"playtime":11216,"items_purged":["Injury","Injury"],"score":1340,"play_id":"566c2a35-53e5-4232-9428-ce5855a0074a","local_time":"20210110230638","is_ascension_mode":false,"campfire_choices":[{"data":"Armaments","floor":6,"key":"SMITH"},{"data":"Rage","floor":8,"key":"SMITH"},{"data":"Barricade","floor":10,"key":"SMITH"},{"data":"Fire Breathing","floor":15,"key":"SMITH"},{"floor":25,"key":"RECALL"},{"floor":28,"key":"REST"},{"data":"Feel No Pain","floor":32,"key":"SMITH"},{"data":"Entrench","floor":41,"key":"SMITH"},{"data":"Impervious","floor":47,"key":"SMITH"},{"floor":49,"key":"REST"},{"data":"Parasite","floor":52,"key":"PURGE"}],"circlet_count":0,"master_deck":["Bash","Iron Wave+1","Fire Breathing+1","Armaments+1","Evolve","Clothesline","Offering+1","Barricade+1","Pummel","Dropkick","Iron Wave","Rage+1","Cleave+1","Pommel Strike","Wild Strike","Body Slam","Rupture","Battle Trance+1","Demon Form","Dual Wield","Entrench+1","Feel No Pain+1","Impervious+1","Metallicize+1","Second Wind","Heavy Blade+1","Power Through","Impervious","Shockwave","Seeing Red","Battle Trance","Bloodletting","Shrug It Off","Limit Break","Brutality"],"relics":["Pandora\u0027s Box","Bronze Scales","Lizard Tail","Mummified Hand","Whetstone","Peace Pipe","Cursed Key","War Paint","Ice Cream","Nloth\u0027s Gift","Ornamental Fan","Runic Cube","Potion Belt","Sundial","CeramicFish","Bag of Preparation","Paper Frog"],"acts_visited":["Exordium","TheCity","TheBeyond","TheEnding"],"potions_floor_usage":[12,14,33,40,48,50,54,55,55,55,55],"damage_taken":[{"damage":8,"enemies":"2 Louse","floor":1,"turns":3},{"damage":0,"enemies":"Cultist","floor":5,"turns":3},{"damage":19,"enemies":"3 Sentries","floor":7,"turns":5},{"damage":5,"enemies":"Small Slimes","floor":11,"turns":3},{"damage":0,"enemies":"Gremlin Nob","floor":12,"turns":3},{"damage":0,"enemies":"Looter","floor":13,"turns":2},{"damage":13,"enemies":"3 Sentries","floor":14,"turns":4},{"damage":6,"enemies":"Slime Boss","floor":16,"turns":5},{"damage":5,"enemies":"2 Thieves","floor":18,"turns":4},{"damage":16,"enemies":"Masked Bandits","floor":19,"turns":4},{"damage":0,"enemies":"Spheric Guardian","floor":21,"turns":3},{"damage":0,"enemies":"Snecko","floor":22,"turns":5},{"damage":17,"enemies":"Gremlin Leader","floor":23,"turns":6},{"damage":7,"enemies":"Chosen and Byrds","floor":24,"turns":4},{"damage":6,"enemies":"Cultist and Chosen","floor":30,"turns":4},{"damage":14,"enemies":"Book of Stabbing","floor":31,"turns":5},{"damage":18,"enemies":"Automaton","floor":33,"turns":7},{"damage":12,"enemies":"3 Darklings","floor":35,"turns":6},{"damage":7,"enemies":"Orb Walker","floor":36,"turns":4},{"damage":18,"enemies":"Jaw Worm Horde","floor":39,"turns":5},{"damage":4,"enemies":"Nemesis","floor":40,"turns":7},{"damage":0,"enemies":"4 Shapes","floor":42,"turns":4},{"damage":0,"enemies":"Maw","floor":45,"turns":7},{"damage":6,"enemies":"Giant Head","floor":46,"turns":7},{"damage":27,"enemies":"Writhing Mass","floor":48,"turns":7},{"damage":35,"enemies":"Donu and Deca","floor":50,"turns":6},{"damage":9,"enemies":"Shield and Spear","floor":54,"turns":6},{"damage":20,"enemies":"The Heart","floor":55,"turns":6}],"seed_played":"9117663539476127997","potions_obtained":[{"floor":1,"key":"SkillPotion"},{"floor":7,"key":"ColorlessPotion"},{"floor":13,"key":"BloodPotion"},{"floor":16,"key":"FearPotion"},{"floor":19,"key":"Ancient Potion"},{"floor":21,"key":"EssenceOfSteel"},{"floor":31,"key":"Block Potion"},{"floor":33,"key":"Ancient Potion"},{"floor":35,"key":"Explosive Potion"},{"floor":39,"key":"SkillPotion"},{"floor":40,"key":"SpeedPotion"},{"floor":42,"key":"SpeedPotion"},{"floor":45,"key":"AttackPotion"}],"is_trial":false,"path_per_floor":["M","?","$","T","M","R","E","R","T","R","M","E","M","E","R","B",null,"M","?","$","M","M","E","M","R","T","$","R","?","M","E","R","B",null,"M","M","?","$","M","E","R","M","T","$","M","E","R","M","R","B",null,"R","$","E","B",null],"character_chosen":"IRONCLAD","items_purchased":["Rage","Entrench","Feel No Pain","War Paint","Second Wind","Potion Belt","Shrug It Off","BloodPotion","LiquidBronze"],"campfire_rested":2,"item_purchase_floors":[3,20,20,20,27,38,44,53,53],"current_hp_per_floor":[72,72,72,72,72,72,53,53,53,53,48,48,48,35,35,29,80,75,59,59,59,59,42,35,35,35,35,59,59,53,39,39,21,80,68,61,61,61,43,39,39,39,39,39,39,33,33,22,46,11,80,77,77,68,63],"gold":33,"neow_bonus":"BOSS_RELIC","is_daily":false,"chose_seed":false,"campfire_upgraded":7,"win_rate":0.0,"timestamp":1610316398,"path_taken":["M","?","$","?","M","R","E","R","T","R","M","E","M","E","R","BOSS","M","?","$","M","M","E","M","R","T","$","R","?","M","E","R","BOSS","M","M","?","$","M","E","R","M","T","$","M","E","R","M","R","BOSS","R","$","E","BOSS"],"items_purchased_type":["Card","Card","Card","Relic","Card","Relic","Card","Potion","Potion"],"build_version":"2020-12-22","purchased_purges":2,"victory":true,"max_hp_per_floor":[80,80,80,80,80,80,80,80,80,80,80,80,80,80,80,80,80,80,80,80,80,80,80,80,80,80,80,80,80,80,80,80,80,80,80,80,80,80,80,80,80,80,80,80,80,80,80,80,80,80,80,77,77,77,77],"relic_stats":{"counters":[28,135],"CeramicFish":36,"Bag of Preparation":[8],"Whetstone":["Iron Wave","Cleave"],"War Paint":["Battle Trance","Offering"],"Cursed Key":2,"Peace Pipe":1,"Lizard Tail":0,"Mummified Hand":[145],"Ornamental Fan":[72],"Sundial":[4],"Bronze Scales":[369],"Pandora\u0027s Box":["Iron Wave","Fire Breathing","Armaments","Evolve","Clothesline","Offering","Barricade","Pummel","Dropkick"],"Nloth\u0027s Gift":1,"obtain_stats":[{"Ice Cream":23,"Potion Belt":38,"CeramicFish":43,"Bag of Preparation":46,"Whetstone":12,"War Paint":20,"Cursed Key":17,"Burning Blood":0,"Peace Pipe":14,"Lizard Tail":7,"Mummified Hand":9,"Ornamental Fan":31,"Sundial":40,"Bronze Scales":4,"Pandora\u0027s Box":0,"Red Mask":19,"Nloth\u0027s Gift":29,"Runic Cube":34,"Paper Frog":54},{"Ice Cream":13,"Potion Belt":19,"CeramicFish":22,"Bag of Preparation":24,"Whetstone":5,"War Paint":10,"Cursed Key":8,"Burning Blood":0,"Peace Pipe":7,"Lizard Tail":3,"Mummified Hand":3,"Ornamental Fan":16,"Sundial":21,"Bronze Scales":1,"Pandora\u0027s Box":0,"Red Mask":10,"Nloth\u0027s Gift":14,"Runic Cube":17,"Paper Frog":27},{"Ice Cream":50,"Potion Belt":80,"CeramicFish":96,"Bag of Preparation":110,"Whetstone":17,"War Paint":36,"Cursed Key":28,"Burning Blood":0,"Peace Pipe":23,"Lizard Tail":11,"Mummified Hand":11,"Ornamental Fan":63,"Sundial":92,"Bronze Scales":3,"Pandora\u0027s Box":0,"Red Mask":36,"Nloth\u0027s Gift":54,"Runic Cube":70,"Paper Frog":129}],"Runic Cube":[33]},"card_choices":[{"not_picked":["Flame Barrier","Uppercut"],"picked":"Iron Wave","floor":1},{"not_picked":["Clothesline","Warcry"],"picked":"Cleave","floor":5},{"not_picked":["Whirlwind","Cleave"],"picked":"Pommel Strike","floor":7},{"not_picked":["Second Wind","Thunderclap"],"picked":"Wild Strike","floor":11},{"not_picked":["Whirlwind","Perfected Strike"],"picked":"Body Slam","floor":12},{"not_picked":["True Grit","Burning Pact"],"picked":"Rupture","floor":13},{"not_picked":["Exhume","Clothesline"],"picked":"Battle Trance","floor":14},{"not_picked":["Barricade","Double Tap"],"picked":"Demon Form","floor":16},{"not_picked":["Clothesline","Warcry","Perfected Strike"],"picked":"SKIP","floor":18},{"not_picked":["Iron Wave+1","Sword Boomerang"],"picked":"Dual Wield","floor":19},{"not_picked":["Flex","Pummel"],"picked":"Impervious","floor":21},{"not_picked":["Wild Strike","Dropkick+1","Perfected Strike+1"],"picked":"SKIP","floor":22},{"not_picked":["Sword Boomerang","Clash","Armaments"],"picked":"SKIP","floor":23},{"not_picked":["Clothesline","Wild Strike"],"picked":"Metallicize+1","floor":24},{"not_picked":["Clothesline","Offering"],"picked":"Heavy Blade+1","floor":30},{"not_picked":["Havoc","Inflame"],"picked":"Power Through","floor":31},{"not_picked":["Fiend Fire","Barricade"],"picked":"Impervious","floor":33},{"not_picked":["Corruption","Armaments+1"],"picked":"Shockwave","floor":35},{"not_picked":["True Grit","Havoc"],"picked":"Pommel Strike+1","floor":36},{"not_picked":["Power Through","Clash+1"],"picked":"Seeing Red","floor":39},{"not_picked":["Warcry","Dropkick+1"],"picked":"Battle Trance","floor":40},{"not_picked":["Flex","Hemokinesis"],"picked":"Bloodletting","floor":42},{"not_picked":["Havoc","Warcry+1"],"picked":"Limit Break","floor":45},{"not_picked":["Sever Soul+1","Metallicize"],"picked":"Brutality","floor":46},{"not_picked":["Flame Barrier+1","Perfected Strike","Whirlwind"],"picked":"SKIP","floor":48},{"not_picked":["Perfected Strike+1","Armaments+1","Immolate"],"picked":"SKIP","floor":54}],"player_experience":198895,"relics_obtained":[{"floor":4,"key":"Bronze Scales"},{"floor":7,"key":"Lizard Tail"},{"floor":9,"key":"Mummified Hand"},{"floor":12,"key":"Whetstone"},{"floor":14,"key":"Peace Pipe"},{"floor":19,"key":"Red Mask"},{"floor":23,"key":"Ice Cream"},{"floor":31,"key":"Ornamental Fan"},{"floor":40,"key":"Sundial"},{"floor":43,"key":"CeramicFish"},{"floor":46,"key":"Bag of Preparation"},{"floor":54,"key":"Paper Frog"}],"event_choices":[{"damage_healed":0,"gold_gain":0,"player_choice":"Bought 0 Potions","damage_taken":0,"max_hp_gain":0,"max_hp_loss":0,"event_name":"The Woman in Blue","floor":2,"gold_loss":0},{"damage_healed":0,"gold_gain":0,"player_choice":"Fought Bandits","damage_taken":0,"max_hp_gain":0,"max_hp_loss":0,"event_name":"Masked Bandits","floor":19,"gold_loss":0},{"damage_healed":0,"gold_gain":0,"player_choice":"Traded Relic","damage_taken":0,"relics_obtained":["Nloth\u0027s Gift"],"max_hp_gain":0,"max_hp_loss":0,"event_name":"N\u0027loth","floor":29,"relics_lost":["Red Mask"],"gold_loss":0},{"cards_removed":["Pommel Strike"],"damage_healed":0,"gold_gain":0,"player_choice":"Removed Attack","damage_taken":0,"max_hp_gain":0,"max_hp_loss":0,"event_name":"Falling","floor":37,"gold_loss":0}],"is_beta":false,"boss_relics":[{"not_picked":["Calling Bell","Runic Dome"],"picked":"Cursed Key"},{"not_picked":["Runic Pyramid","Coffee Dripper"],"picked":"Runic Cube"}],"items_purged_floors":[27,44],"is_endless":false,"potions_floor_spawned":[1,7,13,16,19,21,31,33,35,39,40,42,45],"ascension_level":0}}