{"host":"ne0yiqbtx1vmhgo0","time":1610253178,"event":{"mods":["BaseMod","Colored Map","Downfall","Marisa£®ÏF”Í°°ƒß¿Ì…≥£©","Minty Spire (QoL Compilation)","Replay The Spire","StSLib","The Bug Knight","The Construct","The Cursed","The Dragon Tamer","The Marked","The Runesmith","The Servant 0.9.4","UnlockEverythingMod"],"gold_per_floor":[115,166,166,183,183,213,213,233,233,246,256,274,286,300,300,401,401,415,190,203,103,121,121,138,138,162,182,182,216,216,245,245,350,350,361,361,373,148,168,199,199,55,55,72,72,72,72,87,87,118,118,118],"floor_reached":53,"playtime":4760,"items_purged":["DTMod:TargetDefense","DTMod:Strike","DTMod:Strike+1"],"score":840,"play_id":"49d8c2f6-879e-4034-bdf4-15a739e884dd","local_time":"20210110123258","is_ascension_mode":false,"metric_token":983,"campfire_choices":[{"data":"DTMod:Training","floor":7.0,"key":"SMITH"},{"floor":15.0,"key":"DIG"},{"data":"DTMod:SealedStrike","floor":23.0,"key":"SMITH"},{"data":"DTMod:SealedStrike+1","floor":25.0,"key":"SMITH"},{"data":"DTMod:SealedStrike+2","floor":28.0,"key":"SMITH"},{"data":"DTMod:SealedStrike+3","floor":30.0,"key":"SMITH"},{"data":"DTMod:SealedStrike+4","floor":32.0,"key":"SMITH"},{"floor":41,"key":"REST"},{"floor":51,"key":"REST"}],"dtmod_dragon_data":[41,58,3,0,14,0],"circlet_count":0,"master_deck":["DTMod:Strike+1","DTMod:DoubleHit+1","DTMod:TargetDefense+1","DTMod:TargetDefense+1","DTMod:TargetDefense+1","DTMod:SwitchingTactic+1","DTMod:Training+1","DTMod:Coolant+1","DTMod:BurningEnergy+1","DTMod:CleansingStrike+1","DTMod:Training+1","DTMod:RecklessFlurry+1","DTMod:SealedStrike+5","DTMod:LightShield+1","DTMod:FlameSlash+1","DTMod:MagiciansMark+1","DTMod:CalculatedDefense+1","DTMod:EchoTactic+1","DTMod:TagTeam+1","DTMod:BurningEnergy+1","DTMod:ShadowImage+1","DTMod:BalancedStrike+1","DTMod:Harmonize+1","DTMod:RepeatStrike","DTMod:WarmUp","Pain","DTMod:Dissolve","DTMod:CleansingStrike+1","DTMod:StunTrap"],"relics":["DTMod:PactStone","NeowsBlessing","HollowMod:LifeEnderRelic","Ring of Searing","Ring of Peace","Spirit Poop","Thread and Needle","Chameleon Ring","Ginger","SlaversCollar","Orrery","Potion Belt","Runesmith:Locket","Red Mask","ReplayTheSpireMod:DimensionalGlitch","WarpedTongs","Nunchaku","Pet Ghost","Replay:Accelerometer","Blue Doll"],"acts_visited":["Exordium","TheCity","TheBeyond"],"potions_floor_usage":[40,40,50,52],"damage_taken":[{"damage":0.0,"enemies":"Small Slimes","floor":1.0,"turns":1.0},{"damage":0.0,"enemies":"2 Louse","floor":4.0,"turns":1.0},{"damage":0.0,"enemies":"Gremlin Nob","floor":6.0,"turns":1.0},{"damage":0.0,"enemies":"Cultist","floor":8.0,"turns":3.0},{"damage":0.0,"enemies":"Gremlin Gang","floor":10.0,"turns":6.0},{"damage":0.0,"enemies":"Lots of Slimes","floor":11.0,"turns":4.0},{"damage":0.0,"enemies":"2 Fungi Beasts","floor":12.0,"turns":2.0},{"damage":0.0,"enemies":"Gremlin Gang","floor":13.0,"turns":5.0},{"damage":0.0,"enemies":"Exordium Wildlife","floor":14.0,"turns":4.0},{"damage":22.0,"enemies":"Fading Forest","floor":16.0,"turns":10.0},{"damage":15.0,"enemies":"Shell Parasite","floor":18.0,"turns":7.0},{"damage":4.0,"enemies":"3 Byrds","floor":20.0,"turns":5.0},{"damage":0.0,"enemies":"3 Cultists","floor":22.0,"turns":4.0},{"damage":0.0,"enemies":"Shelled Parasite and Fungi","floor":24.0,"turns":7.0},{"damage":0.0,"enemies":"Snecko","floor":27.0,"turns":6.0},{"damage":9.0,"enemies":"Book of Stabbing","floor":29.0,"turns":5.0},{"damage":0.0,"enemies":"Masked Bandits","floor":31.0,"turns":3.0},{"damage":9.0,"enemies":"Automaton","floor":33.0,"turns":8.0},{"damage":8.0,"enemies":"3 Shapes","floor":35.0,"turns":3.0},{"damage":8,"enemies":"Orb Walker","floor":37,"turns":3},{"damage":13,"enemies":"Writhing Mass","floor":39,"turns":5},{"damage":0,"enemies":"Nemesis","floor":40,"turns":7},{"damage":0,"enemies":"Sphere and 2 Shapes","floor":44,"turns":4},{"damage":11,"enemies":"4 Shapes","floor":48,"turns":4},{"damage":0,"enemies":"Giant Head","floor":50,"turns":5},{"damage":38,"enemies":"Donu and Deca","floor":52,"turns":6}],"seed_played":"-3128246686718576994","potions_obtained":[{"floor":2.0,"key":"SteroidPotion"},{"floor":8.0,"key":"Doom Potion"},{"floor":10.0,"key":"Venom Potion"},{"floor":11.0,"key":"AttackPotion"},{"floor":13.0,"key":"FairyPotion"},{"floor":14.0,"key":"DistilledChaos"},{"floor":22.0,"key":"Toxic Potion"},{"floor":24.0,"key":"champ:CounterPotion"},{"floor":27.0,"key":"BlessingOfTheForge"},{"floor":29.0,"key":"Slimebound:ThreeZeroPotion"},{"floor":35.0,"key":"Flashbang"},{"floor":39,"key":"DistilledChaos"},{"floor":40,"key":"Reflective Coating"},{"floor":48,"key":"Dexterity Potion"},{"floor":49,"key":"LiquidMemories"},{"floor":49,"key":"Regen Potion"}],"is_trial":false,"path_per_floor":["M","?","?","M","?","E","R","M","T","M","M","M","M","M","R_BF","B",null,"M","$","M","$","M","R","M","R","T","M","R","E","R","?","R","B",null,"M","?","M","$","M","E","R","$","T","M","?","PTL","PTL","M","R","E","R","B",null],"character_chosen":"THE_DT","items_purchased":["Orrery","FairyPotion","Pet Ghost"],"campfire_rested":2,"item_purchase_floors":[19,38,42],"current_hp_per_floor":[45,27,27,27,27,27,27,27,27,27,27,27,27,27,27,5,45,30,30,26,26,26,26,26,26,26,26,26,17,17,17,17,8,45,37,37,29,29,16,16,29,29,29,29,29,29,29,18,18,30,43,5],"gold":118,"neow_bonus":"THREE_ENEMY_KILL","is_daily":false,"chose_seed":false,"campfire_upgraded":6,"win_rate":0.0,"timestamp":1610253178,"path_taken":["M","?","?","M","?","E","R","?","T","M","?","M","M","M","R_BF","BOSS","M","$","M","$","M","R","M","R","T","?","R","E","R","?","R","BOSS","M","?","?","$","M","E","R","$","T","M","?","PTL","PTL","M","R","E","R","BOSS"],"items_purchased_type":["Relic","Potion","Relic"],"build_version":"2020-12-22","purchased_purges":3,"victory":true,"max_hp_per_floor":[45,45,45,45,45,45,45,45,45,45,45,45,45,45,45,45,45,45,45,45,45,45,45,45,45,45,45,45,45,45,45,45,45,45,45,45,45,45,45,45,45,45,45,45,45,45,45,45,45,45,45,45],"card_choices":[{"not_picked":["DTMod:CleansingStrike","DTMod:ComboAttack"],"picked":"DTMod:Training","floor":1.0},{"not_picked":["DTMod:BlazingStrike","DTMod:HeatWave"],"picked":"DTMod:Coolant","floor":2.0},{"not_picked":["DTMod:DeepFocus","DTMod:LastStand"],"picked":"DTMod:BurningEnergy","floor":4.0},{"not_picked":["DTMod:ForkedFire","DTMod:MasterPlan"],"picked":"DTMod:CleansingStrike","floor":6.0},{"not_picked":["DTMod:Weaken","DTMod:BuildUp","DTMod:FlameSlash"],"picked":"SKIP","floor":8.0},{"not_picked":["DTMod:Threaten","DTMod:BlazingStrike"],"picked":"DTMod:Training","floor":10.0},{"not_picked":["DTMod:HeatWave","DTMod:Punisher"],"picked":"DTMod:RecklessFlurry","floor":11.0},{"not_picked":["DTMod:Dissolve","DTMod:Hide"],"picked":"DTMod:SealedStrike","floor":12.0},{"not_picked":["DTMod:CleansingStrike","DTMod:MagicField","DTMod:HeatWave"],"picked":"SKIP","floor":13.0},{"not_picked":["DTMod:ShieldDrain","DTMod:BizarreTactic","DTMod:BurningForce"],"picked":"SKIP","floor":14.0},{"not_picked":["DTMod:StunTrap","DTMod:ExcessFootwork"],"picked":"DTMod:LightShield","floor":16.0},{"not_picked":["DTMod:Conduct+1","DTMod:HeatWave+1","DTMod:BizarreTactic+1"],"picked":"SKIP","floor":18.0},{"not_picked":["DTMod:DarkBreath","DTMod:BizarreTactic"],"picked":"DTMod:FlameSlash+1","floor":19.0},{"not_picked":["DTMod:BizarreTactic+1","DTMod:Training"],"picked":"DTMod:MagiciansMark","floor":19.0},{"not_picked":["DTMod:QuickFly","DTMod:Hide"],"picked":"DTMod:CalculatedDefense+1","floor":19.0},{"not_picked":["DTMod:BurningEnergy","DTMod:BreakAttack"],"picked":"DTMod:EchoTactic","floor":19.0},{"not_picked":["DTMod:BurningEnergy","DTMod:Threaten+1"],"picked":"DTMod:TagTeam","floor":19.0},{"not_picked":["DTMod:GhostSkin","DTMod:MagicField","DTMod:TagTeam"],"picked":"SKIP","floor":20.0},{"not_picked":["DTMod:BizarreTactic","DTMod:CalculatedDefense"],"picked":"DTMod:BurningEnergy","floor":22.0},{"not_picked":["DTMod:FlameSlash","DTMod:MagicField"],"picked":"DTMod:ShadowImage","floor":24.0},{"not_picked":["DTMod:Overwhelm+1","DTMod:Punisher","DTMod:QuickFly"],"picked":"SKIP","floor":27.0},{"not_picked":["DTMod:Hide+1","DTMod:FlameSlash+1"],"picked":"DTMod:BalancedStrike","floor":29.0},{"not_picked":["DTMod:BreakAttack+1","DTMod:Punisher"],"picked":"DTMod:Harmonize","floor":31.0},{"not_picked":["DTMod:GearUp","DTMod:FierySynthesis"],"picked":"DTMod:RepeatStrike","floor":33.0},{"not_picked":["DTMod:MasterPlan+1","DTMod:MagicField"],"picked":"DTMod:WarmUp","floor":35.0},{"not_picked":["DTMod:Overwhelm+1","DTMod:Weaken","DTMod:BlazingStrike"],"picked":"SKIP","floor":37},{"not_picked":["DTMod:DeepFocus","DTMod:LastStand","DTMod:HeatWave+1"],"picked":"SKIP","floor":39},{"not_picked":["DTMod:Cover","DTMod:BreakAttack+1"],"picked":"DTMod:Dissolve","floor":40},{"not_picked":["DTMod:Threaten","DTMod:SealedStrike","DTMod:MagicField+1"],"picked":"SKIP","floor":44},{"not_picked":["DTMod:BurningEnergy","DTMod:QuickFly"],"picked":"DTMod:CleansingStrike+1","floor":48},{"not_picked":["DTMod:MaximumCharge+1","DTMod:BurningForce"],"picked":"DTMod:StunTrap","floor":50}],"player_experience":28328,"relics_obtained":[{"floor":2.0,"key":"HollowMod:LifeEnderRelic"},{"floor":3.0,"key":"Ring of Searing"},{"floor":3.0,"key":"Ring of Peace"},{"floor":6.0,"key":"Thread and Needle"},{"floor":9.0,"key":"Chameleon Ring"},{"floor":15.0,"key":"Ginger"},{"floor":26.0,"key":"Potion Belt"},{"floor":29.0,"key":"Runesmith:Locket"},{"floor":31.0,"key":"Red Mask"},{"floor":40,"key":"Nunchaku"},{"floor":43,"key":"Replay:Accelerometer"},{"floor":50,"key":"Blue Doll"}],"event_choices":[{"cards_removed":["Amnesia"],"damage_healed":0.0,"max_hp_gain":0.0,"max_hp_loss":0.0,"gold_gain":0.0,"event_name":"Bonfire Elementals","player_choice":"Offered Curse","floor":5.0,"gold_loss":0.0,"damage_taken":0.0,"relics_obtained":["Spirit Poop"]},{"damage_healed":0.0,"max_hp_gain":0.0,"max_hp_loss":0.0,"gold_gain":0.0,"event_name":"Masked Bandits","player_choice":"Fought Bandits","floor":31.0,"gold_loss":0.0,"damage_taken":0.0},{"damage_healed":0.0,"max_hp_gain":0.0,"max_hp_loss":0.0,"gold_gain":0.0,"event_name":"Accursed Blacksmith","player_choice":"Rummage","floor":36.0,"gold_loss":0.0,"damage_taken":0.0,"relics_obtained":["WarpedTongs"],"cards_obtained":["Pain"]},{"cards_removed":["DTMod:Strike"],"damage_healed":0,"gold_gain":0,"player_choice":"Removed Attack","damage_taken":0,"max_hp_gain":0,"max_hp_loss":0,"event_name":"Falling","floor":45,"gold_loss":0}],"is_beta":false,"boss_relics":[{"not_picked":["Painkiller Herb","Empty Cage"],"picked":"SlaversCollar"},{"not_picked":["Kintsugi","Honey Jar"],"picked":"ReplayTheSpireMod:DimensionalGlitch"}],"items_purged_floors":[19,21,38],"is_endless":false,"potions_floor_spawned":[8,10,11,13,14,22,24,27,29,35,39,40,48],"ascension_level":0}}