{"host":"rjbqai8ni6dsiu37","time":1610237149,"event":{"mods":["BaseMod","Minty Spire (QoL Compilation)","StSLib","The Hierophant","WarShipGirlsR/??á´Ò³R mod"],"gold_per_floor":[360,17,34,34,54,89,89,102,170,8,8,18,29,45,45,145,145,156,30,41,56,18,18,45,59,83,83,96,110,120,136,136,241,291,303,186,186,11,22,22,48,64,64,64,78,88,105,136,136,136],"floor_reached":51,"playtime":3639,"items_purged":[],"score":1014,"play_id":"d37f4140-1ac9-482b-9a70-9b50cc895c45","local_time":"20210110090549","is_ascension_mode":true,"campfire_choices":[{"data":"rmod:openingtorpedo","floor":7.0,"key":"SMITH"},{"data":"rmod:smokecover","floor":15.0,"key":"SMITH"},{"data":"rmod:salvage","floor":23.0,"key":"SMITH"},{"data":"rmod:basicallowance","floor":27.0,"key":"SMITH"},{"data":"rmod:chargemoney","floor":32.0,"key":"SMITH"},{"floor":40.0,"key":"RECALL"},{"floor":44.0,"key":"REST"},{"data":"rmod:mineteam","floor":49,"key":"SMITH"}],"circlet_count":0,"master_deck":["rmod:strick","rmod:strick","rmod:strick","rmod:defend","rmod:defend","rmod:defend","rmod:defend+1","rmod:basicallowance+1","rmod:maingunfire","rmod:fletcherpendant","rmod:openingtorpedo+1","rmod:smokecover+1","rmod:mineteam+1","rmod:highspeedmaneuver+1","rmod:windflower+1","rmod:salvage+1","rmod:fletcherpendant","rmod:fletcherpendant","rmod:intelligenceanalysis","rmod:fletcherpendant","rmod:circuitoustactics+1","rmod:fletcherpendant+1","rmod:fletcherpendant","rmod:fletcherpendant","rmod:fletcher+1","rmod:chargemoney+1","rmod:fletcherpendant","rmod:ridicule+1","rmod:fletcherpendant","Master of Strategy+1","rmod:fletcherpendant","Apotheosis+1","rmod:fletcherpendant","rmod:circuitoustactics+1","rmod:fletcherpendant","rmod:fletcherpendant","rmod:supriseattacks+1","rmod:fletcherpendant","rmod:fletcherpendant+1","rmod:fletcherpendant"],"relics":["rmod:firstchargereward","Membership Card","Prayer Wheel","CaptainsWheel","Singing Bowl","Toxic Egg 2","Centennial Puzzle","rmod:monthlycard","Question Card","Potion Belt","Tiny House","Nunchaku","Pocketwatch","Darkstone Periapt","Boot"],"acts_visited":["Exordium","TheCity","TheBeyond"],"potions_floor_usage":[50,50,50],"damage_taken":[{"damage":0.0,"enemies":"Cultist","floor":1.0,"turns":4.0},{"damage":0.0,"enemies":"Small Slimes","floor":3.0,"turns":2.0},{"damage":0.0,"enemies":"2 Louse","floor":5.0,"turns":3.0},{"damage":19.0,"enemies":"Lagavulin","floor":6.0,"turns":5.0},{"damage":7.0,"enemies":"Gremlin Gang","floor":8.0,"turns":6.0},{"damage":0.0,"enemies":"Large Slime","floor":12.0,"turns":5.0},{"damage":0.0,"enemies":"Exordium Thugs","floor":13.0,"turns":4.0},{"damage":0.0,"enemies":"Gremlin Gang","floor":14.0,"turns":1.0},{"damage":2.0,"enemies":"The Guardian","floor":16.0,"turns":15.0},{"damage":5.0,"enemies":"Spheric Guardian","floor":18.0,"turns":7.0},{"damage":0.0,"enemies":"Chosen","floor":20.0,"turns":6.0},{"damage":24.0,"enemies":"Snake Plant","floor":21.0,"turns":3.0},{"damage":0.0,"enemies":"Gremlin Leader","floor":24.0,"turns":14.0},{"damage":0.0,"enemies":"Snecko","floor":25.0,"turns":6.0},{"damage":3.0,"enemies":"Shelled Parasite and Fungi","floor":28.0,"turns":5.0},{"damage":4.0,"enemies":"Cultist and Chosen","floor":29.0,"turns":7.0},{"damage":8.0,"enemies":"Chosen and Byrds","floor":30.0,"turns":6.0},{"damage":9.0,"enemies":"Centurion and Healer","floor":31.0,"turns":4.0},{"damage":43.0,"enemies":"Automaton","floor":33.0,"turns":16.0},{"damage":5.0,"enemies":"3 Darklings","floor":35.0,"turns":10.0},{"damage":12.0,"enemies":"Orb Walker","floor":39.0,"turns":7.0},{"damage":19.0,"enemies":"Giant Head","floor":41.0,"turns":5.0},{"damage":0.0,"enemies":"Sphere and 2 Shapes","floor":42.0,"turns":1.0},{"damage":0.0,"enemies":"Maw","floor":45.0,"turns":1.0},{"damage":0.0,"enemies":"Writhing Mass","floor":46.0,"turns":1.0},{"damage":0,"enemies":"Spire Growth","floor":47,"turns":2},{"damage":0,"enemies":"Reptomancer","floor":48,"turns":3},{"damage":21,"enemies":"Time Eater","floor":50,"turns":3}],"seed_played":"5407682239013415421","potions_obtained":[{"floor":1.0,"key":"Swift Potion"},{"floor":5.0,"key":"Strength Potion"},{"floor":12.0,"key":"SteroidPotion"},{"floor":13.0,"key":"AttackPotion"},{"floor":16.0,"key":"DistilledChaos"},{"floor":21.0,"key":"LiquidBronze"},{"floor":28.0,"key":"SkillPotion"},{"floor":29.0,"key":"Block Potion"},{"floor":30.0,"key":"LiquidMemories"},{"floor":34.0,"key":"Fruit Juice"},{"floor":41.0,"key":"ColorlessPotion"},{"floor":45.0,"key":"Fire Potion"},{"floor":47,"key":"Strength Potion"}],"is_trial":false,"path_per_floor":["M","$","M","$","M","E","R","M","T","$","?","M","M","M","R","B",null,"M","$","M","M","$","R","E","M","T","R","M","M","M","M","R","B",null,"M","$","?","$","M","R","E","M","T","R","M","M","M","E","R","B",null],"character_chosen":"PRAEFECT","items_purchased":["Membership Card","rmod:openingtorpedo","Prayer Wheel","Toxic Egg 2","GamblersBrew","Question Card","DistilledChaos","Master of Strategy+1","rmod:fletcherpendant","Apotheosis+1","Nunchaku"],"campfire_rested":1,"item_purchase_floors":[2,2,2,10,10,19,22,36,36,38,38],"current_hp_per_floor":[54,54,54,54,54,35,35,28,28,28,28,30,34,38,38,36,85,82,82,86,62,62,62,62,66,66,66,67,65,59,54,54,11,119,116,116,116,116,104,104,87,89,89,125,129,131,133,135,135,114],"gold":136,"neow_bonus":"TWO_FIFTY_GOLD","is_daily":false,"chose_seed":false,"campfire_upgraded":6,"win_rate":0.0,"timestamp":1610237149,"path_taken":["M","$","M","$","?","E","R","M","T","$","?","M","M","M","R","BOSS","M","$","M","M","$","R","E","M","T","R","?","M","M","M","R","BOSS","M","$","?","$","M","R","E","M","T","R","M","M","M","E","R","BOSS"],"items_purchased_type":["Relic","Card","Relic","Relic","Potion","Relic","Potion","Card","Card","Card","Relic"],"build_version":"2020-12-22","purchased_purges":0,"victory":true,"max_hp_per_floor":[75,75,75,75,75,75,75,75,75,75,75,77,81,85,85,85,85,87,87,91,91,91,91,91,95,95,95,99,101,103,107,107,107,119,121,121,121,121,121,121,123,125,125,125,129,131,133,135,135,135],"card_choices":[{"not_picked":["rmod:tearstotiara","rmod:fuelsupply"],"picked":"rmod:fletcherpendant","floor":1.0},{"not_picked":["rmod:generalist","rmod:advancebysurprise"],"picked":"rmod:smokecover","floor":3.0},{"not_picked":["rmod:combined","rmod:luckystar","rmod:overbreakdown"],"picked":"SKIP","floor":3.0},{"not_picked":["rmod:ammunitionsupply","rmod:diamondstrike","rmod:capitalist"],"picked":"SKIP","floor":5.0},{"not_picked":["rmod:ammunitionsupply","rmod:capitalist","rmod:aviationdawn"],"picked":"SKIP","floor":5.0},{"not_picked":["rmod:ammunitionsupply","rmod:diamondstrike","rmod:capitalist"],"picked":"SKIP","floor":5.0},{"not_picked":["rmod:ammunitionsupply","rmod:capitalist","rmod:aviationdawn"],"picked":"SKIP","floor":5.0},{"not_picked":["rmod:circuitoustactics","rmod:selfconfidence","rmod:goodfighter"],"picked":"SKIP","floor":6.0},{"not_picked":["rmod:combined","rmod:firesupport"],"picked":"rmod:mineteam","floor":8.0},{"not_picked":["rmod:aggressivemary","rmod:circuitoustactics","rmod:steelsupply"],"picked":"SKIP","floor":8.0},{"not_picked":["rmod:spoils+1","rmod:wolves"],"picked":"rmod:highspeedmaneuver+1","floor":12.0},{"not_picked":["rmod:rockthrower","rmod:luckystar","rmod:fuelsupply+1"],"picked":"Singing Bowl","floor":12.0},{"not_picked":["rmod:highspeedshooting","rmod:fuelsupply+1","rmod:luckystar"],"picked":"Singing Bowl","floor":13.0},{"not_picked":["rmod:capitalist+1","rmod:slowdown+1","rmod:circuitoustactics+1"],"picked":"Singing Bowl","floor":13.0},{"not_picked":["rmod:fuelsupply+1","rmod:supportescort+1","rmod:slowdown+1"],"picked":"Singing Bowl","floor":14.0},{"not_picked":["rmod:shuttlebombing+1","rmod:heivgo+1","rmod:combined"],"picked":"Singing Bowl","floor":14.0},{"not_picked":["rmod:saltedfish+1","rmod:timeschanged"],"picked":"rmod:windflower+1","floor":16.0},{"not_picked":["rmod:robin+1","rmod:unsinkable+1","rmod:victimresponsibility+1"],"picked":"Singing Bowl","floor":18.0},{"not_picked":["rmod:victimresponsibility+1","rmod:aluminumsupply+1"],"picked":"rmod:salvage","floor":18.0},{"not_picked":["rmod:luckystar","rmod:circuitoustactics+1","rmod:victimresponsibility+1","rmod:steelsupply+1"],"picked":"Singing Bowl","floor":20.0},{"not_picked":["rmod:punchline+1","rmod:spoils+1","rmod:wife+1","rmod:steelsupply+1"],"picked":"Singing Bowl","floor":20.0},{"not_picked":["rmod:ammunitionsupply+1","rmod:supportaircraftcarrier+1","rmod:overbreakdown+1"],"picked":"rmod:intelligenceanalysis","floor":21.0},{"not_picked":["rmod:circuitoustactics+1","rmod:supportescort+1","rmod:aviationdawn+1"],"picked":"rmod:fletcherpendant","floor":21.0},{"not_picked":["rmod:timeschanged","rmod:heivgo+1","rmod:supportescort+1"],"picked":"rmod:circuitoustactics+1","floor":24.0},{"not_picked":["rmod:ammunitionsupply+1","rmod:supportaircraftcarrier+1","rmod:intelligenceanalysis","rmod:overbreakdown+1"],"picked":"Singing Bowl","floor":25.0},{"not_picked":["rmod:ammunitionsupply+1","rmod:fuelsupply+1","rmod:supportescort+1","rmod:highspeedshooting"],"picked":"Singing Bowl","floor":25.0},{"not_picked":["rmod:tearstotiara","rmod:victimresponsibility+1","rmod:combined","rmod:lonelyqueen+1"],"picked":"Singing Bowl","floor":28.0},{"not_picked":["rmod:combined","rmod:wolves+1","rmod:steelsupply+1","rmod:unsinkable+1"],"picked":"Singing Bowl","floor":28.0},{"not_picked":["rmod:intelligenceanalysis+1","rmod:generalist+1","rmod:circuitoustactics+1"],"picked":"rmod:fletcherpendant","floor":29.0},{"not_picked":["rmod:heivgo+1","rmod:rockthrower+1","rmod:wife+1","rmod:supriseattacks+1"],"picked":"Singing Bowl","floor":29.0},{"not_picked":["rmod:advancebysurprise+1","rmod:aviationdawn+1","rmod:highspeedshooting","rmod:victimresponsibility+1"],"picked":"Singing Bowl","floor":30.0},{"not_picked":["rmod:wasp+1","rmod:combined","rmod:overbreakdown+1"],"picked":"rmod:chargemoney","floor":30.0},{"not_picked":["rmod:highspeedshooting","rmod:unsinkable+1","rmod:gendarmerie+1","rmod:expedition"],"picked":"Singing Bowl","floor":31.0},{"not_picked":["rmod:bulid+1","rmod:gendarmerie+1","rmod:aviationdawn+1","rmod:smokecover+1"],"picked":"Singing Bowl","floor":31.0},{"not_picked":["rmod:seals","rmod:u235+1","rmod:auspiciousomen+1"],"picked":"rmod:ridicule+1","floor":33.0},{"not_picked":["rmod:shuttlebombing+1","rmod:guardianhero+1","rmod:diaomin+1","rmod:unsinkable+1"],"picked":"Singing Bowl","floor":34.0},{"not_picked":["rmod:smokecover+1","rmod:ammunitionsupply+1","rmod:fuelsupply+1"],"picked":"rmod:fletcherpendant","floor":35.0},{"not_picked":["rmod:guardianhero+1","rmod:luckystar","rmod:diamondstrike+1","rmod:victimresponsibility+1"],"picked":"Singing Bowl","floor":35.0},{"not_picked":["rmod:firesupport","rmod:highspeedshooting","rmod:concentratefire+1"],"picked":"rmod:circuitoustactics+1","floor":39.0},{"not_picked":["rmod:tearstotiara","rmod:capitalist+1","rmod:aluminumsupply+1"],"picked":"rmod:fletcherpendant","floor":39.0},{"not_picked":["rmod:rockthrower+1","rmod:fuelsupply+1","rmod:aggressivemary+1","rmod:wolves"],"picked":"Singing Bowl","floor":41.0},{"not_picked":["rmod:firesupport","rmod:intelligenceanalysis+1","rmod:combined+1","rmod:circuitoustactics+1"],"picked":"Singing Bowl","floor":42.0},{"not_picked":["rmod:aviationdawn+1","rmod:intelligenceanalysis+1","rmod:luckystar+1"],"picked":"rmod:supriseattacks+1","floor":42.0},{"not_picked":["rmod:diaomin+1","rmod:launchingtorpedo","rmod:aviationdawn+1","rmod:aluminumsupply+1"],"picked":"Singing Bowl","floor":45.0},{"not_picked":["rmod:firesupport","rmod:combined","rmod:mineteam+1","rmod:victimresponsibility+1"],"picked":"Singing Bowl","floor":45.0},{"not_picked":["rmod:victimresponsibility+1","rmod:punchline+1","rmod:aluminumsupply+1"],"picked":"rmod:fletcherpendant+1","floor":46.0},{"not_picked":["rmod:aluminumsupply+1","rmod:wolves+1","rmod:victimresponsibility+1","rmod:firesupport+1"],"picked":"Singing Bowl","floor":46.0},{"not_picked":["rmod:unsinkable+1","rmod:overbreakdown+1","rmod:saltedfish+1","rmod:luckystar+1"],"picked":"Singing Bowl","floor":47},{"not_picked":["rmod:highspeedshooting+1","rmod:unsinkable+1","rmod:aluminumsupply+1"],"picked":"rmod:fletcherpendant","floor":47},{"not_picked":["rmod:smokecover+1","rmod:fuelsupply+1","rmod:royalracing+1","rmod:selfconfidence+1"],"picked":"Singing Bowl","floor":48}],"player_experience":136352,"relics_obtained":[{"floor":6.0,"key":"CaptainsWheel"},{"floor":9.0,"key":"Singing Bowl"},{"floor":24.0,"key":"Potion Belt"},{"floor":41.0,"key":"Pocketwatch"},{"floor":43.0,"key":"Darkstone Periapt"},{"floor":48,"key":"Boot"}],"event_choices":[{"damage_healed":0.0,"max_hp_gain":0.0,"max_hp_loss":0.0,"gold_gain":0.0,"event_name":"WeMeetAgain","player_choice":"Gave Potion","floor":11.0,"gold_loss":0.0,"damage_taken":0.0,"relics_obtained":["Centennial Puzzle"]},{"cards_removed":["rmod:strick"],"damage_healed":0.0,"max_hp_gain":0.0,"max_hp_loss":0.0,"gold_gain":0.0,"event_name":"Bonfire Elementals","player_choice":"Offered Basic","floor":37.0,"gold_loss":0.0,"damage_taken":0.0}],"is_beta":false,"boss_relics":[{"not_picked":["Fusion Hammer","Coffee Dripper"],"picked":"rmod:monthlycard"},{"not_picked":["Snecko Eye","Empty Cage"],"picked":"Tiny House"}],"items_purged_floors":[],"is_endless":false,"potions_floor_spawned":[1,5,12,13,16,21,28,29,30,41,45,47],"ascension_level":4}}