{"host":"5apxsqgkueisybsc","time":1610319105,"event":{"mods":["BaseMod","Hunter ??","Mimic Mod","Minty Spire (QoL Compilation)","Replay The Spire","Shade Mod","StSLib","The Bladedancer","The Bug Knight","The Cursed","The Druid","The Exalted","The Forsaken","The Valiant","The Witch"],"gold_per_floor":[119,12,29,29,45,45,58,91,91,106,121,180,194,225,225,320,320,260,270,270,270,270],"floor_reached":21,"playtime":1584,"items_purged":[],"score":266,"play_id":"b689a5ba-d0fd-4b02-b775-76731dce45a7","local_time":"20210110175145","is_ascension_mode":false,"campfire_choices":[{"data":"theForsaken:DefensiveStance","floor":6,"key":"SMITH"},{"floor":15,"key":"REST"}],"circlet_count":0,"master_deck":["theForsaken:TheForsaken_Strike","theForsaken:TheForsaken_Strike","theForsaken:TheForsaken_Strike","theForsaken:TheForsaken_Strike","theForsaken:TheForsaken_Defend","theForsaken:TheForsaken_Defend","theForsaken:TheForsaken_Defend","theForsaken:TheForsaken_Defend","theForsaken:Smite","theForsaken:Penitence","theForsaken:HymnOfPatience","theForsaken:AncientWords","theForsaken:Tranquility","theForsaken:DefensiveStance+1","theForsaken:AncientWords","theForsaken:HymnOfRest","theForsaken:HymnOfPatience","theForsaken:Prudence","theForsaken:CorruptedWord","theForsaken:CleansingLight","theForsaken:DarkBargain","theForsaken:CorruptedForm+1","theForsaken:ChargeAttack+1","theForsaken:PreciseStrike"],"relics":["theForsaken:JudgementScales","Replay:Accelerometer","Gremlin Horn","Huge Egg","Torii","Busted Crown","theForsaken:Gavel"],"acts_visited":["Exordium","TheCity"],"potions_floor_usage":[10,12,16,16],"damage_taken":[{"damage":1,"enemies":"Jaw Worm","floor":1,"turns":6},{"damage":9,"enemies":"Cultist","floor":3,"turns":6},{"damage":6,"enemies":"Small Slimes","floor":5,"turns":5},{"damage":8,"enemies":"3 Louse","floor":7,"turns":8},{"damage":20,"enemies":"3 Sentries","floor":8,"turns":16},{"damage":0,"enemies":"Gremlin Gang","floor":10,"turns":5},{"damage":2,"enemies":"2 Fungi Beasts","floor":11,"turns":8},{"damage":11,"enemies":"Gremlin Nob","floor":12,"turns":9},{"damage":16,"enemies":"3 Louse","floor":13,"turns":2},{"damage":6,"enemies":"Lagavulin","floor":14,"turns":8},{"damage":23,"enemies":"Fading Forest","floor":16,"turns":11},{"damage":22,"enemies":"2 Thieves","floor":18,"turns":4},{"damage":31,"enemies":"Chosen","floor":19,"turns":6},{"damage":19,"enemies":"3 Cultists","floor":21,"turns":3}],"seed_played":"-7676800411230996080","potions_obtained":[{"floor":8,"key":"Fire Potion"},{"floor":11,"key":"Dexterity Potion"},{"floor":13,"key":"Doom Potion"},{"floor":14,"key":"theForsaken:FearPotion"}],"is_trial":false,"path_per_floor":["M","$","M","$","M","R","M","E","T","M","M","?","M","E","R","B",null,"M","M","?","M"],"character_chosen":"THE_FORSAKEN","items_purchased":["theForsaken:AncientWords","theForsaken:Tranquility"],"campfire_rested":1,"item_purchase_floors":[2,2],"current_hp_per_floor":[71,71,63,63,59,59,54,37,37,40,41,38,24,20,41,21,71,49,18,18,0,0],"gold":270,"neow_bonus":"TEN_PERCENT_HP_BONUS","is_daily":false,"chose_seed":false,"campfire_upgraded":1,"win_rate":0.0,"timestamp":1610319105,"path_taken":["M","$","M","$","M","R","M","E","T","M","M","?","M","E","R","BOSS","M","M","?","?"],"items_purchased_type":["Card","Card"],"build_version":"2020-12-22","purchased_purges":0,"victory":false,"max_hp_per_floor":[71,71,71,71,71,71,71,71,71,71,71,71,71,71,71,71,71,71,71,71,71,71],"card_choices":[{"not_picked":["theForsaken:NobleSacrifice","theForsaken:FatRoll"],"picked":"theForsaken:HymnOfPatience","floor":1},{"not_picked":["theForsaken:Backlash","theForsaken:ChargeAttack"],"picked":"theForsaken:DefensiveStance","floor":3},{"not_picked":["theForsaken:CreepingInfection","theForsaken:HymnOfPatience","theForsaken:Parry"],"picked":"SKIP","floor":5},{"not_picked":["theForsaken:HorrifyingStrike","theForsaken:CreepingInfection"],"picked":"theForsaken:AncientWords","floor":7},{"not_picked":["theForsaken:CreepingInfection","theForsaken:Temperance"],"picked":"theForsaken:HymnOfRest","floor":8},{"not_picked":["theForsaken:ShieldCharge","theForsaken:PowerUp"],"picked":"theForsaken:HymnOfPatience","floor":10},{"not_picked":["theForsaken:Preservation","theForsaken:NobleSacrifice"],"picked":"theForsaken:Prudence","floor":11},{"not_picked":["theForsaken:Thunderbolt","theForsaken:SpinAttack"],"picked":"theForsaken:CorruptedWord","floor":12},{"not_picked":["theForsaken:ShieldCharge","theForsaken:StoreUp"],"picked":"theForsaken:CleansingLight","floor":13},{"not_picked":["theForsaken:ScorchingSunlight","theForsaken:NobleSacrifice"],"picked":"theForsaken:DarkBargain","floor":14},{"not_picked":["theForsaken:Confusion","theForsaken:Retribution"],"picked":"theForsaken:CorruptedForm","floor":16},{"not_picked":[],"picked":"theForsaken:ChargeAttack+1","floor":18},{"not_picked":[],"picked":"theForsaken:PreciseStrike","floor":19}],"player_experience":107643,"relics_obtained":[{"floor":8,"key":"Replay:Accelerometer"},{"floor":9,"key":"Gremlin Horn"},{"floor":12,"key":"Huge Egg"},{"floor":14,"key":"Torii"}],"event_choices":[{"damage_healed":0,"gold_gain":30,"player_choice":"Searched \u00272\u0027 times","damage_taken":0,"max_hp_gain":0,"max_hp_loss":0,"event_name":"Dead Adventurer","floor":12,"gold_loss":0},{"damage_healed":0,"gold_gain":0,"player_choice":"Opened","damage_taken":0,"relics_obtained":["theForsaken:Gavel"],"max_hp_gain":0,"max_hp_loss":0,"event_name":"The Mausoleum","floor":20,"gold_loss":0}],"is_beta":false,"boss_relics":[{"not_picked":["Honey Jar","Kintsugi"],"picked":"Busted Crown"}],"items_purged_floors":[],"is_endless":false,"potions_floor_spawned":[8,11,13,14],"killed_by":"3 Cultists","ascension_level":0}}