{"host":"63rwe7p34ct1i0qu","time":1610295626,"event":{"mods":["BaseMod","Colored Map","DeckTracker","Minty Spire (QoL Compilation)","Permanent Neow","Quick Restart","StSLib"],"gold_per_floor":[113,113,113,113,124,155,155,11,11,42,42,42,42,61,61,164,164,178,103,103,103,103,130,140,152,201,201,221,221,236,236,236],"floor_reached":31,"playtime":823,"items_purged":[],"score":458,"play_id":"48c605c7-34ef-477e-8fe2-27d76da504d7","local_time":"20210111012026","is_ascension_mode":true,"campfire_choices":[{"data":"Blade Dance","floor":7,"key":"SMITH"},{"data":"Phantasmal Killer","floor":11,"key":"SMITH"},{"data":"Envenom","floor":13,"key":"SMITH"},{"data":"Cloak And Dagger","floor":15,"key":"SMITH"},{"floor":27,"key":"REST"},{"floor":29,"key":"REST"}],"circlet_count":0,"master_deck":["AscendersBane","Strike_G+1","Strike_G+1","Strike_G+1","Strike_G+1","Defend_G+1","Defend_G+1","Defend_G+1","Defend_G+1","Defend_G+1","Survivor+1","Neutralize+1","Poisoned Stab","Blade Dance+1","Envenom+1","Phantasmal Killer+1","Cloak And Dagger+1","Wraith Form v2","Dagger Spray"],"relics":["Ring of the Snake","NeowsBlessing","Smiling Mask","StrikeDummy","The Courier","SacredBark","Frozen Egg 2","Art of War"],"acts_visited":["Exordium","TheCity"],"potions_floor_usage":[10,16,23,25],"damage_taken":[{"damage":0,"enemies":"2 Louse","floor":1,"turns":1},{"damage":0,"enemies":"Small Slimes","floor":5,"turns":1},{"damage":0,"enemies":"Gremlin Nob","floor":6,"turns":1},{"damage":16,"enemies":"3 Sentries","floor":10,"turns":8},{"damage":0,"enemies":"Cultist","floor":14,"turns":2},{"damage":22,"enemies":"Hexaghost","floor":16,"turns":8},{"damage":1,"enemies":"Spheric Guardian","floor":18,"turns":4},{"damage":22,"enemies":"Gremlin Leader","floor":23,"turns":6},{"damage":2,"enemies":"Shell Parasite","floor":24,"turns":5},{"damage":8,"enemies":"Shelled Parasite and Fungi","floor":25,"turns":5},{"damage":28,"enemies":"Snake Plant","floor":28,"turns":4},{"damage":24,"enemies":"Snecko","floor":30,"turns":6},{"damage":3,"enemies":"Shelled Parasite and Fungi","floor":31,"turns":2}],"seed_played":"-4489966903343898920","potions_obtained":[{"floor":5,"key":"EntropicBrew"},{"floor":6,"key":"Strength Potion"},{"floor":14,"key":"ColorlessPotion"}],"is_trial":false,"path_per_floor":["M","?","$","?","M","E","R","$","T","E","R","?","R","M","R","B",null,"M","?","?","?","$","E","M","M","T","R","M","R","M","M"],"character_chosen":"THE_SILENT","items_purchased":["Envenom"],"campfire_rested":2,"item_purchase_floors":[8],"current_hp_per_floor":[63,49,49,49,49,49,49,49,49,33,33,56,56,56,56,34,61,60,60,47,47,47,25,23,15,15,37,9,31,7,4,4],"gold":236,"neow_bonus":"THREE_ENEMY_KILL","is_daily":false,"chose_seed":false,"campfire_upgraded":4,"win_rate":0.0,"timestamp":1610295626,"path_taken":["M","?","$","?","?","E","R","$","T","E","R","?","R","M","R","BOSS","M","?","?","?","$","E","M","M","T","R","M","R","M","M"],"items_purchased_type":["Card"],"build_version":"2020-12-22","purchased_purges":0,"victory":false,"max_hp_per_floor":[70,70,70,70,70,70,70,70,70,70,70,70,70,70,70,70,70,70,70,75,75,75,75,75,75,75,75,75,75,75,75,75],"card_choices":[{"not_picked":["Deflect","Outmaneuver","Slice"],"picked":"SKIP","floor":1},{"not_picked":["Acrobatics","Sucker Punch"],"picked":"Poisoned Stab","floor":5},{"not_picked":["Slice","Backflip"],"picked":"Blade Dance","floor":6},{"not_picked":["Predator","Reflex"],"picked":"Phantasmal Killer","floor":10},{"not_picked":["Dagger Throw","Deflect"],"picked":"Cloak And Dagger","floor":14},{"not_picked":["Bullet Time","Grand Finale"],"picked":"Wraith Form v2","floor":16},{"not_picked":["Deadly Poison","Tactician+1","Quick Slash"],"picked":"SKIP","floor":18},{"not_picked":["PiercingWail","Tactician","Dagger Throw"],"picked":"SKIP","floor":23},{"not_picked":["Cloak And Dagger","Endless Agony+1","Acrobatics"],"picked":"SKIP","floor":24},{"not_picked":["Outmaneuver","Flying Knee","Eviscerate+1"],"picked":"SKIP","floor":25},{"not_picked":["Poisoned Stab","Deflect"],"picked":"Dagger Spray","floor":28},{"not_picked":["Caltrops+1","Outmaneuver","Underhanded Strike+1"],"picked":"SKIP","floor":30}],"player_experience":835872,"relics_obtained":[{"floor":6,"key":"Smiling Mask"},{"floor":9,"key":"StrikeDummy"},{"floor":10,"key":"The Courier"},{"floor":23,"key":"Frozen Egg 2"},{"floor":26,"key":"Art of War"}],"event_choices":[{"damage_healed":0,"gold_gain":0,"player_choice":"Entered Light","damage_taken":14,"max_hp_gain":0,"max_hp_loss":0,"event_name":"Shining Light","floor":2,"gold_loss":0,"cards_upgraded":["Survivor","Strike_G"]},{"damage_healed":0,"gold_gain":0,"player_choice":"Upgraded","damage_taken":0,"max_hp_gain":0,"max_hp_loss":0,"event_name":"Upgrade Shrine","floor":4,"gold_loss":0,"cards_upgraded":["Neutralize"]},{"damage_healed":23,"gold_gain":0,"player_choice":"Banana","damage_taken":0,"max_hp_gain":0,"max_hp_loss":0,"event_name":"Big Fish","floor":12,"gold_loss":0},{"cards_removed":["Strike_G"],"damage_healed":0,"gold_gain":0,"player_choice":"Gave Gold","damage_taken":0,"max_hp_gain":0,"max_hp_loss":0,"event_name":"Beggar","floor":19,"gold_loss":75},{"damage_healed":0,"gold_gain":0,"player_choice":"Shed Blood","damage_taken":18,"max_hp_gain":5,"max_hp_loss":0,"event_name":"Forgotten Altar","floor":20,"gold_loss":0},{"damage_healed":0,"gold_gain":0,"player_choice":"Simplicity","damage_taken":0,"max_hp_gain":0,"max_hp_loss":0,"event_name":"Back to Basics","floor":21,"gold_loss":0,"cards_upgraded":["Strike_G","Strike_G","Strike_G","Defend_G","Defend_G","Defend_G","Defend_G","Defend_G"]}],"is_beta":false,"boss_relics":[{"not_picked":["Black Star","Runic Dome"],"picked":"SacredBark"}],"items_purged_floors":[],"is_endless":false,"potions_floor_spawned":[5,6,14,23,24],"killed_by":"Shelled Parasite and Fungi","ascension_level":12}}