{"host":"s41rn2jhghpwfrvz","time":1610275054,"event":{"mods":["BaseMod","Minty Spire (QoL Compilation)","Quick Restart","Relic Stats","SuperFastMode"],"gold_per_floor":[115,128,53,69,84,112,112,132,132,150,170,182,212,232,232,309,309,324,339,355,111,129,156,56,73,73,83,99,99,134,450,450,525,525,542,555,568,265,265,265],"floor_reached":39,"playtime":1059,"items_purged":["Steam","Sweeping Beam","Sweeping Beam+1"],"score":1090,"play_id":"c60be23b-c091-4fc0-a645-de43fb382bba","local_time":"20210110123734","daily_mods":["SealedDeck","Vintage","Diverse"],"is_ascension_mode":true,"campfire_choices":[{"data":"WreathOfFlame","floor":7,"key":"SMITH"},{"data":"Study","floor":15,"key":"PURGE"},{"data":"Pummel","floor":29,"key":"PURGE"},{"data":"Rage","floor":32,"key":"SMITH"}],"circlet_count":0,"master_deck":["AscendersBane","WreathOfFlame+1","Caltrops+1","Backflip+1","Rage+1","Pummel+1","Riddle With Holes+1","LessonLearned","Madness"],"relics":["Burning Blood","Paper Frog","Turnip","Meat on the Bone","Ancient Tea Set","Pocketwatch","StrikeDummy","Bronze Scales","Mercury Hourglass","Peace Pipe","Sozu","Red Skull","Pen Nib","Centennial Puzzle","Bag of Preparation","Mummified Hand","Molten Egg 2","Smiling Mask","White Beast Statue","Art of War","Potion Belt","Nunchaku","Old Coin","Runic Pyramid","Self Forming Clay","Omamori","Darkstone Periapt","Medical Kit"],"acts_visited":["Exordium","TheCity","TheBeyond"],"potions_floor_usage":[],"damage_taken":[{"damage":0,"enemies":"Cultist","floor":1,"turns":3},{"damage":0,"enemies":"2 Louse","floor":2,"turns":2},{"damage":0,"enemies":"Small Slimes","floor":4,"turns":2},{"damage":19,"enemies":"Exordium Wildlife","floor":5,"turns":6},{"damage":22,"enemies":"3 Sentries","floor":6,"turns":6},{"damage":7,"enemies":"Blue Slaver","floor":8,"turns":2},{"damage":20,"enemies":"Gremlin Gang","floor":10,"turns":3},{"damage":4,"enemies":"Large Slime","floor":11,"turns":4},{"damage":3,"enemies":"Red Slaver","floor":12,"turns":2},{"damage":0,"enemies":"Lagavulin","floor":13,"turns":4},{"damage":2,"enemies":"Looter","floor":14,"turns":3},{"damage":0,"enemies":"Slime Boss","floor":16,"turns":5},{"damage":15,"enemies":"Shell Parasite","floor":18,"turns":3},{"damage":0,"enemies":"Spheric Guardian","floor":19,"turns":3},{"damage":6,"enemies":"Chosen and Byrds","floor":20,"turns":3},{"damage":19,"enemies":"Snake Plant","floor":22,"turns":2},{"damage":30,"enemies":"Book of Stabbing","floor":23,"turns":3},{"damage":1,"enemies":"Cultist and Chosen","floor":25,"turns":3},{"damage":6,"enemies":"3 Cultists","floor":27,"turns":3},{"damage":0,"enemies":"Snecko","floor":28,"turns":2},{"damage":10,"enemies":"Slavers","floor":30,"turns":3},{"damage":0,"enemies":"Snake Plant","floor":31,"turns":1},{"damage":8,"enemies":"Automaton","floor":33,"turns":6},{"damage":0,"enemies":"Orb Walker","floor":35,"turns":2},{"damage":25,"enemies":"3 Shapes","floor":36,"turns":3},{"damage":0,"enemies":"3 Darklings","floor":37,"turns":3},{"damage":72,"enemies":"4 Shapes","floor":39,"turns":4}],"seed_played":"-4777949724592354649","potions_obtained":[{"floor":2,"key":"SteroidPotion"},{"floor":5,"key":"ColorlessPotion"},{"floor":16,"key":"Ancient Potion"}],"is_trial":true,"path_per_floor":["M","M","$","M","M","E","R","M","T","M","M","M","E","M","R","B",null,"M","M","M","$","M","E","$","M","T","M","M","R","E","M","R","B",null,"M","M","M","$","M"],"character_chosen":"IRONCLAD","items_purchased":["Riddle With Holes","Bag of Preparation","Medical Kit","Madness"],"campfire_rested":0,"item_purchase_floors":[3,21,38,38],"current_hp_per_floor":[74,75,75,75,62,46,46,45,45,43,45,48,54,58,58,64,72,63,69,69,69,56,44,44,49,49,49,55,55,51,57,57,55,70,75,56,62,62,0,0],"gold":265,"neow_bonus":"","is_daily":false,"chose_seed":false,"campfire_upgraded":2,"win_rate":0.0,"timestamp":1610275054,"path_taken":["M","M","?","M","M","E","R","M","T","M","M","M","E","M","R","BOSS","M","M","M","$","M","E","$","M","T","M","M","R","E","M","R","BOSS","M","?","M","$","M"],"items_purchased_type":["Card","Relic","Relic","Card"],"build_version":"2020-12-22","purchased_purges":3,"victory":false,"max_hp_per_floor":[75,75,75,75,75,75,75,75,75,75,75,75,75,75,75,75,75,75,75,75,75,75,75,75,75,75,75,75,75,75,75,75,75,75,75,75,75,75,75,75],"relic_stats":{"Darkstone Periapt":0,"counters":[27,85],"Self Forming Clay":[21],"Pen Nib":[6],"Bag of Preparation":[24],"Smiling Mask":75,"Medical Kit":[4],"Burning Blood":144,"Mercury Hourglass":[238],"Peace Pipe":2,"Sozu":11,"Centennial Puzzle":[23],"Nunchaku":[2],"Mummified Hand":[10],"Bronze Scales":[107],"Turnip":[13],"Art of War":[1],"obtain_stats":[{"Darkstone Periapt":37,"Bag of Preparation":21,"Ancient Tea Set":6,"Smiling Mask":25,"Burning Blood":0,"Old Coin":31,"Sozu":17,"Centennial Puzzle":20,"Nunchaku":30,"Mummified Hand":22,"Red Skull":18,"Paper Frog":1,"Runic Pyramid":34,"Potion Belt":28,"Self Forming Clay":35,"Pen Nib":19,"Omamori":36,"Medical Kit":38,"White Beast Statue":26,"Mercury Hourglass":13,"Peace Pipe":14,"Bronze Scales":12,"Molten Egg 2":23,"Turnip":2,"Art of War":27,"StrikeDummy":10,"Meat on the Bone":4,"Pocketwatch":8},{"Darkstone Periapt":26,"Bag of Preparation":15,"Ancient Tea Set":5,"Smiling Mask":18,"Burning Blood":0,"Old Coin":22,"Sozu":12,"Centennial Puzzle":15,"Nunchaku":21,"Mummified Hand":16,"Red Skull":13,"Paper Frog":1,"Runic Pyramid":23,"Potion Belt":20,"Self Forming Clay":24,"Pen Nib":14,"Omamori":25,"Medical Kit":26,"White Beast Statue":18,"Mercury Hourglass":10,"Peace Pipe":11,"Bronze Scales":9,"Molten Egg 2":17,"Turnip":2,"Art of War":19,"StrikeDummy":7,"Meat on the Bone":3,"Pocketwatch":6},{"Darkstone Periapt":81,"Bag of Preparation":50,"Ancient Tea Set":19,"Smiling Mask":58,"Burning Blood":0,"Old Coin":67,"Sozu":41,"Centennial Puzzle":50,"Nunchaku":66,"Mummified Hand":52,"Red Skull":44,"Paper Frog":3,"Runic Pyramid":73,"Potion Belt":63,"Self Forming Clay":75,"Pen Nib":47,"Omamori":78,"Medical Kit":81,"White Beast Statue":58,"Mercury Hourglass":34,"Peace Pipe":37,"Bronze Scales":30,"Molten Egg 2":55,"Turnip":5,"Art of War":61,"StrikeDummy":24,"Meat on the Bone":7,"Pocketwatch":21}],"Meat on the Bone":24,"Pocketwatch":[21]},"card_choices":[{"not_picked":["Vengeance","Leap","Flying Knee"],"picked":"SKIP","floor":6},{"not_picked":["Warcry","Chill","Coolheaded"],"picked":"SKIP","floor":13},{"not_picked":["Fission","Envenom"],"picked":"LessonLearned","floor":16},{"not_picked":["Warcry","Perfected Strike+1","Consecrate+1"],"picked":"SKIP","floor":23},{"not_picked":["Twin Strike+1","Wild Strike+1","Sword Boomerang+1"],"picked":"SKIP","floor":30}],"player_experience":1705823,"relics_obtained":[{"floor":1,"key":"Paper Frog"},{"floor":2,"key":"Turnip"},{"floor":4,"key":"Meat on the Bone"},{"floor":6,"key":"Ancient Tea Set"},{"floor":8,"key":"Pocketwatch"},{"floor":10,"key":"StrikeDummy"},{"floor":12,"key":"Bronze Scales"},{"floor":13,"key":"Mercury Hourglass"},{"floor":14,"key":"Peace Pipe"},{"floor":18,"key":"Red Skull"},{"floor":19,"key":"Pen Nib"},{"floor":20,"key":"Centennial Puzzle"},{"floor":22,"key":"Mummified Hand"},{"floor":23,"key":"Molten Egg 2"},{"floor":25,"key":"Smiling Mask"},{"floor":26,"key":"White Beast Statue"},{"floor":27,"key":"Art of War"},{"floor":28,"key":"Potion Belt"},{"floor":30,"key":"Nunchaku"},{"floor":31,"key":"Old Coin"},{"floor":35,"key":"Self Forming Clay"},{"floor":36,"key":"Omamori"},{"floor":37,"key":"Darkstone Periapt"}],"event_choices":[],"is_beta":false,"boss_relics":[{"not_picked":["Philosopher\u0027s Stone","Ectoplasm"],"picked":"Sozu"},{"not_picked":["Tiny House","Cursed Key"],"picked":"Runic Pyramid"}],"items_purged_floors":[21,24,38],"is_endless":false,"potions_floor_spawned":[2,5,8,11,14,16,19,20,22,27,28,30,31,33,35,36,37],"killed_by":"4 Shapes","ascension_level":20}}