{"host":"ynimr9ugvc6f046i","time":1610248284,"event":{"mods":["2.2 Compatiblity","BaseMod","Colored Map","DeckTracker","Highlight Path","Keyboard Shortcuts","Minty Spire (QoL Compilation)","Permanent Neow","Quick Restart","StSLib","SuperFastMode"],"gold_per_floor":[119,0,0,10,27,27,27,39,64,64,64,64,77,77,77,175,175,200,5,26,39,39,83,83,114,162,162,162,162,186,206,206,295,295,308,308,40,63,82,82,121,121,121,121,121],"floor_reached":44,"playtime":974,"items_purged":["Defend_B","Defend_B"],"score":932,"play_id":"fc9e44ac-9723-430c-9889-f827af109d2c","local_time":"20210110121124","is_ascension_mode":true,"campfire_choices":[{"data":"Chaos","floor":6.0,"key":"SMITH"},{"data":"Defragment","floor":10.0,"key":"SMITH"},{"data":"Zap","floor":12.0,"key":"SMITH"},{"data":"Seek","floor":15.0,"key":"SMITH"},{"floor":24.0,"key":"REST"},{"floor":29,"key":"REST"},{"data":"Biased Cognition","floor":32,"key":"SMITH"},{"floor":40,"key":"RECALL"},{"floor":42,"key":"REST"}],"circlet_count":0,"master_deck":["AscendersBane","Defend_B","Zap+1","Dualcast","Seek+1","Genetic Algorithm","Defragment+1","Compile Driver+1","Chaos+1","Ball Lightning+1","Electrodynamics","Consume+1","Turbo+1","Coolheaded+1","Glacier","Biased Cognition+1","Glacier","Echo Form","Blizzard+1"],"relics":["Cracked Core","Runic Capacitor","Centennial Puzzle","Golden Idol","Astrolabe","Ancient Tea Set","Molten Egg 2","Akabeko","Philosopher\u0027s Stone","Lantern","StrikeDummy","Whetstone"],"acts_visited":["Exordium","TheCity","TheBeyond"],"potions_floor_usage":[25,44],"damage_taken":[{"damage":7.0,"enemies":"Jaw Worm","floor":1.0,"turns":2.0},{"damage":5.0,"enemies":"Cultist","floor":4.0,"turns":3.0},{"damage":10.0,"enemies":"2 Louse","floor":5.0,"turns":3.0},{"damage":13.0,"enemies":"Exordium Thugs","floor":8.0,"turns":5.0},{"damage":20.0,"enemies":"Gremlin Gang","floor":13.0,"turns":3.0},{"damage":4.0,"enemies":"Hexaghost","floor":16.0,"turns":6.0},{"damage":19.0,"enemies":"2 Thieves","floor":18.0,"turns":3.0},{"damage":7.0,"enemies":"3 Byrds","floor":20.0,"turns":2.0},{"damage":11.0,"enemies":"Snecko","floor":21.0,"turns":3.0},{"damage":5.0,"enemies":"Book of Stabbing","floor":23.0,"turns":5.0},{"damage":13,"enemies":"Gremlin Leader","floor":25,"turns":4},{"damage":0,"enemies":"Cultist and Chosen","floor":30,"turns":4},{"damage":0,"enemies":"Chosen and Byrds","floor":31,"turns":5},{"damage":12,"enemies":"Champ","floor":33,"turns":10},{"damage":0,"enemies":"Orb Walker","floor":35,"turns":3},{"damage":12,"enemies":"3 Darklings","floor":38,"turns":2},{"damage":0,"enemies":"Spire Growth","floor":39,"turns":4},{"damage":36,"enemies":"Nemesis","floor":41,"turns":7},{"damage":0,"enemies":"Reptomancer","floor":44,"turns":1}],"seed_played":"-3834826138872246780","potions_obtained":[{"floor":4.0,"key":"FocusPotion"},{"floor":8.0,"key":"PotionOfCapacity"},{"floor":20.0,"key":"FocusPotion"},{"floor":30,"key":"PowerPotion"},{"floor":35,"key":"SteroidPotion"},{"floor":41,"key":"CultistPotion"}],"is_trial":false,"path_per_floor":["M","$","?","M","M","R","?","M","T","R","$","R","M","?","R","B",null,"M","$","M","M","?","E","R","E","T","T","?","R","M","M","R","B",null,"M","?","$","M","M","R","E","R","T","E"],"character_chosen":"DEFECT","items_purchased":["Defragment","Runic Capacitor","Lantern"],"campfire_rested":3,"item_purchase_floors":[2,2,37],"current_hp_per_floor":[57,57,57,52,42,42,42,29,29,29,29,29,9,9,9,5,49,30,30,23,12,12,7,26,13,13,13,13,32,32,32,32,20,53,53,53,53,41,41,41,5,23,23,23,23],"gold":121,"neow_bonus":"ONE_RANDOM_RARE_CARD","is_daily":false,"chose_seed":false,"campfire_upgraded":5,"win_rate":0.0,"timestamp":1610248284,"path_taken":["M","$","?","M","?","R","?","M","T","R","?","R","?","?","R","BOSS","M","$","M","M","?","E","R","E","T","?","?","R","?","M","R","BOSS","M","?","$","M","M","R","E","R","T","E"],"items_purchased_type":["Card","Relic","Relic"],"build_version":"2020-12-22","purchased_purges":2,"victory":false,"max_hp_per_floor":[71,71,71,71,71,71,71,71,71,71,71,71,71,64,64,64,64,64,64,64,64,64,64,64,64,64,64,64,64,64,64,64,64,64,64,61,61,61,61,61,61,61,61,61,61],"card_choices":[{"not_picked":["Go for the Eyes","Genetic Algorithm","Blizzard"],"picked":"SKIP","floor":1.0},{"not_picked":["Go for the Eyes","Blizzard"],"picked":"Genetic Algorithm","floor":1.0},{"not_picked":["Storm","Beam Cell"],"picked":"Compile Driver","floor":4.0},{"not_picked":["Steam Power","Redo"],"picked":"Chaos","floor":5.0},{"not_picked":["Steam Power","Rebound"],"picked":"Ball Lightning","floor":8.0},{"not_picked":["Stack","Rip and Tear","Recycle"],"picked":"SKIP","floor":13.0},{"not_picked":["All For One","Amplify"],"picked":"Electrodynamics","floor":16.0},{"not_picked":["Gash","Tempest"],"picked":"Glacier","floor":18.0},{"not_picked":["Stack","Cold Snap","Undo"],"picked":"SKIP","floor":20.0},{"not_picked":["Steam","Leap","Conserve Battery"],"picked":"SKIP","floor":21.0},{"not_picked":["Genetic Algorithm","Hello World","Storm+1"],"picked":"SKIP","floor":23.0},{"not_picked":["Steam Power","Beam Cell+1"],"picked":"Biased Cognition","floor":25},{"not_picked":["Stack","Steam","Beam Cell+1"],"picked":"SKIP","floor":30},{"not_picked":["Redo","Ball Lightning+1"],"picked":"Glacier","floor":31},{"not_picked":["All For One+1","Multi-Cast"],"picked":"Echo Form","floor":33},{"not_picked":["Leap","Reprogram","Stack+1"],"picked":"SKIP","floor":35},{"not_picked":["Redo","Sweeping Beam+1","Stack+1"],"picked":"SKIP","floor":38},{"not_picked":["Streamline+1","Stack","Sweeping Beam+1"],"picked":"SKIP","floor":39},{"not_picked":["Streamline+1","Redo"],"picked":"Blizzard+1","floor":41}],"player_experience":527908,"relics_obtained":[{"floor":9.0,"key":"Centennial Puzzle"},{"floor":23.0,"key":"Ancient Tea Set"},{"floor":25,"key":"Molten Egg 2"},{"floor":27,"key":"Akabeko"},{"floor":41,"key":"StrikeDummy"},{"floor":43,"key":"Whetstone"}],"event_choices":[{"cards_removed":["Strike_B"],"damage_healed":0.0,"max_hp_gain":0.0,"max_hp_loss":0.0,"gold_gain":0.0,"event_name":"Bonfire Elementals","player_choice":"Offered Basic","floor":3.0,"gold_loss":0.0,"damage_taken":0.0},{"cards_removed":["Strike_B"],"damage_healed":0.0,"max_hp_gain":0.0,"max_hp_loss":0.0,"gold_gain":0.0,"event_name":"Purifier","player_choice":"Purged","floor":7.0,"gold_loss":0.0,"damage_taken":0.0},{"damage_healed":0.0,"max_hp_gain":0.0,"max_hp_loss":7.0,"gold_gain":0.0,"event_name":"Golden Idol","player_choice":"Lose Max HP","floor":14.0,"gold_loss":0.0,"damage_taken":0.0,"relics_obtained":["Golden Idol"]},{"damage_healed":0.0,"max_hp_gain":0.0,"max_hp_loss":0.0,"gold_gain":0.0,"event_name":"Vampires","player_choice":"Ignored","floor":22.0,"gold_loss":0.0,"damage_taken":0.0},{"damage_healed":0,"gold_gain":0,"player_choice":"Ignored","damage_taken":0,"max_hp_gain":0,"max_hp_loss":0,"event_name":"Ghosts","floor":28,"gold_loss":0},{"damage_healed":0,"gold_gain":0,"player_choice":"Max HP","damage_taken":0,"max_hp_gain":0,"max_hp_loss":3,"event_name":"Winding Halls","floor":36,"gold_loss":0}],"is_beta":false,"boss_relics":[{"not_picked":["Cursed Key","Empty Cage"],"picked":"Astrolabe"},{"not_picked":["Sozu","Runic Pyramid"],"picked":"Philosopher\u0027s Stone"}],"items_purged_floors":[19,37],"is_endless":false,"potions_floor_spawned":[4,8,20,21,30,35,41],"killed_by":"Reptomancer","ascension_level":20}}