{"host":"t7mx8yfj1no5p62f","time":1610299914,"event":{"mods":["BaseMod","Colored Map","Colored Powertips","Minty Spire (QoL Compilation)","Relic Stats","StSLib"],"gold_per_floor":[116,132,147,117,131,131,159,159,159,185,204,230,248,258,258,331,331,349,367,14,27,44,74,74,92,392,392,417,417,447,464,464,542,542,561,149,149,163,176,205,205,218,218,218,243,253,253,285,285,285,285,285],"floor_reached":51,"playtime":2552,"items_purged":["Strike_R"],"score":1721,"play_id":"40dfb1e3-a810-4c75-a118-c2fbe4371558","local_time":"20210110123154","is_ascension_mode":true,"campfire_choices":[{"data":"Uppercut","floor":6.0,"key":"SMITH"},{"floor":8.0,"key":"REST"},{"data":"Whirlwind","floor":15.0,"key":"SMITH"},{"data":"Inflame","floor":24.0,"key":"SMITH"},{"data":"Shockwave","floor":27.0,"key":"SMITH"},{"data":"Fire Breathing","floor":32.0,"key":"SMITH"},{"data":"Barricade","floor":41.0,"key":"SMITH"},{"floor":47,"key":"RECALL"},{"floor":49,"key":"REST"}],"circlet_count":0,"master_deck":["AscendersBane","Strike_R","Strike_R","Strike_R","Strike_R+1","Defend_R","Defend_R","Defend_R","Defend_R","Bash","Uppercut+1","Rampage","Fiend Fire","Flex","Anger+1","Evolve","Whirlwind+1","Inflame+1","Impervious","Power Through","Shockwave+1","Fire Breathing+1","True Grit+1","Barricade+1","Feel No Pain+1","Brutality","Pain","Power Through","Battle Trance","Impervious","Heavy Blade+1","Disarm"],"relics":["Black Star","MealTicket","Singing Bowl","Whetstone","Meat on the Bone","Centennial Puzzle","Potion Belt","Shuriken","Velvet Choker","Gremlin Horn","Boot","Charon\u0027s Ashes","Old Coin","White Beast Statue","Pantograph","Matryoshka","Mango","Mark of Pain","Lee\u0027s Waffle","WarpedTongs","Red Skull","Bottled Lightning","Molten Egg 2","Nunchaku","Frozen Egg 2","Regal Pillow","Bottled Flame"],"acts_visited":["Exordium","TheCity","TheBeyond"],"potions_floor_usage":[42,51,51],"damage_taken":[{"damage":7.0,"enemies":"Cultist","floor":1.0,"turns":4.0},{"damage":8.0,"enemies":"Jaw Worm","floor":2.0,"turns":4.0},{"damage":3.0,"enemies":"Small Slimes","floor":3.0,"turns":3.0},{"damage":18.0,"enemies":"Gremlin Gang","floor":5.0,"turns":6.0},{"damage":29.0,"enemies":"3 Sentries","floor":7.0,"turns":10.0},{"damage":20.0,"enemies":"Lagavulin","floor":10.0,"turns":6.0},{"damage":12.0,"enemies":"Exordium Wildlife","floor":11.0,"turns":2.0},{"damage":20.0,"enemies":"3 Sentries","floor":12.0,"turns":6.0},{"damage":9.0,"enemies":"Lots of Slimes","floor":13.0,"turns":4.0},{"damage":2.0,"enemies":"Looter","floor":14.0,"turns":3.0},{"damage":18.0,"enemies":"Slime Boss","floor":16.0,"turns":5.0},{"damage":12.0,"enemies":"Chosen","floor":18.0,"turns":3.0},{"damage":16.0,"enemies":"3 Byrds","floor":19.0,"turns":4.0},{"damage":5.0,"enemies":"Snecko","floor":21.0,"turns":4.0},{"damage":14.0,"enemies":"Chosen and Byrds","floor":22.0,"turns":5.0},{"damage":33.0,"enemies":"Gremlin Leader","floor":23.0,"turns":5.0},{"damage":1.0,"enemies":"Sentry and Sphere","floor":25.0,"turns":3.0},{"damage":19.0,"enemies":"Book of Stabbing","floor":28.0,"turns":4.0},{"damage":0.0,"enemies":"Snake Plant","floor":29.0,"turns":1.0},{"damage":15.0,"enemies":"Gremlin Leader","floor":30.0,"turns":5.0},{"damage":24.0,"enemies":"Cultist and Chosen","floor":31.0,"turns":5.0},{"damage":59.0,"enemies":"Collector","floor":33.0,"turns":9.0},{"damage":12.0,"enemies":"3 Shapes","floor":35.0,"turns":6.0},{"damage":3.0,"enemies":"Orb Walker","floor":38.0,"turns":1.0},{"damage":23.0,"enemies":"4 Shapes","floor":39.0,"turns":4.0},{"damage":33.0,"enemies":"Nemesis","floor":40.0,"turns":7.0},{"damage":17,"enemies":"Spire Growth","floor":42,"turns":4},{"damage":10,"enemies":"Giant Head","floor":45,"turns":7},{"damage":17,"enemies":"3 Darklings","floor":46,"turns":3},{"damage":35,"enemies":"Nemesis","floor":48,"turns":7},{"damage":51,"enemies":"Donu and Deca","floor":50,"turns":10},{"damage":103,"enemies":"Awakened One","floor":51,"turns":17}],"seed_played":"-5842033186448034578","potions_obtained":[{"floor":1.0,"key":"Dexterity Potion"},{"floor":4.0,"key":"Strength Potion"},{"floor":5.0,"key":"FairyPotion"},{"floor":12.0,"key":"Ancient Potion"},{"floor":16.0,"key":"SmokeBomb"},{"floor":22.0,"key":"PowerPotion"},{"floor":23.0,"key":"Energy Potion"},{"floor":28.0,"key":"PowerPotion"},{"floor":30.0,"key":"Explosive Potion"},{"floor":31.0,"key":"SteroidPotion"},{"floor":33.0,"key":"EntropicBrew"},{"floor":39.0,"key":"DuplicationPotion"},{"floor":40.0,"key":"DuplicationPotion"},{"floor":42,"key":"LiquidMemories"},{"floor":46,"key":"Fruit Juice"}],"is_trial":false,"path_per_floor":["M","M","M","?","M","R","E","R","T","E","M","E","M","M","R","B",null,"M","M","$","M","M","E","R","M","T","R","E","M","E","M","R","B",null,"M","$","?","M","M","E","R","M","T","?","E","M","R","E","R","B","B"],"character_chosen":"IRONCLAD","items_purchased":["Power Through","Gremlin Horn","Lee\u0027s Waffle","Brutality"],"campfire_rested":2,"item_purchase_floors":[20,20,36,36],"current_hp_per_floor":[61,53,50,50,32,32,3,25,25,5,30,24,27,37,37,31,67,57,43,58,55,55,36,36,47,47,47,40,52,65,53,53,31,87,75,112,112,111,90,69,69,64,64,64,66,61,61,40,90,64,0,0],"gold":285,"neow_bonus":"BOSS_RELIC","is_daily":false,"chose_seed":false,"campfire_upgraded":6,"win_rate":0.0,"timestamp":1610299914,"path_taken":["M","M","?","?","M","R","E","R","T","E","M","E","M","M","R","BOSS","M","M","$","M","M","E","R","M","T","R","E","?","E","M","R","BOSS","M","$","?","M","?","E","R","M","T","?","E","?","R","E","R","BOSS","BOSS"],"items_purchased_type":["Card","Relic","Relic","Card"],"build_version":"2020-12-22","purchased_purges":1,"victory":false,"max_hp_per_floor":[75,75,75,75,75,75,75,75,75,75,77,79,79,79,79,79,79,81,83,83,85,87,89,89,89,89,89,89,89,105,105,105,105,105,105,112,112,114,116,116,116,116,116,116,116,116,116,118,118,118,123,123],"relic_stats":{"Lee\u0027s Waffle":22,"Regal Pillow":15,"Singing Bowl":22,"Gremlin Horn":[29,30],"counters":[32,167],"Charon\u0027s Ashes":[457],"Whetstone":["Anger","Strike_R"],"Boot":[40],"WarpedTongs":[54],"Centennial Puzzle":[75],"Nunchaku":[6],"Shuriken":[37],"Pantograph":75,"MealTicket":30,"Black Star":9,"obtain_stats":[{"Regal Pillow":48,"Singing Bowl":7,"Gremlin Horn":20,"Mango":30,"Whetstone":9,"Boot":23,"Burning Blood":0,"Old Coin":26,"Centennial Puzzle":10,"Nunchaku":45,"Matryoshka":30,"Pantograph":28,"MealTicket":7,"Red Skull":40,"Potion Belt":12,"Lee\u0027s Waffle":36,"Velvet Choker":17,"Charon\u0027s Ashes":23,"Frozen Egg 2":45,"White Beast Statue":28,"WarpedTongs":37,"Bottled Flame":48,"Shuriken":12,"Molten Egg 2":43,"Mark of Pain":34,"Black Star":0,"Bottled Lightning":40,"Meat on the Bone":10},{"Regal Pillow":30,"Singing Bowl":5,"Gremlin Horn":13,"Mango":20,"Whetstone":5,"Boot":16,"Burning Blood":0,"Old Coin":17,"Centennial Puzzle":6,"Nunchaku":28,"Matryoshka":20,"Pantograph":18,"MealTicket":5,"Red Skull":26,"Potion Belt":8,"Lee\u0027s Waffle":23,"Velvet Choker":11,"Charon\u0027s Ashes":16,"Frozen Egg 2":28,"White Beast Statue":18,"WarpedTongs":23,"Bottled Flame":30,"Shuriken":8,"Molten Egg 2":27,"Mark of Pain":22,"Black Star":0,"Bottled Lightning":26,"Meat on the Bone":6},{"Regal Pillow":140,"Singing Bowl":27,"Gremlin Horn":60,"Mango":87,"Whetstone":27,"Boot":74,"Burning Blood":0,"Old Coin":77,"Centennial Puzzle":33,"Nunchaku":130,"Matryoshka":87,"Pantograph":81,"MealTicket":27,"Red Skull":119,"Potion Belt":41,"Lee\u0027s Waffle":107,"Velvet Choker":53,"Charon\u0027s Ashes":74,"Frozen Egg 2":130,"White Beast Statue":81,"WarpedTongs":107,"Bottled Flame":140,"Shuriken":41,"Molten Egg 2":123,"Mark of Pain":101,"Black Star":0,"Bottled Lightning":119,"Meat on the Bone":33}],"Meat on the Bone":216},"card_choices":[{"not_picked":["Sword Boomerang","Body Slam"],"picked":"Uppercut","floor":1.0},{"not_picked":["Dual Wield","Wild Strike"],"picked":"Rampage","floor":2.0},{"not_picked":["Wild Strike","Dropkick"],"picked":"Fiend Fire","floor":3.0},{"not_picked":["Twin Strike","Perfected Strike"],"picked":"Flex","floor":5.0},{"not_picked":["Seeing Red","Body Slam"],"picked":"Anger","floor":7.0},{"not_picked":["Clothesline","Sentinel"],"picked":"Evolve","floor":10.0},{"not_picked":["Anger","Pommel Strike","Perfected Strike"],"picked":"Singing Bowl","floor":11.0},{"not_picked":["Clothesline","Intimidate","Pommel Strike"],"picked":"Singing Bowl","floor":12.0},{"not_picked":["Entrench","Searing Blow"],"picked":"Whirlwind","floor":13.0},{"not_picked":["Uppercut","Rupture"],"picked":"Inflame","floor":14.0},{"not_picked":["Bludgeon","Double Tap"],"picked":"Impervious","floor":16.0},{"not_picked":["Armaments","Warcry","Sword Boomerang+1"],"picked":"Singing Bowl","floor":18.0},{"not_picked":["Evolve","Seeing Red","Wild Strike"],"picked":"Singing Bowl","floor":19.0},{"not_picked":["Seeing Red","Twin Strike","Inflame"],"picked":"Singing Bowl","floor":21.0},{"not_picked":["Anger","Flex","Cleave"],"picked":"Singing Bowl","floor":22.0},{"not_picked":["Rupture","Flex","Pummel"],"picked":"Singing Bowl","floor":23.0},{"not_picked":["Anger","Power Through"],"picked":"Shockwave","floor":25.0},{"not_picked":["Thunderclap","Flex"],"picked":"Fire Breathing","floor":28.0},{"not_picked":["Anger","Iron Wave","Searing Blow"],"picked":"Singing Bowl","floor":30.0},{"not_picked":["Clash","Sever Soul+1"],"picked":"True Grit+1","floor":31.0},{"not_picked":["Fiend Fire","Double Tap"],"picked":"Barricade","floor":33.0},{"not_picked":["Twin Strike","Body Slam+1"],"picked":"Feel No Pain+1","floor":35.0},{"not_picked":["Carnage","Perfected Strike","Havoc"],"picked":"Singing Bowl","floor":38.0},{"not_picked":["Barricade","Clash","Cleave"],"picked":"Singing Bowl","floor":39.0},{"not_picked":["Shrug It Off+1","Wild Strike"],"picked":"Power Through","floor":40.0},{"not_picked":["Seeing Red","Searing Blow+1"],"picked":"Battle Trance","floor":42},{"not_picked":["Thunderclap+1","Perfected Strike+1"],"picked":"Heavy Blade+1","floor":45},{"not_picked":["Combust+1","Hemokinesis+1"],"picked":"Disarm","floor":46},{"not_picked":["Pummel+1","Berserk+1","Heavy Blade+1"],"picked":"Singing Bowl","floor":48}],"player_experience":1708342,"relics_obtained":[{"floor":7.0,"key":"MealTicket"},{"floor":7.0,"key":"Singing Bowl"},{"floor":9.0,"key":"Whetstone"},{"floor":10.0,"key":"Meat on the Bone"},{"floor":10.0,"key":"Centennial Puzzle"},{"floor":12.0,"key":"Potion Belt"},{"floor":12.0,"key":"Shuriken"},{"floor":23.0,"key":"Boot"},{"floor":23.0,"key":"Charon\u0027s Ashes"},{"floor":26.0,"key":"Old Coin"},{"floor":28.0,"key":"White Beast Statue"},{"floor":28.0,"key":"Pantograph"},{"floor":30.0,"key":"Matryoshka"},{"floor":30.0,"key":"Mango"},{"floor":40.0,"key":"Red Skull"},{"floor":40.0,"key":"Bottled Lightning"},{"floor":43,"key":"Molten Egg 2"},{"floor":45,"key":"Nunchaku"},{"floor":45,"key":"Frozen Egg 2"},{"floor":48,"key":"Regal Pillow"},{"floor":48,"key":"Bottled Flame"}],"event_choices":[{"damage_healed":0.0,"max_hp_gain":0.0,"max_hp_loss":0.0,"gold_gain":0.0,"event_name":"The Woman in Blue","player_choice":"Bought 2 Potions","floor":4.0,"gold_loss":0.0,"damage_taken":0.0},{"damage_healed":0.0,"max_hp_gain":0.0,"max_hp_loss":0.0,"gold_gain":0.0,"event_name":"Accursed Blacksmith","player_choice":"Rummage","floor":37.0,"gold_loss":0.0,"damage_taken":0.0,"relics_obtained":["WarpedTongs"],"cards_obtained":["Pain"]},{"damage_healed":0,"gold_gain":0,"player_choice":"Copied","damage_taken":0,"max_hp_gain":0,"max_hp_loss":0,"event_name":"Duplicator","floor":44,"gold_loss":0,"cards_obtained":["Impervious"]}],"is_beta":false,"boss_relics":[{"not_picked":["Pandora\u0027s Box","Sozu"],"picked":"Velvet Choker"},{"not_picked":["Tiny House","Philosopher\u0027s Stone"],"picked":"Mark of Pain"}],"items_purged_floors":[36],"is_endless":false,"potions_floor_spawned":[1,5,12,16,22,23,28,29,30,31,33,35,38,39,40,42,45,46,48],"killed_by":"Awakened One","ascension_level":20}}