{"host":"w3q5ijqu8eoknil3","time":1610257724,"event":{"mods":["AchievementEnabler","BaseMod","Block Reminder","Colored Map","Colored Powertips","Curses Come First","Minty Spire (QoL Compilation)","Quick Restart","Relic Stats","StSLib","ojb\u0027s Better Paths Mod","ojb\u0027s Info Mod","slay the spire mod where everything is the same but ironclad has a cowboy hat"],"gold_per_floor":[109,259,259,270,19,19,50,64,90,13,42,42,42,75,75,75,75],"floor_reached":16,"playtime":428,"items_purged":[],"score":261,"play_id":"73f42b02-ca8c-46d5-b58d-ef789a6a6baa","local_time":"20210110054844","is_ascension_mode":true,"campfire_choices":[{"data":"Caltrops","floor":6,"key":"SMITH"},{"data":"Eviscerate","floor":13,"key":"SMITH"},{"floor":15,"key":"REST"}],"circlet_count":0,"master_deck":["AscendersBane","Strike_G","Strike_G","Strike_G","Strike_G","Strike_G","Defend_G","Defend_G","Defend_G","Defend_G","Defend_G","Survivor+1","Neutralize","PiercingWail","Deadly Poison","Caltrops+1","Eviscerate+1","Blade Dance+1","Bouncing Flask","Die Die Die","Pain","Sucker Punch"],"relics":["Ring of the Snake","NeowsBlessing","Frozen Eye","Potion Belt","War Paint","Calipers","WarpedTongs","Oddly Smooth Stone"],"acts_visited":["Exordium"],"potions_floor_usage":[11,14,16],"damage_taken":[{"damage":0,"enemies":"Small Slimes","floor":1,"turns":1},{"damage":0,"enemies":"2 Louse","floor":4,"turns":1},{"damage":0,"enemies":"Gremlin Nob","floor":7,"turns":1},{"damage":2,"enemies":"Jaw Worm","floor":8,"turns":4},{"damage":35,"enemies":"Lagavulin","floor":11,"turns":6},{"damage":16,"enemies":"Gremlin Nob","floor":14,"turns":3},{"damage":32,"enemies":"Slime Boss","floor":16,"turns":4}],"seed_played":"-3548186529336495984","potions_obtained":[{"floor":8,"key":"BlessingOfTheForge"},{"floor":11,"key":"SneckoOil"},{"floor":14,"key":"Weak Potion"}],"is_trial":false,"path_per_floor":["M","?","?","M","$","R","E","M","T","$","E","?","R","E","R","B"],"character_chosen":"THE_SILENT","items_purchased":["Frozen Eye","Caltrops","Bouncing Flask"],"campfire_rested":1,"item_purchase_floors":[5,5,10],"current_hp_per_floor":[59,59,59,59,59,59,59,57,57,57,22,22,22,6,25,0,0],"gold":75,"neow_bonus":"THREE_ENEMY_KILL","is_daily":false,"chose_seed":false,"campfire_upgraded":2,"win_rate":0.0,"timestamp":1610257724,"path_taken":["M","?","?","M","?","R","E","M","T","?","E","?","R","E","R","BOSS"],"items_purchased_type":["Relic","Card","Card"],"build_version":"2020-12-22","purchased_purges":0,"victory":false,"max_hp_per_floor":[66,66,66,66,66,66,66,66,66,66,66,66,66,66,66,66,66],"relic_stats":{"counters":[7,20],"War Paint":["Blade Dance","Survivor"],"obtain_stats":[{"Potion Belt":7,"Frozen Eye":5,"Calipers":11,"NeowsBlessing":0,"Oddly Smooth Stone":14,"War Paint":9,"Ring of the Snake":0,"WarpedTongs":12},{"Potion Belt":3,"Frozen Eye":2,"Calipers":5,"NeowsBlessing":0,"Oddly Smooth Stone":6,"War Paint":4,"Ring of the Snake":0,"WarpedTongs":5},{"Potion Belt":3,"Frozen Eye":2,"Calipers":13,"NeowsBlessing":0,"Oddly Smooth Stone":16,"War Paint":7,"Ring of the Snake":0,"WarpedTongs":13}],"Ring of the Snake":[14],"WarpedTongs":[7]},"card_choices":[{"not_picked":["Deadly Poison","Caltrops"],"picked":"PiercingWail","floor":1},{"not_picked":["Escape Plan","Sucker Punch"],"picked":"Deadly Poison","floor":4},{"not_picked":["Backflip","Tools of the Trade"],"picked":"Eviscerate","floor":7},{"not_picked":["Flying Knee","Outmaneuver"],"picked":"Blade Dance","floor":8},{"not_picked":["Dagger Throw","Bane"],"picked":"Die Die Die","floor":11},{"not_picked":["Bane","Unload"],"picked":"Sucker Punch","floor":14}],"player_experience":946208,"relics_obtained":[{"floor":7,"key":"Potion Belt"},{"floor":9,"key":"War Paint"},{"floor":11,"key":"Calipers"},{"floor":14,"key":"Oddly Smooth Stone"}],"event_choices":[{"damage_healed":0,"gold_gain":150,"player_choice":"AGREE","damage_taken":0,"max_hp_gain":0,"max_hp_loss":0,"event_name":"Liars Game","floor":2,"gold_loss":0,"cards_obtained":["Doubt"]},{"cards_removed":["Doubt"],"damage_healed":0,"gold_gain":0,"player_choice":"Forget","damage_taken":0,"max_hp_gain":0,"max_hp_loss":0,"event_name":"Living Wall","floor":3,"gold_loss":0},{"damage_healed":0,"gold_gain":0,"player_choice":"Rummage","damage_taken":0,"relics_obtained":["WarpedTongs"],"max_hp_gain":0,"max_hp_loss":0,"event_name":"Accursed Blacksmith","floor":12,"gold_loss":0,"cards_obtained":["Pain"]}],"is_beta":false,"boss_relics":[],"items_purged_floors":[],"is_endless":false,"potions_floor_spawned":[8,11,14],"killed_by":"Slime Boss","ascension_level":17}}