{"host":"63rwe7p34ct1i0qu","time":1610294025,"event":{"mods":["BaseMod","Colored Map","DeckTracker","Minty Spire (QoL Compilation)","Permanent Neow","Quick Restart","StSLib"],"gold_per_floor":[114,134,134,147,161,194,194,227,252,268,282,282,282,292,292,388,388,398,408,19,29,10,37,37,37],"floor_reached":24,"playtime":799,"items_purged":[],"score":368,"play_id":"76fff948-62a1-4da7-85c4-c61b5b8df040","local_time":"20210111005345","is_ascension_mode":true,"campfire_choices":[{"data":"Accuracy","floor":12.0,"key":"SMITH"},{"data":"Crippling Poison","floor":15.0,"key":"SMITH"}],"circlet_count":0,"master_deck":["AscendersBane","Strike_G","Strike_G","Defend_G","Defend_G","Defend_G","Defend_G","Defend_G","Survivor","Neutralize","Doubt","Dagger Throw","Accuracy+1","Blade Dance","Bullet Time","Escape Plan","Acrobatics","Dagger Spray","Crippling Poison+1","Venomology","Crippling Poison","Accuracy","Glass Knife","Deflect","Envenom"],"relics":["Ring of the Snake","Du-Vu Doll","The Courier","InkBottle","HornCleat","Smiling Mask","Empty Cage","Membership Card","Blood Vial","Bronze Scales","PreservedInsect","Boot"],"acts_visited":["Exordium","TheCity"],"potions_floor_usage":[],"damage_taken":[{"damage":0.0,"enemies":"Jaw Worm","floor":1.0,"turns":3.0},{"damage":0.0,"enemies":"Cultist","floor":2.0,"turns":4.0},{"damage":0.0,"enemies":"Small Slimes","floor":4.0,"turns":3.0},{"damage":0.0,"enemies":"2 Fungi Beasts","floor":5.0,"turns":3.0},{"damage":20.0,"enemies":"3 Sentries","floor":6.0,"turns":7.0},{"damage":5.0,"enemies":"Gremlin Nob","floor":8.0,"turns":3.0},{"damage":1.0,"enemies":"Looter","floor":10.0,"turns":2.0},{"damage":0.0,"enemies":"Blue Slaver","floor":11.0,"turns":2.0},{"damage":6.0,"enemies":"Lots of Slimes","floor":14.0,"turns":3.0},{"damage":19.0,"enemies":"The Guardian","floor":16.0,"turns":11.0},{"damage":18.0,"enemies":"Shell Parasite","floor":18.0,"turns":6.0},{"damage":18.0,"enemies":"Spheric Guardian","floor":19.0,"turns":5.0},{"damage":2.0,"enemies":"3 Cultists","floor":21.0,"turns":4.0},{"damage":22.0,"enemies":"Slavers","floor":23.0,"turns":4.0},{"damage":0,"enemies":"Sentry and Sphere","floor":24,"turns":1}],"seed_played":"-1321670240660486306","potions_obtained":[{"floor":1.0,"key":"PowerPotion"},{"floor":2.0,"key":"Strength Potion"},{"floor":6.0,"key":"FearPotion"},{"floor":13.0,"key":"FairyPotion"},{"floor":21.0,"key":"Weak Potion"}],"is_trial":false,"path_per_floor":["M","M","?","M","M","E","T","E","T","M","M","R","?","M","R","B",null,"M","M","$","M","$","E","M"],"character_chosen":"THE_SILENT","items_purchased":["Membership Card","Accuracy","Glass Knife","Blood Vial","Bronze Scales","PreservedInsect","Deflect"],"campfire_rested":0,"item_purchase_floors":[20,20,20,20,20,20,22],"current_hp_per_floor":[63,63,63,63,63,43,43,38,38,37,37,37,37,31,31,12,56,38,20,20,20,20,21,23,23],"gold":37,"neow_bonus":"ONE_RARE_RELIC","is_daily":false,"chose_seed":false,"campfire_upgraded":2,"win_rate":0.0,"timestamp":1610294025,"path_taken":["M","M","?","M","?","E","?","E","T","?","M","R","?","M","R","BOSS","M","M","$","M","?","E","M"],"items_purchased_type":["Relic","Card","Card","Relic","Relic","Relic","Card"],"build_version":"2020-12-22","purchased_purges":0,"victory":false,"max_hp_per_floor":[70,70,70,70,70,70,70,70,70,70,70,70,70,70,70,70,70,70,70,70,70,70,70,70,70],"card_choices":[{"not_picked":["Distraction","Sucker Punch"],"picked":"Dagger Throw","floor":1.0},{"not_picked":["Slice","Quick Slash"],"picked":"Accuracy","floor":2.0},{"not_picked":["Calculated Gamble","Bane"],"picked":"Blade Dance","floor":4.0},{"not_picked":["Sucker Punch","Deadly Poison"],"picked":"Bullet Time","floor":5.0},{"not_picked":["Dash","Skewer"],"picked":"Escape Plan","floor":6.0},{"not_picked":["Slice","Underhanded Strike","Riddle With Holes"],"picked":"SKIP","floor":8.0},{"not_picked":["Deadly Poison","Quick Slash"],"picked":"Acrobatics","floor":10.0},{"not_picked":["Distraction","Unload"],"picked":"Dagger Spray","floor":11.0},{"not_picked":["PiercingWail","Backflip"],"picked":"Crippling Poison","floor":14.0},{"not_picked":["Unload","Tools of the Trade"],"picked":"Venomology","floor":16.0},{"not_picked":["Quick Slash","Distraction","Cloak And Dagger"],"picked":"SKIP","floor":18.0},{"not_picked":["Prepared","Terror"],"picked":"Crippling Poison","floor":19.0},{"not_picked":["Outmaneuver","Deadly Poison","Expertise"],"picked":"SKIP","floor":21.0},{"not_picked":["Sucker Punch","Underhanded Strike"],"picked":"Envenom","floor":23.0}],"player_experience":835073,"relics_obtained":[{"floor":6.0,"key":"The Courier"},{"floor":7.0,"key":"InkBottle"},{"floor":8.0,"key":"HornCleat"},{"floor":9.0,"key":"Smiling Mask"},{"floor":23.0,"key":"Boot"}],"event_choices":[{"cards_removed":["Strike_G"],"damage_healed":0.0,"max_hp_gain":0.0,"max_hp_loss":0.0,"gold_gain":0.0,"event_name":"Bonfire Elementals","player_choice":"Offered Basic","floor":3.0,"gold_loss":0.0,"damage_taken":0.0},{"damage_healed":0.0,"max_hp_gain":0.0,"max_hp_loss":0.0,"gold_gain":0.0,"event_name":"Lab","player_choice":"Got Potions","floor":13.0,"gold_loss":0.0,"damage_taken":0.0}],"is_beta":false,"boss_relics":[{"not_picked":["Tiny House","Black Star"],"picked":"Empty Cage"}],"items_purged_floors":[],"is_endless":false,"potions_floor_spawned":[1,2,5,6,21],"killed_by":"Sentry and Sphere","ascension_level":12}}