{"host":"03a85bwj0a5skoit","time":1610256953,"event":{"mods":["BaseMod","Block Reminder","Minty Spire (QoL Compilation)","Relic Stats","StSLib"],"gold_per_floor":[109,109,159,176,1,1,31,31,102,121,137,137,172,186,186,264,264,280,299,312,128,128,128],"floor_reached":22,"playtime":882,"items_purged":["Strike_R"],"score":442,"play_id":"a89e6870-63a4-45fb-afb3-2133ebd0ad08","local_time":"20210110160553","is_ascension_mode":true,"campfire_choices":[{"data":"Regret","floor":6,"key":"PURGE"},{"data":"Strike_R","floor":12,"key":"PURGE"},{"data":"Apotheosis","floor":15,"key":"SMITH"}],"circlet_count":0,"master_deck":["AscendersBane","Strike_R","Strike_R","Strike_R","Defend_R","Defend_R","Defend_R","Defend_R","Bash","Apotheosis+1","Carnage","True Grit","Barricade","Shrug It Off","Uppercut","Pommel Strike","Demon Form+1","Dropkick","Reaper","True Grit+1","Metallicize+1","Metallicize+1","True Grit"],"relics":["Burning Blood","Peace Pipe","Lantern","White Beast Statue","Frozen Egg 2","Strawberry","Mark of Pain"],"acts_visited":["Exordium","TheCity"],"potions_floor_usage":[13,16,18,22],"damage_taken":[{"damage":9,"enemies":"2 Louse","floor":1,"turns":4},{"damage":10,"enemies":"Jaw Worm","floor":4,"turns":4},{"damage":32,"enemies":"3 Sentries","floor":7,"turns":8},{"damage":0,"enemies":"Cultist","floor":10,"turns":3},{"damage":13,"enemies":"Exordium Thugs","floor":11,"turns":5},{"damage":0,"enemies":"Lagavulin","floor":13,"turns":7},{"damage":15,"enemies":"Gremlin Gang","floor":14,"turns":5},{"damage":20,"enemies":"The Guardian","floor":16,"turns":9},{"damage":21,"enemies":"3 Byrds","floor":18,"turns":6},{"damage":3,"enemies":"Chosen","floor":19,"turns":3},{"damage":38,"enemies":"Snake Plant","floor":20,"turns":5},{"damage":59,"enemies":"Cultist and Chosen","floor":22,"turns":5}],"seed_played":"-7938041812320029531","potions_obtained":[{"floor":4,"key":"BlessingOfTheForge"},{"floor":10,"key":"Ancient Potion"},{"floor":11,"key":"Energy Potion"},{"floor":13,"key":"SmokeBomb"},{"floor":14,"key":"SpeedPotion"},{"floor":16,"key":"Weak Potion"},{"floor":18,"key":"Energy Potion"},{"floor":20,"key":"Fire Potion"}],"is_trial":false,"path_per_floor":["M","?","?","M","$","R","E","T","T","M","M","R","E","M","R","B",null,"M","M","M","$","M"],"character_chosen":"IRONCLAD","items_purchased":["Barricade","Shrug It Off","Metallicize+1","True Grit"],"campfire_rested":0,"item_purchase_floors":[5,5,21,21],"current_hp_per_floor":[65,65,59,55,55,55,29,29,29,35,28,28,41,32,32,18,61,65,68,36,36,0,0],"gold":128,"neow_bonus":"RANDOM_COLORLESS_2","is_daily":false,"chose_seed":false,"campfire_upgraded":1,"win_rate":0.0,"timestamp":1610256953,"path_taken":["M","?","?","?","$","R","E","?","T","M","M","R","E","M","R","BOSS","M","M","?","$","M"],"items_purchased_type":["Card","Card","Card","Card"],"build_version":"2020-12-22","purchased_purges":1,"victory":false,"max_hp_per_floor":[68,68,68,68,68,68,68,68,68,68,68,68,75,75,75,75,75,75,75,75,75,75,75],"relic_stats":{"Peace Pipe":2,"counters":[12,64],"obtain_stats":[{"Peace Pipe":2,"Lantern":7,"Strawberry":13,"Mark of Pain":17,"Frozen Egg 2":9,"Burning Blood":0,"White Beast Statue":8},{"Peace Pipe":1,"Lantern":3,"Strawberry":6,"Mark of Pain":8,"Frozen Egg 2":3,"Burning Blood":0,"White Beast Statue":3},{"Peace Pipe":4,"Lantern":16,"Strawberry":31,"Mark of Pain":45,"Frozen Egg 2":16,"Burning Blood":0,"White Beast Statue":16}],"Burning Blood":66},"card_choices":[{"not_picked":["Master of Strategy","Thinking Ahead"],"picked":"Apotheosis","floor":0},{"not_picked":["Pommel Strike","Armaments"],"picked":"Carnage","floor":1},{"not_picked":["Pommel Strike","Rupture"],"picked":"True Grit","floor":4},{"not_picked":["Exhume","Cleave"],"picked":"Uppercut","floor":7},{"not_picked":["Clothesline","Warcry"],"picked":"Pommel Strike","floor":10},{"not_picked":["Twin Strike","Body Slam"],"picked":"Demon Form+1","floor":11},{"not_picked":["Uppercut","Combust+1","Reckless Charge"],"picked":"SKIP","floor":13},{"not_picked":["True Grit","Clothesline"],"picked":"Dropkick","floor":14},{"not_picked":["Immolate","Brutality+1"],"picked":"Reaper","floor":16},{"not_picked":["Cleave","Fire Breathing+1"],"picked":"True Grit+1","floor":18},{"not_picked":["Sever Soul","Rupture+1","Ghostly Armor"],"picked":"SKIP","floor":19},{"not_picked":["Perfected Strike","Warcry"],"picked":"Metallicize+1","floor":20}],"player_experience":2323239,"relics_obtained":[{"floor":7,"key":"Lantern"},{"floor":8,"key":"White Beast Statue"},{"floor":9,"key":"Frozen Egg 2"},{"floor":13,"key":"Strawberry"}],"event_choices":[{"damage_healed":0,"gold_gain":0,"player_choice":"Box","damage_taken":0,"relics_obtained":["Peace Pipe"],"max_hp_gain":0,"max_hp_loss":0,"event_name":"Big Fish","floor":2,"gold_loss":0,"cards_obtained":["Regret"]},{"damage_healed":0,"gold_gain":50,"player_choice":"Touch","damage_taken":6,"max_hp_gain":0,"max_hp_loss":0,"event_name":"FaceTrader","floor":3,"gold_loss":0}],"is_beta":false,"boss_relics":[{"not_picked":["Black Star","Black Blood"],"picked":"Mark of Pain"}],"items_purged_floors":[21],"is_endless":false,"potions_floor_spawned":[4,10,11,13,14,16,18,19,20],"killed_by":"Cultist and Chosen","ascension_level":20}}