{"host":"6im5s6zqmlhvz0yl","time":1610240317,"event":{"mods":["Act Like it!","Bartender","BaseMod","Colored Map","Colored Powertips","Energized Spire","GungeonMod","Halation","Hermit","Hubris","Infinite Spire","Jedi Mod","Marisa????????","Menagerie","Minty Spire (QoL Compilation)","Quarter Circle Forward PUNCH!","RumiaBox-????????","Spicy Shops","StSLib","The Blue Laboratory","The Caster","The Factory","The Florist","The Marked","TheArtist","Trackpad","Wandering Minibosses","vexMod"],"gold_per_floor":[111,111,111,17,55,103,132,196,223,241,241,287,287,300,300,415,415,441,442,442,490,39,39,39,59,82,114,114,114,50,90,90,210,210,235,251,17,31,47,47,91,91,160,205,205,235,268,281,281,281],"floor_reached":51,"playtime":3972,"items_purged":["Agrypnos:BasicStrike","Agrypnos:BasicStrike","Agrypnos:BasicStrike","CasketOfStar"],"score":1388,"play_id":"39d6b39b-66d2-4e80-becf-3f3d2f9bbccc","local_time":"20210109225837","daily_mods":["Diverse","Colorless Cards","Heirloom","DeadlyEvents","Elite Swarm"],"is_ascension_mode":true,"campfire_choices":[{"floor":11,"key":"REST"},{"floor":15,"key":"REST"},{"floor":23,"key":"REST"},{"floor":28,"key":"REST"},{"floor":32,"key":"REST"},{"data":"Agrypnos:FloralScent","floor":40,"key":"SMITH"},{"data":"MysteriousBeam","floor":42,"key":"SMITH"},{"data":"hubris:ReadiedAction","floor":45,"key":"SMITH"},{"data":"DemoMod:AbyssalTentacle","floor":49,"key":"SMITH"}],"circlet_count":0,"master_deck":["Agrypnos:Dandelion","Agrypnos:Trowel","Agrypnos:Tumbleweed","DemoMod:AbyssalTentacle+1","WitchOfGreed","Cleave","hubris:ReadiedAction+1","Power_Up_Punch","artistmod:RedReaper","Coeurl_Form","hermit:RoundhouseKick","MysteriousBeam+1","theMarked:EternalStudent","Cross","Cold Snap","artistmod:BigBrown","Go for the Eyes","Agrypnos:QueenOfTheNight","Waterkick","hermit:HighCaliber+1","infinitespire:Collect","Headbutt","Agrypnos:Sunbeam","Machine Learning","Adrenaline","Cloak And Dagger+1","hubris:CleavingFinish","caster:FlashFrost","Agrypnos:FloralScent+1","artistmod:BlueBurst","DemoMod:BattleInHaste+1","IllusionStar","Agrypnos:Narcissus","Meteor Strike","Agrypnos:BigShovel","hubris:StunningStrike","Agrypnos:BigShovel","jedi:pocketpoison"],"relics":["Agrypnos:Floristry","Thread and Needle","Baka","Centennial Puzzle","vexMod:HeadHunter","Nunchaku","Ccalipers","vexMod:DeviousBotling","The Courier","infinitespire:Lucky Rock","Membership Card","Mango","Bag of Preparation","jedi:cryingmask","Gremlin Horn","Vajra","Empty Cage","Empty Cage","halation:LettersToHer","trackpad:StolenKidneys","trackpad:AdjectivePendant","GodSword6","hubris:CrystalStatue","Strawberry","Ginger","DemoMod:Metronome","wanderingMiniBosses:Inkheart"],"acts_visited":["Exordium","TheCity","TheCity"],"potions_floor_usage":[7,8,12,12,12,14,21,24,24,25,31,31,38,38,44,47,50,50,50,50],"damage_taken":[{"damage":0,"enemies":"2 Louse","floor":1,"turns":3},{"damage":5,"enemies":"Cultist","floor":5,"turns":4},{"damage":13,"enemies":"Lagavulin","floor":6,"turns":7},{"damage":3,"enemies":"Small Slimes","floor":7,"turns":3},{"damage":13,"enemies":"3 Sentries","floor":8,"turns":5},{"damage":0,"enemies":"3 Louse","floor":10,"turns":1},{"damage":44,"enemies":"Lagavulin","floor":12,"turns":5},{"damage":1,"enemies":"Exordium Thugs","floor":14,"turns":5},{"damage":0,"enemies":"Slime Boss","floor":16,"turns":11},{"damage":48,"enemies":"Spheric Guardian","floor":18,"turns":7},{"damage":1,"enemies":"3 Byrds","floor":19,"turns":3},{"damage":6,"enemies":"Slavers","floor":21,"turns":2},{"damage":22,"enemies":"Gremlin Leader","floor":24,"turns":5},{"damage":7,"enemies":"Centurion and Healer","floor":25,"turns":4},{"damage":10,"enemies":"Snake Plant","floor":27,"turns":5},{"damage":5,"enemies":"Cultist and Chosen","floor":30,"turns":4},{"damage":10,"enemies":"Book of Stabbing","floor":31,"turns":6},{"damage":6,"enemies":"Collector","floor":33,"turns":8},{"damage":0,"enemies":"theFactory:4_Mini-Bots","floor":35,"turns":2},{"damage":0,"enemies":"theFactory:BigBot","floor":36,"turns":2},{"damage":0,"enemies":"theFactory:Personnel_and_Mini-Bots","floor":38,"turns":4},{"damage":62,"enemies":"theFactory:DefectiveSentry","floor":39,"turns":4},{"damage":4,"enemies":"theFactory:DrinkBrewer","floor":41,"turns":6},{"damage":4,"enemies":"theFactory:SmogElemental","floor":44,"turns":4},{"damage":0,"enemies":"theFactory:DecayingSentinel","floor":46,"turns":6},{"damage":0,"enemies":"theFactory:Manservantes","floor":47,"turns":5},{"damage":0,"enemies":"theFactory:Personnel_and_Big_Bot","floor":48,"turns":5},{"damage":76,"enemies":"theFactory:Guardian2","floor":50,"turns":12}],"seed_played":"-2434764569829433541","potions_obtained":[{"floor":1,"key":"blueLaboratory:TrueEctoplasm"},{"floor":5,"key":"blueLaboratory:AbyssPotion"},{"floor":6,"key":"blueLaboratory:EmptyBottle"},{"floor":7,"key":"PowerPotion"},{"floor":7,"key":"Swift Potion"},{"floor":8,"key":"Energy Potion"},{"floor":12,"key":"DemoMod:LeadSkinPotion"},{"floor":14,"key":"blueLaboratory:PhilterOfMotion"},{"floor":16,"key":"blueLaboratory:BottledHope"},{"floor":18,"key":"blueLaboratory:LouseDecoction"},{"floor":19,"key":"Dexterity Potion"},{"floor":21,"key":"SkillPotion"},{"floor":27,"key":"blueLaboratory:StoneskinPotion"},{"floor":27,"key":"blueLaboratory:LouseDecoction"},{"floor":33,"key":"Block Potion"},{"floor":35,"key":"PowerPotion"},{"floor":39,"key":"Regen Potion"},{"floor":41,"key":"Fire Potion"},{"floor":44,"key":"Ancient Potion"},{"floor":47,"key":"blueLaboratory:TrueEctoplasm"}],"is_trial":true,"path_per_floor":["M","?","?","$","M","E","M","E","T","M","R","E","?","M","R","B",null,"M","M","?","E","$","R","E","M","T","M","R","AVR","M","E","R","B",null,"M","M","$","M","M","R","E","R","T","E","R","M","E","M","R","B",null],"character_chosen":"THE_FLORIST","items_purchased":["WitchOfGreed","Cleave","Membership Card","Mango","Bag of Preparation","jedi:cryingmask","Go for the Eyes","caster:FlashFrost","blueLaboratory:ImpenetrablePotion","trackpad:AdjectivePendant","blueLaboratory:FruitPunch","Agrypnos:FloralScent","artistmod:BlueBurst"],"campfire_rested":5,"item_purchase_floors":[4,4,22,22,22,22,22,37,37,37,37,37,37],"current_hp_per_floor":[63,63,63,63,58,45,42,29,29,29,50,6,6,5,26,26,59,11,10,10,4,18,43,21,14,14,4,29,29,24,14,39,33,71,71,71,71,76,81,81,80,80,80,86,86,89,92,93,93,23],"gold":281,"neow_bonus":"","is_daily":false,"chose_seed":false,"campfire_upgraded":4,"win_rate":0.0,"timestamp":1610240317,"path_taken":["M","?","?","$","M","E","?","?","T","M","R","E","?","M","R","BOSS","M","M","?","?","$","R","E","?","T","M","R","AVR","M","E","R","BOSS","M","M","$","M","M","R","E","R","T","E","R","M","E","M","R","BOSS"],"items_purchased_type":["Card","Card","Relic","Relic","Relic","Relic","Card","Card","Potion","Relic","Potion","Card","Card"],"build_version":"2020-12-22","purchased_purges":4,"victory":true,"max_hp_per_floor":[70,70,70,70,70,70,70,70,70,70,70,70,70,70,70,70,70,70,70,70,70,84,84,84,84,84,84,84,84,84,84,84,84,84,84,84,84,86,86,86,86,86,86,93,93,93,93,93,93,93],"card_choices":[{"not_picked":["Dancing_Jab","GrandCross"],"picked":"Agrypnos:Tumbleweed","floor":1},{"not_picked":["DemoMod:Unmoved","Blind"],"picked":"hubris:ReadiedAction","floor":5},{"not_picked":["Electrodynamics","Fission"],"picked":"CasketOfStar","floor":6},{"not_picked":["jedi:controlledanger","Agrypnos:FloralScent"],"picked":"Power_Up_Punch","floor":7},{"not_picked":["Agrypnos:SunZenith","Phantasmal Killer"],"picked":"artistmod:RedReaper","floor":8},{"not_picked":["Agrypnos:Rose","caster:MagicWeapon"],"picked":"Coeurl_Form","floor":10},{"not_picked":["infinitespire:Neurotoxin","artistmod:BlueBarrier"],"picked":"hermit:RoundhouseKick","floor":12},{"not_picked":["Agrypnos:Kudzu","Agrypnos:Summer","Agrypnos:NaturePurity"],"picked":"SKIP","floor":12},{"not_picked":["caster:Accumulation","artistmod:BrownBrush"],"picked":"MysteriousBeam","floor":14},{"not_picked":["Fiend Fire","hermit:Purgatory"],"picked":"theMarked:EternalStudent","floor":16},{"not_picked":["DemoMod:FastSwitch+1","Combust"],"picked":"Cross","floor":18},{"not_picked":["Blood for Blood","Agrypnos:Bramble"],"picked":"Cold Snap","floor":19},{"not_picked":["theMarked:MagicAdept","jedi:bloodyhammer"],"picked":"artistmod:BigBrown","floor":21},{"not_picked":["Agrypnos:MorningSun","Agrypnos:NaturePurity","Agrypnos:Verdancy"],"picked":"SKIP","floor":21},{"not_picked":["Agrypnos:NaturePurity","Agrypnos:FuneralWreath"],"picked":"Agrypnos:QueenOfTheNight","floor":24},{"not_picked":["Fission","Phantasmal Killer","hubris:Prefetch"],"picked":"SKIP","floor":24},{"not_picked":["Agrypnos:Hoe","caster:LightningBolt"],"picked":"Waterkick","floor":25},{"not_picked":["DemoMod:PotionOfGunFriendShip","artistmod:DoubleDraw"],"picked":"hermit:HighCaliber+1","floor":27},{"not_picked":["Agrypnos:Fertilize+1","hermit:HoleUp"],"picked":"Headbutt","floor":30},{"not_picked":["Agrypnos:GeneModification","Agrypnos:FuneralWreath"],"picked":"Agrypnos:Sunbeam","floor":31},{"not_picked":["DemoMod:FightSabre","artistmod:DeepDream"],"picked":"Machine Learning","floor":31},{"not_picked":["Combo_Master","theMarked:SoldierForm"],"picked":"Adrenaline","floor":33},{"not_picked":["Anger+1","caster:EchoingVoice"],"picked":"Cloak And Dagger+1","floor":35},{"not_picked":["Anger+1","Body Slam+1"],"picked":"hubris:CleavingFinish","floor":36},{"not_picked":["hermit:Malice","hubris:CleavingFinish+1"],"picked":"DemoMod:BattleInHaste+1","floor":38},{"not_picked":["Feint+1","DemoMod:ZorGun+1"],"picked":"IllusionStar","floor":39},{"not_picked":["Agrypnos:Rue","Agrypnos:Verdancy"],"picked":"Agrypnos:Narcissus","floor":41},{"not_picked":["hermit:Magnum","AbsoluteMagnitude"],"picked":"Meteor Strike","floor":41},{"not_picked":["Agrypnos:GhostLily","Agrypnos:MorningSun"],"picked":"Agrypnos:BigShovel","floor":44},{"not_picked":["jedi:readyaimfire","Agrypnos:Sunbeam"],"picked":"hubris:StunningStrike","floor":44},{"not_picked":["caster:StaticField","ShootingEcho+1","Agrypnos:Composting+1"],"picked":"SKIP","floor":46},{"not_picked":["Agrypnos:Winter","Agrypnos:Verdancy"],"picked":"Agrypnos:BigShovel","floor":47},{"not_picked":["AbsoluteMagnitude","Malaise","Liquid_Armor"],"picked":"SKIP","floor":47},{"not_picked":["Dodge and Roll+1","theMarked:Reabsorb+1"],"picked":"jedi:pocketpoison","floor":48}],"player_experience":75016,"relics_obtained":[{"floor":1,"key":"Baka"},{"floor":6,"key":"Centennial Puzzle"},{"floor":8,"key":"vexMod:HeadHunter"},{"floor":9,"key":"Nunchaku"},{"floor":12,"key":"Ccalipers"},{"floor":18,"key":"The Courier"},{"floor":21,"key":"infinitespire:Lucky Rock"},{"floor":24,"key":"Gremlin Horn"},{"floor":26,"key":"Vajra"},{"floor":30,"key":"Empty Cage"},{"floor":31,"key":"halation:LettersToHer"},{"floor":41,"key":"GodSword6"},{"floor":43,"key":"halation:LettersToHer"},{"floor":43,"key":"hubris:CrystalStatue"},{"floor":44,"key":"Strawberry"},{"floor":44,"key":"Ginger"},{"floor":47,"key":"DemoMod:Metronome"},{"floor":48,"key":"wanderingMiniBosses:Inkheart"}],"event_choices":[{"cards_removed":["Agrypnos:BasicDefend"],"damage_healed":0,"gold_gain":0,"player_choice":"Forget","damage_taken":0,"max_hp_gain":0,"max_hp_loss":0,"event_name":"Living Wall","floor":2,"gold_loss":0},{"damage_healed":0,"gold_gain":0,"player_choice":"Leave","damage_taken":0,"max_hp_gain":0,"max_hp_loss":0,"event_name":"FaceTrader","floor":20,"gold_loss":0}],"is_beta":false,"boss_relics":[{"not_picked":["hubris:RunicObelisk","infinitespire:Cupcake"],"picked":"vexMod:DeviousBotling"},{"not_picked":["energizedSpire:EnergizedDie","halation:HeavySnake"],"picked":"trackpad:StolenKidneys"}],"items_purged_floors":[22,22,29,37],"is_endless":false,"potions_floor_spawned":[1,7,12,14,19,21,27,33,39,46,47,48],"ascension_level":10}}