{"host":"1p0ug38l8q9et435","time":1610246393,"event":{"mods":["AchievementEnabler","BaseMod","Colored Powertips","Downfall","Hermit","Minty Spire (QoL Compilation)","StSLib","UnlockEverythingMod"],"gold_per_floor":[212,229,304,225,235,235,250,270,297,297,297,297,322,341,341,341,341],"floor_reached":16,"playtime":1108,"items_purged":[],"score":102,"play_id":"7239b3bb-3d85-4235-b910-838fe3df18d9","local_time":"20210109183953","is_ascension_mode":false,"campfire_choices":[{"floor":6,"key":"REST"},{"floor":11,"key":"REST"},{"floor":15,"key":"REST"}],"circlet_count":0,"master_deck":["hermit:Strike_Hermit","hermit:Strike_Hermit","hermit:Strike_Hermit","hermit:Strike_Hermit+1","hermit:Defend_Hermit","hermit:Defend_Hermit","hermit:Defend_Hermit","hermit:Defend_Hermit","hermit:Snapshot","hermit:Covet","hermit:Dive","hermit:TakeAim","hermit:BigShot","hermit:Quickdraw+1","hermit:ItchyTrigger","hermit:Midnight","hermit:Malice","hermit:Determination"],"relics":["hermit:Momento","Art of War","Thread and Needle","Pen Nib"],"acts_visited":["Exordium"],"potions_floor_usage":[5,13,14,16],"damage_taken":[{"damage":5,"enemies":"Jaw Worm","floor":1,"turns":5},{"damage":0,"enemies":"2 Louse","floor":2,"turns":2},{"damage":4,"enemies":"Small Slimes","floor":5,"turns":4},{"damage":24,"enemies":"3 Louse","floor":7,"turns":6},{"damage":15,"enemies":"2 Fungi Beasts","floor":8,"turns":4},{"damage":15,"enemies":"Gremlin Nob","floor":13,"turns":5},{"damage":0,"enemies":"Large Slime","floor":14,"turns":6},{"damage":50,"enemies":"The Guardian","floor":16,"turns":16}],"seed_played":"7376035899906354145","potions_obtained":[{"floor":2,"key":"AttackPotion"},{"floor":7,"key":"Weak Potion"},{"floor":13,"key":"EssenceOfSteel"},{"floor":14,"key":"FearPotion"}],"is_trial":false,"path_per_floor":["M","M","?","$","M","R","M","M","T","T","R","?","E","M","R","B"],"character_chosen":"HERMIT","items_purchased":["hermit:BigShot"],"campfire_rested":3,"item_purchase_floors":[4],"current_hp_per_floor":[70,70,59,59,55,75,51,36,36,36,58,43,28,28,50,0,0],"gold":341,"neow_bonus":"HUNDRED_GOLD","is_daily":false,"chose_seed":false,"campfire_upgraded":0,"win_rate":0.0,"timestamp":1610246393,"path_taken":["M","M","?","$","M","R","M","M","T","?","R","?","E","M","R","BOSS"],"items_purchased_type":["Card"],"build_version":"2020-12-22","purchased_purges":0,"victory":false,"max_hp_per_floor":[75,75,75,75,75,75,75,75,75,75,75,75,75,75,75,75,75],"card_choices":[{"not_picked":["hermit:LoneWolf","hermit:Manifest"],"picked":"hermit:Dive","floor":1},{"not_picked":["hermit:CalledShot","hermit:Feint"],"picked":"hermit:TakeAim","floor":2},{"not_picked":["hermit:FatalDesire","hermit:Glare"],"picked":"hermit:Quickdraw","floor":5},{"not_picked":["hermit:Manifest","hermit:Desperado"],"picked":"hermit:ItchyTrigger","floor":7},{"not_picked":["hermit:Roulette","hermit:Headshot"],"picked":"hermit:Midnight","floor":8},{"not_picked":["hermit:NoHoldsBarred","hermit:EternalForm"],"picked":"hermit:Malice","floor":13},{"not_picked":["hermit:Misfire","hermit:Coalescence"],"picked":"hermit:Determination","floor":14}],"player_experience":22218,"relics_obtained":[{"floor":9,"key":"Art of War"},{"floor":10,"key":"Thread and Needle"},{"floor":13,"key":"Pen Nib"}],"event_choices":[{"damage_healed":0,"gold_gain":75,"player_choice":"Gather Gold","damage_taken":11,"max_hp_gain":0,"max_hp_loss":0,"event_name":"World of Goop","floor":3,"gold_loss":0},{"damage_healed":0,"gold_gain":0,"player_choice":"Entered Light","damage_taken":15,"max_hp_gain":0,"max_hp_loss":0,"event_name":"Shining Light","floor":12,"gold_loss":0,"cards_upgraded":["hermit:Quickdraw","hermit:Strike_Hermit"]}],"is_beta":false,"boss_relics":[],"items_purged_floors":[],"is_endless":false,"potions_floor_spawned":[2,7,13,14],"killed_by":"The Guardian","ascension_level":0}}