{"host":"6fpwia82zd5086hr","time":1610322665,"event":{"mods":["BaseMod","Better Skull","Better Third Choice","Downfall","Minty Spire (QoL Compilation)","Spicy Shops","StSLib"],"gold_per_floor":[110,110,130,52,65,93,93,109,109,139,168,187,187,34,34,137,137,147,62,62,75,109,109,134,14,41,41,75,88,88,88,88,186,186,202,202,182,211,229,261,261,261,286,298,327,32,51,80,80,80],"floor_reached":51,"playtime":4557,"items_purged":[],"score":1499,"play_id":"9324264c-502b-4a8b-a6a3-64b09c118e06","local_time":"20210110165105","daily_mods":["Draft","Heirloom","DeadlyEvents"],"is_ascension_mode":true,"campfire_choices":[{"data":"Footwork","floor":7,"key":"SMITH"},{"data":"Footwork","floor":13,"key":"SMITH"},{"data":"Footwork","floor":15,"key":"SMITH"},{"data":"Envenom","floor":23,"key":"SMITH"},{"data":"Underhanded Strike","floor":30,"key":"SMITH"},{"floor":32,"key":"DIG"},{"floor":41,"key":"DIG"},{"floor":49,"key":"DIG"}],"circlet_count":0,"master_deck":["Deflect","Slice","Quick Slash","Underhanded Strike+1","Backflip","Prepared","Dagger Throw+1","Calculated Gamble","Reflex","Deflect","Dagger Throw","Footwork+1","Acrobatics","Quick Slash+1","Footwork+1","Footwork+1","Escape Plan","Envenom+1","Deadly Poison+1","Adrenaline+1","Caltrops+1","Slice+1","Calculated Gamble+1","Flechettes","Deadly Poison+1","Backflip+1","Slice+1","Noxious Fumes","Crippling Poison+1"],"relics":["Ring of the Snake","Unceasing Top","Tiny Chest","Whetstone","Bottled Flame","Ornamental Fan","Oddly Smooth Stone","Runic Pyramid","sneckomod:BlankCard","Mummified Hand","The Courier","Shuriken","Bronze Scales","Centennial Puzzle","Toxic Egg 2","Shovel","Question Card","WristBlade","PreservedInsect","Gremlin Horn","Ninja Scroll","Anchor","MealTicket","Art of War","Orrery","Guardian:PocketSentry","Medical Kit","Turnip","Pear"],"acts_visited":["Exordium","TheCity","TheBeyond"],"potions_floor_usage":[11,22,50],"damage_taken":[{"damage":0,"enemies":"Cultist","floor":1,"turns":2},{"damage":0,"enemies":"2 Louse","floor":3,"turns":2},{"damage":0,"enemies":"Jaw Worm","floor":5,"turns":2},{"damage":0,"enemies":"Lagavulin","floor":6,"turns":6},{"damage":4,"enemies":"Looter","floor":8,"turns":2},{"damage":2,"enemies":"Gremlin Nob","floor":10,"turns":3},{"damage":0,"enemies":"3 Sentries","floor":11,"turns":6},{"damage":4,"enemies":"Blue Slaver","floor":12,"turns":2},{"damage":0,"enemies":"The Guardian","floor":16,"turns":8},{"damage":0,"enemies":"Shell Parasite","floor":18,"turns":5},{"damage":0,"enemies":"Spheric Guardian","floor":21,"turns":2},{"damage":0,"enemies":"Slavers","floor":22,"turns":4},{"damage":0,"enemies":"Gremlin Leader","floor":24,"turns":6},{"damage":0,"enemies":"Slavers","floor":28,"turns":4},{"damage":0,"enemies":"Snake Plant","floor":29,"turns":3},{"damage":0,"enemies":"Automaton","floor":33,"turns":7},{"damage":0,"enemies":"Orb Walker","floor":35,"turns":2},{"damage":0,"enemies":"Reptomancer","floor":38,"turns":4},{"damage":5,"enemies":"3 Darklings","floor":39,"turns":3},{"damage":0,"enemies":"Giant Head","floor":40,"turns":4},{"damage":0,"enemies":"Sphere and 2 Shapes","floor":44,"turns":2},{"damage":0,"enemies":"Reptomancer","floor":45,"turns":2},{"damage":0,"enemies":"Maw","floor":47,"turns":5},{"damage":0,"enemies":"Giant Head","floor":48,"turns":4},{"damage":2,"enemies":"Donu and Deca","floor":50,"turns":5}],"seed_played":"-3587317485945564991","potions_obtained":[{"floor":1,"key":"SpeedPotion"},{"floor":3,"key":"BlessingOfTheForge"},{"floor":6,"key":"SneckoOil"},{"floor":8,"key":"LiquidBronze"},{"floor":10,"key":"DistilledChaos"},{"floor":18,"key":"DuplicationPotion"},{"floor":37,"key":"Poison Potion"}],"is_trial":true,"path_per_floor":["M","?","M","$","M","E","R","M","T","E","E","M","R","$","R","B",null,"M","?","T","M","E","R","E","$","T","$","E","M","R","T","R","B",null,"M","?","?","E","M","E","R","T","T","M","E","$","M","E","R","B",null],"character_chosen":"THE_SILENT","items_purchased":["Footwork","Oddly Smooth Stone","Bronze Scales","Orrery","Guardian:PocketSentry","Medical Kit"],"campfire_rested":0,"item_purchase_floors":[4,14,25,46,46,46],"current_hp_per_floor":[70,70,70,70,70,70,70,66,66,64,64,60,60,60,60,60,68,68,68,68,68,68,68,68,68,68,68,68,68,68,68,68,68,70,70,70,70,70,65,65,65,65,65,65,65,70,70,70,80,78],"gold":80,"neow_bonus":"","is_daily":false,"chose_seed":false,"campfire_upgraded":5,"win_rate":0.0,"timestamp":1610322665,"path_taken":["M","?","M","?","M","E","R","M","T","?","?","M","R","$","R","BOSS","M","?","?","?","?","R","E","$","T","?","E","M","R","?","R","BOSS","M","?","?","?","M","E","R","?","T","M","?","?","M","?","R","BOSS"],"items_purchased_type":["Card","Relic","Relic","Relic","Relic","Relic"],"build_version":"2020-12-22","purchased_purges":0,"victory":true,"max_hp_per_floor":[70,70,70,70,70,70,70,70,70,70,70,70,70,70,70,70,70,70,70,70,70,70,70,70,70,70,70,70,70,70,70,70,70,70,70,70,70,70,70,70,70,70,70,70,70,70,70,70,80,80],"card_choices":[{"not_picked":["Flying Knee","Backstab"],"picked":"Deflect","floor":0},{"not_picked":["Finisher","Bane"],"picked":"Slice","floor":0},{"not_picked":["Dash","Flying Knee"],"picked":"Quick Slash","floor":0},{"not_picked":["Dagger Throw","Prepared"],"picked":"Underhanded Strike","floor":0},{"not_picked":["Blade Dance","Setup"],"picked":"Cloak And Dagger","floor":0},{"not_picked":["Outmaneuver","Dagger Throw"],"picked":"Backflip","floor":0},{"not_picked":["Dodge and Roll","Slice"],"picked":"Prepared","floor":0},{"not_picked":["Dodge and Roll","Dagger Spray"],"picked":"Dagger Throw","floor":0},{"not_picked":["Poisoned Stab","Quick Slash"],"picked":"Calculated Gamble","floor":0},{"not_picked":["Underhanded Strike","Deflect"],"picked":"Reflex","floor":0},{"not_picked":["Flechettes","Riddle With Holes"],"picked":"Deflect","floor":0},{"not_picked":["Riddle With Holes","Masterful Stab"],"picked":"Dagger Throw","floor":0},{"not_picked":["Deadly Poison","Slice"],"picked":"Footwork","floor":0},{"not_picked":["Infinite Blades","Terror"],"picked":"Acrobatics","floor":0},{"not_picked":["Acrobatics","Infinite Blades"],"picked":"Quick Slash","floor":0},{"not_picked":["Predator","Calculated Gamble"],"picked":"Footwork","floor":1},{"not_picked":["Deflect","Eviscerate","Prepared"],"picked":"SKIP","floor":3},{"not_picked":["Accuracy","Calculated Gamble","Acrobatics"],"picked":"SKIP","floor":5},{"not_picked":["Reflex","Riddle With Holes","Well Laid Plans"],"picked":"SKIP","floor":6},{"not_picked":["Infinite Blades","Acrobatics","Deflect"],"picked":"SKIP","floor":8},{"not_picked":["Predator","Calculated Gamble"],"picked":"Escape Plan","floor":10},{"not_picked":["Finisher","Setup","Crippling Poison"],"picked":"SKIP","floor":11},{"not_picked":["Endless Agony","Reflex","Cloak And Dagger"],"picked":"SKIP","floor":12},{"not_picked":["Die Die Die","Bullet Time"],"picked":"Envenom","floor":16},{"not_picked":["Escape Plan+1","Poisoned Stab","PiercingWail"],"picked":"SKIP","floor":18},{"not_picked":["Crippling Poison+1","Distraction","Backflip"],"picked":"SKIP","floor":21},{"not_picked":["Dagger Spray","Bane","Malaise"],"picked":"SKIP","floor":22},{"not_picked":["Dodge and Roll","Choke","Skewer"],"picked":"SKIP","floor":24},{"not_picked":["Dash+1","Underhanded Strike"],"picked":"Deadly Poison+1","floor":28},{"not_picked":["Expertise+1","Underhanded Strike","Dodge and Roll+1"],"picked":"SKIP","floor":29},{"not_picked":["Unload","Glass Knife","Grand Finale"],"picked":"Adrenaline+1","floor":33},{"not_picked":["Acrobatics+1","Prepared+1","Underhanded Strike+1","Distraction+1"],"picked":"SKIP","floor":35},{"not_picked":["Dodge and Roll+1","Flechettes","Endless Agony"],"picked":"Caltrops+1","floor":38},{"not_picked":["Poisoned Stab+1","Dodge and Roll+1","Quick Slash"],"picked":"Slice+1","floor":39},{"not_picked":["Glass Knife","Storm of Steel+1","Prepared+1"],"picked":"Calculated Gamble+1","floor":40},{"not_picked":["Flying Knee+1","Dagger Spray+1","Endless Agony+1"],"picked":"Flechettes","floor":44},{"not_picked":["Acrobatics+1","Blade Dance+1","Deflect+1"],"picked":"Deadly Poison+1","floor":45},{"not_picked":["Quick Slash","Bane+1","Poisoned Stab+1"],"picked":"Backflip+1","floor":46},{"not_picked":["Prepared+1","Heel Hook+1","Calculated Gamble+1"],"picked":"Slice+1","floor":46},{"not_picked":["Outmaneuver+1","Bouncing Flask+1","Backflip+1"],"picked":"Noxious Fumes","floor":46},{"not_picked":["Outmaneuver+1","Blade Dance+1","Acrobatics+1","Grand Finale"],"picked":"SKIP","floor":47},{"not_picked":["Slice+1","Crippling Poison+1","Cloak And Dagger+1","Outmaneuver+1"],"picked":"SKIP","floor":48},{"not_picked":["Slice+1","Cloak And Dagger+1","Outmaneuver+1"],"picked":"Crippling Poison+1","floor":48}],"player_experience":775574,"relics_obtained":[{"floor":6,"key":"Tiny Chest"},{"floor":9,"key":"Whetstone"},{"floor":10,"key":"Bottled Flame"},{"floor":11,"key":"Ornamental Fan"},{"floor":20,"key":"Mummified Hand"},{"floor":22,"key":"The Courier"},{"floor":24,"key":"Shuriken"},{"floor":26,"key":"Centennial Puzzle"},{"floor":28,"key":"Toxic Egg 2"},{"floor":31,"key":"Shovel"},{"floor":32,"key":"Question Card"},{"floor":38,"key":"PreservedInsect"},{"floor":40,"key":"Gremlin Horn"},{"floor":41,"key":"Ninja Scroll"},{"floor":42,"key":"Anchor"},{"floor":43,"key":"MealTicket"},{"floor":45,"key":"Art of War"},{"floor":48,"key":"Turnip"},{"floor":49,"key":"Pear"}],"event_choices":[{"cards_removed":["Cloak And Dagger"],"damage_healed":5,"gold_gain":0,"player_choice":"Offered Common","damage_taken":0,"max_hp_gain":0,"max_hp_loss":0,"event_name":"Bonfire Elementals","floor":2,"gold_loss":0},{"cards_removed":["Cloak And Dagger"],"damage_healed":5,"gold_gain":0,"player_choice":"Offered Special","damage_taken":0,"max_hp_gain":0,"max_hp_loss":0,"event_name":"Bonfire Elementals","floor":2,"gold_loss":0},{"damage_healed":0,"gold_gain":0,"player_choice":"Obtained Relic","damage_taken":0,"relics_obtained":["sneckomod:BlankCard"],"max_hp_gain":0,"max_hp_loss":0,"event_name":"Addict","floor":19,"gold_loss":85},{"damage_healed":0,"gold_gain":0,"player_choice":"Ignored","damage_taken":0,"max_hp_gain":0,"max_hp_loss":0,"event_name":"Tomb of Lord Red Mask","floor":36,"gold_loss":0},{"damage_healed":0,"gold_gain":0,"player_choice":"Bought 1 Potion","damage_taken":0,"max_hp_gain":0,"max_hp_loss":0,"event_name":"The Woman in Blue","floor":37,"gold_loss":0}],"is_beta":false,"boss_relics":[{"not_picked":["Fusion Hammer","expansioncontent:StudyCardRelic"],"picked":"Runic Pyramid"},{"not_picked":["Astrolabe","Ring of the Serpent"],"picked":"WristBlade"}],"items_purged_floors":[],"is_endless":false,"potions_floor_spawned":[1,3,6,8,10,18,21,22,39,40,44],"ascension_level":5}}