{"host":"o7j6aatxjwpw1421","time":1610278964,"event":{"mods":["2.2 Compatiblity","AchievementEnabler","BaseMod","Colored Map","DeckTracker","Highlight Path","Keyboard Shortcuts","Minty Spire (QoL Compilation)","Permanent Neow","Quick Restart","StSLib","SuperFastMode","everything is the same but u backflip on backflip"],"gold_per_floor":[112,92,110,35,49,49,49,65,90,90,104,139,139,164,164,253,253,269,269,169,184,184,184,184],"floor_reached":23,"playtime":963,"items_purged":["Strike_G","Setup"],"score":382,"play_id":"aa1ac3b7-b83e-4260-a200-88381720b4dd","local_time":"20210110204244","is_ascension_mode":true,"campfire_choices":[{"data":"A Thousand Cuts","floor":6.0,"key":"SMITH"},{"floor":10.0,"key":"REST"},{"floor":13.0,"key":"REST"},{"floor":15.0,"key":"REST"}],"circlet_count":0,"master_deck":["AscendersBane","Survivor","Neutralize","A Thousand Cuts+1","Blade Dance","Choke","After Image","Dash","Bullet Time","Well Laid Plans","Setup","Cloak And Dagger","Tools of the Trade","Accuracy","Eviscerate","Deflect+1"],"relics":["Ring of the Snake","Golden Idol","Vajra","Tiny Chest","Pandora\u0027s Box"],"acts_visited":["Exordium","TheCity"],"potions_floor_usage":[23,23],"damage_taken":[{"damage":1.0,"enemies":"2 Louse","floor":1.0,"turns":3.0},{"damage":1.0,"enemies":"Cultist","floor":3.0,"turns":4.0},{"damage":1.0,"enemies":"Small Slimes","floor":5.0,"turns":3.0},{"damage":4.0,"enemies":"Blue Slaver","floor":8.0,"turns":4.0},{"damage":0.0,"enemies":"Looter","floor":11.0,"turns":2.0},{"damage":22.0,"enemies":"3 Sentries","floor":12.0,"turns":7.0},{"damage":7.0,"enemies":"2 Fungi Beasts","floor":14.0,"turns":5.0},{"damage":36.0,"enemies":"Hexaghost","floor":16.0,"turns":9.0},{"damage":11.0,"enemies":"2 Thieves","floor":18.0,"turns":4.0},{"damage":12.0,"enemies":"Spheric Guardian","floor":21.0,"turns":4.0},{"damage":35,"enemies":"Slavers","floor":23,"turns":4}],"seed_played":"4730849490982811427","potions_obtained":[{"floor":1.0,"key":"LiquidMemories"},{"floor":2.0,"key":"PowerPotion"},{"floor":5.0,"key":"AttackPotion"},{"floor":16.0,"key":"Dexterity Potion"},{"floor":21.0,"key":"CunningPotion"}],"is_trial":false,"path_per_floor":["M","?","M","$","M","R","?","M","T","R","M","E","R","M","R","B",null,"M","?","$","M","?","E"],"character_chosen":"THE_SILENT","items_purchased":[],"campfire_rested":3,"item_purchase_floors":[],"current_hp_per_floor":[43,43,42,42,41,41,18,14,14,33,33,11,30,23,42,6,51,40,40,40,28,28,0,0],"gold":184,"neow_bonus":"THREE_RARE_CARDS","is_daily":false,"chose_seed":false,"campfire_upgraded":1,"win_rate":0.0,"timestamp":1610278964,"path_taken":["M","?","?","?","M","R","?","M","T","R","M","E","R","M","R","BOSS","M","?","$","M","?","E"],"items_purchased_type":[],"build_version":"2020-12-22","purchased_purges":2,"victory":false,"max_hp_per_floor":[66,66,66,66,66,66,66,66,66,66,66,66,66,66,66,66,66,66,66,66,66,66,66,66],"card_choices":[{"not_picked":["Unload","Corpse Explosion"],"picked":"A Thousand Cuts","floor":0.0},{"not_picked":["Dodge and Roll","Flying Knee"],"picked":"Setup","floor":1.0},{"not_picked":["Dodge and Roll","Poisoned Stab"],"picked":"Blade Dance","floor":3.0},{"not_picked":["Bane","Skewer"],"picked":"Choke","floor":5.0},{"not_picked":["Reflex","Choke","Backstab"],"picked":"SKIP","floor":8.0},{"not_picked":["Acrobatics","Quick Slash","PiercingWail"],"picked":"SKIP","floor":11.0},{"not_picked":["Slice","Prepared","Infinite Blades"],"picked":"SKIP","floor":12.0},{"not_picked":["Dagger Spray","Infinite Blades","Deadly Poison"],"picked":"SKIP","floor":14.0},{"not_picked":["Doppelganger","Storm of Steel"],"picked":"After Image","floor":16.0},{"not_picked":["Slice","Skewer"],"picked":"Deflect+1","floor":18.0},{"not_picked":["Predator","Dagger Spray+1","Prepared"],"picked":"SKIP","floor":21.0}],"player_experience":473804,"relics_obtained":[{"floor":9.0,"key":"Vajra"},{"floor":12.0,"key":"Tiny Chest"}],"event_choices":[{"damage_healed":0.0,"max_hp_gain":0.0,"max_hp_loss":0.0,"gold_gain":0.0,"event_name":"The Woman in Blue","player_choice":"Bought 1 Potion","floor":2.0,"gold_loss":0.0,"damage_taken":0.0},{"damage_healed":0.0,"max_hp_gain":0.0,"max_hp_loss":0.0,"gold_gain":0.0,"event_name":"Golden Idol","player_choice":"Take Damage","floor":7.0,"gold_loss":0.0,"damage_taken":23.0,"relics_obtained":["Golden Idol"]},{"damage_healed":0.0,"max_hp_gain":0.0,"max_hp_loss":0.0,"gold_gain":0.0,"event_name":"Vampires","player_choice":"Ignored","floor":19.0,"gold_loss":0.0,"damage_taken":0.0},{"cards_removed":["Catalyst"],"damage_healed":0.0,"max_hp_gain":0.0,"max_hp_loss":0.0,"gold_gain":0.0,"event_name":"Back to Basics","player_choice":"Elegance","floor":22.0,"gold_loss":0.0,"damage_taken":0.0}],"is_beta":false,"boss_relics":[{"not_picked":["SacredBark","HoveringKite"],"picked":"Pandora\u0027s Box"}],"items_purged_floors":[4,20],"is_endless":false,"potions_floor_spawned":[1,5,16,21],"killed_by":"Slavers","ascension_level":20}}