{"host":"9l4mw5jqza9qz9hr","time":1610277889,"event":{"mods":["AchievementEnabler","Always Whale","BaseMod","Colored Map","Minty Spire (QoL Compilation)","StSLib","SuperFastMode"],"gold_per_floor":[1113,88,88,106,56,92,92,128,128,153,187,187,211,244,244,375,375,400,400,400,400,337,361,130,130,130,154,187,187,214,248,248,369,369,390,390,17,35,403,403,446,446,446,446,446,446,0,21,21,21],"floor_reached":51,"playtime":1218,"items_purged":["Strike_B","Strike_B","Defend_B","Hologram","Dualcast"],"score":1299,"play_id":"f0c6c0ff-c6ec-47a7-93d3-9a0f1d0d41b9","local_time":"20210110202449","is_ascension_mode":true,"campfire_choices":[{"data":"White Noise","floor":7,"key":"SMITH"},{"data":"Blizzard","floor":12,"key":"SMITH"},{"data":"Hologram","floor":15,"key":"SMITH"},{"data":"Defend_B","floor":29,"key":"PURGE"},{"data":"Defend_B","floor":32,"key":"PURGE"},{"floor":40,"key":"REST"},{"data":"Cold Snap","floor":42,"key":"PURGE"},{"data":"1","floor":49,"key":"LIFT"}],"circlet_count":1,"master_deck":["AscendersBane","Zap","Blizzard+1","Ball Lightning","White Noise+1","Machine Learning","Steam Power+1","Hologram+1","Go for the Eyes","Electrodynamics","Core Surge","Static Discharge","Self Repair","Heatsinks","Loop","Heatsinks","Defragment","Capacitor","Force Field","Thunder Strike","Glacier","Amplify+1","Turbo+1","Coolheaded","Seek","Ball Lightning"],"relics":["Cracked Core","Circlet","Membership Card","The Courier","NeowsBlessing","Runic Capacitor","Bag of Marbles","Meat on the Bone","Ancient Tea Set","Juzu Bracelet","PreservedInsect","Akabeko","Potion Belt","Regal Pillow","Bag of Preparation","Girya","Mango","Pen Nib","Golden Idol","Incense Burner","Art of War","Darkstone Periapt","Omamori","Odd Mushroom","Fusion Hammer","Orrery","Sundial","Peace Pipe","Oddly Smooth Stone","Gremlin Horn","SlaversCollar","Calipers","Thread and Needle","Bronze Scales","Old Coin","Pantograph","Eternal Feather","ClockworkSouvenir","Strawberry","Vajra","Ice Cream","War Paint"],"acts_visited":["Exordium","TheCity","TheBeyond"],"potions_floor_usage":[28,39,50,50,50,50],"damage_taken":[{"damage":0,"enemies":"Jaw Worm","floor":1,"turns":1},{"damage":0,"enemies":"Small Slimes","floor":4,"turns":1},{"damage":0,"enemies":"Lagavulin","floor":6,"turns":1},{"damage":7,"enemies":"Gremlin Nob","floor":8,"turns":3},{"damage":0,"enemies":"Cultist","floor":10,"turns":2},{"damage":16,"enemies":"3 Sentries","floor":11,"turns":4},{"damage":2,"enemies":"Exordium Wildlife","floor":13,"turns":3},{"damage":0,"enemies":"The Mushroom Lair","floor":14,"turns":1},{"damage":24,"enemies":"The Guardian","floor":16,"turns":9},{"damage":14,"enemies":"3 Byrds","floor":18,"turns":4},{"damage":5,"enemies":"Chosen","floor":23,"turns":3},{"damage":13,"enemies":"Snake Plant","floor":27,"turns":5},{"damage":17,"enemies":"Gremlin Leader","floor":28,"turns":5},{"damage":4,"enemies":"Slavers","floor":31,"turns":2},{"damage":13,"enemies":"Automaton","floor":33,"turns":8},{"damage":7,"enemies":"3 Darklings","floor":35,"turns":4},{"damage":0,"enemies":"3 Shapes","floor":38,"turns":3},{"damage":70,"enemies":"2 Orb Walkers","floor":39,"turns":4},{"damage":0,"enemies":"Reptomancer","floor":41,"turns":3},{"damage":25,"enemies":"Jaw Worm Horde","floor":48,"turns":3},{"damage":26,"enemies":"Donu and Deca","floor":50,"turns":5}],"seed_played":"-8959594433103707489","potions_obtained":[{"floor":4,"key":"PowerPotion"},{"floor":8,"key":"SmokeBomb"},{"floor":11,"key":"BlessingOfTheForge"},{"floor":14,"key":"FearPotion"},{"floor":18,"key":"Explosive Potion"},{"floor":28,"key":"Weak Potion"},{"floor":48,"key":"PowerPotion"}],"is_trial":false,"path_per_floor":["M","$","?","M","$","E","R","E","T","M","E","R","M","?","R","B",null,"M","?","?","?","$","M","$","?","T","M","E","R","T","E","R","B",null,"M","?","$","M","?","R","E","R","T","?","?","?","$","M","R","B",null],"character_chosen":"DEFECT","items_purchased":["Runic Capacitor","Bag of Marbles","Cold Snap","Blizzard","Meat on the Bone","Ancient Tea Set","Juzu Bracelet","PreservedInsect","Akabeko","Potion Belt","Regal Pillow","Bag of Preparation","Girya","Mango","Pen Nib","Static Discharge","Self Repair","Heatsinks","Loop","Heatsinks","Defragment","Orrery","Calipers","Thread and Needle","Bronze Scales","ClockworkSouvenir","Strawberry","Vajra","Ice Cream","War Paint"],"campfire_rested":1,"item_purchase_floors":[2,2,2,2,2,2,2,2,2,2,2,2,2,2,2,24,24,24,24,24,24,24,37,37,37,47,47,47,47,47],"current_hp_per_floor":[68,82,60,60,60,60,60,53,53,53,49,49,47,47,47,35,76,62,62,62,62,62,57,57,57,57,63,53,53,53,49,49,55,81,81,81,81,88,37,78,85,85,85,85,85,85,92,67,82,77],"gold":21,"neow_bonus":"THREE_ENEMY_KILL","is_daily":false,"chose_seed":false,"campfire_upgraded":3,"win_rate":0.0,"timestamp":1610277889,"path_taken":["M","$","?","M","$","E","R","E","T","M","E","R","M","?","R","BOSS","M","?","?","?","$","M","$","?","T","M","E","R","?","E","R","BOSS","M","?","$","M","?","R","E","R","T","?","?","?","?","M","R","BOSS"],"items_purchased_type":["Relic","Relic","Card","Card","Relic","Relic","Relic","Relic","Relic","Relic","Relic","Relic","Relic","Relic","Relic","Card","Card","Card","Card","Card","Card","Relic","Relic","Relic","Relic","Relic","Relic","Relic","Relic","Relic"],"build_version":"2020-12-22","purchased_purges":5,"victory":true,"max_hp_per_floor":[75,89,89,89,89,89,89,89,89,89,89,89,89,89,89,89,89,89,89,89,89,89,89,89,89,89,89,89,89,89,89,89,89,89,89,89,89,89,89,89,89,89,89,89,89,89,96,96,96,96],"card_choices":[{"not_picked":["Leap","Rebound","Sunder"],"picked":"SKIP","floor":1},{"not_picked":["Leap","Turbo"],"picked":"Ball Lightning","floor":4},{"not_picked":["Scrape","Sweeping Beam"],"picked":"White Noise","floor":6},{"not_picked":["Ball Lightning","Streamline"],"picked":"Machine Learning","floor":8},{"not_picked":["Compile Driver","Scrape"],"picked":"Steam Power","floor":10},{"not_picked":["Double Energy","Undo"],"picked":"Hologram","floor":11},{"not_picked":["Streamline","Steam"],"picked":"Go for the Eyes","floor":13},{"not_picked":["Multi-Cast","Seek"],"picked":"Electrodynamics","floor":16},{"not_picked":["Barrage","Steam Power","Leap"],"picked":"SKIP","floor":18},{"not_picked":["Conserve Battery","Recycle","Rebound+1"],"picked":"SKIP","floor":23},{"not_picked":["Turbo+1","Compile Driver+1"],"picked":"Capacitor","floor":24},{"not_picked":["Sweeping Beam","Go for the Eyes"],"picked":"Force Field","floor":24},{"not_picked":["Amplify","Skim"],"picked":"Thunder Strike","floor":24},{"not_picked":["Tempest+1","Turbo","Hologram"],"picked":"SKIP","floor":27},{"not_picked":["Gash","Cold Snap","All For One"],"picked":"SKIP","floor":28},{"not_picked":["Streamline+1","Redo+1","Stack+1"],"picked":"SKIP","floor":31},{"not_picked":["Thunder Strike","Machine Learning"],"picked":"Amplify","floor":33},{"not_picked":["Fusion+1","Barrage+1"],"picked":"Turbo+1","floor":35},{"not_picked":["Double Energy+1","Stack+1"],"picked":"Coolheaded","floor":38},{"not_picked":["Rip and Tear","Redo+1"],"picked":"Seek","floor":41},{"not_picked":["Stack","Cold Snap"],"picked":"Ball Lightning","floor":48}],"player_experience":210321,"relics_obtained":[{"floor":6,"key":"Incense Burner"},{"floor":8,"key":"Art of War"},{"floor":9,"key":"Darkstone Periapt"},{"floor":11,"key":"Omamori"},{"floor":14,"key":"Odd Mushroom"},{"floor":26,"key":"Sundial"},{"floor":28,"key":"Peace Pipe"},{"floor":30,"key":"Oddly Smooth Stone"},{"floor":31,"key":"Gremlin Horn"},{"floor":39,"key":"Old Coin"},{"floor":41,"key":"Pantograph"},{"floor":43,"key":"Eternal Feather"}],"event_choices":[{"damage_healed":0,"gold_gain":0,"player_choice":"Take Damage","damage_taken":22,"relics_obtained":["Golden Idol"],"max_hp_gain":0,"max_hp_loss":0,"event_name":"Golden Idol","floor":3,"gold_loss":0},{"damage_healed":0,"gold_gain":0,"player_choice":"Fought Mushrooms","damage_taken":0,"max_hp_gain":0,"max_hp_loss":0,"event_name":"Mushrooms","floor":14,"gold_loss":0},{"damage_healed":0,"gold_gain":0,"cards_transformed":["Strike_B"],"player_choice":"Transformed","damage_taken":0,"max_hp_gain":0,"max_hp_loss":0,"event_name":"Transmorgrifier","floor":19,"gold_loss":0,"cards_obtained":["Conserve Battery"]},{"damage_healed":0,"gold_gain":0,"cards_transformed":["Strike_B","Defend_B"],"player_choice":"Became Test Subject","damage_taken":0,"max_hp_gain":0,"max_hp_loss":0,"event_name":"Drug Dealer","floor":20,"gold_loss":0,"cards_obtained":["Core Surge","Hologram"]},{"damage_healed":0,"gold_gain":0,"player_choice":"Ignored","damage_taken":0,"max_hp_gain":0,"max_hp_loss":0,"event_name":"Vampires","floor":21,"gold_loss":0},{"damage_healed":0,"gold_gain":0,"player_choice":"Read","damage_taken":0,"max_hp_gain":0,"max_hp_loss":0,"event_name":"The Library","floor":25,"gold_loss":0,"cards_obtained":["Glacier"]},{"damage_healed":0,"gold_gain":0,"player_choice":"Ignored","damage_taken":0,"max_hp_gain":0,"max_hp_loss":0,"event_name":"Tomb of Lord Red Mask","floor":36,"gold_loss":0},{"damage_healed":0,"gold_gain":0,"player_choice":"Fight","damage_taken":0,"max_hp_gain":0,"max_hp_loss":0,"event_name":"Mysterious Sphere","floor":39,"gold_loss":0},{"damage_healed":0,"gold_gain":0,"player_choice":"0 cards matched","damage_taken":0,"max_hp_gain":0,"max_hp_loss":0,"event_name":"Match and Keep!","floor":44,"gold_loss":0,"cards_obtained":[]},{"cards_removed":["Conserve Battery"],"damage_healed":0,"gold_gain":0,"player_choice":"Removed Skill","damage_taken":0,"max_hp_gain":0,"max_hp_loss":0,"event_name":"Falling","floor":45,"gold_loss":0},{"damage_healed":0,"gold_gain":0,"player_choice":"Ignored","damage_taken":0,"max_hp_gain":0,"max_hp_loss":0,"event_name":"SecretPortal","floor":46,"gold_loss":0}],"is_beta":false,"boss_relics":[{"not_picked":["Ectoplasm","Velvet Choker"],"picked":"Fusion Hammer"},{"not_picked":["Astrolabe","Tiny House"],"picked":"SlaversCollar"}],"items_purged_floors":[2,5,22,37,47],"is_endless":false,"potions_floor_spawned":[4,8,11,14,18,28,31,38,48],"ascension_level":11}}