{"host":"2zc57igszyqgae0y","time":1610283669,"event":{"mods":["Act Like it!","Aspiration","BaseMod","Chen","Gensokyo","GifTheSpireLib","Marisa（F雨　魔理沙）","Minty Spire (QoL Compilation)","Reimu（博丽灵梦）","Remilia（蕾米莉亚）","Replay The Spire","RumiaBox-露米娅的神秘盒子","Shop Mod","StSLib","The Administrix","The Servant 0.9.4","Youmu（魂魄妖梦）","[IsaacMod]以撒尖塔","[地精首领爬塔]The Maniac","vexMod"],"gold_per_floor":[112,112,112,63,83,83,14,48,48,348,367,367,377,391,391,503,503,520,520,301,270,270,317,363,363,363,363,263,301,343,385,385,517,517,550,620,530,6,39,39,88,88,88,88,140,140,208,269,269,303,303],"floor_reached":50,"playtime":2177,"items_purged":["Strike_B","Strike_B","Redo+1"],"score":789,"play_id":"6fe00cfd-772f-431e-9fda-5e0b52b26f7c","local_time":"20210110210109","is_ascension_mode":true,"campfire_choices":[{"data":"Redo","floor":6.0,"key":"SMITH"},{"data":"Glacier","floor":12.0,"key":"SMITH"},{"data":"Blizzard","floor":15.0,"key":"SMITH"},{"floor":25.0,"key":"REST"},{"data":"ZunPunch:ReiMu","floor":27.0,"key":"SMITH"},{"floor":42,"key":"REST"},{"data":"Seek","floor":44,"key":"SMITH"},{"data":"Panic Button","floor":46,"key":"SMITH"},{"data":"Coolheaded","floor":49,"key":"SMITH"}],"circlet_count":0,"master_deck":["Strike_B+1","Defend_B+1","Defend_B","Zap+1","Dualcast","Ball Lightning+1","Coolheaded+1","Blizzard+1","Glacier+1","ZunPunch:ReiMu+1","Turbo+1","Seek+1","Panic Button+1","Panic Button+1","Buffer+1","Defragment+1"],"relics":["Cracked Core","HushsDoor","DoctorsRemote","CeramicFish","Replay:Wax Seal","Philosopher\u0027s Stone","Replay:Bandana","FossilizedHelix","Pet Ghost","Counterbalance","Empty Cage","PillsDrop","Whetstone","Juzu Bracelet","White Beast Statue","The Courier","Frozen Egg 2","Gremlin Horn"],"acts_visited":["Exordium","TheCity","TheBeyond"],"potions_floor_usage":[41,41,41,47,48,50],"damage_taken":[{"damage":9.0,"enemies":"Jaw Worm","floor":1.0,"turns":3.0},{"damage":0.0,"enemies":"Small Slimes","floor":5.0,"turns":2.0},{"damage":0.0,"enemies":"Gremlin Nob","floor":8.0,"turns":2.0},{"damage":0.0,"enemies":"Cultist","floor":11.0,"turns":2.0},{"damage":0.0,"enemies":"Large Slime","floor":13.0,"turns":5.0},{"damage":8.0,"enemies":"Blue Slaver","floor":14.0,"turns":3.0},{"damage":0.0,"enemies":"Slime Boss","floor":16.0,"turns":6.0},{"damage":14.0,"enemies":"Shell Parasite","floor":18.0,"turns":6.0},{"damage":23.0,"enemies":"Gremlin Leader","floor":23.0,"turns":4.0},{"damage":0.0,"enemies":"Spheric Guardian","floor":24.0,"turns":3.0},{"damage":16.0,"enemies":"Book of Stabbing","floor":29.0,"turns":5.0},{"damage":9.0,"enemies":"Shelled Parasite and Fungi","floor":30.0,"turns":4.0},{"damage":10.0,"enemies":"Centurion and Healer","floor":31.0,"turns":3.0},{"damage":29.0,"enemies":"Collector","floor":33.0,"turns":8.0},{"damage":0.0,"enemies":"Orb Walker","floor":35.0,"turns":3.0},{"damage":0.0,"enemies":"Hiden Room Battle","floor":36.0,"turns":3.0},{"damage":13.0,"enemies":"3 Darklings","floor":39.0,"turns":4.0},{"damage":19,"enemies":"Giant Head","floor":41,"turns":8},{"damage":12,"enemies":"Maw","floor":45,"turns":8},{"damage":19,"enemies":"Writhing Mass","floor":47,"turns":4},{"damage":3,"enemies":"R_Hoarder","floor":48,"turns":6},{"damage":57,"enemies":"Awakened One","floor":50,"turns":9}],"seed_played":"-7872183317527110288","potions_obtained":[{"floor":1.0,"key":"PowerPotion"},{"floor":13.0,"key":"Adrenaline Potion"},{"floor":14.0,"key":"ColorlessPotion"},{"floor":16.0,"key":"Block Potion"},{"floor":18.0,"key":"DuplicationPotion"},{"floor":23.0,"key":"Toxic Potion"},{"floor":36.0,"key":"GrandPatriotsElixir:ReiMu"},{"floor":39.0,"key":"Block Potion"},{"floor":41,"key":"PowerPotion"},{"floor":45,"key":"FearPotion"},{"floor":47,"key":"DuplicationPotion"},{"floor":48,"key":"ZuzhouPotion:ReiMu"}],"is_trial":false,"path_per_floor":["M","?","?","$","M","R","$","E","T","?","M","R","M","M","R","B",null,"M","?","$","?","?","E","M","R","T","R","$","E","M","M","R","B",null,"M","?","?","$","M","?","E","R","T","R","M","R","M","E","R","B"],"character_chosen":"DEFECT","items_purchased":["Ball Lightning","Echo Form","Replay:Bandana","Juzu Bracelet","White Beast Statue"],"campfire_rested":2,"item_purchase_floors":[4,7,20,38,38],"current_hp_per_floor":[73,57,82,82,82,82,82,82,82,82,82,82,82,74,74,74,80,66,66,66,66,66,43,43,65,65,65,65,49,40,30,86,57,79,79,79,79,79,69,69,50,76,76,76,64,64,45,42,42,0,0],"gold":303,"neow_bonus":"TEN_PERCENT_HP_BONUS","is_daily":false,"chose_seed":false,"campfire_upgraded":7,"win_rate":0.0,"timestamp":1610283669,"path_taken":["M","?","?","?","M","R","$","E","T","?","M","R","?","M","R","BOSS","M","?","$","?","?","E","M","R","T","R","$","E","M","?","R","BOSS","M","?","?","$","M","?","E","R","T","R","M","R","M","E","R","BOSS"],"items_purchased_type":["Card","Card","Relic","Relic","Relic"],"build_version":"2020-12-22","purchased_purges":3,"victory":false,"max_hp_per_floor":[82,82,82,82,82,82,82,82,82,82,82,82,82,82,82,82,82,82,82,82,82,82,76,76,76,76,76,76,76,76,76,86,86,86,86,86,86,86,89,89,89,89,89,89,89,89,89,89,89,89,89],"card_choices":[{"not_picked":["BasicCrystalCard","Cancel"],"picked":"Redo","floor":1.0},{"not_picked":["Static Discharge","Beam Cell"],"picked":"Coolheaded","floor":5.0},{"not_picked":["Gash","Redo"],"picked":"Blizzard","floor":8.0},{"not_picked":["Time Bomb","Hologram"],"picked":"Glacier","floor":11.0},{"not_picked":["Time Bomb","BasicCrystalCard","Coolheaded"],"picked":"SKIP","floor":13.0},{"not_picked":["Time Bomb","Loop","Heatsinks"],"picked":"SKIP","floor":14.0},{"not_picked":["Meteor Strike","Echo Form"],"picked":"Reboot","floor":16.0},{"not_picked":["Ball Lightning","Time Bomb","Barrage"],"picked":"SKIP","floor":18.0},{"not_picked":["Hello World","ReplayTheSpireMod:Reroute Power+1","Steam"],"picked":"SKIP","floor":23.0},{"not_picked":["FTL","Gash","Steam Power"],"picked":"SKIP","floor":24.0},{"not_picked":["Stack","Gash","Undo"],"picked":"SKIP","floor":29.0},{"not_picked":["Recycle+1","Gash+1"],"picked":"Turbo","floor":30.0},{"not_picked":["Reprogram","Compile Driver","Sunder"],"picked":"SKIP","floor":31.0},{"not_picked":["Rainbow","Machine Learning"],"picked":"Seek","floor":33.0},{"not_picked":["Ball Lightning+1","ReplaySort"],"picked":"Panic Button","floor":35.0},{"not_picked":["Go for the Eyes","Steam+1","Stack+1"],"picked":"SKIP","floor":39.0},{"not_picked":["Double Energy","Fusion+1","Beam Cell"],"picked":"SKIP","floor":41},{"not_picked":["Self Repair+1","Hologram+1"],"picked":"Panic Button+1","floor":45},{"not_picked":["Melter","Rebound"],"picked":"Buffer+1","floor":47},{"not_picked":["Hologram","Sweeping Beam+1"],"picked":"Defragment+1","floor":48}],"player_experience":357454,"relics_obtained":[{"floor":8.0,"key":"CeramicFish"},{"floor":9.0,"key":"Replay:Wax Seal"},{"floor":23.0,"key":"FossilizedHelix"},{"floor":26.0,"key":"Pet Ghost"},{"floor":29.0,"key":"Counterbalance"},{"floor":36.0,"key":"PillsDrop"},{"floor":36.0,"key":"Whetstone"},{"floor":41,"key":"The Courier"},{"floor":43,"key":"Frozen Egg 2"},{"floor":48,"key":"Gremlin Horn"}],"event_choices":[{"damage_healed":0.0,"max_hp_gain":0.0,"max_hp_loss":0.0,"gold_gain":0.0,"event_name":"Shining Light","player_choice":"Entered Light","floor":2.0,"gold_loss":0.0,"damage_taken":16.0,"cards_upgraded":["Zap","Defend_B"]},{"damage_healed":27.0,"max_hp_gain":0.0,"max_hp_loss":0.0,"gold_gain":0.0,"event_name":"Big Fish","player_choice":"Banana","floor":3.0,"gold_loss":0.0,"damage_taken":0.0},{"damage_healed":0.0,"max_hp_gain":0.0,"max_hp_loss":0.0,"gold_gain":0.0,"event_name":"Lab","player_choice":"Got Potions","floor":19.0,"gold_loss":0.0,"damage_taken":0.0},{"damage_healed":0.0,"max_hp_gain":0.0,"max_hp_loss":0.0,"gold_gain":0.0,"event_name":"ZunEvent","player_choice":"交出神酒","floor":21.0,"relics_lost":["ZunR:ReiMu"],"gold_loss":0.0,"damage_taken":0.0,"cards_obtained":["ZunPunch:ReiMu"]},{"cards_removed":["Reboot"],"damage_healed":46.0,"max_hp_gain":10.0,"max_hp_loss":0.0,"gold_gain":0.0,"event_name":"Bonfire Elementals","player_choice":"Offered Rare","floor":32.0,"gold_loss":0.0,"damage_taken":0.0},{"damage_healed":0.0,"max_hp_gain":0.0,"max_hp_loss":0.0,"gold_gain":0.0,"event_name":"HidenRoomEvent","player_choice":"Fight","floor":36.0,"gold_loss":0.0,"damage_taken":0.0},{"cards_removed":["Defend_B"],"damage_healed":0.0,"max_hp_gain":0.0,"max_hp_loss":0.0,"gold_gain":0.0,"event_name":"Designer","player_choice":"Upgrade and Remove","floor":37.0,"gold_loss":90.0,"damage_taken":0.0,"cards_upgraded":["Turbo"]},{"cards_removed":["Echo Form"],"damage_healed":0,"gold_gain":0,"player_choice":"Removed Power","damage_taken":0,"max_hp_gain":0,"max_hp_loss":0,"event_name":"Falling","floor":40,"gold_loss":0}],"is_beta":false,"boss_relics":[{"not_picked":["aspiration:RunicSpoon","Replay:Ancient Bell"],"picked":"Philosopher\u0027s Stone"},{"not_picked":[]},{"not_picked":["aspiration:PoetsPen_weak","aspiration:FutureDiary"],"picked":"Empty Cage"},{"not_picked":[]}],"items_purged_floors":[20,28,38],"is_endless":false,"potions_floor_spawned":[1,13,14,16,18,23,24,36,39,41,45,47,48],"killed_by":"Awakened One","ascension_level":5}}