{"host":"ty2cix8xj6r3ad26","time":1610319161,"event":{"mods":["AchievementEnabler","BaseMod","BetterRewards","Minty Spire (QoL Compilation)","StSLib","SuperFastMode","The Servant 0.9.4"],"gold_per_floor":[110,39,39,53,70,70,105,105,132,132,145,145,161,161,161,260,260,280,355,50,70,88,122,122,155,230,230,256,30,65,76,76,177,177,197,244,244,244,259,259,271,294,294,59,79,93,118,136,136,136,136,136,61,88,88],"floor_reached":56,"playtime":3881,"items_purged":["Strike_S","Defend_S","Strike_S","Strike_S","Defend_S","Defend_S"],"score":1819,"play_id":"9dbb1a00-d6ef-450d-b3c5-d5d2a441f496","local_time":"20210111005241","is_ascension_mode":true,"campfire_choices":[{"data":"KidneyShot","floor":6,"key":"SMITH"},{"data":"Sunlight","floor":8,"key":"SMITH"},{"data":"ReturningBlade","floor":10,"key":"SMITH"},{"data":"ReturningBlade+1","floor":15,"key":"SMITH"},{"data":"ReturningBlade+2","floor":24,"key":"SMITH"},{"data":"ReturningBlade+3","floor":32,"key":"SMITH"},{"data":"Solidify","floor":40,"key":"SMITH"},{"floor":49,"key":"RECALL"},{"data":"ReturningBlade+5","floor":52,"key":"SMITH"}],"circlet_count":0,"master_deck":["Defend_S","KidneyShot+1","TimeTheft","ReturningBlade+6","Sunlight+1","Desolation+1","Dilation","BottledTime+1","Rewind+1","Misdirection+1","TrueSight","TheWorld","Solidify+1","BestPractice"],"relics":["Uniform","Ornamental Fan","Tiny Chest","Sling","Gremlin Horn","Ice Cream","Bag of Marbles","Boot","Matryoshka","SlaversCollar","TheAbacus","Prayer Wheel","Blue Candle","Centennial Puzzle","Sundial","Blood Vial","Shovel","Coffee Dripper","Thread and Needle","Potion Belt","Whetstone","Ancient Tea Set","Pen Nib"],"acts_visited":["Exordium","TheCity","TheBeyond","TheEnding"],"potions_floor_usage":[16,16,18,22,33,33,36,46,50,55,55,55],"damage_taken":[{"damage":0,"enemies":"Cultist","floor":1,"turns":3},{"damage":2,"enemies":"2 Louse","floor":4,"turns":3},{"damage":4,"enemies":"Small Slimes","floor":5,"turns":5},{"damage":16,"enemies":"Gremlin Nob","floor":7,"turns":4},{"damage":0,"enemies":"Gremlin Gang","floor":11,"turns":1},{"damage":0,"enemies":"3 Louse","floor":13,"turns":1},{"damage":13,"enemies":"The Guardian","floor":16,"turns":7},{"damage":4,"enemies":"Chosen","floor":18,"turns":3},{"damage":0,"enemies":"Spheric Guardian","floor":21,"turns":3},{"damage":0,"enemies":"Snecko","floor":22,"turns":5},{"damage":0,"enemies":"Slavers","floor":23,"turns":1},{"damage":0,"enemies":"Gremlin Leader","floor":25,"turns":3},{"damage":0,"enemies":"Slavers","floor":30,"turns":2},{"damage":2,"enemies":"Snake Plant","floor":31,"turns":4},{"damage":0,"enemies":"Champ","floor":33,"turns":8},{"damage":0,"enemies":"3 Darklings","floor":35,"turns":3},{"damage":17,"enemies":"2 Orb Walkers","floor":36,"turns":4},{"damage":0,"enemies":"3 Shapes","floor":39,"turns":2},{"damage":0,"enemies":"Spire Growth","floor":41,"turns":4},{"damage":2,"enemies":"Jaw Worm Horde","floor":45,"turns":3},{"damage":0,"enemies":"Transient","floor":46,"turns":5},{"damage":0,"enemies":"Reptomancer","floor":47,"turns":4},{"damage":0,"enemies":"Maw","floor":48,"turns":5},{"damage":1,"enemies":"Donu and Deca","floor":50,"turns":5},{"damage":5,"enemies":"Shield and Spear","floor":54,"turns":2},{"damage":37,"enemies":"The Heart","floor":55,"turns":8}],"seed_played":"5084524850354552263","potions_obtained":[{"floor":1,"key":"Swift Potion"},{"floor":11,"key":"SpeedPotion"},{"floor":16,"key":"GamblersBrew"},{"floor":18,"key":"Fruit Juice"},{"floor":21,"key":"CultistPotion"},{"floor":31,"key":"PowerPotion"},{"floor":33,"key":"GamblersBrew"},{"floor":35,"key":"PowerPotion"},{"floor":36,"key":"Ancient Potion"},{"floor":48,"key":"SkillPotion"}],"is_trial":false,"path_per_floor":["M","$","?","M","M","R","E","R","T","R","M","?","M","T","R","B",null,"M","?","$","M","M","E","R","E","T","?","T","$","E","M","R","B",null,"M","?","?","?","M","R","M","T","T","$","M","M","E","M","R","B",null,"R","$","E","B",null],"character_chosen":"THE_SERVANT","items_purchased":["Ornamental Fan","Tiny Chest","Sling","TimeTheft","Gremlin Horn","ReturningBlade","TheAbacus","Swift Potion","BestPractice","Regen Potion"],"campfire_rested":0,"item_purchase_floors":[0,0,0,0,0,2,20,29,44,53],"current_hp_per_floor":[23,23,44,42,38,38,22,22,22,22,22,22,22,22,22,9,65,66,59,59,59,59,59,59,59,59,46,46,46,48,48,48,50,75,75,58,58,58,60,60,62,62,62,62,62,64,66,68,68,69,75,75,75,70,46],"gold":88,"neow_bonus":"","is_daily":false,"chose_seed":false,"campfire_upgraded":8,"win_rate":0.0,"timestamp":1610319161,"path_taken":["M","?","?","M","M","R","E","R","T","R","M","?","M","?","R","BOSS","M","?","$","?","M","E","R","E","T","?","?","$","E","M","R","BOSS","M","?","?","?","M","R","M","?","T","$","?","M","E","M","R","BOSS","R","$","E","BOSS"],"items_purchased_type":["Relic","Relic","Relic","Card","Relic","Card","Relic","Potion","Card","Potion"],"build_version":"2020-12-22","purchased_purges":6,"victory":true,"max_hp_per_floor":[65,65,65,65,65,65,65,65,65,65,65,65,65,65,65,65,65,70,70,70,70,70,70,70,70,70,75,75,75,75,75,75,75,75,75,75,75,75,75,75,75,75,75,75,75,75,75,75,75,75,75,75,75,75,75],"card_choices":[{"not_picked":["BottledTime","Potential","BestPractice"],"picked":"SKIP","floor":1},{"not_picked":["Collapse","FastForward","Rearm"],"picked":"SKIP","floor":4},{"not_picked":["Spin","Rewind","TimeWarp"],"picked":"SKIP","floor":5},{"not_picked":["Rewind","FastForward"],"picked":"Sunlight","floor":7},{"not_picked":["Gouge","DoubleEdge"],"picked":"Desolation","floor":11},{"not_picked":["Potential","Defy","TimeWarp"],"picked":"SKIP","floor":13},{"not_picked":["Solidify","Sunlight"],"picked":"Dilation","floor":16},{"not_picked":["DoubleEdge","Desolation"],"picked":"BottledTime+1","floor":18},{"not_picked":["DoubleEdge","ReturningBlade"],"picked":"Rewind+1","floor":21},{"not_picked":["WasteNot+1","Barrier+1"],"picked":"Misdirection+1","floor":22},{"not_picked":["Potential","Sunlight"],"picked":"TrueSight","floor":23},{"not_picked":["BottledTime","Ricochet+1"],"picked":"TheWorld","floor":25},{"not_picked":["Replace","Snipe","BottledTime"],"picked":"SKIP","floor":30},{"not_picked":["RealityMarble","DualDimension","Moonlight"],"picked":"SKIP","floor":31},{"not_picked":["SilverBlades","Rewind","FanOfKnives"],"picked":"SKIP","floor":31},{"not_picked":["Deny","FlawlessForm"],"picked":"Solidify","floor":33},{"not_picked":["Snipe+1","TimeWarp+1","Unruled"],"picked":"SKIP","floor":35},{"not_picked":["Ricochet+1","Collapse","BestPractice"],"picked":"SKIP","floor":35},{"not_picked":["Defy","FanOfKnives+1","Replace"],"picked":"SKIP","floor":39},{"not_picked":["Revamp","BottledTime+1","ShiftingGears"],"picked":"SKIP","floor":39},{"not_picked":["DoubleEdge","Replace+1","Unruled+1"],"picked":"SKIP","floor":41},{"not_picked":["Alleviate+1","Unruled+1","Duplication"],"picked":"SKIP","floor":41},{"not_picked":["Reset+1","ShatteredReality","TimeWarp+1"],"picked":"SKIP","floor":45},{"not_picked":["Rearm+1","Starlight+1","Defy+1"],"picked":"SKIP","floor":45},{"not_picked":["Gouge+1","Barrier","Potential+1"],"picked":"SKIP","floor":46},{"not_picked":["BestPractice+1","Foresight+1","Unruled+1"],"picked":"SKIP","floor":46},{"not_picked":["Alleviate","Ricochet","DualDimension+1"],"picked":"SKIP","floor":47},{"not_picked":["Spin","BottledTime+1","DoubleEdge+1"],"picked":"SKIP","floor":48},{"not_picked":["Desolation","Defy","Spin+1"],"picked":"SKIP","floor":48},{"not_picked":["Unruled","RealityMarble","TimeWarp"],"picked":"SKIP","floor":54}],"player_experience":475763,"relics_obtained":[{"floor":7,"key":"Bag of Marbles"},{"floor":9,"key":"Boot"},{"floor":14,"key":"Matryoshka"},{"floor":23,"key":"Prayer Wheel"},{"floor":25,"key":"Blue Candle"},{"floor":26,"key":"Centennial Puzzle"},{"floor":26,"key":"Sundial"},{"floor":28,"key":"Blood Vial"},{"floor":30,"key":"Shovel"},{"floor":36,"key":"Thread and Needle"},{"floor":42,"key":"Potion Belt"},{"floor":43,"key":"Whetstone"},{"floor":47,"key":"Ancient Tea Set"},{"floor":54,"key":"Pen Nib"}],"event_choices":[{"damage_healed":21,"gold_gain":0,"player_choice":"Banana","damage_taken":0,"max_hp_gain":0,"max_hp_loss":0,"event_name":"Big Fish","floor":3,"gold_loss":0},{"cards_removed":["Strike_S"],"damage_healed":0,"gold_gain":0,"player_choice":"Purged","damage_taken":0,"max_hp_gain":0,"max_hp_loss":0,"event_name":"Purifier","floor":12,"gold_loss":0},{"damage_healed":0,"gold_gain":75,"player_choice":"Touch","damage_taken":7,"max_hp_gain":0,"max_hp_loss":0,"event_name":"FaceTrader","floor":19,"gold_loss":0},{"damage_healed":0,"gold_gain":0,"player_choice":"Shed Blood","damage_taken":18,"max_hp_gain":5,"max_hp_loss":0,"event_name":"Forgotten Altar","floor":27,"gold_loss":0},{"damage_healed":0,"gold_gain":0,"player_choice":"Fight","damage_taken":0,"max_hp_gain":0,"max_hp_loss":0,"event_name":"Mysterious Sphere","floor":36,"gold_loss":0},{"damage_healed":0,"gold_gain":0,"player_choice":"Ignored","damage_taken":0,"max_hp_gain":0,"max_hp_loss":0,"event_name":"Tomb of Lord Red Mask","floor":37,"gold_loss":0},{"cards_removed":["Exchange"],"damage_healed":0,"gold_gain":0,"player_choice":"Removed Skill","damage_taken":0,"max_hp_gain":0,"max_hp_loss":0,"event_name":"Falling","floor":38,"gold_loss":0}],"is_beta":false,"boss_relics":[{"not_picked":["Empty Cage","StoneMask"],"picked":"SlaversCollar"},{"not_picked":["Tiny House","Cursed Key"],"picked":"Coffee Dripper"}],"items_purged_floors":[0,0,0,20,29,44],"is_endless":false,"potions_floor_spawned":[1,11,16,18,21,31,33,35,36,48],"ascension_level":2}}