{"host":"mydft8i2zzydgggw","time":1610321841,"event":{"mods":["AchievementEnabler","BaseMod","BetterRewards","Colored Map","Colored Powertips","DeckTracker","Keyboard Shortcuts","Minty Spire (QoL Compilation)","Rare Cards Sparkle","StSLib","SuperFastMode","everything is the same but u backflip on backflip"],"gold_per_floor":[114,214,234,251,262,287,287,287,287],"floor_reached":8,"playtime":227,"items_purged":[],"score":73,"play_id":"60d3f0dd-95b0-4f95-a6a0-c0b5b3723726","local_time":"20210111083721","is_ascension_mode":true,"campfire_choices":[{"data":"Bash","floor":7,"key":"SMITH"}],"circlet_count":0,"master_deck":["Strike_R","Strike_R","Strike_R","Strike_R","Strike_R","Defend_R","Defend_R","Defend_R","Defend_R","Bash+1","Heavy Blade","Shockwave","Flame Barrier"],"relics":["Burning Blood","Orichalcum"],"acts_visited":["Exordium"],"potions_floor_usage":[6],"damage_taken":[{"damage":10,"enemies":"Small Slimes","floor":1,"turns":3},{"damage":6,"enemies":"Cultist","floor":3,"turns":4},{"damage":1,"enemies":"2 Louse","floor":4,"turns":2},{"damage":4,"enemies":"2 Fungi Beasts","floor":5,"turns":3},{"damage":53,"enemies":"3 Sentries","floor":6,"turns":9},{"damage":48,"enemies":"Lagavulin","floor":8,"turns":9}],"seed_played":"3313150994784764024","potions_obtained":[{"floor":3,"key":"ElixirPotion"},{"floor":5,"key":"Block Potion"}],"is_trial":false,"path_per_floor":["M","?","M","M","M","E","R","E"],"character_chosen":"IRONCLAD","items_purchased":[],"campfire_rested":0,"item_purchase_floors":[],"current_hp_per_floor":[84,84,84,88,88,41,41,0,0],"gold":287,"neow_bonus":"TEN_PERCENT_HP_BONUS","is_daily":false,"chose_seed":false,"campfire_upgraded":1,"win_rate":0.0,"timestamp":1610321841,"path_taken":["M","?","M","?","M","E","R","E"],"items_purchased_type":[],"build_version":"2020-12-22","purchased_purges":0,"victory":false,"max_hp_per_floor":[88,88,88,88,88,88,88,88,88],"card_choices":[{"not_picked":["Warcry","Havoc"],"picked":"Heavy Blade","floor":1},{"not_picked":["Sever Soul","Evolve","Power Through"],"picked":"SKIP","floor":3},{"not_picked":["Rampage","Perfected Strike"],"picked":"Shockwave","floor":4},{"not_picked":["Sever Soul","Twin Strike","Intimidate"],"picked":"SKIP","floor":5},{"not_picked":["Anger","Evolve"],"picked":"Flame Barrier","floor":6}],"player_experience":157244,"relics_obtained":[{"floor":6,"key":"Orichalcum"}],"event_choices":[{"damage_healed":0,"gold_gain":100,"player_choice":"Pray","damage_taken":0,"max_hp_gain":0,"max_hp_loss":0,"event_name":"Golden Shrine","floor":2,"gold_loss":0}],"is_beta":false,"boss_relics":[],"items_purged_floors":[],"is_endless":false,"potions_floor_spawned":[3,5],"killed_by":"Lagavulin","ascension_level":5}}