{"host":"2i0myh7fqij2ti1z","time":1610286476,"event":{"mods":["Aspiration","BaseMod","Better Third Choice","Colored Powertips","FoggyMod","GifTheSpireLib","Highlight Path","Minty Spire (QoL Compilation)","Permanent Neow","Quick Restart","Random Character Button","Random Character Mod","Relic Sorter","Replay The Spire","Shop Mod","Spicy Shops","StSLib","Stuff the Spire","Transform Curses","Wandering Minibosses","vexMod","óô»ðÖ¸ÄÏ"],"gold_per_floor":[114,114,114,8789,8789,7655,7655,6169,6193,5475,5445,5420,4916,4866,4269,4383,4383,4402,3163,1759,1768,912,108,140,9041,9095,8283,8298,7444,6289,6350,5675,5792,5892,5914,5116,5135,4536,4552,3867,3867,3160,3214,3214,3263,2608,2057,1398,834,842],"floor_reached":51,"playtime":2766,"items_purged":["Beam Cell","Doom and Gloom","Zap","Capacitor","Blizzard+1","Shame","Capacitor+1","Leap","Beam Cell+1","Beam Cell+1","StuffTheSpire:SnapShoot","Injury","Coolheaded+1","StuffTheSpire:Brawn","Bandage Up+1","Writhe"],"score":1059,"play_id":"81e13f81-b817-445f-9ca3-e0e0f965e8eb","local_time":"20210110214756","is_ascension_mode":true,"campfire_choices":[],"circlet_count":0,"master_deck":["Ball Lightning+1","Consume+1","Amplify+1","Dark Shackles","FIFO Queue+1","Seek+1","Capacitor+1","Ball Lightning+1","Hologram+1","White Noise+1","ReplayUltimateDefense+1","StuffTheSpire:Synthwave+1","Double Energy+1","Echo Form+1","Tempest+1","Self Repair+1","Echo Form+1","Chill+1","Mirror Shield+1","Machine Learning+1","Chaos+1","StuffTheSpire:Rapture"],"relics":["Pandora\u0027s Box","StuffTheSpire:NeowsTribute","Replay:Kaleidoscope","ReplayTheSpireMod:EnergyBall","MawBank","Carrot","Snack Pack","Art of War","Guide Book","vexMod:PaidLearning","Frozen Egg 2","OrangePellets","Juzu Bracelet","Mango","vexMod:HeadHunter","Medical Kit","vexMod:Cooldron","Regal Pillow","Boot","Replay:Bandana","Potion Belt","Replay:Mystery Machine","CeramicFish","Bag of Marbles","vexMod:Spyglass","Orrery","Gremlin Horn","Bottled Lightning","Blue Doll","HornCleat","TheAbacus","Cauldron","aspiration:Stellarator","StuffTheSpire:Expresso","StuffTheSpire:HeavyRock","Solar Panel","ReplayTheSpireMod:Lightbulb","Sling","vexMod:BarristanHead","Lizard Tail","StuffTheSpire:Gunfinga","Runic Capacitor","Chemical X","StuffTheSpire:GrapeVine","Cables","Ancient Tea Set","Nunchaku","DataDisk","Strange Spoon","Orichalcum","Frozen Eye","StuffTheSpire:Saxophone","StuffTheSpire:CocoNut","Pet Ghost","MerchantsRug","vexMod:FocusSash","Replay:Rubber Ducky","Replay:Antivirus Software","aspiration:Nostalgia","Burning Blood","Strawberry","StuffTheSpire:OldFever","Dream Catcher","StuffTheSpire:RubySignet","Vajra","Lee\u0027s Waffle","aspiration:FrozenJewel","ClockworkSouvenir","aspiration:FaultyCoupler","Raider\u0027s Mask","Geode","StuffTheSpire:Barrel","aspiration:ChemicalBlood","Membership Card","Replay:Frozen Program","Bag of Preparation","Blood Vial","vexMod:BerryBomb","War Paint","Replay:Wanted Poster","HandDrill","Anchor","StrikeDummy","Meat on the Bone","Oddly Smooth Stone","Chameleon Ring","InkBottle","PreservedInsect","Lantern","Toxic Egg 2","Kunai","Pen Nib","Replay:Accelerometer","Matryoshka","Molten Egg 2","Question Card","aspiration:EnhancedActuators","Happy Flower","Replay:WaspNest","aspiration:Lifesprig","Smiling Mask","Counterbalance","Letter Opener","Ice Cream","Iron Hammer","vexMod:InvisibilityCloak","Replay:Baseball","Whetstone","Toy Ornithopter","Mirror","Centennial Puzzle","Akabeko","Sundial","StuffTheSpire:PointBlank","Golden Egg","Quantum Egg","StoneCalendar","StuffTheSpire:Experiment12","aspiration:FetidBarrel","Blue Candle","vexMod:Dragonfruit","Replay:Arrowhead","Dead Branch","StuffTheSpire:ForceGauntlet"],"acts_visited":["Exordium","TheCity","TheBeyond"],"potions_floor_usage":[16],"damage_taken":[{"damage":11,"enemies":"2 Louse","floor":1,"turns":2},{"damage":12,"enemies":"The Guardian","floor":16,"turns":8},{"damage":17,"enemies":"Shell Parasite","floor":18,"turns":8},{"damage":0,"enemies":"Spheric Guardian","floor":24,"turns":3},{"damage":0,"enemies":"Snake Plant","floor":28,"turns":2},{"damage":0,"enemies":"Gremlin Leader","floor":31,"turns":4},{"damage":0,"enemies":"Champ","floor":33,"turns":3},{"damage":0,"enemies":"3 Shapes","floor":35,"turns":2},{"damage":0,"enemies":"3 Darklings","floor":37,"turns":3},{"damage":0,"enemies":"Writhing Mass","floor":39,"turns":2},{"damage":0,"enemies":"R_Hoarder","floor":45,"turns":3},{"damage":0,"enemies":"Awakened One","floor":50,"turns":5}],"seed_played":"-5163838275674454488","potions_obtained":[{"floor":15,"key":"FairyPotion"},{"floor":15,"key":"Milkshake"},{"floor":15,"key":"Elixir"},{"floor":15,"key":"Ancient Potion"},{"floor":15,"key":"LiquidMemories"},{"floor":18,"key":"EntropicBrew"}],"is_trial":false,"path_per_floor":["M","?","?","$","?","R","?","R","T","R","?","?","$","?","R","B",null,"M","$","$","?","$","R","M","R","T","R","M","$","R","E","R","B",null,"M","$","M","$","M","R","?","R","T","T","E","R","$","$","R","B",null],"character_chosen":"DEFECT","items_purchased":["Carrot","Snack Pack","Art of War","StuffTheSpire:NeowsTribute","Guide Book","Beam Cell","vexMod:PaidLearning","Frozen Egg 2","OrangePellets","Juzu Bracelet","Mango","Leap","vexMod:HeadHunter","Medical Kit","vexMod:Cooldron","Regal Pillow","Boot","Replay:Bandana","Dark Shackles","Replay:Mystery Machine","CeramicFish","Bag of Marbles","vexMod:Spyglass","Orrery","Gremlin Horn","Bottled Lightning","Blue Doll","HornCleat","TheAbacus","Cauldron","StuffTheSpire:Expresso","StuffTheSpire:HeavyRock","Solar Panel","ReplayTheSpireMod:Lightbulb","Sling","Capacitor+1","vexMod:BarristanHead","Lizard Tail","StuffTheSpire:Gunfinga","Runic Capacitor","Bandage Up","Chemical X","StuffTheSpire:GrapeVine","Cables","Ancient Tea Set","Nunchaku","Hologram+1","DataDisk","Strange Spoon","Orichalcum","Coolheaded+1","Frozen Eye","ReplayUltimateDefense+1","StuffTheSpire:Saxophone","StuffTheSpire:CocoNut","Pet Ghost","Gambling Chip","MerchantsRug","vexMod:FocusSash","StuffTheSpire:Synthwave+1","Replay:Antivirus Software","aspiration:Nostalgia","Strawberry","StuffTheSpire:OldFever","Dream Catcher","StuffTheSpire:RubySignet","Vajra","Lee\u0027s Waffle","aspiration:FrozenJewel","Double Energy+1","ClockworkSouvenir","aspiration:FaultyCoupler","Raider\u0027s Mask","Geode","StuffTheSpire:Barrel","Beam Cell+1","Membership Card","Replay:Frozen Program","Self Repair+1","Bag of Preparation","Blood Vial","vexMod:BerryBomb","War Paint","ReplayTheSpireMod:EnergyBall","HandDrill","Replay:Kaleidoscope","Anchor","StrikeDummy","Meat on the Bone","Oddly Smooth Stone","Chameleon Ring","InkBottle","PreservedInsect","Lantern","Toxic Egg 2","Kunai","Pen Nib","Replay:Accelerometer","Matryoshka","Chill+1","Molten Egg 2","Question Card","aspiration:EnhancedActuators","Happy Flower","Replay:WaspNest","Ice Cream","Iron Hammer","vexMod:InvisibilityCloak","Replay:Baseball","Chaos+1","Whetstone","Toy Ornithopter","Mirror","Centennial Puzzle","Akabeko","Sundial","StuffTheSpire:PointBlank","Golden Egg","Quantum Egg","StoneCalendar","StuffTheSpire:Experiment12","aspiration:FetidBarrel","Blue Candle","vexMod:Dragonfruit","Replay:Arrowhead","Dead Branch","StuffTheSpire:ForceGauntlet"],"campfire_rested":0,"item_purchase_floors":[4,4,4,4,4,4,4,6,6,6,6,6,8,8,8,8,8,8,8,10,10,10,10,10,13,13,15,15,15,15,19,19,19,19,19,20,20,20,20,20,20,22,22,22,22,22,22,23,23,23,23,23,25,25,25,25,25,25,25,27,27,27,27,27,27,29,29,29,29,29,30,30,30,30,30,30,32,32,32,32,32,32,32,36,36,36,36,36,36,38,38,38,38,38,40,40,40,40,40,40,42,42,42,42,42,46,46,46,46,46,46,47,47,47,47,47,47,48,48,48,48,48,48,49,49,49,49],"current_hp_per_floor":[64,57,45,45,45,59,41,41,41,41,41,41,41,41,41,29,89,72,72,72,72,72,72,86,93,93,100,103,110,110,110,116,116,116,116,116,116,116,116,116,116,116,116,116,116,116,116,116,121,121],"gold":842,"neow_bonus":"BOSS_RELIC","is_daily":false,"chose_seed":false,"campfire_upgraded":0,"win_rate":0.0,"timestamp":1610286476,"path_taken":["M","?","?","$","?","R","?","R","T","R","?","?","?","?","R","BOSS","M","?","?","?","?","R","?","R","T","R","?","$","R","E","R","BOSS","M","$","?","?","?","R","?","R","T","?","E","R","?","?","R","BOSS"],"items_purchased_type":["Relic","Relic","Relic","Relic","Relic","Card","Relic","Relic","Relic","Relic","Relic","Card","Relic","Relic","Relic","Relic","Relic","Relic","Card","Relic","Relic","Relic","Relic","Relic","Relic","Relic","Relic","Relic","Relic","Relic","Relic","Relic","Relic","Relic","Relic","Card","Relic","Relic","Relic","Relic","Card","Relic","Relic","Relic","Relic","Relic","Card","Relic","Relic","Relic","Card","Relic","Card","Relic","Relic","Relic","Relic","Relic","Relic","Card","Relic","Relic","Relic","Relic","Relic","Relic","Relic","Relic","Relic","Card","Relic","Relic","Relic","Relic","Relic","Card","Relic","Relic","Card","Relic","Relic","Relic","Relic","Relic","Relic","Relic","Relic","Relic","Relic","Relic","Relic","Relic","Relic","Relic","Relic","Relic","Relic","Relic","Relic","Card","Relic","Relic","Relic","Relic","Relic","Relic","Relic","Relic","Relic","Card","Relic","Relic","Relic","Relic","Relic","Relic","Relic","Relic","Relic","Relic","Relic","Relic","Relic","Relic","Relic","Relic","Relic"],"build_version":"2020-12-22","purchased_purges":16,"victory":true,"max_hp_per_floor":[75,75,75,75,75,89,89,89,89,89,89,89,89,89,89,89,89,89,89,89,89,89,89,89,96,96,103,103,110,110,110,116,116,116,116,116,116,116,116,116,116,116,116,116,116,116,116,116,121,121],"card_choices":[{"not_picked":["Ball Lightning","Static Discharge","StuffTheSpire:GlassShard"],"picked":"SKIP","floor":1},{"not_picked":["Panic Button","Sweeping Beam"],"picked":"StuffTheSpire:SnapShoot","floor":10},{"not_picked":["StuffTheSpire:LoadUp","StuffTheSpire:SnapShoot"],"picked":"Capacitor+1","floor":10},{"not_picked":["Doom and Gloom","Streamline"],"picked":"FIFO Queue+1","floor":10},{"not_picked":["Mirror Shield","Amplify"],"picked":"Seek","floor":16},{"not_picked":["Rebound","StuffTheSpire:Plugnplay","Steam+1"],"picked":"SKIP","floor":18},{"not_picked":["StuffTheSpire:ShieldGenerator+1","Time Bomb"],"picked":"White Noise","floor":24},{"not_picked":["Beam Cell","Reinforced Body","FIFO Queue+1"],"picked":"SKIP","floor":28},{"not_picked":["Machine Learning","Multi-Cast"],"picked":"Echo Form","floor":31},{"not_picked":["Heatsinks+1","BasicCrystalCard"],"picked":"Tempest+1","floor":31},{"not_picked":["Rainbow","StuffTheSpire:LaunchingStrike"],"picked":"Echo Form+1","floor":33},{"not_picked":["Panic Button","Aggregate","Ball Lightning"],"picked":"SKIP","floor":35},{"not_picked":["StuffTheSpire:NuclearReactor+1","Hologram+1","Gash"],"picked":"SKIP","floor":37},{"not_picked":["Capacitor+1","Rip and Tear","Reprogram"],"picked":"SKIP","floor":39},{"not_picked":["Creative AI","Hyperbeam","Buffer"],"picked":"Mirror Shield","floor":45},{"not_picked":["Cold Snap+1","Barrage+1","Streamline+1"],"picked":"Machine Learning+1","floor":45}],"player_experience":229830,"relics_obtained":[{"floor":9,"key":"Potion Belt"},{"floor":26,"key":"Replay:Rubber Ducky"},{"floor":31,"key":"aspiration:ChemicalBlood"},{"floor":43,"key":"aspiration:Lifesprig"},{"floor":43,"key":"Smiling Mask"},{"floor":44,"key":"Counterbalance"},{"floor":45,"key":"Letter Opener"}],"event_choices":[{"cards_removed":["StuffTheSpire:Rend"],"damage_healed":0,"gold_gain":0,"player_choice":"Card Removal","damage_taken":7,"max_hp_gain":0,"max_hp_loss":0,"event_name":"Golden Wing","floor":2,"gold_loss":0},{"damage_healed":0,"gold_gain":0,"player_choice":"Relic ","damage_taken":12,"max_hp_gain":0,"max_hp_loss":0,"event_name":"betterThird:BetterScrap","floor":3,"gold_loss":0,"cards_obtained":["Replay:Vibes"]},{"damage_healed":0,"gold_gain":0,"player_choice":"Ignored","damage_taken":8789,"max_hp_gain":0,"max_hp_loss":0,"event_name":"betterThird:BetterSerpent","floor":5,"gold_loss":0},{"damage_healed":59,"gold_gain":0,"player_choice":"Upgrade","damage_taken":18,"max_hp_gain":0,"max_hp_loss":89,"event_name":"betterThird:BetterShining","floor":7,"gold_loss":0,"cards_upgraded":["Ball Lightning","Dualcast"]},{"damage_healed":0,"gold_gain":0,"player_choice":"Left","damage_taken":0,"max_hp_gain":0,"max_hp_loss":0,"event_name":"betterThird:BetterGoop","floor":11,"gold_loss":30},{"cards_removed":["Dualcast"],"damage_healed":0,"gold_gain":0,"player_choice":"Card Removal","damage_taken":0,"max_hp_gain":0,"max_hp_loss":0,"event_name":"The Cleric","floor":14,"gold_loss":50},{"damage_healed":0,"gold_gain":0,"player_choice":"Read","damage_taken":0,"max_hp_gain":0,"max_hp_loss":0,"event_name":"The Library","floor":21,"gold_loss":0,"cards_obtained":["Ball Lightning"]},{"damage_healed":0,"gold_gain":0,"player_choice":"Upgraded","damage_taken":0,"max_hp_gain":0,"max_hp_loss":0,"event_name":"Upgrade Shrine","floor":41,"gold_loss":0,"cards_upgraded":["White Noise"]}],"is_beta":false,"boss_relics":[{"not_picked":["Tiny House","Ring of Chaos"],"picked":"aspiration:Stellarator"},{"not_picked":["vexMod:EndlessSickness","ReplayTheSpireMod:DimensionalGlitch"],"picked":"Replay:Wanted Poster"}],"items_purged_floors":[4,6,6,8,8,19,20,23,30,36,38,40,42,46,46,47],"is_endless":false,"potions_floor_spawned":[18,24,37,39],"ascension_level":1}}