{"host":"oiw60b5ins9fyx34","time":1610262845,"event":{"mods":["BaseMod","Colored Map","Colored Powertips","Minty Spire (QoL Compilation)","Permanent Neow","Quick Restart","Relic Stats","StSLib"],"gold_per_floor":[114,131,131,131,55,79,119,119,119,135,170,205,205,224,224,349,349,363,363,363,363,363],"floor_reached":21,"playtime":835,"items_purged":[],"score":212,"play_id":"fa287c38-d9b5-4e50-a64d-0a1ce56c408a","local_time":"20210110161405","is_ascension_mode":false,"campfire_choices":[{"floor":8,"key":"REST"},{"floor":13,"key":"REST"},{"floor":15,"key":"REST"}],"circlet_count":0,"master_deck":["Strike_G","Strike_G+1","Strike_G","Strike_G","Defend_G","Defend_G","Defend_G","Defend_G","Defend_G","Survivor","Neutralize","Corpse Explosion","Blur","Sucker Punch","Accuracy","Bane","Cloak And Dagger","Bane+1","Dagger Spray","Crippling Poison","Blur","Envenom","CurseOfTheBell","Ghostly","Ghostly","Ghostly","Ghostly","Ghostly","Necronomicurse"],"relics":["Ring of the Snake","Golden Idol","Ornamental Fan","Question Card","Odd Mushroom","Whetstone","Calling Bell","Strawberry","Singing Bowl","Girya","Necronomicon"],"acts_visited":["Exordium","TheCity"],"potions_floor_usage":[12,16],"damage_taken":[{"damage":0,"enemies":"Small Slimes","floor":1,"turns":3},{"damage":0,"enemies":"2 Louse","floor":2,"turns":1},{"damage":0,"enemies":"Cultist","floor":6,"turns":4},{"damage":14,"enemies":"3 Sentries","floor":7,"turns":4},{"damage":0,"enemies":"Blue Slaver","floor":10,"turns":3},{"damage":14,"enemies":"The Mushroom Lair","floor":11,"turns":3},{"damage":22,"enemies":"Lagavulin","floor":12,"turns":7},{"damage":10,"enemies":"Looter","floor":14,"turns":2},{"damage":33,"enemies":"The Guardian","floor":16,"turns":16},{"damage":55,"enemies":"Spheric Guardian","floor":18,"turns":12},{"damage":0,"enemies":"3 Byrds","floor":21,"turns":1}],"seed_played":"7837533718127531962","potions_obtained":[{"floor":2,"key":"Fire Potion"},{"floor":7,"key":"SteroidPotion"},{"floor":12,"key":"Ancient Potion"},{"floor":18,"key":"Swift Potion"}],"is_trial":false,"path_per_floor":["M","M","?","?","$","M","E","R","T","M","?","E","R","M","R","B",null,"M","?","?","M"],"character_chosen":"THE_SILENT","items_purchased":["Accuracy"],"campfire_rested":3,"item_purchase_floors":[5],"current_hp_per_floor":[49,49,32,32,32,32,18,39,39,39,25,3,24,14,35,2,77,24,24,8,8,8],"gold":363,"neow_bonus":"THREE_RARE_CARDS","is_daily":false,"chose_seed":false,"campfire_upgraded":0,"win_rate":0.0,"timestamp":1610262845,"path_taken":["M","M","?","?","$","M","E","R","T","?","?","E","R","M","R","BOSS","M","?","?","M"],"items_purchased_type":["Card"],"build_version":"2020-12-22","purchased_purges":0,"victory":false,"max_hp_per_floor":[70,70,70,70,70,70,70,70,70,70,70,70,70,70,70,70,77,79,39,39,39,39],"relic_stats":{"Singing Bowl":2,"counters":[11,55],"Golden Idol":62,"Ornamental Fan":[36],"Necronomicon":[0],"Whetstone":["Bane","Strike_G"],"Question Card":7,"obtain_stats":[{"Calling Bell":17,"Girya":17,"Singing Bowl":17,"Golden Idol":3,"Ornamental Fan":7,"Strawberry":17,"Necronomicon":20,"Whetstone":12,"Odd Mushroom":11,"Question Card":9,"Ring of the Snake":0},{"Calling Bell":9,"Girya":9,"Singing Bowl":9,"Golden Idol":2,"Ornamental Fan":4,"Strawberry":9,"Necronomicon":10,"Whetstone":7,"Odd Mushroom":6,"Question Card":4,"Ring of the Snake":0},{"Calling Bell":43,"Girya":43,"Singing Bowl":43,"Golden Idol":4,"Ornamental Fan":12,"Strawberry":43,"Necronomicon":55,"Whetstone":25,"Odd Mushroom":18,"Question Card":12,"Ring of the Snake":0}],"Ring of the Snake":[20]},"card_choices":[{"not_picked":["A Thousand Cuts","Malaise"],"picked":"Corpse Explosion","floor":0},{"not_picked":["Acrobatics","Backflip"],"picked":"Blur","floor":1},{"not_picked":["Dodge and Roll","Cloak And Dagger"],"picked":"Sucker Punch","floor":2},{"not_picked":["Deflect","Flying Knee"],"picked":"Bane","floor":6},{"not_picked":["Expertise","Sucker Punch"],"picked":"Cloak And Dagger","floor":7},{"not_picked":["Flying Knee","Poisoned Stab","Expertise"],"picked":"Bane","floor":10},{"not_picked":["Deflect","Flying Knee","Concentrate"],"picked":"Dagger Spray","floor":11},{"not_picked":["Deadly Poison","Unload","Riddle With Holes"],"picked":"Crippling Poison","floor":12},{"not_picked":["Acrobatics","Sucker Punch","Deadly Poison"],"picked":"Blur","floor":14},{"not_picked":["Glass Knife","Unload","Storm of Steel"],"picked":"Envenom","floor":16},{"not_picked":["Prepared","Deflect","Bane","Underhanded Strike"],"picked":"Singing Bowl","floor":18}],"player_experience":594364,"relics_obtained":[{"floor":7,"key":"Ornamental Fan"},{"floor":9,"key":"Question Card"},{"floor":11,"key":"Odd Mushroom"},{"floor":12,"key":"Whetstone"},{"floor":17,"key":"Strawberry"},{"floor":17,"key":"Singing Bowl"},{"floor":17,"key":"Girya"},{"floor":20,"key":"Necronomicon"}],"event_choices":[{"damage_healed":0,"gold_gain":0,"player_choice":"Take Damage","damage_taken":17,"relics_obtained":["Golden Idol"],"max_hp_gain":0,"max_hp_loss":0,"event_name":"Golden Idol","floor":3,"gold_loss":0},{"cards_removed":["Strike_G"],"damage_healed":0,"gold_gain":0,"player_choice":"Purged","damage_taken":0,"max_hp_gain":0,"max_hp_loss":0,"event_name":"Purifier","floor":4,"gold_loss":0},{"damage_healed":0,"gold_gain":0,"player_choice":"Fought Mushrooms","damage_taken":0,"max_hp_gain":0,"max_hp_loss":0,"event_name":"Mushrooms","floor":11,"gold_loss":0},{"damage_healed":0,"gold_gain":0,"player_choice":"Became a Ghost","damage_taken":0,"max_hp_gain":0,"max_hp_loss":40,"event_name":"Ghosts","floor":19,"gold_loss":0,"cards_obtained":["Ghostly","Ghostly","Ghostly","Ghostly","Ghostly"]},{"damage_healed":0,"gold_gain":0,"player_choice":"Obtained Book","damage_taken":16,"max_hp_gain":0,"max_hp_loss":0,"event_name":"Cursed Tome","floor":20,"gold_loss":0}],"is_beta":false,"boss_relics":[{"not_picked":["Pandora\u0027s Box","Tiny House"],"picked":"Calling Bell"}],"items_purged_floors":[],"is_endless":false,"potions_floor_spawned":[2,7,12,18],"killed_by":"3 Byrds","ascension_level":0}}