{"host":"x6tlfgqpy55vgxdn","time":1610290173,"event":{"mods":["AchievementEnabler","BaseMod","DeckTracker","Minty Spire (QoL Compilation)","Permanent Neow","Quick Restart","StSLib","SuperFastMode"],"gold_per_floor":[109,123,141,182,214,214,244,661,661,661,702,702,754,754,754,857,857,869,869,882,900,911,946,958,958,958,985,997,1009,1033,1077,1089,1179,1191,1221,1233,616,634,644,671,671,684,684,694,707,31,66,91,91,91,91,91,4,33,33],"floor_reached":56,"playtime":3980,"items_purged":["Strike_B","Strike_B","Defend_B","Defend_B"],"score":2759,"play_id":"ac31f296-b30a-4648-83b8-7abce19fd194","local_time":"20210110234933","is_ascension_mode":true,"campfire_choices":[{"data":"HandOfGreed","floor":6.0,"key":"SMITH"},{"data":"Discovery","floor":10.0,"key":"SMITH"},{"data":"Capacitor","floor":15.0,"key":"SMITH"},{"data":"Undo","floor":25.0,"key":"SMITH"},{"data":"Electrodynamics","floor":29.0,"key":"SMITH"},{"data":"Meteor Strike","floor":32.0,"key":"SMITH"},{"floor":41.0,"key":"RECALL"},{"floor":49.0,"key":"REST"},{"floor":52.0,"key":"REST"}],"circlet_count":0,"master_deck":["AscendersBane","Electrodynamics+1","Undo+1","Capacitor+1","Meteor Strike+1","Discovery+1","Reboot+1","Conserve Battery+1","Loop+1","Go for the Eyes+1","Biased Cognition+1","Heatsinks+1","Purity+1","Fusion+1","Force Field+1","Coolheaded+1","Dualcast+1","Barrage+1","Cold Snap+1","Chaos+1","Seek+1","Buffer+1","Seek+1","Consume+1","Double Energy+1","Coolheaded+1","Skim+1","Panacea+1","Biased Cognition+1","Loop+1","Amplify+1"],"relics":["Cracked Core","Runic Capacitor","Toy Ornithopter","HornCleat","Toxic Egg 2","Frozen Egg 2","PreservedInsect","Molten Egg 2","Astrolabe","Bronze Scales","Cables","MawBank","Eternal Feather","FossilizedHelix","Empty Cage","TheAbacus","InkBottle","Ornamental Fan","Frozen Eye","Anchor","Thread and Needle","Pocketwatch","DataDisk"],"acts_visited":["Exordium","TheCity","TheBeyond","TheEnding"],"potions_floor_usage":[55,55],"damage_taken":[{"damage":2.0,"enemies":"Cultist","floor":1.0,"turns":4.0},{"damage":1.0,"enemies":"Small Slimes","floor":2.0,"turns":4.0},{"damage":0.0,"enemies":"2 Louse","floor":3.0,"turns":1.0},{"damage":6.0,"enemies":"Looter","floor":5.0,"turns":4.0},{"damage":8.0,"enemies":"Lagavulin","floor":7.0,"turns":5.0},{"damage":3.0,"enemies":"Red Slaver","floor":11.0,"turns":4.0},{"damage":0.0,"enemies":"3 Sentries","floor":13.0,"turns":7.0},{"damage":0.0,"enemies":"Slime Boss","floor":16.0,"turns":7.0},{"damage":6.0,"enemies":"2 Thieves","floor":18.0,"turns":4.0},{"damage":46.0,"enemies":"Chosen","floor":20.0,"turns":6.0},{"damage":4.0,"enemies":"3 Cultists","floor":21.0,"turns":4.0},{"damage":0.0,"enemies":"Centurion and Healer","floor":22.0,"turns":6.0},{"damage":12.0,"enemies":"Gremlin Leader","floor":23.0,"turns":5.0},{"damage":0.0,"enemies":"Snake Plant","floor":24.0,"turns":3.0},{"damage":0.0,"enemies":"Book of Stabbing","floor":27.0,"turns":4.0},{"damage":0.0,"enemies":"Snecko","floor":30.0,"turns":3.0},{"damage":0.0,"enemies":"Gremlin Leader","floor":31.0,"turns":4.0},{"damage":0.0,"enemies":"Automaton","floor":33.0,"turns":8.0},{"damage":0.0,"enemies":"3 Darklings","floor":35.0,"turns":5.0},{"damage":0.0,"enemies":"Orb Walker","floor":38.0,"turns":5.0},{"damage":0.0,"enemies":"3 Darklings","floor":39.0,"turns":5.0},{"damage":0.0,"enemies":"Giant Head","floor":40.0,"turns":5.0},{"damage":9.0,"enemies":"4 Shapes","floor":42.0,"turns":4.0},{"damage":0.0,"enemies":"Writhing Mass","floor":44.0,"turns":5.0},{"damage":0.0,"enemies":"Transient","floor":45.0,"turns":6.0},{"damage":0.0,"enemies":"Reptomancer","floor":47.0,"turns":4.0},{"damage":0.0,"enemies":"Mind Bloom Boss Battle","floor":48.0,"turns":4.0},{"damage":0.0,"enemies":"Donu and Deca","floor":50.0,"turns":8.0},{"damage":0.0,"enemies":"Shield and Spear","floor":54.0,"turns":4.0},{"damage":16,"enemies":"The Heart","floor":55,"turns":12}],"seed_played":"-7341381716478863834","potions_obtained":[{"floor":2.0,"key":"GamblersBrew"},{"floor":5.0,"key":"DuplicationPotion"},{"floor":7.0,"key":"SkillPotion"},{"floor":13.0,"key":"FocusPotion"},{"floor":22.0,"key":"CultistPotion"},{"floor":24.0,"key":"DuplicationPotion"},{"floor":38.0,"key":"PowerPotion"},{"floor":44.0,"key":"AttackPotion"},{"floor":47.0,"key":"SteroidPotion"}],"is_trial":false,"path_per_floor":["M","M","M","$","M","R","E","$","T","R","M","T","E","?","R","B",null,"M","?","M","M","M","E","M","R","T","E","?","R","M","E","R","B",null,"M","?","$","M","M","E","R","M","T","M","M","$","E","?","R","B",null,"R","$","E","B",null],"character_chosen":"DEFECT","items_purchased":["Runic Capacitor","HandOfGreed","Meteor Strike","Toy Ornithopter","Reboot","Discovery","Toxic Egg 2","Reboot+1","Conserve Battery+1","TheAbacus","InkBottle","Dexterity Potion","Panacea+1","Biased Cognition+1","Frozen Eye","Anchor","DuplicationPotion"],"campfire_rested":2,"item_purchase_floors":[4,4,4,4,4,4,8,8,8,37,37,37,46,46,46,46,53],"current_hp_per_floor":[44,43,43,43,37,37,29,29,29,29,31,31,31,36,36,36,66,65,65,19,15,15,3,3,3,3,3,3,15,15,20,35,35,66,66,66,66,66,66,66,76,72,72,72,76,76,76,76,76,76,76,76,76,76,65],"gold":33,"neow_bonus":"THREE_RARE_CARDS","is_daily":false,"chose_seed":false,"campfire_upgraded":6,"win_rate":0.0,"timestamp":1610290173,"path_taken":["M","M","M","$","?","R","E","?","T","R","M","?","E","?","R","BOSS","M","?","?","M","M","E","M","R","T","E","?","R","M","E","R","BOSS","M","?","?","?","M","E","R","M","T","?","M","$","E","?","R","BOSS","R","$","E","BOSS"],"items_purchased_type":["Relic","Card","Card","Relic","Card","Card","Relic","Card","Card","Relic","Relic","Potion","Card","Card","Relic","Relic","Potion"],"build_version":"2020-12-22","purchased_purges":4,"victory":true,"max_hp_per_floor":[71,71,71,71,71,71,71,71,71,71,71,71,71,76,76,76,76,76,76,76,76,76,76,76,76,76,76,76,76,76,76,76,76,76,76,76,76,76,76,76,76,76,76,76,76,76,76,76,76,76,76,76,76,76,76],"card_choices":[{"not_picked":["Reboot","Creative AI"],"picked":"Electrodynamics","floor":0.0},{"not_picked":["Turbo","Beam Cell"],"picked":"Undo","floor":1.0},{"not_picked":["Hologram","Hello World"],"picked":"Conserve Battery","floor":2.0},{"not_picked":["Steam Power","Turbo"],"picked":"Capacitor","floor":3.0},{"not_picked":["Turbo","Hologram","Beam Cell"],"picked":"SKIP","floor":5.0},{"not_picked":["Rainbow","Conserve Battery"],"picked":"Barrage","floor":7.0},{"not_picked":["Scrape","Ball Lightning"],"picked":"Loop+1","floor":11.0},{"not_picked":["Loop+1","Auto Shields+1"],"picked":"Go for the Eyes+1","floor":13.0},{"not_picked":["Rainbow+1","Machine Learning+1"],"picked":"Biased Cognition+1","floor":16.0},{"not_picked":["Go for the Eyes+1","Sweeping Beam+1"],"picked":"Force Field+1","floor":18.0},{"not_picked":["Static Discharge+1","Conserve Battery+1","Streamline+1"],"picked":"SKIP","floor":20.0},{"not_picked":["Ball Lightning+1","Reinforced Body+1"],"picked":"Coolheaded+1","floor":21.0},{"not_picked":["Steam+1","Coolheaded+1"],"picked":"Barrage+1","floor":22.0},{"not_picked":["Force Field+1","Ball Lightning+1"],"picked":"Cold Snap+1","floor":23.0},{"not_picked":["Leap+1","Ball Lightning+1","Sweeping Beam+1"],"picked":"SKIP","floor":24.0},{"not_picked":["Redo+1","Go for the Eyes+1","Steam+1"],"picked":"SKIP","floor":27.0},{"not_picked":["Gash+1","All For One+1"],"picked":"Chaos+1","floor":30.0},{"not_picked":["Storm+1","Barrage+1"],"picked":"Seek+1","floor":31.0},{"not_picked":["Multi-Cast+1","Electrodynamics+1"],"picked":"Buffer+1","floor":33.0},{"not_picked":["Rebound+1","Compile Driver+1","Reprogram+1"],"picked":"SKIP","floor":35.0},{"not_picked":["Melter+1","Cold Snap+1","Redo+1"],"picked":"SKIP","floor":38.0},{"not_picked":["Stack+1","Rebound+1"],"picked":"Consume+1","floor":39.0},{"not_picked":["Scrape+1","Hello World+1"],"picked":"Double Energy+1","floor":40.0},{"not_picked":["Redo+1","Genetic Algorithm+1"],"picked":"Coolheaded+1","floor":42.0},{"not_picked":["Hologram+1","Beam Cell+1"],"picked":"Skim+1","floor":44.0},{"not_picked":["Barrage+1","Cold Snap+1","Turbo+1"],"picked":"SKIP","floor":45.0},{"not_picked":["Compile Driver+1","Rainbow+1"],"picked":"Loop+1","floor":47.0},{"not_picked":["Steam Power+1","White Noise+1"],"picked":"Amplify+1","floor":54.0}],"player_experience":240618,"relics_obtained":[{"floor":7.0,"key":"HornCleat"},{"floor":9.0,"key":"Frozen Egg 2"},{"floor":12.0,"key":"PreservedInsect"},{"floor":13.0,"key":"Molten Egg 2"},{"floor":23.0,"key":"Bronze Scales"},{"floor":26.0,"key":"Cables"},{"floor":27.0,"key":"MawBank"},{"floor":28.0,"key":"Eternal Feather"},{"floor":31.0,"key":"FossilizedHelix"},{"floor":40.0,"key":"Ornamental Fan"},{"floor":47.0,"key":"Thread and Needle"},{"floor":48.0,"key":"Pocketwatch"},{"floor":54.0,"key":"DataDisk"}],"event_choices":[{"damage_healed":0.0,"max_hp_gain":5.0,"max_hp_loss":0.0,"gold_gain":0.0,"event_name":"Big Fish","player_choice":"Donut","floor":14.0,"gold_loss":0.0,"damage_taken":0.0},{"cards_removed":["Defend_B"],"damage_healed":0.0,"max_hp_gain":0.0,"max_hp_loss":0.0,"gold_gain":0.0,"event_name":"Purifier","player_choice":"Purged","floor":19.0,"gold_loss":0.0,"damage_taken":0.0},{"damage_healed":0.0,"max_hp_gain":0.0,"max_hp_loss":0.0,"gold_gain":0.0,"event_name":"Wheel of Change","player_choice":"Relic","floor":28.0,"gold_loss":0.0,"damage_taken":0.0},{"damage_healed":0.0,"max_hp_gain":0.0,"max_hp_loss":0.0,"gold_gain":0.0,"event_name":"Duplicator","player_choice":"Copied","floor":36.0,"gold_loss":0.0,"damage_taken":0.0,"cards_obtained":["Seek"]},{"damage_healed":0.0,"max_hp_gain":0.0,"max_hp_loss":0.0,"gold_gain":0.0,"event_name":"MindBloom","player_choice":"Fight","floor":48.0,"gold_loss":0.0,"damage_taken":0.0}],"is_beta":false,"boss_relics":[{"not_picked":["Runic Dome","Tiny House"],"picked":"Astrolabe"},{"not_picked":["Snecko Eye","SacredBark"],"picked":"Empty Cage"}],"items_purged_floors":[4,8,37,46],"is_endless":false,"potions_floor_spawned":[2,5,7,13,22,24,27,30,38,40,44,47],"ascension_level":17}}