{"host":"25fn74ijs2305xd4","time":1610254803,"event":{"mods":["AchievementEnabler","BaseMod","Colored Map","Colored Powertips","Minty Spire (QoL Compilation)","Relic Stats","StSLib"],"gold_per_floor":[117,117,69,81,93,93,121,121,145,157,186,223,253,295,307,319,319],"floor_reached":16,"playtime":715,"items_purged":[],"score":144,"play_id":"f9188752-d4ec-4b0f-a1d9-d282ab4fa001","local_time":"20210110060003","is_ascension_mode":true,"campfire_choices":[{"data":"Ball Lightning","floor":6,"key":"SMITH"},{"floor":8,"key":"REST"},{"floor":10,"key":"REST"},{"floor":15,"key":"REST"}],"circlet_count":0,"master_deck":["Strike_B","Strike_B","Strike_B","Strike_B","Defend_B","Defend_B","Defend_B","Defend_B","Zap","Dualcast","Swift Strike","Hello World+1","Ball Lightning+1","Static Discharge","Turbo","Doom and Gloom","Loop","Aggregate","Consume","Defragment"],"relics":["Cracked Core","Dream Catcher","MawBank","MealTicket","Darkstone Periapt"],"acts_visited":["Exordium"],"potions_floor_usage":[7,11,14,16],"damage_taken":[{"damage":2,"enemies":"Jaw Worm","floor":1,"turns":2},{"damage":1,"enemies":"Cultist","floor":4,"turns":3},{"damage":0,"enemies":"Small Slimes","floor":5,"turns":3},{"damage":16,"enemies":"Gremlin Nob","floor":7,"turns":3},{"damage":7,"enemies":"Looter","floor":11,"turns":3},{"damage":20,"enemies":"Lagavulin","floor":12,"turns":4},{"damage":18,"enemies":"Large Slime","floor":13,"turns":4},{"damage":24,"enemies":"Gremlin Nob","floor":14,"turns":4},{"damage":31,"enemies":"Slime Boss","floor":16,"turns":7}],"seed_played":"1224059281606202966","potions_obtained":[{"floor":1,"key":"PowerPotion"},{"floor":4,"key":"SteroidPotion"},{"floor":12,"key":"SkillPotion"},{"floor":14,"key":"Block Potion"}],"is_trial":false,"path_per_floor":["M","?","$","M","M","R","E","R","T","R","M","E","M","E","R","B"],"character_chosen":"DEFECT","items_purchased":["Ball Lightning"],"campfire_rested":3,"item_purchase_floors":[3],"current_hp_per_floor":[73,73,73,72,72,72,56,75,75,75,68,48,30,6,28,0,0],"gold":319,"neow_bonus":"RANDOM_COLORLESS","is_daily":false,"chose_seed":false,"campfire_upgraded":1,"win_rate":0.0,"timestamp":1610254803,"path_taken":["M","?","$","M","M","R","E","R","T","R","M","E","M","E","R","BOSS"],"items_purchased_type":["Card"],"build_version":"2020-12-22","purchased_purges":0,"victory":false,"max_hp_per_floor":[75,75,75,75,75,75,75,75,75,75,75,75,75,75,75,75,75],"relic_stats":{"Darkstone Periapt":0,"Dream Catcher":3,"counters":[9,33],"MealTicket":0,"MawBank":84,"obtain_stats":[{"Darkstone Periapt":14,"Dream Catcher":7,"MealTicket":12,"Cracked Core":0,"MawBank":9},{"Darkstone Periapt":8,"Dream Catcher":4,"MealTicket":6,"Cracked Core":0,"MawBank":4},{"Darkstone Periapt":26,"Dream Catcher":11,"MealTicket":18,"Cracked Core":0,"MawBank":11}]},"card_choices":[{"not_picked":["Blind","Forethought"],"picked":"Swift Strike","floor":0},{"not_picked":["Beam Cell","Hologram"],"picked":"Hello World","floor":1},{"not_picked":["Streamline","Auto Shields","Rebound"],"picked":"SKIP","floor":4},{"not_picked":["Fusion","Gash","Tempest"],"picked":"SKIP","floor":5},{"not_picked":["Beam Cell","Doom and Gloom","Go for the Eyes"],"picked":"SKIP","floor":7},{"not_picked":["Leap","Compile Driver"],"picked":"Static Discharge","floor":8},{"not_picked":["Conserve Battery","Static Discharge"],"picked":"Turbo","floor":10},{"not_picked":["Streamline","Leap"],"picked":"Doom and Gloom","floor":11},{"not_picked":["Go for the Eyes","Doom and Gloom"],"picked":"Loop","floor":12},{"not_picked":["Static Discharge","Reboot"],"picked":"Aggregate","floor":13},{"not_picked":["Aggregate","Conserve Battery"],"picked":"Consume","floor":14},{"not_picked":["Storm","Heatsinks"],"picked":"Defragment","floor":15}],"player_experience":40384,"relics_obtained":[{"floor":7,"key":"Dream Catcher"},{"floor":9,"key":"MawBank"},{"floor":12,"key":"MealTicket"},{"floor":14,"key":"Darkstone Periapt"}],"event_choices":[{"damage_healed":0,"gold_gain":0,"player_choice":"Forge","damage_taken":0,"max_hp_gain":0,"max_hp_loss":0,"event_name":"Accursed Blacksmith","floor":2,"gold_loss":0,"cards_upgraded":["Hello World"]}],"is_beta":false,"boss_relics":[],"items_purged_floors":[],"is_endless":false,"potions_floor_spawned":[1,4,12,14],"killed_by":"Slime Boss","ascension_level":4}}