{"host":"h26iowzi6bk5r55d","time":1610278207,"event":{"mods":["ATMod(阿瑾Mod)","Arknights The Spire","Aspiration","BaseMod","Colored Powertips","Conspire","Downfall","Hermit","Minty Spire (QoL Compilation)","Relic Stats","Replay The Spire","Robot Space Explorer","RumiaBox-露米娅的神秘盒子","StSLib","The Alterego","[地精首领爬塔]The Maniac","vexMod","【遗物卡牌】REMEMod"],"gold_per_floor":[99,99,99,99,116,116,116,116,126,141,141,141,151,151,163,163,163,163],"floor_reached":16,"playtime":880,"items_purged":[],"score":90,"play_id":"f33f5cb5-2ebd-4e36-b435-14eb399f9762","local_time":"20210110193007","is_ascension_mode":false,"campfire_choices":[{"data":"Slimebound:Strike_Slimebound","floor":1,"key":"PURGE"},{"data":"AT_RobotInSpace","floor":8,"key":"SMITH"},{"data":"Slimebound:SlimeBarrage","floor":11,"key":"SMITH"}],"circlet_count":0,"master_deck":["Slimebound:Strike_Slimebound+1","Slimebound:Strike_Slimebound","Slimebound:Tackle","Slimebound:Defend_Slimebound","Slimebound:Defend_Slimebound","Slimebound:Defend_Slimebound+1","Slimebound:Defend_Slimebound+1","Slimebound:Split","Slimebound:CorrosiveSpit","AT_RobotInSpace+1","Slimebound:SplitLeeching","Slimebound:SpikyOuterGoop","Slimebound:SplitMire","Slimebound:SplotLeeching","Regret","Slimebound:SplitAcid","Slimebound:SlimeBarrage+1","Slimebound:GrowthPunch","Slimebound:SplitMire"],"relics":["Slimebound:AbsorbEndCombat","REME_ComplimentaryCards","AT_ATBox","downfall:HeartsMalice","Bottled Lightning","aspiration:BabyByrd","Art of War"],"acts_visited":["Exordium"],"potions_floor_usage":[16,16],"damage_taken":[{"damage":0,"enemies":"Cultist","floor":2,"turns":1},{"damage":0,"enemies":"Jaw Worm","floor":3,"turns":1},{"damage":0,"enemies":"2 Louse","floor":4,"turns":1},{"damage":40,"enemies":"Exordium Thugs","floor":5,"turns":8},{"damage":27,"enemies":"Large Slime","floor":9,"turns":7},{"damage":31,"enemies":"2 Fungi Beasts","floor":10,"turns":4},{"damage":21,"enemies":"3 Louse","floor":13,"turns":3},{"damage":24,"enemies":"Blue Slaver","floor":15,"turns":4},{"damage":37,"enemies":"downfall:Watcher","floor":16,"turns":4}],"seed_played":"-2756485986377801119","potions_obtained":[{"floor":5,"key":"SneckoOil"},{"floor":9,"key":"Elixir"}],"is_trial":false,"path_per_floor":["R","M","M","M","M","?","T","R","M","M","R","?","M","T","M","B"],"character_chosen":"SLIMEBOUND","items_purchased":[],"campfire_rested":0,"item_purchase_floors":[],"current_hp_per_floor":[60,60,60,60,44,44,44,44,45,30,30,30,21,21,21,0,0,0],"gold":163,"neow_bonus":"THREE_ENEMY_KILL","is_daily":false,"chose_seed":false,"campfire_upgraded":2,"win_rate":0.0,"timestamp":1610278207,"path_taken":["R","M","M","M","M","?","T","R","M","M","R","?","M","?","M","BOSS"],"items_purchased_type":[],"build_version":"2020-12-22","purchased_purges":0,"victory":false,"max_hp_per_floor":[60,60,60,60,60,60,60,60,60,60,60,60,60,60,60,60,60,60],"relic_stats":{"counters":[9,29],"Art of War":[2],"obtain_stats":[{"AT_ATBox":0,"aspiration:BabyByrd":12,"downfall:HeartsMalice":0,"Slimebound:AbsorbEndCombat":0,"Art of War":14,"Bottled Lightning":7,"REME_ComplimentaryCards":0},{"AT_ATBox":0,"aspiration:BabyByrd":6,"downfall:HeartsMalice":0,"Slimebound:AbsorbEndCombat":0,"Art of War":7,"Bottled Lightning":4,"REME_ComplimentaryCards":0},{"AT_ATBox":0,"aspiration:BabyByrd":19,"downfall:HeartsMalice":0,"Slimebound:AbsorbEndCombat":0,"Art of War":21,"Bottled Lightning":8,"REME_ComplimentaryCards":0}]},"card_choices":[{"not_picked":["Slimebound:Schlurp","Slimebound:GoopSpray"],"picked":"Slimebound:SplitLeeching","floor":2},{"not_picked":["Slimebound:ViciousTackle","Slimebound:RejuvenatingLick"],"picked":"Slimebound:SpikyOuterGoop","floor":3},{"not_picked":["Slimebound:Equalize","Slimebound:RollThrough"],"picked":"Slimebound:SplitMire","floor":4},{"not_picked":["Slimebound:Grow","Slimebound:Chomp","Slimebound:RollThrough"],"picked":"SKIP","floor":5},{"not_picked":["Slimebound:ViciousTackle","Slimebound:SlimeSpikes"],"picked":"Slimebound:SplitAcid","floor":9},{"not_picked":["Slimebound:SlimeSpikes","Slimebound:SlimeSlap"],"picked":"Slimebound:SlimeBarrage","floor":10},{"not_picked":["Slimebound:Schlurp","Slimebound:Equalize"],"picked":"Slimebound:GrowthPunch","floor":13},{"not_picked":["Slimebound:SplitBruiser","Slimebound:ProtectTheBoss"],"picked":"Slimebound:SplitMire","floor":15}],"player_experience":293432,"relics_obtained":[{"floor":7,"key":"Bottled Lightning"},{"floor":14,"key":"Art of War"}],"event_choices":[],"is_beta":false,"boss_relics":[],"items_purged_floors":[],"is_endless":false,"potions_floor_spawned":[5,9],"killed_by":"downfall:Watcher","ascension_level":0}}