{"host":"qekv59dthhdg54sz","time":1610264854,"event":{"mods":["AchievementEnabler","BaseMod","Colored Map","DeckTracker","KOR Keyword Fix","Minty Spire (QoL Compilation)","Rare Cards Sparkle","StSLib","SuperFastMode"],"gold_per_floor":[109,68,118,131,145,172,172,200,200,220,232,70,97,97,97,174,174,194,64,64,81,101,101,101],"floor_reached":23,"playtime":554,"items_purged":["Strike_G"],"score":422,"play_id":"06fca4dd-69d2-43ea-9f8a-7d3bae006256","local_time":"20210110164734","is_ascension_mode":true,"campfire_choices":[{"data":"Noxious Fumes","floor":7.0,"key":"SMITH"},{"data":"Dagger Spray","floor":15.0,"key":"SMITH"}],"circlet_count":0,"master_deck":["AscendersBane","Defend_G","Defend_G","Defend_G","Defend_G","Survivor","Neutralize","Poisoned Stab","Noxious Fumes+1","Deadly Poison","Tactician","Dagger Spray+1","Footwork+1","Malaise","Catalyst+1","Backflip","Expertise","Dagger Throw","Bane+1","Prepared"],"relics":["Ring of the Snake","Snake Skull","Paper Crane","Pen Nib","Lee\u0027s Waffle","Du-Vu Doll","Empty Cage"],"acts_visited":["Exordium","TheCity"],"potions_floor_usage":[21],"damage_taken":[{"damage":9.0,"enemies":"Cultist","floor":1.0,"turns":6.0},{"damage":2.0,"enemies":"Jaw Worm","floor":4.0,"turns":5.0},{"damage":0.0,"enemies":"Small Slimes","floor":5.0,"turns":4.0},{"damage":9.0,"enemies":"Gremlin Nob","floor":6.0,"turns":4.0},{"damage":7.0,"enemies":"Lagavulin","floor":8.0,"turns":5.0},{"damage":10.0,"enemies":"Exordium Wildlife","floor":10.0,"turns":3.0},{"damage":4.0,"enemies":"3 Louse","floor":11.0,"turns":2.0},{"damage":30.0,"enemies":"3 Sentries","floor":13.0,"turns":7.0},{"damage":6.0,"enemies":"Slime Boss","floor":16.0,"turns":8.0},{"damage":6.0,"enemies":"Shell Parasite","floor":18.0,"turns":7.0},{"damage":6,"enemies":"Chosen","floor":21,"turns":4},{"damage":20,"enemies":"Snake Plant","floor":22,"turns":6},{"damage":7,"enemies":"Slavers","floor":23,"turns":2}],"seed_played":"-6530473035904003739","potions_obtained":[{"floor":4.0,"key":"PowerPotion"},{"floor":10.0,"key":"DistilledChaos"},{"floor":11.0,"key":"Swift Potion"}],"is_trial":false,"path_per_floor":["M","$","?","M","M","E","R","E","T","M","M","$","E","?","R","B",null,"M","$","?","M","M","E"],"character_chosen":"THE_SILENT","items_purchased":["Noxious Fumes","Lee\u0027s Waffle","Backflip"],"campfire_rested":0,"item_purchase_floors":[2,12,19],"current_hp_per_floor":[50,50,50,48,48,39,39,32,32,22,18,73,43,43,43,37,64,58,58,58,52,32,25,25],"gold":101,"neow_bonus":"REMOVE_CARD","is_daily":false,"chose_seed":true,"campfire_upgraded":2,"win_rate":0.0,"timestamp":1610264854,"path_taken":["M","$","?","M","M","E","R","E","T","M","?","$","E","?","R","BOSS","M","$","?","M","M","E"],"items_purchased_type":["Card","Relic","Card"],"build_version":"2020-12-22","purchased_purges":1,"victory":false,"max_hp_per_floor":[66,66,66,66,66,66,66,66,66,66,66,73,73,73,73,73,73,73,73,73,73,73,73,73],"card_choices":[{"not_picked":["Quick Slash","Dodge and Roll"],"picked":"Poisoned Stab","floor":1.0},{"not_picked":["Finisher","Concentrate"],"picked":"Deadly Poison","floor":4.0},{"not_picked":["Underhanded Strike","Endless Agony","Outmaneuver"],"picked":"SKIP","floor":5.0},{"not_picked":["Deflect","Slice"],"picked":"Tactician","floor":6.0},{"not_picked":["Prepared","Deadly Poison"],"picked":"Dagger Spray","floor":8.0},{"not_picked":["Blade Dance","Slice","Skewer"],"picked":"SKIP","floor":10.0},{"not_picked":["Outmaneuver","Flying Knee","Eviscerate"],"picked":"SKIP","floor":11.0},{"not_picked":["A Thousand Cuts","All Out Attack"],"picked":"Footwork","floor":13.0},{"not_picked":["Phantasmal Killer","Die Die Die"],"picked":"Malaise","floor":16.0},{"not_picked":["Tactician","Dagger Spray"],"picked":"Catalyst+1","floor":18.0},{"not_picked":["Outmaneuver","Poisoned Stab"],"picked":"Bane+1","floor":21},{"not_picked":["Dagger Throw","Slice"],"picked":"Prepared","floor":22}],"player_experience":765005,"relics_obtained":[{"floor":6.0,"key":"Snake Skull"},{"floor":8.0,"key":"Paper Crane"},{"floor":9.0,"key":"Pen Nib"},{"floor":13.0,"key":"Du-Vu Doll"}],"event_choices":[{"damage_healed":0.0,"max_hp_gain":0.0,"max_hp_loss":0.0,"gold_gain":50.0,"event_name":"Golden Shrine","player_choice":"Pray","floor":3.0,"gold_loss":0.0,"damage_taken":0.0},{"damage_healed":0.0,"max_hp_gain":0.0,"max_hp_loss":0.0,"gold_gain":0.0,"event_name":"Upgrade Shrine","player_choice":"Upgraded","floor":14.0,"gold_loss":0.0,"damage_taken":0.0,"cards_upgraded":["Footwork"]},{"damage_healed":0.0,"max_hp_gain":0.0,"max_hp_loss":0.0,"gold_gain":0.0,"cards_transformed":["Strike_G","Defend_G"],"event_name":"Drug Dealer","player_choice":"Became Test Subject","floor":20.0,"gold_loss":0.0,"damage_taken":0.0,"cards_obtained":["Expertise","Dagger Throw"]}],"is_beta":false,"boss_relics":[{"not_picked":["WristBlade","SacredBark"],"picked":"Empty Cage"}],"items_purged_floors":[19],"is_endless":false,"potions_floor_spawned":[4,10,11],"killed_by":"Slavers","ascension_level":20}}