{"host":"ryuep8ewa00k39z9","time":1610313412,"event":{"mods":["AchievementEnabler","BaseMod","Best Route Mod","Colored Map","Colored Powertips","Displayed Cursed Tome","Highlight Path","Minty Spire (QoL Compilation)","Quick Restart","SuperFastMode"],"gold_per_floor":[114,124,49,49,70,70,70,70,70,111,111,136,136,156,156,280,280,298,312,312,325,235,235,249,164,164,89,43,78,78,103,103,233,233,258,358,371,40,40,40,40],"floor_reached":40,"playtime":1472,"items_purged":["Strike_B","Defend_B"],"score":626,"play_id":"52e17739-38fc-478d-aaaf-c4a5fa17f49f","local_time":"20210110151652","is_ascension_mode":true,"campfire_choices":[{"data":"Zap","floor":6.0,"key":"SMITH"},{"data":"Dualcast","floor":8.0,"key":"SMITH"},{"floor":15.0,"key":"REST"},{"floor":23.0,"key":"REST"},{"floor":30.0,"key":"REST"},{"floor":32.0,"key":"REST"}],"circlet_count":0,"master_deck":["AscendersBane","Defend_B","Zap+1","Dualcast+1","Gash","Beam Cell","Sunder+1","Electrodynamics","Meteor Strike+1","White Noise+1","Ball Lightning","BootSequence","Conserve Battery","Gash","Fusion","Echo Form","Scrape","FTL+1","Fusion"],"relics":["Cracked Core","Golden Idol","HornCleat","Gremlin Horn","Sozu","Strawberry","Eternal Feather","CaptainsWheel","Philosopher\u0027s Stone","Lee\u0027s Waffle"],"acts_visited":["Exordium","TheCity","TheBeyond"],"potions_floor_usage":[],"damage_taken":[{"damage":7.0,"enemies":"Jaw Worm","floor":1.0,"turns":5.0},{"damage":4.0,"enemies":"Small Slimes","floor":2.0,"turns":3.0},{"damage":1.0,"enemies":"Cultist","floor":5.0,"turns":3.0},{"damage":26.0,"enemies":"3 Sentries","floor":10.0,"turns":8.0},{"damage":0.0,"enemies":"Large Slime","floor":12.0,"turns":3.0},{"damage":0.0,"enemies":"2 Fungi Beasts","floor":14.0,"turns":2.0},{"damage":20.0,"enemies":"Hexaghost","floor":16.0,"turns":7.0},{"damage":0.0,"enemies":"3 Byrds","floor":18.0,"turns":2.0},{"damage":26.0,"enemies":"Shell Parasite","floor":19.0,"turns":4.0},{"damage":9.0,"enemies":"Centurion and Healer","floor":21.0,"turns":3.0},{"damage":4.0,"enemies":"Shelled Parasite and Fungi","floor":24.0,"turns":3.0},{"damage":35.0,"enemies":"Book of Stabbing","floor":29.0,"turns":5.0},{"damage":9.0,"enemies":"Snecko","floor":31.0,"turns":4.0},{"damage":60.0,"enemies":"Collector","floor":33.0,"turns":10.0},{"damage":0.0,"enemies":"Orb Walker","floor":35.0,"turns":3.0},{"damage":19.0,"enemies":"3 Darklings","floor":37.0,"turns":3.0},{"damage":44,"enemies":"Nemesis","floor":40,"turns":6}],"seed_played":"6150258800133642234","potions_obtained":[{"floor":12.0,"key":"EssenceOfDarkness"},{"floor":16.0,"key":"FearPotion"}],"is_trial":false,"path_per_floor":["M","M","$","?","M","R","?","R","T","E","?","M","?","M","R","B",null,"M","M","?","M","?","R","M","?","T","?","$","E","R","M","R","B",null,"M","?","M","$","?","E"],"character_chosen":"DEFECT","items_purchased":["Gash","Lee\u0027s Waffle","Fusion"],"campfire_rested":4,"item_purchase_floors":[28,38,38],"current_hp_per_floor":[43,39,39,39,38,38,38,38,38,12,12,12,12,12,32,12,55,55,29,29,20,20,40,36,43,43,43,43,8,39,30,61,1,57,57,57,38,83,83,39,39],"gold":40,"neow_bonus":"REMOVE_TWO","is_daily":false,"chose_seed":false,"campfire_upgraded":2,"win_rate":0.0,"timestamp":1610313412,"path_taken":["M","M","$","?","M","R","?","R","T","E","?","?","?","M","R","BOSS","M","M","?","M","?","R","?","?","T","?","$","E","R","M","R","BOSS","M","?","?","$","?","E"],"items_purchased_type":["Card","Relic","Card"],"build_version":"2020-12-22","purchased_purges":2,"victory":false,"max_hp_per_floor":[75,75,75,69,69,69,69,69,69,69,69,69,69,69,69,69,69,69,69,69,69,69,69,69,76,76,76,76,76,76,76,76,76,76,76,76,76,83,83,83,83],"card_choices":[{"not_picked":["Barrage","Recycle"],"picked":"Gash","floor":1.0},{"not_picked":["Chill","Sunder"],"picked":"Beam Cell","floor":2.0},{"not_picked":["Auto Shields","Genetic Algorithm","Recycle"],"picked":"SKIP","floor":5.0},{"not_picked":["Hello World","Sweeping Beam"],"picked":"Sunder","floor":10.0},{"not_picked":["Loop","Coolheaded","Compile Driver"],"picked":"SKIP","floor":12.0},{"not_picked":["Compile Driver","Scrape"],"picked":"Electrodynamics","floor":14.0},{"not_picked":["Rainbow","Biased Cognition"],"picked":"Meteor Strike","floor":16.0},{"not_picked":["Rip and Tear","Genetic Algorithm"],"picked":"White Noise+1","floor":18.0},{"not_picked":["Streamline+1","Consume"],"picked":"Ball Lightning","floor":19.0},{"not_picked":["Darkness","Steam"],"picked":"BootSequence","floor":21.0},{"not_picked":["Double Energy+1","Barrage"],"picked":"Conserve Battery","floor":24.0},{"not_picked":["Multi-Cast","Auto Shields","Rebound"],"picked":"SKIP","floor":29.0},{"not_picked":["Lockon","Coolheaded"],"picked":"Fusion","floor":31.0},{"not_picked":["Seek","Buffer"],"picked":"Echo Form","floor":33.0},{"not_picked":["Defragment","Capacitor+1"],"picked":"Scrape","floor":35.0},{"not_picked":["Leap","Sweeping Beam"],"picked":"FTL+1","floor":37.0}],"player_experience":3947582,"relics_obtained":[{"floor":9.0,"key":"HornCleat"},{"floor":10.0,"key":"Gremlin Horn"},{"floor":26.0,"key":"Eternal Feather"},{"floor":29.0,"key":"CaptainsWheel"}],"event_choices":[{"damage_healed":0.0,"max_hp_gain":0.0,"max_hp_loss":6.0,"gold_gain":0.0,"event_name":"Golden Idol","player_choice":"Lose Max HP","floor":4.0,"gold_loss":0.0,"damage_taken":0.0,"relics_obtained":["Golden Idol"]},{"cards_removed":["Defend_B"],"damage_healed":0.0,"max_hp_gain":0.0,"max_hp_loss":0.0,"gold_gain":0.0,"event_name":"Living Wall","player_choice":"Forget","floor":7.0,"gold_loss":0.0,"damage_taken":0.0},{"damage_healed":0.0,"max_hp_gain":0.0,"max_hp_loss":0.0,"gold_gain":0.0,"event_name":"Accursed Blacksmith","player_choice":"Forge","floor":11.0,"gold_loss":0.0,"damage_taken":0.0,"cards_upgraded":["Sunder"]},{"damage_healed":0.0,"max_hp_gain":0.0,"max_hp_loss":0.0,"gold_gain":0.0,"event_name":"Shining Light","player_choice":"Ignored","floor":13.0,"gold_loss":0.0,"damage_taken":0.0},{"damage_healed":0.0,"max_hp_gain":0.0,"max_hp_loss":0.0,"gold_gain":0.0,"event_name":"Vampires","player_choice":"Ignored","floor":20.0,"gold_loss":0.0,"damage_taken":0.0},{"cards_removed":["Strike_B"],"damage_healed":0.0,"max_hp_gain":0.0,"max_hp_loss":0.0,"gold_gain":0.0,"event_name":"Designer","player_choice":"Upgrade and Remove","floor":22.0,"gold_loss":90.0,"damage_taken":0.0,"cards_upgraded":["Meteor Strike"]},{"damage_healed":0.0,"max_hp_gain":0.0,"max_hp_loss":0.0,"gold_gain":0.0,"event_name":"Addict","player_choice":"Obtained Relic","floor":25.0,"gold_loss":85.0,"damage_taken":0.0,"relics_obtained":["Strawberry"]},{"cards_removed":["Strike_B"],"damage_healed":0.0,"max_hp_gain":0.0,"max_hp_loss":0.0,"gold_gain":0.0,"event_name":"Beggar","player_choice":"Gave Gold","floor":27.0,"gold_loss":75.0,"damage_taken":0.0},{"damage_healed":0.0,"max_hp_gain":0.0,"max_hp_loss":0.0,"gold_gain":100.0,"event_name":"Golden Shrine","player_choice":"Pray","floor":36.0,"gold_loss":0.0,"damage_taken":0.0},{"damage_healed":0.0,"max_hp_gain":0.0,"max_hp_loss":0.0,"gold_gain":0.0,"event_name":"SensoryStone","player_choice":"Memory 1","floor":39.0,"gold_loss":0.0,"damage_taken":0.0}],"is_beta":false,"boss_relics":[{"not_picked":["Coffee Dripper","Empty Cage"],"picked":"Sozu"},{"not_picked":["SacredBark","Inserter"],"picked":"Philosopher\u0027s Stone"}],"items_purged_floors":[3,38],"is_endless":false,"potions_floor_spawned":[12,16,24,33,37],"killed_by":"Nemesis","ascension_level":11}}