{"host":"dv3lni0xre0h79kd","time":1610302577,"event":{"mods":["BaseMod","BetterRewards","Colored Map","GifTheSpireLib","Highlight Path","Minty Spire (QoL Compilation)","StSLib"],"gold_per_floor":[110,110,110,122,140,159,234,158,158,158,158,122,153,189,189,317,317,330,330,330,245,245,245,270,284,284,352,376,376,390,390,390],"floor_reached":31,"playtime":1045,"items_purged":[],"score":233,"play_id":"b454abee-cc1f-4aa8-a133-ca422c27e738","local_time":"20210110131617","is_ascension_mode":false,"campfire_choices":[{"data":"Envenom","floor":10,"key":"SMITH"},{"data":"A Thousand Cuts","floor":15,"key":"SMITH"},{"data":"Catalyst","floor":23,"key":"SMITH"}],"circlet_count":0,"master_deck":["Strike_G","Strike_G","Strike_G","Defend_G","Defend_G","Survivor","Neutralize","A Thousand Cuts+1","Quick Slash","Terror","Slice","Envenom+1","Finisher","Catalyst+1","Infinite Blades","Caltrops+1","Dagger Throw+1","Outmaneuver+1","Crippling Poison","Deadly Poison","Dagger Spray+1","Poisoned Stab+1","Infinite Blades","Finisher+1"],"relics":["Ring of the Snake","CaptainsWheel","Golden Idol","Peace Pipe","Odd Mushroom","Astrolabe","Ancient Tea Set","Letter Opener","Ninja Scroll"],"acts_visited":["Exordium","TheCity"],"potions_floor_usage":[16,16,30,31],"damage_taken":[{"damage":3,"enemies":"2 Louse","floor":1,"turns":2},{"damage":3,"enemies":"Small Slimes","floor":4,"turns":3},{"damage":1,"enemies":"Cultist","floor":5,"turns":3},{"damage":12,"enemies":"Blue Slaver","floor":6,"turns":3},{"damage":10,"enemies":"Lagavulin","floor":13,"turns":4},{"damage":12,"enemies":"The Mushroom Lair","floor":14,"turns":5},{"damage":18,"enemies":"The Guardian","floor":16,"turns":6},{"damage":32,"enemies":"3 Byrds","floor":18,"turns":4},{"damage":21,"enemies":"2 Thieves","floor":24,"turns":4},{"damage":27,"enemies":"Snake Plant","floor":25,"turns":5},{"damage":15,"enemies":"Snecko","floor":28,"turns":3},{"damage":10,"enemies":"Centurion and Healer","floor":30,"turns":5},{"damage":8,"enemies":"Snake Plant","floor":31,"turns":1}],"seed_played":"3060916952493905344","potions_obtained":[{"floor":1,"key":"Poison Potion"},{"floor":14,"key":"CunningPotion"},{"floor":16,"key":"SpeedPotion"},{"floor":18,"key":"Weak Potion"},{"floor":30,"key":"LiquidMemories"}],"is_trial":false,"path_per_floor":["M","?","?","M","M","M","?","$","T","R","?","$","E","?","R","B",null,"M","?","?","?","?","R","M","M","T","T","M","?","M","M"],"character_chosen":"THE_SILENT","items_purchased":["Envenom","Finisher"],"campfire_rested":0,"item_purchase_floors":[8,12],"current_hp_per_floor":[74,74,74,71,70,58,47,47,47,47,47,47,37,25,25,7,71,39,39,39,39,81,81,60,33,33,33,18,18,8,0,0],"gold":390,"neow_bonus":"TEN_PERCENT_HP_BONUS","is_daily":false,"chose_seed":false,"campfire_upgraded":3,"win_rate":0.0,"timestamp":1610302577,"path_taken":["M","?","?","M","M","M","?","$","T","R","?","?","E","?","R","BOSS","M","?","?","?","?","R","M","?","T","?","M","?","M","M"],"items_purchased_type":["Card","Card"],"build_version":"2020-12-22","purchased_purges":0,"victory":false,"max_hp_per_floor":[77,77,77,77,77,77,77,77,77,77,71,71,71,71,71,71,71,71,71,71,71,81,81,81,81,81,81,81,81,81,81,81],"card_choices":[{"not_picked":["Escape Plan","Dodge and Roll","Outmaneuver"],"picked":"SKIP","floor":1},{"not_picked":["Deflect","Reflex"],"picked":"Quick Slash","floor":4},{"not_picked":["Dash","Endless Agony"],"picked":"Terror","floor":5},{"not_picked":["Acrobatics","Eviscerate"],"picked":"Slice","floor":6},{"not_picked":["Leg Sweep","All Out Attack"],"picked":"Catalyst","floor":13},{"not_picked":["Slice","Terror"],"picked":"Infinite Blades","floor":14},{"not_picked":["Die Die Die","Adrenaline"],"picked":"Envenom","floor":16},{"not_picked":["Deflect","Choke"],"picked":"Crippling Poison","floor":18},{"not_picked":["Heel Hook","Slice"],"picked":"Dagger Spray+1","floor":24},{"not_picked":["Dagger Throw","Outmaneuver+1"],"picked":"Poisoned Stab+1","floor":25},{"not_picked":["Outmaneuver","Underhanded Strike"],"picked":"Infinite Blades","floor":28},{"not_picked":["Flying Knee","Infinite Blades"],"picked":"Finisher+1","floor":30}],"player_experience":48095,"relics_obtained":[{"floor":9,"key":"CaptainsWheel"},{"floor":13,"key":"Peace Pipe"},{"floor":14,"key":"Odd Mushroom"},{"floor":26,"key":"Letter Opener"},{"floor":27,"key":"Ninja Scroll"}],"event_choices":[{"damage_healed":0,"gold_gain":0,"cards_transformed":["Defend_G"],"player_choice":"Change","damage_taken":0,"max_hp_gain":0,"max_hp_loss":0,"event_name":"Living Wall","floor":2,"gold_loss":0,"cards_obtained":["A Thousand Cuts"]},{"damage_healed":0,"gold_gain":0,"player_choice":"Ignored","damage_taken":0,"max_hp_gain":0,"max_hp_loss":0,"event_name":"Liars Game","floor":3,"gold_loss":0},{"damage_healed":0,"gold_gain":75,"player_choice":"Gather Gold","damage_taken":11,"max_hp_gain":0,"max_hp_loss":0,"event_name":"World of Goop","floor":7,"gold_loss":0},{"damage_healed":0,"gold_gain":0,"player_choice":"Lose Max HP","damage_taken":0,"relics_obtained":["Golden Idol"],"max_hp_gain":0,"max_hp_loss":6,"event_name":"Golden Idol","floor":11,"gold_loss":0},{"damage_healed":0,"gold_gain":0,"player_choice":"Fought Mushrooms","damage_taken":0,"max_hp_gain":0,"max_hp_loss":0,"event_name":"Mushrooms","floor":14,"gold_loss":0},{"damage_healed":0,"gold_gain":0,"player_choice":"Read","damage_taken":0,"max_hp_gain":0,"max_hp_loss":0,"event_name":"The Library","floor":19,"gold_loss":0,"cards_obtained":["Deadly Poison"]},{"cards_removed":["Strike_G"],"damage_healed":0,"gold_gain":0,"player_choice":"Elegance","damage_taken":0,"max_hp_gain":0,"max_hp_loss":0,"event_name":"Back to Basics","floor":20,"gold_loss":0},{"damage_healed":0,"gold_gain":0,"player_choice":"Obtained Relic","damage_taken":0,"relics_obtained":["Ancient Tea Set"],"max_hp_gain":0,"max_hp_loss":0,"event_name":"Addict","floor":21,"gold_loss":85},{"cards_removed":["Envenom"],"damage_healed":32,"gold_gain":0,"player_choice":"Offered Rare","damage_taken":0,"max_hp_gain":10,"max_hp_loss":0,"event_name":"Bonfire Elementals","floor":22,"gold_loss":0},{"damage_healed":0,"gold_gain":0,"player_choice":"Ignored","damage_taken":0,"max_hp_gain":0,"max_hp_loss":0,"event_name":"Cursed Tome","floor":29,"gold_loss":0}],"is_beta":false,"boss_relics":[{"not_picked":["Busted Crown","Velvet Choker"],"picked":"Astrolabe"}],"items_purged_floors":[],"is_endless":false,"potions_floor_spawned":[1,14,16,18,30],"killed_by":"Snake Plant","ascension_level":0}}