{"host":"ox77rn1xcurm2t5a","time":1610321236,"event":{"mods":["2.2 Compatiblity","AchievementEnabler","Act Like it!","Aspiration","BaseMod","Best Route Mod","Better Match","Better Note","Better Sensory Stone","Block Reminder","Colored Map","Colored Powertips","Conjunction","Conspire","Custom Start","Energized Spire","GifTheSpireLib","Gold Saver","Gremlin Skip","Halation","Highlight Path","Hubris","Infinite Spire","Minty Spire (QoL Compilation)","Pale of the Ancients","Quick Restart","Replay The Spire","Reworked Bosses","ShortenTheSpire","Spire Exporter","StSLib","Stuff the Spire","Wandering Minibosses","vexMod"],"gold_per_floor":[130,1,1,17,35,70,70,105,105,105,134,43,43,43,43,53,53],"floor_reached":16,"playtime":452,"items_purged":["Strike_B"],"score":197,"play_id":"41ea6231-5997-4a7b-a910-3923ee8d283a","local_time":"20210111012716","is_ascension_mode":true,"campfire_choices":[{"floor":7,"key":"RECALL"},{"data":"Loop","floor":10,"key":"SMITH"},{"data":"Capacitor","floor":15,"key":"SMITH"}],"circlet_count":0,"master_deck":["AscendersBane","Strike_B","Strike_B","Strike_B","Defend_B","Defend_B","Defend_B","Defend_B","Zap+1","Dualcast","Ball Lightning","Ball Lightning","Loop+1","Cold Snap","Capacitor+1"],"relics":["Cracked Core","NeowsBlessing","hubris:PeanutButter","Carrot","Replay:Bandana","StuffTheSpire:Barrel","Replay:Wax Seal"],"acts_visited":["Exordium"],"potions_floor_usage":[8,16],"damage_taken":[{"damage":0,"enemies":"Jaw Worm","floor":1,"turns":1},{"damage":0,"enemies":"Cultist","floor":4,"turns":1},{"damage":0,"enemies":"2 Louse","floor":5,"turns":1},{"damage":25,"enemies":"3 Sentries","floor":6,"turns":6},{"damage":12,"enemies":"Lagavulin","floor":8,"turns":5},{"damage":8,"enemies":"Gremlin Nob","floor":11,"turns":3},{"damage":16,"enemies":"Fading Forest","floor":16,"turns":9}],"seed_played":"-6650742082194943902","potions_obtained":[{"floor":6,"key":"Swift Potion"},{"floor":8,"key":"ColorlessPotion"}],"is_trial":false,"path_per_floor":["M","$","?","M","M","E","R","E","T","R","E","$","?","T","R","B"],"character_chosen":"DEFECT","items_purchased":["Ball Lightning","Cold Snap","Capacitor"],"campfire_rested":0,"item_purchase_floors":[2,12,12],"current_hp_per_floor":[64,64,64,64,64,39,39,27,27,27,19,19,7,7,7,0,0],"gold":53,"neow_bonus":"THREE_ENEMY_KILL","is_daily":false,"chose_seed":false,"campfire_upgraded":2,"win_rate":0.0,"timestamp":1610321236,"path_taken":["M","$","?","?","M","E","R","E","T","R","E","$","?","?","R","BOSS"],"items_purchased_type":["Card","Card","Card"],"build_version":"2020-12-22","purchased_purges":1,"victory":false,"max_hp_per_floor":[71,71,71,71,71,71,71,71,71,71,71,71,71,71,71,71,71],"card_choices":[{"not_picked":["Panic Button","Barrage"],"picked":"Ball Lightning","floor":1},{"not_picked":["Leap","Compile Driver","Doom and Gloom"],"picked":"SKIP","floor":4},{"not_picked":["conspire:Rain","Turbo","Meteor Strike"],"picked":"SKIP","floor":5},{"not_picked":["Compile Driver","hubris:Ukulele"],"picked":"Loop","floor":6},{"not_picked":["Steam","Rebound","Blizzard"],"picked":"SKIP","floor":8},{"not_picked":["Coolheaded","ReplaySolidLightProjector","Cold Snap"],"picked":"SKIP","floor":11}],"player_experience":2981964,"relics_obtained":[{"floor":6,"key":"hubris:PeanutButter"},{"floor":8,"key":"Carrot"},{"floor":11,"key":"Replay:Bandana"},{"floor":14,"key":"Replay:Wax Seal"}],"event_choices":[{"damage_healed":0,"gold_gain":0,"player_choice":"Forge","damage_taken":0,"max_hp_gain":0,"max_hp_loss":0,"event_name":"Accursed Blacksmith","floor":3,"gold_loss":0,"cards_upgraded":["Zap"]},{"damage_healed":0,"gold_gain":0,"player_choice":"Success","damage_taken":12,"relics_obtained":["StuffTheSpire:Barrel"],"max_hp_gain":0,"max_hp_loss":0,"event_name":"Scrap Ooze","floor":13,"gold_loss":0}],"is_beta":false,"boss_relics":[],"items_purged_floors":[2],"is_endless":false,"potions_floor_spawned":[6,8],"killed_by":"Fading Forest","ascension_level":14}}