{"host":"mtg945c5jssv10ty","time":1610257207,"event":{"mods":["Ascension Unlocker","BaseMod","Downfall","Minty Spire (QoL Compilation)","StSLib"],"gold_per_floor":[99,115,115,135,154,64,64,64,76,102,132,132,150,150,162,258,258,258,278,296,316,416,416,443,443,543,563,593,493,133,145,158,254,254,254,254,329,341,351,351,351,363,387,404,404,4,4,29,29,29],"floor_reached":49,"playtime":2143,"items_purged":["Normality","downfall:Bewildered","Decay"],"score":664,"play_id":"88049208-9de1-4311-9dd2-7486282043f6","local_time":"20210110004007","is_ascension_mode":true,"campfire_choices":[{"data":"bronze:Replicate","floor":1.0,"key":"SMITH"},{"data":"bronze:BitShift","floor":8.0,"key":"SMITH"},{"data":"bronze:HardenedForm","floor":18.0,"key":"SMITH"},{"floor":23.0,"key":"REST"},{"floor":29.0,"key":"REST"},{"data":"bronze:ThunderWave","floor":35,"key":"SMITH"},{"floor":45,"key":"RECALL"},{"data":"bronze:DonuBeam","floor":47,"key":"SMITH"}],"circlet_count":0,"master_deck":["bronze:Strike","bronze:Strike","bronze:Strike","bronze:Strike","bronze:Defend","bronze:Defend","bronze:Defend","bronze:Defend","bronze:Replicate+1","bronze:Goto+1","bronze:NullPointer","Writhe","bronze:BitShift+1","bronze:Constructor+1","bronze:Separator","bronze:Virus","bronze:FineTuning","bronze:BuggyMess+1","bronze:Fortify","bronze:Invalidate","bronze:HardenedForm+1","bronze:Deprecate","bronze:Branch","bronze:Terminator+1","bronze:DonuBeam+1","bronze:DecaBeam","Doubt","bronze:Terminator","bronze:ForceShield","bronze:BitShift+1","bronze:FineTuning","bronze:ClassDefault+1","bronze:Philosophize","bronze:InfiniteLoop","bronze:Library+1","bronze:Shield+1","bronze:ThunderWave+1","bronze:BuggyMess+1","bronze:Boost","bronze:Shell+1","downfall:Haunted","bronze:Shell+1","bronze:WildBeam+1","bronze:InfiniteBeams+1","bronze:Assembly","bronze:BuggyMess+1"],"relics":["bronze:BronzeCore","Darkstone Periapt","Pantograph","Incense Burner","Odd Mushroom","bronze:BottledCode","Cursed Key","downfall:RedIOU","CaptainsWheel","Frozen Egg 2","Vajra","downfall:HeartBlessingGreen","SacredBark","Bottled Flame","Bottled Tornado","Guardian:BottledAnomaly","InkBottle"],"acts_visited":["Exordium","TheCity","TheBeyond"],"potions_floor_usage":[38,39,46,48],"damage_taken":[{"damage":5.0,"enemies":"Small Slimes","floor":2.0,"turns":3.0},{"damage":0.0,"enemies":"Jaw Worm","floor":4.0,"turns":4.0},{"damage":0.0,"enemies":"2 Louse","floor":5.0,"turns":2.0},{"damage":0.0,"enemies":"downfall:FleeingMerchant","floor":6.0,"turns":4.0},{"damage":12.0,"enemies":"Exordium Thugs","floor":9.0,"turns":5.0},{"damage":8.0,"enemies":"3 Sentries","floor":10.0,"turns":10.0},{"damage":20.0,"enemies":"The Mushroom Lair","floor":11.0,"turns":3.0},{"damage":0.0,"enemies":"Blue Slaver","floor":13.0,"turns":2.0},{"damage":0.0,"enemies":"3 Louse","floor":15.0,"turns":1.0},{"damage":45.0,"enemies":"downfall:Watcher","floor":16.0,"turns":7.0},{"damage":0.0,"enemies":"Shell Parasite","floor":19.0,"turns":2.0},{"damage":0.0,"enemies":"Spheric Guardian","floor":20.0,"turns":4.0},{"damage":0.0,"enemies":"Chosen and Byrds","floor":21.0,"turns":4.0},{"damage":72.0,"enemies":"Chosen and Byrds","floor":22.0,"turns":10.0},{"damage":15.0,"enemies":"Colosseum Nobs","floor":26.0,"turns":4.0},{"damage":0.0,"enemies":"Centurion and Healer","floor":27.0,"turns":6.0},{"damage":0.0,"enemies":"Book of Stabbing","floor":28.0,"turns":6.0},{"damage":0.0,"enemies":"downfall:FleeingMerchant","floor":30.0,"turns":4.0},{"damage":1.0,"enemies":"3 Cultists","floor":31.0,"turns":5.0},{"damage":0.0,"enemies":"Snecko","floor":32.0,"turns":4.0},{"damage":6.0,"enemies":"ArchetypeAct2MushroomsNewAge","floor":33.0,"turns":3.0},{"damage":0,"enemies":"Orb Walker","floor":38,"turns":2},{"damage":0,"enemies":"3 Darklings","floor":39,"turns":1},{"damage":11,"enemies":"Jaw Worm Horde","floor":42,"turns":4},{"damage":6,"enemies":"Maw","floor":44,"turns":8},{"damage":25,"enemies":"downfall:FleeingMerchant","floor":46,"turns":4},{"damage":60,"enemies":"Reptomancer","floor":48,"turns":9},{"damage":8,"enemies":"3 Darklings","floor":49,"turns":2}],"seed_played":"-5296692436228512616","potions_obtained":[{"floor":4.0,"key":"FearPotion"},{"floor":9.0,"key":"champ:CounterPotion"},{"floor":11.0,"key":"EssenceOfSteel"},{"floor":13.0,"key":"Swift Potion"},{"floor":21.0,"key":"SteroidPotion"},{"floor":22.0,"key":"bronze:FreeFunctionsPotion"},{"floor":28.0,"key":"Strength Potion"},{"floor":31.0,"key":"Dexterity Potion"},{"floor":37,"key":"downfall:CursedFountainPotion"},{"floor":38,"key":"DistilledChaos"},{"floor":42,"key":"SkillPotion"}],"is_trial":false,"path_per_floor":["R","M","?","M","M","$","T","R","M","E","?","?","M","?","M","B",null,"R","M","M","M","?","R","T","?","?","M","E","R","$","M","M","B",null,"R","?","?","M","M","?","T","M","T","M","R","?","R","E","M"],"character_chosen":"THE_AUTOMATON","items_purchased":["bronze:ClassDefault+1","bronze:Philosophize","bronze:InfiniteLoop","Bottled Tornado","bronze:InfiniteBeams+1","Guardian:BottledAnomaly","bronze:FreeFunctionsPotion","bronze:Assembly"],"campfire_rested":2,"item_purchase_floors":[30,30,30,46,46,46,46,46],"current_hp_per_floor":[77,72,90,90,90,90,90,90,78,70,50,50,50,50,50,30,85,85,85,85,85,13,38,44,44,29,29,29,56,56,55,55,74,91,91,91,91,91,91,91,97,86,92,86,86,61,61,1,0,0],"gold":29,"neow_bonus":"TEN_PERCENT_HP_BONUS","is_daily":false,"chose_seed":false,"campfire_upgraded":5,"win_rate":0.0,"timestamp":1610257207,"path_taken":["R","M","?","M","M","$","T","R","M","E","?","?","?","?","M","BOSS","R","M","M","M","?","R","T","?","?","M","E","R","$","M","M","BOSS","R","?","?","M","?","?","T","M","?","M","R","?","R","E","M"],"items_purchased_type":["Card","Card","Card","Relic","Card","Relic","Potion","Card"],"build_version":"2020-12-22","purchased_purges":3,"victory":false,"max_hp_per_floor":[77,77,95,95,95,95,95,95,95,95,95,95,95,85,85,85,85,85,85,85,85,85,85,91,91,91,91,91,91,91,91,91,91,91,91,91,91,91,91,91,97,97,103,103,103,103,103,103,103,103],"card_choices":[{"not_picked":["bronze:Invalidate","bronze:CutThrough"],"picked":"bronze:NullPointer","floor":2.0},{"not_picked":["bronze:ItsAFeature","bronze:Invalidate"],"picked":"bronze:BitShift","floor":4.0},{"not_picked":["bronze:BugBarrage","bronze:Boost"],"picked":"bronze:Constructor","floor":5.0},{"not_picked":["bronze:WhirlingStrike","bronze:Frontload"],"picked":"bronze:Separator","floor":6.0},{"not_picked":["bronze:CutThrough","bronze:Constructor"],"picked":"bronze:Virus","floor":9.0},{"not_picked":["bronze:Flail","bronze:ItsAFeature"],"picked":"bronze:FineTuning","floor":10.0},{"not_picked":["bronze:Constructor","bronze:Frontload"],"picked":"bronze:BuggyMess","floor":11.0},{"not_picked":["bronze:ForceShield","bronze:ChosenStrike"],"picked":"bronze:Fortify","floor":13.0},{"not_picked":["bronze:DelayedSlice","bronze:Frontload"],"picked":"bronze:Invalidate","floor":15.0},{"not_picked":["bronze:Format","bronze:Hardcode"],"picked":"bronze:HardenedForm","floor":16.0},{"not_picked":["bronze:Turbo+1","bronze:CutThrough"],"picked":"bronze:Deprecate","floor":19.0},{"not_picked":["bronze:Overheat","bronze:Safeguard"],"picked":"bronze:Branch","floor":20.0},{"not_picked":["bronze:Safeguard","bronze:MaxOutput"],"picked":"bronze:Terminator+1","floor":21.0},{"not_picked":[],"picked":"bronze:DonuBeam","floor":22.0},{"not_picked":[],"picked":"bronze:DecaBeam","floor":22.0},{"not_picked":["bronze:Overheat","bronze:ForLoop"],"picked":"bronze:Virus","floor":22.0},{"not_picked":["bronze:BugBarrage","bronze:Frontload"],"picked":"bronze:Terminator","floor":26.0},{"not_picked":["bronze:Break","bronze:Separator"],"picked":"bronze:ForceShield","floor":27.0},{"not_picked":["bronze:BugBarrage","bronze:ForceShield"],"picked":"bronze:BitShift+1","floor":28.0},{"not_picked":["bronze:Invalidate","bronze:Deprecate"],"picked":"bronze:FineTuning","floor":30.0},{"not_picked":["bronze:Branch","bronze:Return"],"picked":"bronze:Library+1","floor":31.0},{"not_picked":["bronze:Backtrace","bronze:BugBarrage"],"picked":"bronze:Shield+1","floor":32.0},{"not_picked":["bronze:Assembly","bronze:HyperBeam"],"picked":"bronze:ThunderWave","floor":33.0},{"not_picked":["bronze:CutThrough","bronze:OilSpill+1"],"picked":"bronze:BuggyMess+1","floor":38},{"not_picked":["bronze:Flail+1","bronze:Overload+1"],"picked":"bronze:Boost","floor":39},{"not_picked":["bronze:Constructor","bronze:ChosenStrike+1"],"picked":"bronze:Shell+1","floor":42},{"not_picked":["bronze:Constructor+1","bronze:WildBeam"],"picked":"bronze:Shell+1","floor":44},{"not_picked":["bronze:WhirlingStrike","bronze:Frontload+1"],"picked":"bronze:WildBeam+1","floor":46},{"not_picked":["bronze:DelayedSlice","bronze:Frontload"],"picked":"bronze:BuggyMess+1","floor":48}],"player_experience":207166,"relics_obtained":[{"floor":7.0,"key":"Pantograph"},{"floor":10.0,"key":"Incense Burner"},{"floor":11.0,"key":"Odd Mushroom"},{"floor":24.0,"key":"Toy Ornithopter"},{"floor":26.0,"key":"CaptainsWheel"},{"floor":26.0,"key":"Frozen Egg 2"},{"floor":28.0,"key":"Vajra"},{"floor":41,"key":"Bottled Flame"},{"floor":48,"key":"InkBottle"}],"event_choices":[{"damage_healed":0.0,"max_hp_gain":0.0,"max_hp_loss":0.0,"gold_gain":0.0,"event_name":"Mushrooms","player_choice":"Fought Mushrooms","floor":11.0,"gold_loss":0.0,"damage_taken":0.0},{"cards_removed":["bronze:Virus"],"damage_healed":0,"gold_gain":0,"player_choice":"Removed Attack","damage_taken":0,"max_hp_gain":0,"max_hp_loss":0,"event_name":"Falling","floor":36,"gold_loss":0}],"is_beta":false,"boss_relics":[{"not_picked":["Velvet Choker","Sozu"],"picked":"Cursed Key"},{"not_picked":["Snecko Eye","SlaversCollar"],"picked":"SacredBark"}],"items_purged_floors":[6,30,46],"is_endless":false,"potions_floor_spawned":[4,9,11,13,21,22,28,31,32,38,42],"killed_by":"3 Darklings","ascension_level":1}}