{"host":"oiw60b5ins9fyx34","time":1610293410,"event":{"mods":["BaseMod","Colored Map","Colored Powertips","Minty Spire (QoL Compilation)","Permanent Neow","Quick Restart","Relic Stats","StSLib"],"gold_per_floor":[112,62,62,79,79,114,114,129,152,164,164,178,18,18,18,122,122,138,138,138,38,48,73,87,114,114,129,129,139,139,151,151,248,248,266,266,284,284,284,284],"floor_reached":39,"playtime":2120,"items_purged":["Strike_G","Strike_G"],"score":421,"play_id":"4c56b338-14f7-45e7-a856-80d081c05237","local_time":"20210111004330","is_ascension_mode":false,"campfire_choices":[{"data":"Noxious Fumes","floor":7,"key":"SMITH"},{"floor":11,"key":"REST"},{"data":"Well Laid Plans","floor":15,"key":"SMITH"},{"floor":28,"key":"REST"},{"data":"Venomology","floor":30,"key":"SMITH"},{"floor":32,"key":"REST"}],"circlet_count":0,"master_deck":["Defend_G","Defend_G","Defend_G","Defend_G","Defend_G","Survivor","Neutralize","Sucker Punch","Well Laid Plans+1","Cloak And Dagger","Noxious Fumes+1","Dagger Throw","Bane","Deflect","Bouncing Flask+1","Sucker Punch","Bullet Time","Deadly Poison","Blur","Venomology+1","Backflip","Dash","Die Die Die"],"relics":["Ring of the Serpent","Boot","Nunchaku","MealTicket","SlaversCollar","Art of War","Pen Nib","Orichalcum"],"acts_visited":["Exordium","TheCity","TheBeyond"],"potions_floor_usage":[16,16,23,23,25,25,25,27,31,31,33,33,39,39,39],"damage_taken":[{"damage":0,"enemies":"2 Louse","floor":1,"turns":3},{"damage":0,"enemies":"Cultist","floor":4,"turns":4},{"damage":42,"enemies":"Gremlin Nob","floor":6,"turns":6},{"damage":0,"enemies":"Jaw Worm","floor":8,"turns":3},{"damage":2,"enemies":"Lots of Slimes","floor":10,"turns":4},{"damage":9,"enemies":"Exordium Wildlife","floor":12,"turns":5},{"damage":23,"enemies":"Hexaghost","floor":16,"turns":8},{"damage":9,"enemies":"3 Byrds","floor":18,"turns":5},{"damage":0,"enemies":"Chosen","floor":22,"turns":4},{"damage":24,"enemies":"Gremlin Leader","floor":23,"turns":7},{"damage":20,"enemies":"Snecko","floor":24,"turns":5},{"damage":2,"enemies":"Book of Stabbing","floor":25,"turns":4},{"damage":7,"enemies":"Shelled Parasite and Fungi","floor":27,"turns":5},{"damage":2,"enemies":"Snake Plant","floor":29,"turns":4},{"damage":4,"enemies":"Cultist and Chosen","floor":31,"turns":6},{"damage":27,"enemies":"Collector","floor":33,"turns":7},{"damage":8,"enemies":"Orb Walker","floor":35,"turns":4},{"damage":0,"enemies":"3 Shapes","floor":37,"turns":4},{"damage":55,"enemies":"Sphere and 2 Shapes","floor":39,"turns":5}],"seed_played":"6232627076845924784","potions_obtained":[{"floor":4,"key":"GamblersBrew"},{"floor":6,"key":"Weak Potion"},{"floor":10,"key":"EssenceOfSteel"},{"floor":16,"key":"Poison Potion"},{"floor":18,"key":"SkillPotion"},{"floor":20,"key":"Explosive Potion"},{"floor":23,"key":"BlessingOfTheForge"},{"floor":25,"key":"DuplicationPotion"}],"is_trial":false,"path_per_floor":["M","?","$","M","?","E","R","M","T","M","R","M","$","?","R","B",null,"M","?","?","$","M","E","M","E","T","M","R","M","R","M","R","B",null,"M","?","M","?","M"],"character_chosen":"THE_SILENT","items_purchased":["Bouncing Flask","Sucker Punch"],"campfire_rested":3,"item_purchase_floors":[13,13],"current_hp_per_floor":[63,63,63,63,63,21,21,21,21,19,37,28,43,43,43,20,63,54,54,54,63,63,39,19,17,17,10,28,26,26,27,45,18,63,55,55,55,55,0,0],"gold":284,"neow_bonus":"TRANSFORM_TWO_CARDS","is_daily":false,"chose_seed":false,"campfire_upgraded":3,"win_rate":0.0,"timestamp":1610293410,"path_taken":["M","?","$","M","?","E","R","M","T","M","R","?","$","?","R","BOSS","M","?","?","$","?","E","M","E","T","M","R","M","R","M","R","BOSS","M","?","M","?","M"],"items_purchased_type":["Card","Card"],"build_version":"2020-12-22","purchased_purges":2,"victory":false,"max_hp_per_floor":[63,63,63,63,63,63,63,63,63,63,63,63,63,63,63,63,63,63,63,63,63,63,63,63,63,63,63,63,63,63,63,63,63,63,63,63,63,60,60,60],"relic_stats":{"Nunchaku":[13],"counters":[19,93],"MealTicket":24,"Pen Nib":[5],"Art of War":[5],"Orichalcum":[18],"Boot":[98],"obtain_stats":[{"SlaversCollar":17,"Nunchaku":6,"MealTicket":9,"Pen Nib":25,"Art of War":23,"Orichalcum":26,"Boot":5,"Ring of the Serpent":34,"Ring of the Snake":0},{"SlaversCollar":7,"Nunchaku":3,"MealTicket":4,"Pen Nib":12,"Art of War":10,"Orichalcum":12,"Boot":2,"Ring of the Serpent":16,"Ring of the Snake":0},{"SlaversCollar":33,"Nunchaku":13,"MealTicket":16,"Pen Nib":58,"Art of War":49,"Orichalcum":58,"Boot":7,"Ring of the Serpent":80,"Ring of the Snake":0}]},"card_choices":[{"not_picked":["Sucker Punch","Choke"],"picked":"Well Laid Plans","floor":1},{"not_picked":["Masterful Stab","Outmaneuver"],"picked":"Cloak And Dagger","floor":4},{"not_picked":["Sucker Punch","Night Terror"],"picked":"Noxious Fumes","floor":6},{"not_picked":["Quick Slash","Deflect"],"picked":"Dagger Throw","floor":8},{"not_picked":["Cloak And Dagger","Predator"],"picked":"Bane","floor":10},{"not_picked":["Eviscerate","Choke"],"picked":"Deflect","floor":12},{"not_picked":["A Thousand Cuts","Storm of Steel"],"picked":"Bullet Time","floor":16},{"not_picked":["Underhanded Strike","Deflect"],"picked":"Deadly Poison","floor":18},{"not_picked":["Cloak And Dagger+1","Dagger Throw"],"picked":"Blur","floor":22},{"not_picked":["Deadly Poison","PiercingWail"],"picked":"Venomology","floor":23},{"not_picked":["Slice+1","Poisoned Stab"],"picked":"Backflip","floor":24},{"not_picked":["All Out Attack","Cloak And Dagger+1"],"picked":"Dash","floor":25},{"not_picked":["Storm of Steel","Bane","Acrobatics"],"picked":"SKIP","floor":27},{"not_picked":["Slice","Eviscerate","Dodge and Roll"],"picked":"SKIP","floor":29},{"not_picked":["Sucker Punch","Dagger Spray","Backflip"],"picked":"SKIP","floor":31},{"not_picked":["A Thousand Cuts","Unload"],"picked":"Die Die Die","floor":33},{"not_picked":["Flying Knee","Cloak And Dagger","Blade Dance+1"],"picked":"SKIP","floor":35},{"not_picked":["Outmaneuver","Eviscerate+1","Slice"],"picked":"SKIP","floor":37}],"player_experience":611790,"relics_obtained":[{"floor":6,"key":"Nunchaku"},{"floor":9,"key":"MealTicket"},{"floor":23,"key":"Art of War"},{"floor":25,"key":"Pen Nib"},{"floor":26,"key":"Orichalcum"}],"event_choices":[{"cards_removed":["Strike_G"],"damage_healed":0,"gold_gain":0,"player_choice":"Card Removal","damage_taken":0,"max_hp_gain":0,"max_hp_loss":0,"event_name":"The Cleric","floor":2,"gold_loss":50},{"damage_healed":0,"gold_gain":0,"player_choice":"Gave Potion","damage_taken":0,"relics_obtained":["Boot"],"max_hp_gain":0,"max_hp_loss":0,"event_name":"WeMeetAgain","floor":5,"gold_loss":0},{"damage_healed":0,"gold_gain":0,"player_choice":"Grow","damage_taken":0,"max_hp_gain":0,"max_hp_loss":0,"event_name":"Living Wall","floor":14,"gold_loss":0,"cards_upgraded":["Bouncing Flask"]},{"damage_healed":0,"gold_gain":0,"player_choice":"Ignored","damage_taken":0,"max_hp_gain":0,"max_hp_loss":0,"event_name":"The Mausoleum","floor":19,"gold_loss":0},{"damage_healed":0,"gold_gain":0,"player_choice":"Got Potions","damage_taken":0,"max_hp_gain":0,"max_hp_loss":0,"event_name":"Lab","floor":20,"gold_loss":0},{"cards_removed":["Masterful Stab"],"damage_healed":0,"gold_gain":0,"player_choice":"Removed Attack","damage_taken":0,"max_hp_gain":0,"max_hp_loss":0,"event_name":"Falling","floor":36,"gold_loss":0},{"damage_healed":0,"gold_gain":0,"player_choice":"Max HP","damage_taken":0,"max_hp_gain":0,"max_hp_loss":3,"event_name":"Winding Halls","floor":38,"gold_loss":0}],"is_beta":false,"boss_relics":[{"not_picked":["Ectoplasm","Tiny House"],"picked":"SlaversCollar"},{"not_picked":["Snecko Eye","Black Star"],"picked":"Ring of the Serpent"}],"items_purged_floors":[13,21],"is_endless":false,"potions_floor_spawned":[4,6,10,16,18,23,24,25],"killed_by":"Sphere and 2 Shapes","ascension_level":0}}