{"host":"p6s16n2sj7zvsuor","time":1610300409,"event":{"mods":["BaseMod","Minty Spire (QoL Compilation)"],"gold_per_floor":[118,118,142,169,23,58,71,91,114,114,14,54,66,78,90,207,219,259,290,89,89,116,116,145,172,172,198,230,80,80,9,9,9,9],"floor_reached":33,"playtime":1097,"items_purged":["Strike_G","Strike_G","Strike_G","Strike_G"],"score":334,"play_id":"dada3d30-1c6f-4c60-a161-5ce62c6db732","local_time":"20210110194009","is_ascension_mode":true,"campfire_choices":[{"data":"Accuracy","floor":10,"key":"SMITH"},{"data":"Cloak And Dagger","floor":13,"key":"SMITH"},{"floor":15,"key":"REST"},{"data":"Cloak And Dagger","floor":23,"key":"SMITH"},{"floor":30,"key":"REST"},{"floor":32,"key":"REST"}],"circlet_count":0,"master_deck":["Strike_G","Defend_G+1","Defend_G+1","Defend_G","Defend_G","Defend_G","Survivor","Neutralize","Backstab","Infinite Blades","Accuracy+1","Infinite Blades","Glass Knife","Cloak And Dagger+1","Storm of Steel","Leg Sweep","Caltrops","Footwork","Blur","Cloak And Dagger+1","Cloak And Dagger","Deflect","Slice","Terror"],"relics":["Ring of the Snake","NeowsBlessing","CeramicFish","Bronze Scales","War Paint","MawBank","Pear","Runic Pyramid","Red Mask"],"acts_visited":["Exordium","TheCity"],"potions_floor_usage":[19,33],"damage_taken":[{"damage":0,"enemies":"2 Louse","floor":1,"turns":1},{"damage":0,"enemies":"Cultist","floor":3,"turns":1},{"damage":0,"enemies":"Jaw Worm","floor":4,"turns":1},{"damage":17,"enemies":"3 Sentries","floor":6,"turns":8},{"damage":10,"enemies":"2 Fungi Beasts","floor":7,"turns":3},{"damage":0,"enemies":"Looter","floor":8,"turns":2},{"damage":14,"enemies":"Lagavulin","floor":12,"turns":5},{"damage":8,"enemies":"The Guardian","floor":16,"turns":8},{"damage":12,"enemies":"Chosen","floor":18,"turns":3},{"damage":16,"enemies":"Spheric Guardian","floor":19,"turns":4},{"damage":17,"enemies":"Cultist and Chosen","floor":22,"turns":6},{"damage":13,"enemies":"3 Cultists","floor":24,"turns":5},{"damage":25,"enemies":"Snake Plant","floor":25,"turns":3},{"damage":0,"enemies":"Snecko","floor":27,"turns":3},{"damage":6,"enemies":"Masked Bandits","floor":28,"turns":2},{"damage":66,"enemies":"Collector","floor":33,"turns":6}],"seed_played":"-3047086843262288447","potions_obtained":[{"floor":4,"key":"LiquidBronze"},{"floor":8,"key":"SpeedPotion"},{"floor":12,"key":"PowerPotion"},{"floor":22,"key":"Swift Potion"}],"is_trial":false,"path_per_floor":["M","?","M","M","$","E","M","M","T","R","$","E","R","T","R","B",null,"M","M","$","?","M","R","M","M","T","M","?","$","R","$","R","B"],"character_chosen":"THE_SILENT","items_purchased":["Infinite Blades","Footwork","Blur","Terror"],"campfire_rested":3,"item_purchase_floors":[5,20,20,31],"current_hp_per_floor":[63,63,63,63,63,46,36,36,36,36,36,22,22,32,56,48,72,60,44,44,70,53,53,40,15,15,15,9,9,33,33,57,0,0],"gold":9,"neow_bonus":"THREE_ENEMY_KILL","is_daily":false,"chose_seed":false,"campfire_upgraded":3,"win_rate":0.0,"timestamp":1610300409,"path_taken":["M","?","M","M","$","E","M","?","T","R","$","E","R","?","R","BOSS","M","M","$","?","M","R","M","M","T","M","?","$","R","$","R","BOSS"],"items_purchased_type":["Card","Card","Card","Card"],"build_version":"2020-12-22","purchased_purges":4,"victory":false,"max_hp_per_floor":[70,70,70,70,70,70,70,70,70,70,70,70,70,80,80,80,80,80,80,80,80,80,80,80,80,80,80,80,80,80,80,80,80,80],"card_choices":[{"not_picked":["Acrobatics","Eviscerate"],"picked":"Backstab","floor":1},{"not_picked":["Poisoned Stab","Cloak And Dagger"],"picked":"Infinite Blades","floor":3},{"not_picked":["Quick Slash","Deflect"],"picked":"Accuracy","floor":4},{"not_picked":["PiercingWail","Deadly Poison"],"picked":"Glass Knife","floor":6},{"not_picked":["Quick Slash","Deadly Poison","Predator"],"picked":"SKIP","floor":7},{"not_picked":["Prepared","Skewer","Deadly Poison"],"picked":"SKIP","floor":8},{"not_picked":["Crippling Poison","Expertise"],"picked":"Cloak And Dagger","floor":12},{"not_picked":["Doppelganger","Burst"],"picked":"Storm of Steel","floor":16},{"not_picked":["Quick Slash+1","Sucker Punch+1"],"picked":"Leg Sweep","floor":18},{"not_picked":["Underhanded Strike","Deadly Poison"],"picked":"Caltrops","floor":19},{"not_picked":["Deadly Poison","Bouncing Flask"],"picked":"Cloak And Dagger","floor":22},{"not_picked":["Grand Finale","Sucker Punch+1"],"picked":"Cloak And Dagger","floor":24},{"not_picked":["Dagger Spray","Endless Agony"],"picked":"Deflect","floor":25},{"not_picked":["Sucker Punch+1","Deadly Poison"],"picked":"Slice","floor":27}],"player_experience":787115,"relics_obtained":[{"floor":2,"key":"CeramicFish"},{"floor":6,"key":"Bronze Scales"},{"floor":9,"key":"War Paint"},{"floor":12,"key":"MawBank"},{"floor":14,"key":"Pear"},{"floor":28,"key":"Red Mask"}],"event_choices":[{"damage_healed":0,"gold_gain":0,"player_choice":"Relic","damage_taken":0,"max_hp_gain":0,"max_hp_loss":0,"event_name":"Wheel of Change","floor":2,"gold_loss":0},{"damage_healed":26,"gold_gain":0,"player_choice":"Heal","damage_taken":0,"max_hp_gain":0,"max_hp_loss":0,"event_name":"The Library","floor":21,"gold_loss":0},{"damage_healed":0,"gold_gain":0,"player_choice":"Fought Bandits","damage_taken":0,"max_hp_gain":0,"max_hp_loss":0,"event_name":"Masked Bandits","floor":28,"gold_loss":0}],"is_beta":false,"boss_relics":[{"not_picked":["Astrolabe","Sozu"],"picked":"Runic Pyramid"}],"items_purged_floors":[5,11,20,29],"is_endless":false,"potions_floor_spawned":[4,8,12,16,18,22,28],"killed_by":"Collector","ascension_level":6}}