{"host":"0e0lo445kffy4sr5","time":1610309436,"event":{"mods":["BaseMod","Colored Map","Colored Powertips","Highlight Path","Key Reminder","Minty Spire (QoL Compilation)","Permanent Neow","StSLib"],"gold_per_floor":[112,127,127,147,147,176,191,191,191,266,266,279,307,321,321,321,321],"floor_reached":16,"playtime":720,"items_purged":[],"score":112,"play_id":"25f5ef9c-b650-4141-b43a-4b556af8386b","local_time":"20210110151036","is_ascension_mode":false,"campfire_choices":[{"floor":8,"key":"REST"},{"floor":11,"key":"REST"},{"floor":15,"key":"REST"}],"circlet_count":0,"master_deck":["Strike_G","Strike_G","Strike_G+1","Strike_G","Strike_G","Defend_G","Defend_G+1","Defend_G","Defend_G","Defend_G","Survivor","Neutralize","Finisher","Backstab","Catalyst","A Thousand Cuts","Outmaneuver","Deadly Poison","Blade Dance"],"relics":["HoveringKite","Letter Opener","Unceasing Top","Du-Vu Doll"],"acts_visited":["Exordium"],"potions_floor_usage":[6,6,6],"damage_taken":[{"damage":0,"enemies":"2 Louse","floor":1,"turns":4},{"damage":1,"enemies":"Cultist","floor":2,"turns":5},{"damage":0,"enemies":"Small Slimes","floor":4,"turns":5},{"damage":15,"enemies":"Lagavulin","floor":6,"turns":5},{"damage":2,"enemies":"Looter","floor":7,"turns":3},{"damage":7,"enemies":"Blue Slaver","floor":12,"turns":3},{"damage":30,"enemies":"Gremlin Nob","floor":13,"turns":5},{"damage":8,"enemies":"2 Fungi Beasts","floor":14,"turns":4},{"damage":48,"enemies":"Hexaghost","floor":16,"turns":9}],"seed_played":"-7609420007256705054","potions_obtained":[{"floor":1,"key":"CunningPotion"},{"floor":2,"key":"ColorlessPotion"},{"floor":4,"key":"ColorlessPotion"}],"is_trial":false,"path_per_floor":["M","M","?","M","?","E","M","R","T","?","R","M","E","M","R","B"],"character_chosen":"THE_SILENT","items_purchased":[],"campfire_rested":3,"item_purchase_floors":[],"current_hp_per_floor":[70,69,70,70,56,41,39,60,60,49,70,63,33,25,46,0,0],"gold":321,"neow_bonus":"BOSS_RELIC","is_daily":false,"chose_seed":false,"campfire_upgraded":0,"win_rate":0.0,"timestamp":1610309436,"path_taken":["M","M","?","?","?","E","M","R","T","?","R","M","E","M","R","BOSS"],"items_purchased_type":[],"build_version":"2020-12-13","purchased_purges":0,"victory":false,"max_hp_per_floor":[70,70,70,70,70,70,70,70,70,70,70,70,70,70,70,70,70],"card_choices":[{"not_picked":["Slice","Deadly Poison"],"picked":"Distraction","floor":1},{"not_picked":["Deadly Poison","Backflip"],"picked":"Finisher","floor":2},{"not_picked":["Poisoned Stab","Sucker Punch"],"picked":"Backstab","floor":4},{"not_picked":["Flying Knee","Slice"],"picked":"Catalyst","floor":6},{"not_picked":["Predator","Blur"],"picked":"A Thousand Cuts","floor":7},{"not_picked":["Deflect","Dagger Throw"],"picked":"Outmaneuver","floor":12},{"not_picked":["Slice","Dagger Throw"],"picked":"Deadly Poison","floor":13},{"not_picked":["Slice","Bane"],"picked":"Blade Dance","floor":14}],"player_experience":36946,"relics_obtained":[{"floor":6,"key":"Letter Opener"},{"floor":9,"key":"Unceasing Top"},{"floor":13,"key":"Du-Vu Doll"}],"event_choices":[{"cards_removed":["Distraction"],"damage_healed":1,"gold_gain":0,"player_choice":"Offered Uncommon","damage_taken":0,"max_hp_gain":0,"max_hp_loss":0,"event_name":"Bonfire Elementals","floor":3,"gold_loss":0},{"damage_healed":0,"gold_gain":0,"player_choice":"Entered Light","damage_taken":14,"max_hp_gain":0,"max_hp_loss":0,"event_name":"Shining Light","floor":5,"gold_loss":0,"cards_upgraded":["Defend_G","Strike_G"]},{"damage_healed":0,"gold_gain":75,"player_choice":"Gather Gold","damage_taken":11,"max_hp_gain":0,"max_hp_loss":0,"event_name":"World of Goop","floor":10,"gold_loss":0}],"is_beta":false,"boss_relics":[],"items_purged_floors":[],"is_endless":false,"potions_floor_spawned":[1,2,4],"killed_by":"Hexaghost","ascension_level":0}}