{"host":"3zhcrllo23fhqv4x","time":1610318930,"event":{"mods":["AchievementEnabler","BaseMod","Downfall","Hermit","Jorbs\u0027s Wanderer Trilogy","Marisa????????","Minty Spire (QoL Compilation)","Remilia??????","StSLib","The Cursed","The Disciple","The Hierophant","The Runesmith","The Servant 0.9.4"],"gold_per_floor":[0,20,20,20,5,18,18,52,52,52,72,85,85,104,123,123,123],"floor_reached":16,"playtime":590,"items_purged":[],"score":127,"play_id":"dfea9291-3021-4f8c-9df8-750147ac5f6a","local_time":"20210110174850","is_ascension_mode":false,"campfire_choices":[{"floor":1,"key":"RECALL"}],"circlet_count":0,"master_deck":["Runesmith:Strike_RS+1","Runesmith:Strike_RS","Runesmith:Strike_RS+1","Runesmith:Strike_RS+1","Runesmith:Defend_RS","Runesmith:Defend_RS","Runesmith:Defend_RS","Runesmith:Defend_RS","Runesmith:CraftFirestone","Runesmith:Fortify","Runesmith:EarthShield","Regret","Runesmith:CraftMagma","Runesmith:RuneHurl","Runesmith:PerfectChisel","Runesmith:CraftProtectio","Runesmith:CraftReservo","Runesmith:BackupBattery","Runesmith:NanitesCloud+1","Runesmith:Prism+1"],"relics":["Runesmith:BrokenRuby","Kunai","Frozen Egg 2","Lantern","Toxic Egg 2"],"acts_visited":["Exordium"],"potions_floor_usage":[15,16,16],"damage_taken":[{"damage":0,"enemies":"2 Louse","floor":2,"turns":3},{"damage":4,"enemies":"downfall:FleeingMerchant","floor":5,"turns":4},{"damage":11,"enemies":"Jaw Worm","floor":6,"turns":4},{"damage":31,"enemies":"Gremlin Nob","floor":8,"turns":5},{"damage":0,"enemies":"Cultist","floor":10,"turns":1},{"damage":7,"enemies":"2 Fungi Beasts","floor":11,"turns":4},{"damage":20,"enemies":"Exordium Thugs","floor":12,"turns":5},{"damage":2,"enemies":"3 Louse","floor":14,"turns":3},{"damage":5,"enemies":"Gremlin Gang","floor":15,"turns":4},{"damage":13,"enemies":"downfall:Ironclad","floor":16,"turns":3}],"seed_played":"6928563757970663885","potions_obtained":[{"floor":2,"key":"Slimebound:ThreeZeroPotion"},{"floor":11,"key":"Guardian:BlockOnCardUsePotion"},{"floor":12,"key":"DuplicationPotion"},{"floor":14,"key":"Fruit Juice"}],"is_trial":false,"path_per_floor":["R","M","?","?","$","M","T","E","?","M","M","M","T","M","M","B"],"character_chosen":"RUNESMITH_CLASS","items_purchased":[],"campfire_rested":0,"item_purchase_floors":[],"current_hp_per_floor":[84,84,81,81,77,66,66,35,35,35,28,8,8,6,6,0,0],"gold":123,"neow_bonus":"TWENTY_PERCENT_HP_BONUS","is_daily":false,"chose_seed":false,"campfire_upgraded":0,"win_rate":0.0,"timestamp":1610318930,"path_taken":["R","M","?","?","?","?","T","E","?","M","M","M","?","?","M","BOSS"],"items_purchased_type":[],"build_version":"2020-12-22","purchased_purges":0,"victory":false,"max_hp_per_floor":[84,84,84,84,84,84,84,84,84,84,84,84,84,84,89,89,89],"card_choices":[{"not_picked":["Runesmith:Permafrost","Runesmith:Repurpose"],"picked":"Runesmith:EarthShield","floor":2},{"not_picked":["Runesmith:ElementalConversion","Runesmith:Electrocute"],"picked":"Runesmith:CraftMagma","floor":5},{"not_picked":["Runesmith:MakeshiftArmor","Runesmith:CraftMagma"],"picked":"Runesmith:RuneHurl","floor":6},{"not_picked":["Runesmith:CraftSpiculum","Runesmith:Overpower"],"picked":"Runesmith:PerfectChisel","floor":8},{"not_picked":["Runesmith:HammerThrow","Runesmith:EarthShield"],"picked":"Runesmith:CraftProtectio","floor":10},{"not_picked":["Runesmith:Reinforce","Runesmith:Retool"],"picked":"Runesmith:CraftReservo","floor":11},{"not_picked":["Runesmith:Prism","Runesmith:Repurpose"],"picked":"Runesmith:BackupBattery","floor":12},{"not_picked":["Runesmith:Repurpose+1","Runesmith:Accelerate+1"],"picked":"Runesmith:NanitesCloud+1","floor":14},{"not_picked":["Runesmith:Duplicate+1","Runesmith:Grindstone+1"],"picked":"Runesmith:Prism+1","floor":15}],"player_experience":285740,"relics_obtained":[{"floor":7,"key":"Frozen Egg 2"},{"floor":8,"key":"Lantern"},{"floor":13,"key":"Toxic Egg 2"}],"event_choices":[{"damage_healed":0,"gold_gain":0,"player_choice":"Success","damage_taken":3,"relics_obtained":["Kunai"],"max_hp_gain":0,"max_hp_loss":0,"event_name":"Scrap Ooze","floor":3,"gold_loss":0}],"is_beta":false,"boss_relics":[],"items_purged_floors":[],"is_endless":false,"potions_floor_spawned":[2,11,12,14],"killed_by":"downfall:Ironclad","ascension_level":0}}