{"host":"zxkjcgzis4pm3za5","time":1610243235,"event":{"mods":["AchievementEnabler","BaseMod","Colored Map","Colored Powertips","Minty Spire (QoL Compilation)","Quick Restart","RNG Fix","Random Character Button","StSLib"],"gold_per_floor":[109,129,145,145,159,193,158,158,158,193,211,252,37,50,50,146,146,161,161,181,108,108,108,127,5,5,43,43,82,82,97,97,97,97],"floor_reached":33,"playtime":1146,"items_purged":["Strike_B","Strike_B"],"score":545,"play_id":"d89a5a42-0803-4aa4-9fca-91e052961ee2","local_time":"20210110071715","is_ascension_mode":true,"campfire_choices":[{"data":"Beam Cell","floor":8,"key":"SMITH"},{"data":"Seek","floor":15,"key":"SMITH"},{"floor":23,"key":"REST"},{"floor":28,"key":"REST"},{"floor":32,"key":"REST"}],"circlet_count":0,"master_deck":["AscendersBane","Strike_B","Strike_B","Defend_B","Defend_B","Defend_B","Defend_B","Zap","Dualcast","Streamline","Gash","Beam Cell+1","Auto Shields","Seek+1","Scrape","FTL","Gash","Flash of Steel","Genetic Algorithm","Reboot","Go for the Eyes","Coolheaded","Gash","Conserve Battery","Writhe","Ball Lightning+1","Regret","Steam"],"relics":["Cracked Core","Golden Idol","Darkstone Periapt","Pantograph","Potion Belt","Bottled Lightning","Cursed Key","DataDisk","Molten Egg 2","Bottled Flame","Gremlin Horn","Mercury Hourglass"],"acts_visited":["Exordium","TheCity"],"potions_floor_usage":[6,10,27,27,33],"damage_taken":[{"damage":2,"enemies":"Jaw Worm","floor":1,"turns":3},{"damage":3,"enemies":"2 Louse","floor":2,"turns":3},{"damage":0,"enemies":"Small Slimes","floor":3,"turns":3},{"damage":15,"enemies":"2 Fungi Beasts","floor":5,"turns":4},{"damage":10,"enemies":"Lagavulin","floor":6,"turns":6},{"damage":0,"enemies":"Gremlin Nob","floor":10,"turns":2},{"damage":10,"enemies":"Exordium Thugs","floor":11,"turns":4},{"damage":19,"enemies":"Lagavulin","floor":12,"turns":6},{"damage":0,"enemies":"Red Slaver","floor":14,"turns":2},{"damage":23,"enemies":"Slime Boss","floor":16,"turns":11},{"damage":9,"enemies":"Shell Parasite","floor":18,"turns":3},{"damage":17,"enemies":"2 Thieves","floor":20,"turns":3},{"damage":36,"enemies":"Snake Plant","floor":24,"turns":5},{"damage":20,"enemies":"Slavers","floor":27,"turns":8},{"damage":20,"enemies":"Gremlin Leader","floor":29,"turns":9},{"damage":14,"enemies":"Snecko","floor":31,"turns":4},{"damage":79,"enemies":"Champ","floor":33,"turns":11}],"seed_played":"5039366052957020026","potions_obtained":[{"floor":2,"key":"Ancient Potion"},{"floor":3,"key":"Strength Potion"},{"floor":5,"key":"Strength Potion"},{"floor":6,"key":"ColorlessPotion"},{"floor":14,"key":"EssenceOfDarkness"},{"floor":24,"key":"SkillPotion"},{"floor":31,"key":"DuplicationPotion"}],"is_trial":false,"path_per_floor":["M","M","M","?","M","E","$","R","T","E","M","E","$","M","R","B",null,"M","?","M","$","?","R","M","$","T","E","R","E","T","M","R","B"],"character_chosen":"DEFECT","items_purchased":["Scrape","Gash","Flash of Steel","Regen Potion","Conserve Battery"],"campfire_rested":3,"item_purchase_floors":[7,13,13,21,25],"current_hp_per_floor":[73,70,70,70,55,45,45,45,45,45,35,16,16,16,16,18,62,53,53,36,36,36,58,22,22,28,23,47,27,33,19,45,0,0],"gold":97,"neow_bonus":"TEN_PERCENT_HP_BONUS","is_daily":false,"chose_seed":false,"campfire_upgraded":2,"win_rate":0.0,"timestamp":1610243235,"path_taken":["M","M","M","?","?","E","$","R","T","E","M","E","$","M","R","BOSS","M","?","M","$","?","R","M","$","T","E","R","E","?","M","R","BOSS"],"items_purchased_type":["Card","Card","Card","Potion","Card"],"build_version":"2020-12-22","purchased_purges":2,"victory":false,"max_hp_per_floor":[82,82,82,76,76,76,76,76,76,76,76,76,76,76,76,76,76,76,76,76,76,76,76,76,76,82,82,82,82,88,88,88,88,88],"card_choices":[{"not_picked":["Go for the Eyes","Leap"],"picked":"Streamline","floor":1},{"not_picked":["Coolheaded","Darkness"],"picked":"Gash","floor":2},{"not_picked":["Storm","Coolheaded"],"picked":"Beam Cell","floor":3},{"not_picked":["Storm","Cold Snap"],"picked":"Auto Shields","floor":5},{"not_picked":["Consume","Turbo"],"picked":"Seek","floor":6},{"not_picked":["Aggregate","Meteor Strike","Redo"],"picked":"SKIP","floor":10},{"not_picked":["Compile Driver","Stack","Cold Snap"],"picked":"SKIP","floor":11},{"not_picked":["Turbo","Redo"],"picked":"FTL","floor":12},{"not_picked":["Consume","Stack"],"picked":"Genetic Algorithm","floor":14},{"not_picked":["Thunder Strike","Machine Learning"],"picked":"Reboot","floor":16},{"not_picked":["Hologram","Beam Cell"],"picked":"Go for the Eyes","floor":18},{"not_picked":["Redo","Stack"],"picked":"Coolheaded","floor":20},{"not_picked":["Coolheaded","Redo+1","Darkness"],"picked":"SKIP","floor":24},{"not_picked":["Darkness","Redo"],"picked":"Ball Lightning+1","floor":27},{"not_picked":["Heatsinks","Conserve Battery","Rainbow"],"picked":"SKIP","floor":29},{"not_picked":["Recycle","Storm"],"picked":"Steam","floor":31}],"player_experience":198585,"relics_obtained":[{"floor":6,"key":"Darkstone Periapt"},{"floor":9,"key":"Pantograph"},{"floor":10,"key":"Potion Belt"},{"floor":12,"key":"Bottled Lightning"},{"floor":26,"key":"Molten Egg 2"},{"floor":27,"key":"Bottled Flame"},{"floor":29,"key":"Gremlin Horn"},{"floor":30,"key":"Mercury Hourglass"}],"event_choices":[{"damage_healed":0,"gold_gain":0,"player_choice":"Lose Max HP","damage_taken":0,"relics_obtained":["Golden Idol"],"max_hp_gain":0,"max_hp_loss":6,"event_name":"Golden Idol","floor":4,"gold_loss":0},{"damage_healed":0,"gold_gain":0,"player_choice":"Opened","damage_taken":0,"relics_obtained":["DataDisk"],"max_hp_gain":0,"max_hp_loss":0,"event_name":"The Mausoleum","floor":19,"gold_loss":0},{"damage_healed":0,"gold_gain":0,"player_choice":"Read","damage_taken":0,"max_hp_gain":0,"max_hp_loss":0,"event_name":"The Library","floor":22,"gold_loss":0,"cards_obtained":["Gash"]}],"is_beta":false,"boss_relics":[{"not_picked":["FrozenCore","Velvet Choker"],"picked":"Cursed Key"}],"items_purged_floors":[13,25],"is_endless":false,"potions_floor_spawned":[2,3,5,6,14,24,31],"killed_by":"Champ","ascension_level":13}}