{"host":"cbu6enf2xtq4r7r3","time":1610260653,"event":{"mods":["2.2 Compatiblity","AlwaysNeverKeys","BaseMod","Better Match","Better Note","Better Sensory Stone","Better Skull","Better Third Choice","Colored Map","Colored Powertips","Defuse TimeMaze Blight","Emptier Cage","Minty Spire (QoL Compilation)","Permanent Neow","Quick Restart","Random Character Button","Relic Sorter","Reorder Act Four","Shop Mod","StSLib"],"gold_per_floor":[118,131,81,92,92,125,125,159,159,190,190,190,190,205,205,307,307,324,9,20,36,54,54,80,80,80,92,102,102,133,58,58,161,161,180,180,45,62,62,62,75,75,151,162,62,74,74,4,4,4],"floor_reached":51,"playtime":2486,"items_purged":["CarveReality","Pain"],"score":991,"play_id":"1f6a59ad-fd8a-4211-9a88-022ca58c2b9f","local_time":"20210110073733","is_ascension_mode":true,"campfire_choices":[{"data":"Perseverance","floor":7,"key":"SMITH"},{"data":"Eruption","floor":11,"key":"SMITH"},{"data":"ClearTheMind","floor":13,"key":"SMITH"},{"data":"Scrawl","floor":15,"key":"SMITH"},{"data":"Vigilance","floor":23,"key":"SMITH"},{"data":"Consecrate","floor":25,"key":"SMITH"},{"data":"Protect","floor":32,"key":"SMITH"},{"data":"Evaluate","floor":40,"key":"SMITH"},{"data":"Prostrate","floor":42,"key":"SMITH"},{"floor":47,"key":"REST"},{"data":"Study","floor":49,"key":"SMITH"}],"circlet_count":0,"master_deck":["Defend_P","Defend_P","Defend_P","Eruption+1","Vigilance+1","Perseverance+1","Consecrate+1","ClearTheMind+1","Scrawl+1","JustLucky+1","Weave+1","Prostrate+1","Consecrate+1","Tantrum+1","EmptyMind+1","Evaluate+1","CutThroughFate+1","Protect+1","Establishment","Crescendo+1","FlurryOfBlows+1","Evaluate+1","Study+1","CutThroughFate+1","JustLucky+1","Adaptation"],"relics":["Sozu","Singing Bowl","Pantograph","Molten Egg 2","Blood Vial","Pen Nib","Empty Cage","Bag of Preparation","Oddly Smooth Stone","White Beast Statue","Nunchaku","Cursed Key","Yang"],"acts_visited":["Exordium","TheCity","TheBeyond"],"potions_floor_usage":[],"damage_taken":[{"damage":0,"enemies":"Cultist","floor":1,"turns":2},{"damage":0,"enemies":"Small Slimes","floor":2,"turns":3},{"damage":0,"enemies":"2 Louse","floor":4,"turns":1},{"damage":21,"enemies":"3 Sentries","floor":6,"turns":6},{"damage":10,"enemies":"Gremlin Nob","floor":8,"turns":4},{"damage":0,"enemies":"Lagavulin","floor":10,"turns":6},{"damage":4,"enemies":"Exordium Wildlife","floor":14,"turns":2},{"damage":0,"enemies":"Slime Boss","floor":16,"turns":4},{"damage":2,"enemies":"Chosen","floor":18,"turns":2},{"damage":0,"enemies":"3 Byrds","floor":20,"turns":1},{"damage":0,"enemies":"Centurion and Healer","floor":21,"turns":2},{"damage":0,"enemies":"3 Cultists","floor":22,"turns":3},{"damage":0,"enemies":"Slavers","floor":24,"turns":2},{"damage":0,"enemies":"Snecko","floor":27,"turns":2},{"damage":0,"enemies":"Centurion and Healer","floor":28,"turns":1},{"damage":0,"enemies":"Book of Stabbing","floor":30,"turns":3},{"damage":3,"enemies":"Automaton","floor":33,"turns":5},{"damage":0,"enemies":"3 Darklings","floor":35,"turns":1},{"damage":0,"enemies":"3 Shapes","floor":38,"turns":2},{"damage":0,"enemies":"Jaw Worm Horde","floor":41,"turns":2},{"damage":47,"enemies":"Maw","floor":44,"turns":4},{"damage":0,"enemies":"Writhing Mass","floor":46,"turns":3},{"damage":0,"enemies":"Donu and Deca","floor":50,"turns":6}],"seed_played":"-4258235370791782946","potions_obtained":[],"is_trial":false,"path_per_floor":["M","M","?","M","?","E","R","E","T","E","R","?","R","M","R","B",null,"M","$","M","M","M","R","E","R","T","M","M","?","E","?","R","B",null,"M","?","$","M","?","R","M","R","T","M","$","M","R","$","R","B",null],"character_chosen":"WATCHER","items_purchased":["Bag of Preparation","Prostrate","Consecrate+1","FlurryOfBlows+1","Evaluate","Study","Adaptation"],"campfire_rested":1,"item_purchase_floors":[19,19,19,37,37,37,48],"current_hp_per_floor":[72,72,72,72,65,44,44,34,34,34,34,34,34,32,32,59,72,70,70,72,72,74,74,74,74,74,74,74,74,76,76,76,73,76,76,76,76,76,76,76,78,78,78,31,31,35,59,59,59,80],"gold":4,"neow_bonus":"BOSS_RELIC","is_daily":false,"chose_seed":false,"campfire_upgraded":10,"win_rate":0.0,"timestamp":1610260653,"path_taken":["M","M","?","M","?","E","R","E","T","E","R","?","R","M","R","BOSS","M","$","M","M","M","R","E","R","T","M","M","?","E","?","R","BOSS","M","?","$","M","?","R","?","R","T","M","?","?","R","$","R","BOSS"],"items_purchased_type":["Relic","Card","Card","Card","Card","Card","Card"],"build_version":"2020-12-22","purchased_purges":2,"victory":true,"max_hp_per_floor":[72,72,72,72,72,72,72,72,72,72,72,72,72,72,72,72,72,72,72,72,72,74,74,74,74,74,74,74,74,76,76,76,76,76,76,76,76,76,76,76,78,78,78,78,78,80,80,80,80,80],"card_choices":[{"not_picked":["Weave","Study"],"picked":"Perseverance","floor":1},{"not_picked":["Weave","ReachHeaven"],"picked":"Consecrate","floor":2},{"not_picked":["PathToVictory","BowlingBash"],"picked":"CarveReality","floor":4},{"not_picked":["CutThroughFate","BowlingBash"],"picked":"ClearTheMind","floor":6},{"not_picked":["BowlingBash","FearNoEvil"],"picked":"EmptyFist","floor":8},{"not_picked":["Evaluate","PathToVictory"],"picked":"Scrawl","floor":10},{"not_picked":["SashWhip+1","Crescendo"],"picked":"JustLucky+1","floor":14},{"not_picked":["SpiritShield","MasterReality"],"picked":"Judgement","floor":16},{"not_picked":["EmptyFist+1","Consecrate+1"],"picked":"Weave+1","floor":18},{"not_picked":["ReachHeaven+1","EmptyBody"],"picked":"Tantrum+1","floor":20},{"not_picked":["WreathOfFlame","Wireheading"],"picked":"EmptyMind+1","floor":21},{"not_picked":["CarveReality+1","FearNoEvil+1","Vengeance"],"picked":"Singing Bowl","floor":22},{"not_picked":["Alpha","Indignation"],"picked":"Evaluate+1","floor":24},{"not_picked":["WaveOfTheHand","BowlingBash+1"],"picked":"CutThroughFate+1","floor":27},{"not_picked":["Perseverance","ForeignInfluence"],"picked":"Protect","floor":28},{"not_picked":["Pray+1","Meditate","Omniscience"],"picked":"Singing Bowl","floor":30},{"not_picked":["Judgement","Blasphemy"],"picked":"Establishment","floor":33},{"not_picked":["CarveReality+1","Protect"],"picked":"Crescendo+1","floor":35},{"not_picked":["Conclude+1","Crescendo"],"picked":"CutThroughFate+1","floor":38},{"not_picked":["Halt+1","Collect","Evaluate+1"],"picked":"Singing Bowl","floor":41},{"not_picked":["WheelKick+1","SashWhip+1"],"picked":"JustLucky+1","floor":44},{"not_picked":["FearNoEvil+1","LessonLearned+1","EmptyFist+1"],"picked":"Singing Bowl","floor":46}],"player_experience":78348,"relics_obtained":[{"floor":6,"key":"Singing Bowl"},{"floor":8,"key":"Pantograph"},{"floor":9,"key":"Molten Egg 2"},{"floor":10,"key":"Blood Vial"},{"floor":24,"key":"Oddly Smooth Stone"},{"floor":26,"key":"White Beast Statue"},{"floor":30,"key":"Nunchaku"},{"floor":43,"key":"Yang"}],"event_choices":[{"cards_removed":["Strike_P"],"damage_healed":0,"gold_gain":0,"player_choice":"Card Removal","damage_taken":0,"max_hp_gain":0,"max_hp_loss":0,"event_name":"The Cleric","floor":3,"gold_loss":50},{"cards_removed":["Strike_P"],"damage_healed":0,"gold_gain":0,"player_choice":"Card Removal","damage_taken":7,"max_hp_gain":0,"max_hp_loss":0,"event_name":"Golden Wing","floor":5,"gold_loss":0},{"damage_healed":0,"gold_gain":0,"player_choice":"Searched \u00271\u0027 times","damage_taken":0,"relics_obtained":["Pen Nib"],"max_hp_gain":0,"max_hp_loss":0,"event_name":"Dead Adventurer","floor":12,"gold_loss":0},{"damage_healed":0,"gold_gain":0,"player_choice":"Ignored","damage_taken":0,"max_hp_gain":0,"max_hp_loss":0,"event_name":"betterNote:BetterNote","floor":29,"gold_loss":0,"cards_obtained":["Apotheosis"]},{"cards_removed":["EmptyFist"],"damage_healed":0,"gold_gain":0,"player_choice":"Gave Gold","damage_taken":0,"max_hp_gain":0,"max_hp_loss":0,"event_name":"Beggar","floor":31,"gold_loss":75},{"cards_removed":["Judgement"],"damage_healed":0,"gold_gain":0,"player_choice":"Removed Skill","damage_taken":0,"max_hp_gain":0,"max_hp_loss":0,"event_name":"Falling","floor":36,"gold_loss":0},{"damage_healed":0,"gold_gain":0,"player_choice":"Got Potions","damage_taken":0,"max_hp_gain":0,"max_hp_loss":0,"event_name":"Lab","floor":39,"gold_loss":0}],"is_beta":false,"boss_relics":[{"not_picked":["Velvet Choker","Fusion Hammer"],"picked":"Empty Cage"},{"not_picked":["VioletLotus","Runic Dome"],"picked":"Cursed Key"}],"items_purged_floors":[19,45],"is_endless":false,"potions_floor_spawned":[1,2,4,16,22,27,28,30,33,35,38,41,44,46],"ascension_level":2}}