{"host":"Bilverbakes","time":1610252492,"event":{"mods":["2.2 Compatiblity","AchievementEnabler","BaseMod","Bestiary","Colored Map","Minty Spire (QoL Compilation)","Relic Stats","StSLib","ojb\u0027s Info Mod"],"gold_per_floor":[119,139,156,136,156,156,190,205,205,205,205,205],"floor_reached":11,"playtime":520,"items_purged":[],"score":150,"play_id":"5a8de61d-f77f-4ce6-b6d8-622b38e2435a","local_time":"20210109222132","is_ascension_mode":true,"campfire_choices":[{"data":"Cleave","floor":6,"key":"SMITH"},{"floor":10,"key":"REST"}],"circlet_count":0,"master_deck":["AscendersBane","Strike_R","Strike_R","Strike_R","Strike_R","Strike_R","Defend_R","Defend_R","Defend_R","Defend_R","Bash","Cleave+1","Fire Breathing","Headbutt","Sever Soul","Hemokinesis"],"relics":["Burning Blood","MealTicket","Boot","White Beast Statue"],"acts_visited":["Exordium"],"potions_floor_usage":[7,11],"damage_taken":[{"damage":7,"enemies":"Cultist","floor":1,"turns":4},{"damage":16,"enemies":"Jaw Worm","floor":2,"turns":5},{"damage":3,"enemies":"Small Slimes","floor":3,"turns":5},{"damage":13,"enemies":"3 Louse","floor":5,"turns":2},{"damage":25,"enemies":"3 Sentries","floor":7,"turns":5},{"damage":9,"enemies":"Exordium Wildlife","floor":8,"turns":4},{"damage":52,"enemies":"Lagavulin","floor":11,"turns":7}],"seed_played":"49193435209968877","potions_obtained":[{"floor":2,"key":"Ancient Potion"},{"floor":3,"key":"ElixirPotion"},{"floor":4,"key":"Swift Potion"}],"is_trial":false,"path_per_floor":["M","M","M","?","M","R","E","M","T","R","E"],"character_chosen":"IRONCLAD","items_purchased":[],"campfire_rested":1,"item_purchase_floors":[],"current_hp_per_floor":[67,57,60,60,53,53,34,31,31,53,1,1],"gold":205,"neow_bonus":"RANDOM_COMMON_RELIC","is_daily":false,"chose_seed":false,"campfire_upgraded":1,"win_rate":0.0,"timestamp":1610252492,"path_taken":["M","M","M","?","?","R","E","M","T","R","E"],"items_purchased_type":[],"build_version":"2020-12-18","purchased_purges":0,"victory":false,"max_hp_per_floor":[75,75,75,75,75,75,75,75,75,75,75,75],"relic_stats":{"counters":[7,32],"MealTicket":0,"Boot":[7],"obtain_stats":[{"MealTicket":0,"Boot":7,"Burning Blood":0,"White Beast Statue":9},{"MealTicket":0,"Boot":5,"Burning Blood":0,"White Beast Statue":6},{"MealTicket":0,"Boot":21,"Burning Blood":0,"White Beast Statue":25}],"Burning Blood":36},"card_choices":[{"not_picked":["Flex","Pommel Strike"],"picked":"Cleave","floor":1},{"not_picked":["Wild Strike","Body Slam"],"picked":"Fire Breathing","floor":2},{"not_picked":["Wild Strike","Cleave"],"picked":"Headbutt","floor":3},{"not_picked":["Disarm","Havoc","Warcry"],"picked":"SKIP","floor":5},{"not_picked":["Disarm","Body Slam"],"picked":"Sever Soul","floor":7},{"not_picked":["Twin Strike","Disarm"],"picked":"Hemokinesis","floor":8}],"player_experience":654675,"relics_obtained":[{"floor":7,"key":"Boot"},{"floor":9,"key":"White Beast Statue"}],"event_choices":[{"damage_healed":0,"gold_gain":0,"player_choice":"Bought 1 Potion","damage_taken":0,"max_hp_gain":0,"max_hp_loss":0,"event_name":"The Woman in Blue","floor":4,"gold_loss":0}],"is_beta":true,"boss_relics":[],"items_purged_floors":[],"is_endless":false,"potions_floor_spawned":[2,3],"killed_by":"Lagavulin","ascension_level":20}}