{"host":"h4390p13uu6iw1q5","time":1610252679,"event":{"mods":["BaseMod","Colored Map","Minty Spire (QoL Compilation)"],"gold_per_floor":[114,39,39,54,54,84,97,97,122,137,137,167,167,182,182,282,282,297,297,301,301,316,316,331,346,371,371,28,43,73,23,23,123,123,138,153,168,183,198,198,198,48,48,48,48],"floor_reached":44,"playtime":7621,"items_purged":["Accuracy","Accuracy"],"score":463,"play_id":"de28f746-c221-4120-b5d5-f7d29de82dc4","local_time":"20210109232439","daily_mods":["Specialized","Diverse","Night Terrors"],"is_ascension_mode":false,"campfire_choices":[{"floor":8,"key":"REST"},{"data":"Noxious Fumes","floor":11,"key":"SMITH"},{"data":"Flechettes","floor":15,"key":"SMITH"},{"data":"Defend_P","floor":23,"key":"SMITH"},{"floor":27,"key":"REST"},{"floor":32,"key":"REST"},{"data":"Conserve Battery","floor":40,"key":"SMITH"}],"circlet_count":0,"master_deck":["Defend_P","Defend_P","Defend_P+1","Defend_P","Eruption","Vigilance","Accuracy","Accuracy","Flechettes+1","Conserve Battery+1","Intimidate","Noxious Fumes+1","Riddle With Holes","Corpse Explosion","Flechettes","Leg Sweep","Bite","Bite","Bite","Bite","Bite","Catalyst+1","Blind","SpiritShield","Escape Plan+1","Juggernaut","BootSequence+1","Catalyst"],"relics":["PureWater","Mummified Hand","Pear","Odd Mushroom","Strawberry","Boot","Runic Pyramid","Red Mask","Bag of Marbles","Lantern","Vajra","Snecko Eye","Toolbox","Omamori"],"acts_visited":["Exordium","TheCity","TheBeyond"],"potions_floor_usage":[6,16,18,20,25,30,35,35,44],"damage_taken":[{"damage":0,"enemies":"2 Louse","floor":1,"turns":2},{"damage":0,"enemies":"Cultist","floor":4,"turns":2},{"damage":31,"enemies":"Lagavulin","floor":6,"turns":4},{"damage":24,"enemies":"The Mushroom Lair","floor":7,"turns":5},{"damage":20,"enemies":"Small Slimes","floor":10,"turns":4},{"damage":27,"enemies":"Gremlin Nob","floor":12,"turns":4},{"damage":4,"enemies":"2 Fungi Beasts","floor":14,"turns":4},{"damage":29,"enemies":"Slime Boss","floor":16,"turns":9},{"damage":19,"enemies":"2 Thieves","floor":18,"turns":3},{"damage":7,"enemies":"Masked Bandits","floor":20,"turns":3},{"damage":6,"enemies":"Chosen","floor":22,"turns":3},{"damage":17,"enemies":"Snake Plant","floor":24,"turns":5},{"damage":47,"enemies":"Cultist and Chosen","floor":25,"turns":6},{"damage":1,"enemies":"Centurion and Healer","floor":29,"turns":2},{"damage":35,"enemies":"Slavers","floor":30,"turns":3},{"damage":19,"enemies":"Collector","floor":33,"turns":10},{"damage":0,"enemies":"3 Darklings","floor":35,"turns":3},{"damage":0,"enemies":"3 Shapes","floor":36,"turns":4},{"damage":27,"enemies":"Spire Growth","floor":37,"turns":5},{"damage":3,"enemies":"Sphere and 2 Shapes","floor":38,"turns":6},{"damage":0,"enemies":"3 Darklings","floor":39,"turns":3},{"damage":60,"enemies":"Giant Head","floor":44,"turns":7}],"seed_played":"-956745095108410897","potions_obtained":[{"floor":1,"key":"Fire Potion"},{"floor":7,"key":"SkillPotion"},{"floor":14,"key":"Dexterity Potion"},{"floor":16,"key":"Explosive Potion"},{"floor":18,"key":"Weak Potion"},{"floor":24,"key":"GamblersBrew"},{"floor":33,"key":"Energy Potion"},{"floor":35,"key":"Block Potion"},{"floor":36,"key":"GamblersBrew"},{"floor":37,"key":"Ambrosia"}],"is_trial":false,"path_per_floor":["M","$","?","M","?","E","?","R","T","M","R","E","?","M","R","B",null,"M","?","?","?","M","R","M","M","T","R","$","M","E","$","R","B",null,"M","M","M","M","M","R","?","$","T","E"],"character_chosen":"WATCHER","items_purchased":["Lantern","Blind","Energy Potion","Toolbox"],"campfire_rested":3,"item_purchase_floors":[28,28,31,42],"current_hp_per_floor":[72,72,72,72,65,44,20,77,84,64,64,37,65,61,61,32,84,65,65,58,58,56,56,53,18,18,53,53,53,26,26,48,43,48,48,48,23,30,38,38,38,38,38,0,0],"gold":48,"neow_bonus":"","is_daily":true,"chose_seed":false,"campfire_upgraded":4,"win_rate":0.0,"timestamp":1610252679,"path_taken":["M","$","?","?","?","E","?","R","T","M","R","E","?","M","R","BOSS","M","?","?","?","M","R","M","M","T","R","?","M","E","$","R","BOSS","M","M","M","M","M","R","?","$","T","E"],"items_purchased_type":["Relic","Card","Potion","Relic"],"build_version":"2020-12-22","purchased_purges":2,"victory":false,"max_hp_per_floor":[72,72,72,72,72,82,82,77,84,84,84,84,84,84,84,84,84,84,84,84,58,58,58,58,58,58,53,53,53,53,53,48,48,48,48,48,48,48,48,48,48,48,48,48,48],"card_choices":[{"not_picked":["Finisher","Clothesline"],"picked":"Flechettes","floor":1},{"not_picked":["Bane","Footwork","Perfected Strike"],"picked":"SKIP","floor":4},{"not_picked":["Halt","Wild Strike"],"picked":"Conserve Battery","floor":6},{"not_picked":["SashWhip","EmptyBody"],"picked":"Intimidate","floor":7},{"not_picked":["ReachHeaven","Underhanded Strike"],"picked":"Noxious Fumes","floor":10},{"not_picked":["Prostrate","FollowUp"],"picked":"Riddle With Holes","floor":12},{"not_picked":["Worship","Doom and Gloom","Reckless Charge"],"picked":"SKIP","floor":14},{"not_picked":["Buffer","Biased Cognition"],"picked":"Corpse Explosion","floor":16},{"not_picked":["Sunder","Dagger Throw","FlyingSleeves"],"picked":"SKIP","floor":18},{"not_picked":["EmptyMind","Iron Wave"],"picked":"Leg Sweep","floor":20},{"not_picked":["FollowUp+1","Body Slam","Seeing Red"],"picked":"SKIP","floor":22},{"not_picked":["PiercingWail","Calculated Gamble"],"picked":"Catalyst+1","floor":24},{"not_picked":["Adaptation","Turbo","Dodge and Roll"],"picked":"SKIP","floor":25},{"not_picked":["Distraction","Dash"],"picked":"SpiritShield","floor":29},{"not_picked":["Distraction","SashWhip"],"picked":"Escape Plan+1","floor":30},{"not_picked":["Barricade","Berserk"],"picked":"Juggernaut","floor":33},{"not_picked":["Pommel Strike","Quick Slash"],"picked":"BootSequence+1","floor":35},{"not_picked":["Tempest","Chill","FlurryOfBlows+1"],"picked":"SKIP","floor":36},{"not_picked":["Flying Knee+1","Concentrate+1","Rebound+1"],"picked":"SKIP","floor":37},{"not_picked":["Iron Wave+1","FlurryOfBlows+1"],"picked":"Catalyst","floor":38},{"not_picked":["Outmaneuver","Setup+1","Conserve Battery"],"picked":"SKIP","floor":39}],"player_experience":2423076,"relics_obtained":[{"floor":6,"key":"Pear"},{"floor":7,"key":"Odd Mushroom"},{"floor":9,"key":"Strawberry"},{"floor":12,"key":"Boot"},{"floor":20,"key":"Red Mask"},{"floor":26,"key":"Bag of Marbles"},{"floor":30,"key":"Vajra"},{"floor":43,"key":"Omamori"}],"event_choices":[{"cards_removed":["Accuracy"],"damage_healed":0,"gold_gain":0,"player_choice":"Offered Uncommon","damage_taken":0,"max_hp_gain":0,"max_hp_loss":0,"event_name":"Bonfire Elementals","floor":3,"gold_loss":0},{"damage_healed":0,"gold_gain":0,"player_choice":"Success","damage_taken":7,"relics_obtained":["Mummified Hand"],"max_hp_gain":0,"max_hp_loss":0,"event_name":"Scrap Ooze","floor":5,"gold_loss":0},{"damage_healed":0,"gold_gain":0,"player_choice":"Fought Mushrooms","damage_taken":0,"max_hp_gain":0,"max_hp_loss":0,"event_name":"Mushrooms","floor":7,"gold_loss":0},{"damage_healed":28,"gold_gain":0,"player_choice":"Banana","damage_taken":0,"max_hp_gain":0,"max_hp_loss":0,"event_name":"Big Fish","floor":13,"gold_loss":0},{"damage_healed":0,"gold_gain":0,"player_choice":"Read","damage_taken":0,"max_hp_gain":0,"max_hp_loss":0,"event_name":"The Library","floor":19,"gold_loss":0,"cards_obtained":["Flechettes"]},{"damage_healed":0,"gold_gain":0,"player_choice":"Fought Bandits","damage_taken":0,"max_hp_gain":0,"max_hp_loss":0,"event_name":"Masked Bandits","floor":20,"gold_loss":0},{"damage_healed":0,"gold_gain":0,"player_choice":"Became a vampire","damage_taken":0,"max_hp_gain":0,"max_hp_loss":26,"event_name":"Vampires","floor":21,"gold_loss":0,"cards_obtained":["Bite","Bite","Bite","Bite","Bite"]},{"damage_healed":0,"gold_gain":0,"player_choice":"Bought 0 Potions","damage_taken":0,"max_hp_gain":0,"max_hp_loss":0,"event_name":"The Woman in Blue","floor":41,"gold_loss":0}],"is_beta":false,"boss_relics":[{"not_picked":["Fusion Hammer","Velvet Choker"],"picked":"Runic Pyramid"},{"not_picked":["Pandora\u0027s Box","SacredBark"],"picked":"Snecko Eye"}],"items_purged_floors":[2,28],"is_endless":false,"potions_floor_spawned":[1,7,14,16,18,24,33,35,36,37],"killed_by":"Giant Head","ascension_level":0}}