{"host":"msa0wxqjs3jv1k3j","time":1610286302,"event":{"mods":["AchievementEnabler","BaseMod","BetterRewards","Colored Map","Highlight Path","KOR Keyword Fix","Keyboard Shortcuts","Minty Spire (QoL Compilation)","Quick Restart","SuperFastMode","everything is the same but u backflip on backflip"],"gold_per_floor":[109,209,134,84,100,125,125,160,184,195,205,205,217,228,228,330,380,399,399,25,35,35,49,49,68,68,102,102,132,58,58,58,155,155,165,213,213,231,76,110,130,130,130,160,160,175,175,0,0,0,0,0,0,31,31,31],"floor_reached":55,"playtime":2038,"items_purged":["Defend_B"],"score":748,"play_id":"1dd9505f-6534-45b8-aa3d-664aa46e1bb2","local_time":"20210110224502","is_ascension_mode":false,"campfire_choices":[{"floor":7.0,"key":"RECALL"},{"floor":12.0,"key":"REST"},{"data":"Self Repair","floor":15.0,"key":"SMITH"},{"data":"White Noise","floor":24,"key":"SMITH"},{"data":"Biased Cognition","floor":28,"key":"SMITH"},{"data":"Static Discharge","floor":32,"key":"SMITH"},{"floor":42,"key":"REST"},{"floor":47,"key":"REST"},{"data":"Creative AI","floor":49,"key":"SMITH"},{"data":"Leap","floor":52,"key":"SMITH"}],"circlet_count":0,"master_deck":["Strike_B","Strike_B","Defend_B","Defend_B","Defend_B","Zap","Dualcast","Biased Cognition+1","Swift Strike","Turbo","Self Repair+1","Ball Lightning+1","Ball Lightning","Undo","Leap+1","Leap","Electrodynamics+1","Beam Cell","White Noise+1","Static Discharge+1","Double Energy+1","Redo+1","Lockon","Go for the Eyes+1","Loop","Shame","Creative AI+1","BootSequence+1","Conserve Battery+1","Chill","Static Discharge","Barrage","Auto Shields+1","Self Repair+1","Skim+1"],"relics":["Cracked Core","Calipers","TheAbacus","DataDisk","Orichalcum","Potion Belt","Bird Faced Urn","Tiny House","Bottled Lightning","Kunai","Strawberry","Art of War","Bronze Scales","Runic Pyramid","Ice Cream","Toolbox","Vajra","Frozen Egg 2","Ancient Tea Set","Red Mask","Nunchaku"],"acts_visited":["Exordium","TheCity","TheBeyond","TheEnding"],"potions_floor_usage":[29,29,33,33,33,40,44,50,55],"damage_taken":[{"damage":4.0,"enemies":"Small Slimes","floor":1.0,"turns":3.0},{"damage":0.0,"enemies":"Cultist","floor":5.0,"turns":2.0},{"damage":25.0,"enemies":"Lagavulin","floor":6.0,"turns":5.0},{"damage":23.0,"enemies":"3 Sentries","floor":8.0,"turns":5.0},{"damage":5.0,"enemies":"Jaw Worm","floor":10.0,"turns":2.0},{"damage":9.0,"enemies":"Exordium Wildlife","floor":11.0,"turns":3.0},{"damage":4.0,"enemies":"Lots of Slimes","floor":13.0,"turns":2.0},{"damage":3.0,"enemies":"Blue Slaver","floor":14.0,"turns":3.0},{"damage":38.0,"enemies":"Hexaghost","floor":16.0,"turns":7.0},{"damage":4,"enemies":"3 Byrds","floor":18,"turns":2},{"damage":14,"enemies":"2 Thieves","floor":21,"turns":3},{"damage":1,"enemies":"3 Cultists","floor":23,"turns":3},{"damage":8,"enemies":"Sentry and Sphere","floor":25,"turns":3},{"damage":38,"enemies":"Book of Stabbing","floor":27,"turns":4},{"damage":29,"enemies":"Gremlin Leader","floor":29,"turns":5},{"damage":48,"enemies":"Collector","floor":33,"turns":6},{"damage":7,"enemies":"3 Shapes","floor":35,"turns":4},{"damage":43,"enemies":"2 Orb Walkers","floor":36,"turns":4},{"damage":8,"enemies":"3 Darklings","floor":38,"turns":5},{"damage":24,"enemies":"Nemesis","floor":40,"turns":7},{"damage":70,"enemies":"4 Shapes","floor":41,"turns":4},{"damage":53,"enemies":"Giant Head","floor":44,"turns":9},{"damage":11,"enemies":"Jaw Worm Horde","floor":46,"turns":5},{"damage":88,"enemies":"Time Eater","floor":50,"turns":10},{"damage":47,"enemies":"Shield and Spear","floor":54,"turns":6},{"damage":97,"enemies":"The Heart","floor":55,"turns":6}],"seed_played":"-1094089802667930933","potions_obtained":[{"floor":1.0,"key":"FocusPotion"},{"floor":14.0,"key":"Energy Potion"},{"floor":16.0,"key":"Strength Potion"},{"floor":17,"key":"FearPotion"},{"floor":18,"key":"SteroidPotion"},{"floor":21,"key":"Energy Potion"},{"floor":36,"key":"PowerPotion"},{"floor":40,"key":"Explosive Potion"},{"floor":46,"key":"Weak Potion"},{"floor":54,"key":"Strength Potion"}],"is_trial":false,"path_per_floor":["M","?","$","?","M","E","R","E","T","M","M","R","M","M","R","B",null,"M","?","$","M","?","M","R","M","T","E","R","E","$","?","R","B",null,"M","?","?","M","$","E","M","R","T","E","?","M","R","?","R","B",null,"R","$","E","B"],"character_chosen":"DEFECT","items_purchased":["TheAbacus","DataDisk","Orichalcum","Biased Cognition","Swift Strike","Self Repair","White Noise","Bottled Lightning","Static Discharge","Loop","Toolbox"],"campfire_rested":3,"item_purchase_floors":[0,0,0,0,0,3,20,20,20,30,39],"current_hp_per_floor":[71,71,71,71,75,57,57,41,41,47,49,71,69,75,75,51,80,76,76,76,68,68,80,80,80,80,65,65,56,56,56,56,30,87,87,50,50,64,64,76,34,58,58,39,39,52,76,76,76,29,83,83,83,52,0,0],"gold":31,"neow_bonus":"","is_daily":false,"chose_seed":false,"campfire_upgraded":6,"win_rate":0.0,"timestamp":1610286302,"path_taken":["M","?","?","?","M","E","R","E","T","M","M","R","M","M","R","BOSS","M","?","$","?","?","M","R","M","T","E","R","E","?","?","R","BOSS","M","?","?","M","$","E","M","R","T","E","?","?","R","?","R","BOSS","R","$","E","BOSS"],"items_purchased_type":["Relic","Relic","Relic","Card","Card","Card","Card","Relic","Card","Card","Relic"],"build_version":"2020-12-22","purchased_purges":1,"victory":false,"max_hp_per_floor":[75,75,75,75,75,75,75,75,75,75,75,75,75,75,75,75,80,80,80,80,80,80,80,80,80,80,87,87,87,87,87,87,87,87,87,87,83,83,83,83,83,83,83,83,83,83,83,83,83,83,83,83,83,83,83,83],"card_choices":[{"not_picked":["Rebound","Stack"],"picked":"Turbo","floor":1.0},{"not_picked":["Barrage","Hologram"],"picked":"Ball Lightning","floor":5.0},{"not_picked":["Reprogram","Reinforced Body"],"picked":"Ball Lightning","floor":6.0},{"not_picked":["Doom and Gloom","Steam"],"picked":"Undo","floor":8.0},{"not_picked":["Skim","Rebound"],"picked":"Leap","floor":10.0},{"not_picked":["Redo","Cold Snap","Gash"],"picked":"SKIP","floor":11.0},{"not_picked":["All For One","Cold Snap"],"picked":"Leap","floor":13.0},{"not_picked":["Cold Snap","Turbo","Steam"],"picked":"SKIP","floor":14.0},{"not_picked":["All For One","Seek"],"picked":"Electrodynamics","floor":16.0},{"not_picked":["Go for the Eyes","Turbo"],"picked":"Beam Cell","floor":17},{"not_picked":["Stack+1","Consume"],"picked":"Sweeping Beam","floor":18},{"not_picked":["Barrage","Sunder"],"picked":"Double Energy+1","floor":21},{"not_picked":["Sweeping Beam","Streamline"],"picked":"Redo+1","floor":23},{"not_picked":["Coolheaded+1","Hologram"],"picked":"Lockon","floor":25},{"not_picked":["Redo","Steam","Coolheaded"],"picked":"SKIP","floor":27},{"not_picked":["Rebound","Auto Shields"],"picked":"Go for the Eyes+1","floor":29},{"not_picked":["Fission","Reboot"],"picked":"Creative AI","floor":33},{"not_picked":["White Noise","Cold Snap+1"],"picked":"BootSequence+1","floor":35},{"not_picked":["Sweeping Beam+1","Redo"],"picked":"Conserve Battery+1","floor":36},{"not_picked":["Scrape","Ball Lightning"],"picked":"Chill","floor":38},{"not_picked":["Stack+1","Thunder Strike"],"picked":"Static Discharge","floor":40},{"not_picked":["Go for the Eyes+1","Steam+1"],"picked":"Barrage","floor":41},{"not_picked":["Ball Lightning","Turbo"],"picked":"Auto Shields+1","floor":44},{"not_picked":["Thunder Strike","FTL+1"],"picked":"Self Repair+1","floor":46},{"not_picked":["Chill","Streamline"],"picked":"Skim+1","floor":54}],"player_experience":70509,"relics_obtained":[{"floor":6.0,"key":"Potion Belt"},{"floor":8.0,"key":"Bird Faced Urn"},{"floor":26,"key":"Kunai"},{"floor":27,"key":"Strawberry"},{"floor":29,"key":"Art of War"},{"floor":36,"key":"Ice Cream"},{"floor":40,"key":"Vajra"},{"floor":43,"key":"Frozen Egg 2"},{"floor":44,"key":"Ancient Tea Set"},{"floor":54,"key":"Nunchaku"}],"event_choices":[{"damage_healed":0.0,"max_hp_gain":0.0,"max_hp_loss":0.0,"gold_gain":100.0,"event_name":"Golden Shrine","player_choice":"Pray","floor":2.0,"gold_loss":0.0,"damage_taken":0.0},{"cards_removed":["Strike_B"],"damage_healed":0.0,"max_hp_gain":0.0,"max_hp_loss":0.0,"gold_gain":0.0,"event_name":"The Cleric","player_choice":"Card Removal","floor":4.0,"gold_loss":50.0,"damage_taken":0.0},{"damage_healed":0,"gold_gain":0,"player_choice":"Upgraded","damage_taken":0,"max_hp_gain":0,"max_hp_loss":0,"event_name":"Upgrade Shrine","floor":19,"gold_loss":0,"cards_upgraded":["Electrodynamics"]},{"cards_removed":["Strike_B"],"damage_healed":0,"gold_gain":0,"player_choice":"Purged","damage_taken":0,"max_hp_gain":0,"max_hp_loss":0,"event_name":"Purifier","floor":22,"gold_loss":0},{"damage_healed":0,"gold_gain":0,"player_choice":"Stole Relic","damage_taken":0,"relics_obtained":["Bronze Scales"],"max_hp_gain":0,"max_hp_loss":0,"event_name":"Addict","floor":31,"gold_loss":0,"cards_obtained":["Shame"]},{"damage_healed":0,"gold_gain":0,"player_choice":"Fight","damage_taken":0,"max_hp_gain":0,"max_hp_loss":0,"event_name":"Mysterious Sphere","floor":36,"gold_loss":0},{"damage_healed":0,"gold_gain":0,"player_choice":"Max HP","damage_taken":0,"max_hp_gain":0,"max_hp_loss":4,"event_name":"Winding Halls","floor":37,"gold_loss":0},{"cards_removed":["Sweeping Beam"],"damage_healed":0,"gold_gain":0,"player_choice":"Removed Attack","damage_taken":0,"max_hp_gain":0,"max_hp_loss":0,"event_name":"Falling","floor":45,"gold_loss":0},{"damage_healed":0,"gold_gain":0,"player_choice":"Paid","damage_taken":0,"relics_obtained":["Red Mask"],"max_hp_gain":0,"max_hp_loss":0,"event_name":"Tomb of Lord Red Mask","floor":48,"gold_loss":175}],"is_beta":false,"boss_relics":[{"not_picked":["Coffee Dripper","Cursed Key"],"picked":"Tiny House"},{"not_picked":["SlaversCollar","Nuclear Battery"],"picked":"Runic Pyramid"}],"items_purged_floors":[0],"is_endless":false,"potions_floor_spawned":[1,14,16,18,21,36,40,46,54],"killed_by":"The Heart","ascension_level":0}}