{"host":"08t08ld674si40tv","time":1610240387,"event":{"mods":["AchievementEnabler","BaseMod","Colored Map","Minty Spire (QoL Compilation)","StSLib","SuperFastMode"],"gold_per_floor":[119,129,144,158,83,83,109,109,157,157,175,210,223,243,243,243,243],"floor_reached":16,"playtime":672,"items_purged":["Defend_R"],"score":228,"play_id":"89eda7a7-5675-4f4f-abcd-2b054691b04d","local_time":"20210110095947","is_ascension_mode":true,"campfire_choices":[{"data":"Fire Breathing","floor":6.0,"key":"SMITH"},{"data":"Reaper","floor":8.0,"key":"SMITH"},{"data":"Feel No Pain","floor":15.0,"key":"SMITH"}],"circlet_count":0,"master_deck":["AscendersBane","Strike_R","Strike_R","Strike_R","Strike_R","Strike_R","Defend_R","Defend_R","Defend_R","Bash","Reaper+1","Fire Breathing+1","Wild Strike","Power Through","Disarm+1","Wild Strike","Feel No Pain+1","Second Wind"],"relics":["Burning Blood","HornCleat","Regal Pillow","Smiling Mask"],"acts_visited":["Exordium"],"potions_floor_usage":[16],"damage_taken":[{"damage":1.0,"enemies":"Cultist","floor":1.0,"turns":3.0},{"damage":16.0,"enemies":"Jaw Worm","floor":2.0,"turns":5.0},{"damage":9.0,"enemies":"2 Louse","floor":3.0,"turns":3.0},{"damage":37.0,"enemies":"Exordium Wildlife","floor":4.0,"turns":8.0},{"damage":10.0,"enemies":"Lagavulin","floor":7.0,"turns":8.0},{"damage":20.0,"enemies":"Gremlin Gang","floor":11.0,"turns":6.0},{"damage":24.0,"enemies":"Gremlin Nob","floor":12.0,"turns":4.0},{"damage":8.0,"enemies":"Blue Slaver","floor":13.0,"turns":4.0},{"damage":19.0,"enemies":"Large Slime","floor":14.0,"turns":6.0},{"damage":23,"enemies":"The Guardian","floor":16,"turns":6}],"seed_played":"3103231723537027345","potions_obtained":[{"floor":1.0,"key":"ColorlessPotion"},{"floor":4.0,"key":"Strength Potion"},{"floor":12.0,"key":"ElixirPotion"},{"floor":13.0,"key":"SneckoOil"}],"is_trial":false,"path_per_floor":["M","M","M","M","$","R","E","R","T","?","M","E","M","M","R","B"],"character_chosen":"IRONCLAD","items_purchased":[],"campfire_rested":0,"item_purchase_floors":[],"current_hp_per_floor":[73,63,68,45,45,45,47,47,47,47,53,35,33,23,23,0,0],"gold":243,"neow_bonus":"ONE_RANDOM_RARE_CARD","is_daily":false,"chose_seed":false,"campfire_upgraded":3,"win_rate":0.0,"timestamp":1610240387,"path_taken":["M","M","M","?","?","R","E","R","T","?","M","E","?","M","R","BOSS"],"items_purchased_type":[],"build_version":"2020-12-22","purchased_purges":1,"victory":false,"max_hp_per_floor":[75,75,75,75,75,75,75,75,75,75,75,75,75,75,75,75,75],"card_choices":[{"not_picked":["Pommel Strike","Sword Boomerang"],"picked":"Fire Breathing","floor":1.0},{"not_picked":["Clash","Clothesline"],"picked":"Wild Strike","floor":2.0},{"not_picked":["Perfected Strike","Shrug It Off"],"picked":"Power Through","floor":3.0},{"not_picked":["Havoc","Searing Blow","Spot Weakness"],"picked":"SKIP","floor":4.0},{"not_picked":["Shrug It Off","Reaper"],"picked":"Disarm","floor":7.0},{"not_picked":["Warcry","Carnage"],"picked":"Wild Strike","floor":11.0},{"not_picked":["Entrench","Iron Wave","Wild Strike"],"picked":"SKIP","floor":12.0},{"not_picked":["Pommel Strike","Flex"],"picked":"Feel No Pain","floor":13.0},{"not_picked":["Clash","Flex"],"picked":"Second Wind","floor":14.0}],"player_experience":211974,"relics_obtained":[{"floor":7.0,"key":"HornCleat"},{"floor":9.0,"key":"Regal Pillow"},{"floor":12.0,"key":"Smiling Mask"}],"event_choices":[{"damage_healed":0.0,"max_hp_gain":0.0,"max_hp_loss":0.0,"gold_gain":0.0,"event_name":"Upgrade Shrine","player_choice":"Upgraded","floor":10.0,"gold_loss":0.0,"damage_taken":0.0,"cards_upgraded":["Disarm"]}],"is_beta":false,"boss_relics":[],"items_purged_floors":[5],"is_endless":false,"potions_floor_spawned":[1,4,12,13],"killed_by":"The Guardian","ascension_level":20}}