{"host":"k67zwea37tbl4jhz","time":1610277044,"event":{"mods":["AchievementEnabler","Act Like it!","Aspiration","BaseMod","Better Altar","Better Match","Better Note","Better Sensory Stone","Better Skull","Better Third Choice","BetterRewards","CCEM","Clawfect","Colored Map","Conspire","Downfall","GifTheSpireLib","Googly Eyes","Halation","Highlight Path","Hubris","Mimic Mod","Minty Spire (QoL Compilation)","Permanent Neow","Replay The Spire","Shop Mod","Spicy Shops","StSLib","Stuff the Spire","Unceasing Turn Reminder","everything is the same but u backflip on backflip"],"gold_per_floor":[99,116,140,190,220,239,270,300,150,184,198,209,239,224,244,144,144,144],"floor_reached":16,"playtime":1202,"items_purged":[],"score":120,"play_id":"5f219a94-422e-4f2f-b933-f773270a969b","local_time":"20210110061044","is_ascension_mode":false,"campfire_choices":[{"floor":1,"key":"RECALL"},{"data":"hexamod:DynamicBlow","floor":9,"key":"SMITH"}],"circlet_count":0,"master_deck":["hexamod:Strike","hexamod:Strike","hexamod:Strike","hexamod:Strike","hexamod:Defend+1","hexamod:Defend","hexamod:Defend","hexamod:Defend","hexamod:Sear","hexamod:Float","hexamod:HauntingEcho","hexamod:ThermalTransfer","hexamod:DynamicBlow+1","Delirium","hexamod:FlamesFromBeyond","hexamod:AdvancingGuard","hexamod:FastForward+1","hexamod:Again","hexamod:SixthSeal","hexamod:ChargedBarrage"],"relics":["hexamod:SpiritBrand","ReplayTheSpireMod:TigerMarble","Oddly Smooth Stone","Ring of Greed","Ring of Misfortune","The Courier","Replay:Wax Seal","StuffTheSpire:Nightcore","downfall:HeartBlessingRed","downfall:HeartBlessingBlue","Replay:Bottled Steam","Replay:Mystery Machine"],"acts_visited":["Exordium"],"potions_floor_usage":[],"damage_taken":[{"damage":6,"enemies":"Cultist","floor":2,"turns":3},{"damage":2,"enemies":"conspire:RoseBush","floor":6,"turns":1},{"damage":0,"enemies":"Small Slimes","floor":7,"turns":9},{"damage":16,"enemies":"Gremlin Nob","floor":8,"turns":4},{"damage":3,"enemies":"3 Sentries","floor":10,"turns":5},{"damage":0,"enemies":"Small Slimes","floor":11,"turns":3},{"damage":0,"enemies":"Exordium Wildlife","floor":12,"turns":4},{"damage":6,"enemies":"Lagavulin","floor":13,"turns":3},{"damage":0,"enemies":"downfall:FleeingMerchant","floor":14,"turns":4},{"damage":0,"enemies":"Blue Slaver","floor":15,"turns":3},{"damage":48,"enemies":"downfall:Defect","floor":16,"turns":6}],"seed_played":"-4013042244828097265","potions_obtained":[{"floor":6,"key":"Block Potion"},{"floor":10,"key":"SpeedPotion"},{"floor":12,"key":"Regen Potion"}],"is_trial":false,"path_per_floor":["R","M","T","?","?","M","MIM","E","R","E","M","M","E","$","M","B"],"character_chosen":"THE_SPIRIT","items_purchased":[],"campfire_rested":0,"item_purchase_floors":[],"current_hp_per_floor":[70,64,64,64,64,62,62,46,56,53,53,53,47,47,47,0,0,0],"gold":144,"neow_bonus":"RANDOM_COMMON_RELIC","is_daily":false,"chose_seed":false,"campfire_upgraded":1,"win_rate":0.0,"timestamp":1610277044,"path_taken":["R","M","?","?","?","M","MIM","E","R","E","M","M","E","?","M","BOSS"],"items_purchased_type":[],"build_version":"2020-12-22","purchased_purges":0,"victory":false,"max_hp_per_floor":[70,70,70,70,70,70,70,70,80,80,80,80,80,80,80,80,80,80],"card_choices":[{"not_picked":["hexamod:Hexaguard","hexamod:SpectralSpark"],"picked":"hexamod:HauntingEcho","floor":2},{"not_picked":["hexamod:ShieldOfDarkness","hexamod:SwordOfDarkness"],"picked":"hexamod:ThermalTransfer","floor":6},{"not_picked":["hexamod:ExtraCrispy","hexamod:ShieldOfDarkness"],"picked":"hexamod:DynamicBlow","floor":7},{"not_picked":["hexamod:InspiringFlames","hexamod:SpectersWail"],"picked":"hexamod:FlamesFromBeyond","floor":8},{"not_picked":["hexamod:ParanormalForm","hexamod:GhostOfSpirePresent"],"picked":"hexamod:AdvancingGuard","floor":10},{"not_picked":["hexamod:InspiringFlames","hexamod:RainOfEmbers"],"picked":"hexamod:FastForward","floor":11},{"not_picked":["hexamod:SwordOfDarkness","hexamod:BacktrackSmack"],"picked":"hexamod:Again","floor":12},{"not_picked":["hexamod:HauntingEcho","hexamod:Hexaguard"],"picked":"hexamod:SixthSeal","floor":13},{"not_picked":["hexamod:GhostOfSpirePast","hexamod:GhostShield"],"picked":"hexamod:ChargedBarrage","floor":14},{"not_picked":["hexamod:RainOfEmbers","hexamod:HauntingEcho","hexamod:Hexaguard"],"picked":"SKIP","floor":15}],"player_experience":176939,"relics_obtained":[{"floor":3,"key":"Oddly Smooth Stone"},{"floor":4,"key":"Ring of Greed"},{"floor":4,"key":"Ring of Misfortune"},{"floor":4,"key":"The Courier"},{"floor":4,"key":"Replay:Wax Seal"},{"floor":8,"key":"StuffTheSpire:Nightcore"},{"floor":10,"key":"Replay:Bottled Steam"},{"floor":13,"key":"Replay:Mystery Machine"}],"event_choices":[],"is_beta":false,"boss_relics":[],"items_purged_floors":[],"is_endless":false,"potions_floor_spawned":[6,10,12],"killed_by":"downfall:Defect","ascension_level":0}}