{"host":"b1nkw8hni90dsvue","time":1610288700,"event":{"mods":["Aspiration","BaseMod","Downfall","Grow up Mod","Jedi Mod","Koishi","LagranYue(拉格朗・月)","Marisa（F雨　魔理沙）","Minty Spire (QoL Compilation)","Prisma Mod","Quick Restart","Remilia（蕾米莉亚）","Replay The Spire","RumiaBox-露米娅的神秘盒子","Shop Mod","StSLib","TestMod","The Bug Knight","The Cursed","The Gatherer","The Saiyan","The Servant 0.9.4","Youmu（魂魄妖梦）"],"gold_per_floor":[118,136,136,152,168,195,208,261,285,327,337,337,377,422,422,546,546,563,45,88,88,125,184,184,198,274,274,67,67,182,302,302,455,455,525,525,410,410,428,428,77,77,77,156,78,91,108,222,222,322,322,322,106,191,241],"floor_reached":56,"playtime":3697,"items_purged":["PrismaMod:MiyuCommonDefend","PrismaMod:MiyuCommonAttack","Replay:Sluggish","CommonCold","PrismaMod:MiyuCommonDefend"],"score":1289,"play_id":"244c4aa5-5b99-499e-9ea8-fc4f5938ae2e","local_time":"20210110222500","is_ascension_mode":false,"campfire_choices":[{"floor":12,"key":"RECALL"},{"data":"PrismaMod:MiyuMaid","floor":15,"key":"SMITH"},{"data":"PrismaMod:MiyuEvokeBuffStr","floor":24,"key":"SMITH"},{"data":"PrismaMod:MiyuCheapStrBuff","floor":27,"key":"SMITH"},{"data":"PrismaMod:MiyuBride","floor":32,"key":"SMITH"},{"data":"PrismaMod:MiyuCheapChannelAttack","floor":40,"key":"SMITH"},{"data":"PrismaMod:MiyuCheapChannelDefend","floor":42,"key":"SMITH"},{"data":"PrismaMod:MiyuEvokeCheapAttack","floor":49,"key":"SMITH"},{"data":"PrismaMod:MiyuCheapAttack2","floor":52,"key":"SMITH"}],"circlet_count":0,"master_deck":["PrismaMod:MiyuCommonDefend+1","PrismaMod:MiyuCommonDefend","PrismaMod:MiyuCommonDefend","PrismaMod:MiyuCommonAttack","PrismaMod:MiyuCommonAttack","PrismaMod:MiyuCommonAttack","PrismaMod:MiyuCommonAttack","PrismaMod:MiyuCheapChannelAttack+1","PrismaMod:MiyuCheapChannelDefend+1","PrismaMod:MiyuEvokeBuffDex","PrismaMod:MiyuUncommonDexBuff+1","PrismaMod:MiyuCheapEvoke","PrismaMod:MiyuCheapAttack2+1","PrismaMod:MiyuMaid+1","PrismaMod:MiyuEvokeBuffStr+1","PrismaMod:MiyuCheapChannelVul+1","PrismaMod:MiyuCheapStrBuff+1","PrismaMod:MiyuEvokeCheapAttack+1","PrismaMod:MiyuCheapAttack2","PrismaMod:MiyuBride+1","PrismaMod:MiyuCheapChannelWeak+1","PrismaMod:MiyuCheapAttack1+1","PrismaMod:MiyuEvokeBuffStr+1","PrismaMod:MiyuCheapDexBuff+1","PrismaMod:MiyuCarnivalAttack+1","PrismaMod:MiyuDefenseAbsorbMinor+1","PrismaMod:MiyuCheapChannelAttack+1","PrismaMod:MiyuCheapEvoke+1","PrismaMod:MiyuCheapPlate+1","PrismaMod:MiyuAttackChannelVul+1","Parasite","PrismaMod:MiyuEvokeAll+1","PrismaMod:MiyuCheapAttack1+1","PrismaMod:MiyuOrbIncreasePerm+1","PrismaMod:MiyuUncommonDexBuff+1","Pot Of Greed+1","Pot Of Greed+1","Pot Of Greed+1","PrismaMod:MiyuEvokeAllDefend+1","Pot Of Greed+1"],"relics":["PrismaMod:PrismaSapphire","testmod-TestBox","testmod-ObsoleteBoomerang","Kunai","aspiration:PoetsPen_weak","MerchantsRug","Toxic Egg 2","Sundial","aspiration:Stabinomicon","Replay:Accelerometer","Bottled Flame","testmod-IndustrialRevolution","Replay:Ancient Bell","jedi:Pinwheel","Incense Burner","Spirit Poop","Golden Egg","Eternal Feather","jedi:bottledfury","Grinning Jar"],"acts_visited":["Exordium","TheCity","TheBeyond","TheEnding"],"potions_floor_usage":[8,16,16,55],"damage_taken":[{"damage":0.0,"enemies":"2 Louse","floor":1.0,"turns":3.0},{"damage":0.0,"enemies":"Cultist","floor":2.0,"turns":3.0},{"damage":11.0,"enemies":"Jaw Worm","floor":4.0,"turns":2.0},{"damage":0.0,"enemies":"Large Slime","floor":5.0,"turns":4.0},{"damage":14,"enemies":"3 Sentries","floor":6,"turns":8},{"damage":14,"enemies":"Red Slaver","floor":7,"turns":3},{"damage":0,"enemies":"Lagavulin","floor":8,"turns":4},{"damage":23,"enemies":"Exordium Thugs","floor":10,"turns":4},{"damage":6,"enemies":"Looter","floor":11,"turns":2},{"damage":24,"enemies":"Large Slime","floor":13,"turns":2},{"damage":12,"enemies":"Blue Slaver","floor":14,"turns":3},{"damage":40,"enemies":"Hexaghost","floor":16,"turns":7},{"damage":14,"enemies":"3 Byrds","floor":18,"turns":4},{"damage":21,"enemies":"Shell Parasite","floor":20,"turns":4},{"damage":26,"enemies":"Chosen and Byrds","floor":22,"turns":2},{"damage":47,"enemies":"Gremlin Leader","floor":23,"turns":4},{"damage":8,"enemies":"Snake Plant","floor":25,"turns":3},{"damage":0,"enemies":"Snecko","floor":30,"turns":3},{"damage":14,"enemies":"Cultist and Chosen","floor":31,"turns":3},{"damage":10,"enemies":"Automaton","floor":33,"turns":5},{"damage":37,"enemies":"3 Darklings","floor":35,"turns":5},{"damage":20,"enemies":"3 Shapes","floor":39,"turns":3},{"damage":50,"enemies":"Reptomancer","floor":44,"turns":4},{"damage":15,"enemies":"Writhing Mass","floor":46,"turns":2},{"damage":65,"enemies":"4 Shapes","floor":47,"turns":3},{"damage":0,"enemies":"Transient","floor":48,"turns":5},{"damage":49,"enemies":"Donu and Deca","floor":50,"turns":8},{"damage":65,"enemies":"Shield and Spear","floor":54,"turns":5},{"damage":99,"enemies":"The Heart","floor":55,"turns":8}],"seed_played":"-1741360486396323497","potions_obtained":[{"floor":1.0,"key":"DuplicationPotion"},{"floor":4.0,"key":"FearPotion"},{"floor":8,"key":"testmod-SpacePotion"},{"floor":11,"key":"SneckoOil"},{"floor":14,"key":"SmokeBomb"},{"floor":18,"key":"Strength Potion"},{"floor":20,"key":"ColorlessPotion"},{"floor":25,"key":"LifebloodPotion"},{"floor":31,"key":"SpeedPotion"},{"floor":39,"key":"Milkshake"},{"floor":48,"key":"Elixir"},{"floor":54,"key":"SpeedPotion"}],"is_trial":false,"path_per_floor":["M","M","?","M","M","E","M","E","T","M","M","R","M","M","R","B",null,"M","$","M","?","M","E","R","M","T","R","$","?","M","M","R","B",null,"M","?","$","?","M","R","$","R","T","E","$","M","M","M","R","B",null,"R","$","E","B",null],"character_chosen":"MIYU","items_purchased":["MerchantsRug","Toxic Egg 2","Sundial","testmod-IndustrialRevolution","Golden Egg","PrismaMod:MiyuAttackChannelVul","PrismaMod:MiyuUncommonDexBuff"],"campfire_rested":0,"item_purchase_floors":[19,19,19,28,41,45,53],"current_hp_per_floor":[102,112,122,121,131,127,123,133,143,130,134,144,130,128,138,108,262,258,268,257,251,235,198,208,210,220,230,240,250,260,256,266,266,432,405,415,425,435,425,435,445,455,465,425,435,430,375,385,416,377,580,590,600,545,456],"gold":241,"neow_bonus":"TEN_PERCENT_HP_BONUS","is_daily":false,"chose_seed":false,"campfire_upgraded":8,"win_rate":0.0,"timestamp":1610288700,"path_taken":["M","M","?","M","M","E","M","E","T","?","M","R","?","?","R","BOSS","M","$","M","?","M","E","R","M","T","R","$","?","M","M","R","BOSS","M","?","$","?","?","R","$","R","T","E","?","M","M","M","R","BOSS","R","$","E","BOSS"],"items_purchased_type":["Relic","Relic","Relic","Relic","Relic","Card","Card"],"build_version":"2020-12-22","purchased_purges":5,"victory":true,"max_hp_per_floor":[102,112,122,132,142,152,162,172,182,192,202,212,222,232,242,252,262,272,282,292,302,312,322,332,342,352,362,372,382,392,402,412,422,432,442,430,440,450,460,470,480,490,500,510,520,530,540,550,560,570,580,590,600,610,620],"card_choices":[{"not_picked":["PrismaMod:MiyuUncommonStrBuff","PrismaMod:MiyuAttackChannelWeak"],"picked":"PrismaMod:MiyuEvokeBuffDex","floor":1.0},{"not_picked":["PrismaMod:MiyuCheapChannelWeak","PrismaMod:MiyuEvokeCheapAttack"],"picked":"PrismaMod:MiyuUncommonDexBuff","floor":2.0},{"not_picked":["PrismaMod:MiyuChristmas","PrismaMod:MiyuDevil"],"picked":"PrismaMod:MiyuCheapEvoke","floor":4.0},{"not_picked":["PrismaMod:MiyuCommonAOEAttack","PrismaMod:MiyuDefendChannelDefend"],"picked":"PrismaMod:MiyuCheapAttack2","floor":5.0},{"not_picked":["PrismaMod:MiyuDefenseExplosion","PrismaMod:MiyuEvokeAll"],"picked":"PrismaMod:MiyuMaid","floor":6},{"not_picked":["PrismaMod:MiyuDevil","PrismaMod:MiyuUncommonDefend"],"picked":"PrismaMod:MiyuEvokeBuffStr","floor":7},{"not_picked":["PrismaMod:MiyuAttackChannelVul","PrismaMod:MiyuUncommonDefend"],"picked":"PrismaMod:MiyuCheapChannelVul","floor":8},{"not_picked":["PrismaMod:MiyuCheapChannelRandom","PrismaMod:MiyuEvokeBuffDex"],"picked":"PrismaMod:MiyuCheapStrBuff","floor":10},{"not_picked":["PrismaMod:MiyuCheapChannelRandom","PrismaMod:MiyuDefendChannelDefend"],"picked":"PrismaMod:MiyuEvokeCheapAttack","floor":11},{"not_picked":["PrismaMod:MiyuUncommonDexBuff","PrismaMod:MiyuCheapEvoke"],"picked":"PrismaMod:MiyuCheapAttack2","floor":13},{"not_picked":["PrismaMod:MiyuCarnivalAttack","PrismaMod:MiyuUncommonPlate","PrismaMod:MiyuUncommonAttack"],"picked":"SKIP","floor":14},{"not_picked":["PrismaMod:MiyuCarnivalDefend","PrismaMod:MiyuEvokeAllAttack"],"picked":"PrismaMod:MiyuBride","floor":16},{"not_picked":["PrismaMod:MiyuUncommonDexBuff","PrismaMod:MiyuMaid","PrismaMod:MiyuUncommonPlate"],"picked":"SKIP","floor":18},{"not_picked":["PrismaMod:MiyuAttackChannelWeak","PrismaMod:MiyuUncommonPlate+1"],"picked":"PrismaMod:MiyuCheapChannelWeak+1","floor":20},{"not_picked":["PrismaMod:MiyuCarnivalAttack","PrismaMod:MiyuUberAOEAttack"],"picked":"PrismaMod:MiyuCheapAttack1+1","floor":22},{"not_picked":["PrismaMod:MiyuDefenseRemoval+1","PrismaMod:MiyuCheapChannelWeak+1"],"picked":"PrismaMod:MiyuEvokeBuffStr+1","floor":23},{"not_picked":["PrismaMod:MiyuCarnivalAttack","PrismaMod:MiyuEvokeCheapDefend+1","PrismaMod:MiyuCheapChannelHeal+1"],"picked":"SKIP","floor":25},{"not_picked":["PrismaMod:MiyuCheapStrBuff+1","PrismaMod:MiyuDevil"],"picked":"PrismaMod:MiyuCheapDexBuff+1","floor":30},{"not_picked":["PrismaMod:MiyuEvokeBuffStr+1","PrismaMod:MiyuCheapPlate"],"picked":"PrismaMod:MiyuCarnivalAttack+1","floor":31},{"not_picked":["PrismaMod:MiyuUberDefend+1","PrismaMod:MiyuCheapDefend2+1"],"picked":"PrismaMod:MiyuDefenseAbsorbMinor+1","floor":33},{"not_picked":["AbeCurse","Wrath_TH"],"picked":"Replay:Sluggish","floor":34},{"not_picked":["Wrath_TH","Amnesia"],"picked":"Writhe","floor":34},{"not_picked":["Lust_TH","ReplayTheSpireMod:Restless Dread"],"picked":"CommonCold","floor":34},{"not_picked":["PrismaMod:MiyuUncommonPlate+1","PrismaMod:MiyuEvokeCheapAttack"],"picked":"PrismaMod:MiyuCheapChannelAttack+1","floor":35},{"not_picked":["PrismaMod:MiyuCheapPlate","PrismaMod:MiyuCarnivalAttack+1"],"picked":"PrismaMod:MiyuCheapEvoke+1","floor":39},{"not_picked":["PrismaMod:MiyuDefenseRemoval+1","PrismaMod:MiyuCarnivalAttack"],"picked":"PrismaMod:MiyuCheapPlate+1","floor":44},{"not_picked":["PrismaMod:MiyuDefenseExplosion+1","PrismaMod:MiyuUncommonDexBuff"],"picked":"PrismaMod:MiyuEvokeAll+1","floor":46},{"not_picked":["PrismaMod:MiyuEvokeBuffStr+1","PrismaMod:MiyuDefenseRemoval+1"],"picked":"PrismaMod:MiyuCheapAttack1+1","floor":47},{"not_picked":["PrismaMod:MiyuEvokeBuffStr+1","PrismaMod:MiyuCarnivalDefend+1"],"picked":"PrismaMod:MiyuOrbIncreasePerm+1","floor":48},{"not_picked":["PrismaMod:MiyuAttackChannelAttack+1","PrismaMod:MiyuCheapAttack2+1"],"picked":"PrismaMod:MiyuEvokeAllDefend+1","floor":54}],"player_experience":289592,"relics_obtained":[{"floor":6,"key":"ScarletDevilRocket"},{"floor":8,"key":"Kunai"},{"floor":21,"key":"aspiration:Stabinomicon"},{"floor":23,"key":"Replay:Accelerometer"},{"floor":26,"key":"Bottled Flame"},{"floor":43,"key":"Eternal Feather"},{"floor":44,"key":"jedi:bottledfury"},{"floor":54,"key":"Grinning Jar"}],"event_choices":[{"damage_healed":0.0,"max_hp_gain":0.0,"max_hp_loss":0.0,"gold_gain":0.0,"event_name":"Accursed Blacksmith","player_choice":"Forge","floor":3.0,"gold_loss":0.0,"damage_taken":0.0,"cards_upgraded":["PrismaMod:MiyuUncommonDexBuff"]},{"damage_healed":0,"gold_gain":0,"player_choice":"Obtained Book","damage_taken":16,"max_hp_gain":0,"max_hp_loss":0,"event_name":"Cursed Tome","floor":21,"gold_loss":0},{"damage_healed":0,"gold_gain":0,"player_choice":"Ignored","damage_taken":0,"max_hp_gain":0,"max_hp_loss":0,"event_name":"给自己的盒子","floor":29,"gold_loss":0},{"damage_healed":0,"gold_gain":0,"player_choice":"Max HP","damage_taken":0,"max_hp_gain":0,"max_hp_loss":22,"event_name":"Winding Halls","floor":36,"gold_loss":0},{"cards_removed":["Writhe"],"damage_healed":0,"gold_gain":0,"player_choice":"Offered Curse","damage_taken":0,"relics_obtained":["Spirit Poop"],"max_hp_gain":0,"max_hp_loss":0,"event_name":"Bonfire Elementals","floor":38,"gold_loss":0}],"is_beta":false,"boss_relics":[{"not_picked":["AddBug","LagranYue:SoulBurningRelic"],"picked":"aspiration:PoetsPen_weak"},{"not_picked":["testmod-IncinerationGenerator","Fusion Hammer"],"picked":"Replay:Ancient Bell"},{"not_picked":["Orichalcum","jedi:shrinkray"],"picked":"War Paint"},{"not_picked":["GodSword5","Replay:Bottled Snecko"],"picked":"jedi:Pinwheel"},{"not_picked":["LagranYue:ReturningEmperorRelic","ChaoDraw"],"picked":"Incense Burner"}],"items_purged_floors":[19,28,37,41,53],"is_endless":false,"potions_floor_spawned":[1,4,8,11,14,18,20,25,31,39,48,54],"ascension_level":0}}