{"host":"qvl114e0jmbc6yhm","time":1610317106,"event":{"mods":["Act Like it!","BaseMod","Hermit","Highlight Path","Hubris","Jedi Mod","Marisa????????","Marked Mod","Minty Spire (QoL Compilation)","Permanent Neow","Random Character Button","Relic Sorter","Relic Stats","Replay The Spire","Shop Mod","Spicy Shops","StSLib","The Jungle","The Runesmith"],"gold_per_floor":[111,111,126,140,140,173,173,183,237,237,82,82,114,130,130,208,208,228,80,98,98,98,130,130,130],"floor_reached":24,"playtime":1046,"items_purged":["Strike_B"],"score":423,"play_id":"51e021ce-009e-4f33-8761-29677953cd46","local_time":"20210110171826","is_ascension_mode":true,"campfire_choices":[{"data":"Sunder","floor":10,"key":"SMITH"},{"floor":15,"key":"REST"}],"circlet_count":0,"master_deck":["AscendersBane","Strike_B","Strike_B","Strike_B","Defend_B","Defend_B","Defend_B+1","Defend_B","Zap","Dualcast","jedi:locknload+1","Force Field","Doom and Gloom","Sunder+1","Sunder+1","Whirlwind","Biased Cognition","Defragment","Leap","jedi:bruteforce"],"relics":["Snecko Eye","Pen Nib","hubris:DisguiseKit","Blue Doll","Gremlin Food","jedi:archwizardhat","Velvet Choker","theJungle:WildStrawberry","hubris:ToyBattleship"],"acts_visited":["Exordium","theJungle:Jungle"],"potions_floor_usage":[23],"damage_taken":[{"damage":3,"enemies":"2 Louse","floor":1,"turns":4},{"damage":0,"enemies":"Small Slimes","floor":3,"turns":3},{"damage":1,"enemies":"Cultist","floor":4,"turns":4},{"damage":0,"enemies":"Gremlin Nob","floor":6,"turns":3},{"damage":23,"enemies":"Exordium Thugs","floor":8,"turns":3},{"damage":11,"enemies":"Replay:BlueRogue","floor":13,"turns":5},{"damage":0,"enemies":"Looter","floor":14,"turns":1},{"damage":11,"enemies":"The Guardian","floor":16,"turns":6},{"damage":0,"enemies":"theJungle:MUSHROOMGANG","floor":18,"turns":3},{"damage":8,"enemies":"theJungle:5_Spyders","floor":20,"turns":4},{"damage":24,"enemies":"theJungle:2_Phrogs","floor":23,"turns":6},{"damage":24,"enemies":"Snake Plant","floor":24,"turns":3}],"seed_played":"-7609120671044427990","potions_obtained":[{"floor":4,"key":"PowerPotion"},{"floor":8,"key":"FearPotion"},{"floor":14,"key":"Block Potion"}],"is_trial":false,"path_per_floor":["M","?","M","M","?","E","?","M","T","R","$","?","E","M","R","B",null,"M","$","M","?","?","E","M"],"character_chosen":"DEFECT","items_purchased":["Gremlin Food","Defragment"],"campfire_rested":1,"item_purchase_floors":[11,19],"current_hp_per_floor":[61,61,61,60,60,60,57,34,34,34,34,34,23,23,44,33,62,62,62,54,54,47,23,0,0],"gold":130,"neow_bonus":"BOSS_RELIC","is_daily":false,"chose_seed":false,"campfire_upgraded":1,"win_rate":0.0,"timestamp":1610317106,"path_taken":["M","?","M","M","?","E","?","M","T","R","$","?","E","M","R","BOSS","M","$","M","?","?","E","M"],"items_purchased_type":["Relic","Card"],"build_version":"2020-12-22","purchased_purges":1,"victory":false,"max_hp_per_floor":[71,71,71,71,71,71,71,71,71,71,71,71,71,71,71,71,71,71,71,71,71,78,78,78,78],"relic_stats":{"counters":[12,45],"Snecko Eye":[70,69,72,85],"Pen Nib":[3],"obtain_stats":[{"Gremlin Food":11,"hubris:DisguiseKit":7,"Snecko Eye":0,"Velvet Choker":17,"Blue Doll":9,"Pen Nib":6,"hubris:ToyBattleship":23,"theJungle:WildStrawberry":22,"jedi:archwizardhat":13,"Cracked Core":0},{"Gremlin Food":5,"hubris:DisguiseKit":4,"Snecko Eye":0,"Velvet Choker":8,"Blue Doll":5,"Pen Nib":4,"hubris:ToyBattleship":11,"theJungle:WildStrawberry":10,"jedi:archwizardhat":6,"Cracked Core":0},{"Gremlin Food":17,"hubris:DisguiseKit":14,"Snecko Eye":0,"Velvet Choker":29,"Blue Doll":17,"Pen Nib":14,"hubris:ToyBattleship":42,"theJungle:WildStrawberry":36,"jedi:archwizardhat":22,"Cracked Core":0}]},"card_choices":[{"not_picked":["Gash","Consume"],"picked":"jedi:locknload","floor":1},{"not_picked":["jedi:overflow","Streamline"],"picked":"Force Field","floor":3},{"not_picked":["jedi:BurstLightning","Melter","Heatsinks"],"picked":"SKIP","floor":4},{"not_picked":["ReplayTheSpireMod:Calculation Training","Rebound"],"picked":"Doom and Gloom","floor":6},{"not_picked":["Steam","hubris:PowerSurge","Heavy Blade"],"picked":"Sunder","floor":8},{"not_picked":["Turbo","jedi:markofdeath","hubris:CleavingFinish"],"picked":"Sunder","floor":13},{"not_picked":["Consume","jedi:BurstFrost","Streamline"],"picked":"Whirlwind","floor":14},{"not_picked":["Rainbow","Mirror Shield","Hemogenesis"],"picked":"Biased Cognition","floor":16},{"not_picked":["Conserve Battery","Redo","Turbo","True Grit"],"picked":"SKIP","floor":18},{"not_picked":["Ball Lightning","Steam","Hologram","Burning Pact"],"picked":"SKIP","floor":20},{"not_picked":["Tempest","Recycle","Metallicize"],"picked":"jedi:bruteforce","floor":23}],"player_experience":2430365,"relics_obtained":[{"floor":6,"key":"Pen Nib"},{"floor":9,"key":"Blue Doll"},{"floor":13,"key":"jedi:archwizardhat"},{"floor":23,"key":"hubris:ToyBattleship"}],"event_choices":[{"damage_healed":0,"gold_gain":0,"player_choice":"Grow","damage_taken":0,"max_hp_gain":0,"max_hp_loss":0,"event_name":"Living Wall","floor":5,"gold_loss":0,"cards_upgraded":["jedi:locknload"]},{"damage_healed":0,"gold_gain":0,"player_choice":"Success","damage_taken":3,"relics_obtained":["hubris:DisguiseKit"],"max_hp_gain":0,"max_hp_loss":0,"event_name":"Scrap Ooze","floor":7,"gold_loss":0}],"is_beta":false,"boss_relics":[{"not_picked":["SacredBark","Honey Jar"],"picked":"Velvet Choker"}],"items_purged_floors":[19],"is_endless":false,"potions_floor_spawned":[4,8,13,14],"killed_by":"Snake Plant","ascension_level":14}}