{"host":"2c1pg2m9wpz3w4c0","time":1610242432,"event":{"mods":["AchievementEnabler","Act Like it!","Aspiration","BaseMod","Better Note","BetterRewards","Curses Come First","Disable Question Mark Monsters","Halation","Hubris","Infinite Spire","Lotus Mark","Marisa????????","Minty Spire (QoL Compilation)","Replay The Spire","StSLib","SuperFastMode","The Clintock","The Jungle","The Marked","The Runesmith","Transform Curses"],"gold_per_floor":[109,109,109,120,136,136,154,167,219,219,43,43,61,79,79,182,182,196,196,206,221,221],"floor_reached":21,"playtime":702,"items_purged":[],"score":275,"play_id":"0cae643f-84f9-4647-86e4-2e4a865f4aa7","local_time":"20210109183352","is_ascension_mode":false,"campfire_choices":[{"data":"Sucker Punch","floor":6,"key":"SMITH"},{"data":"Distraction","floor":10,"key":"SMITH"},{"data":"Replay:Dark Deal","floor":12,"key":"SMITH"},{"floor":15,"key":"REST"}],"circlet_count":0,"master_deck":["Strike_G","Strike_G","Strike_G","Strike_G","Strike_G","Defend_G","Defend_G","Defend_G","Defend_G","Defend_G","Survivor","Neutralize+1","Footwork+1","lotusMarks:Mark","Dodge and Roll","Sucker Punch+1","Flying Knee","Distraction+1","Replay:Dark Deal+1","Replay:Poison Smokescreen","lotusMarks:LotusStrike","Poison Darts","lotusMarks:LotusChain","Impatience","Neutralize","Toxin Wave"],"relics":["Ring of the Snake","halation:LettersToHer","Mummified Hand","Centennial Puzzle","halation:HeavySnake"],"acts_visited":["Exordium","theJungle:Jungle"],"potions_floor_usage":[16,20,21],"damage_taken":[{"damage":0,"enemies":"Jaw Worm","floor":1,"turns":5},{"damage":0,"enemies":"2 Louse","floor":4,"turns":3},{"damage":0,"enemies":"Small Slimes","floor":5,"turns":5},{"damage":1,"enemies":"2 Fungi Beasts","floor":7,"turns":3},{"damage":2,"enemies":"Looter","floor":8,"turns":3},{"damage":2,"enemies":"Exordium Wildlife","floor":13,"turns":4},{"damage":0,"enemies":"2 Fungi Beasts","floor":14,"turns":3},{"damage":10,"enemies":"Fading Forest","floor":16,"turns":11},{"damage":7,"enemies":"theJungle:MUSHROOMGANG","floor":18,"turns":6},{"damage":11,"enemies":"theJungle:GiantWrat","floor":20,"turns":4},{"damage":43,"enemies":"theJungle:2_Snecko_Cultists","floor":21,"turns":8}],"seed_played":"6268622883278636863","potions_obtained":[{"floor":1,"key":"Block Potion"},{"floor":14,"key":"Block Potion"},{"floor":20,"key":"GamblersBrew"}],"is_trial":false,"path_per_floor":["M","?","?","M","M","R","M","M","T","R","$","R","M","M","R","B",null,"M","?","M","M"],"character_chosen":"THE_SILENT","items_purchased":["halation:LettersToHer","Footwork+1","Mummified Hand","Replay:Dark Deal"],"campfire_rested":1,"item_purchase_floors":[0,0,0,11],"current_hp_per_floor":[55,55,55,55,55,55,54,52,52,52,52,52,50,50,70,70,70,63,63,52,9,9],"gold":221,"neow_bonus":"","is_daily":false,"chose_seed":false,"campfire_upgraded":3,"win_rate":0.0,"timestamp":1610242432,"path_taken":["M","?","?","M","M","R","M","M","T","R","$","R","M","M","R","BOSS","M","?","M","M"],"items_purchased_type":["Relic","Card","Relic","Card"],"build_version":"2020-12-22","purchased_purges":0,"victory":false,"max_hp_per_floor":[70,70,70,70,70,70,70,70,70,70,70,70,70,70,70,70,70,70,70,70,70,70],"card_choices":[{"not_picked":["PiercingWail","Outmaneuver"],"picked":"lotusMarks:Mark","floor":1},{"not_picked":["Dagger Throw","Choke"],"picked":"Dodge and Roll","floor":4},{"not_picked":["Corpse Explosion","Dagger Throw"],"picked":"Sucker Punch","floor":5},{"not_picked":["Acrobatics","Endless Agony"],"picked":"Flying Knee","floor":7},{"not_picked":["Dash","Dagger Throw"],"picked":"Distraction","floor":8},{"not_picked":["Dodge and Roll","Toxin Wave"],"picked":"Replay:Poison Smokescreen","floor":13},{"not_picked":["Underhanded Strike","lotusMarks:Mark"],"picked":"lotusMarks:LotusStrike","floor":14},{"not_picked":["Grand Finale","Unload"],"picked":"Poison Darts","floor":16},{"not_picked":["Flying Knee","ReplayTheSpireMod:Exploit Weakness"],"picked":"lotusMarks:LotusChain","floor":18},{"not_picked":["Underhanded Strike","Flechettes"],"picked":"Toxin Wave","floor":20}],"player_experience":1157977,"relics_obtained":[{"floor":9,"key":"halation:LettersToHer"},{"floor":9,"key":"Centennial Puzzle"}],"event_choices":[{"damage_healed":0,"gold_gain":0,"player_choice":"Grow","damage_taken":0,"max_hp_gain":0,"max_hp_loss":0,"event_name":"Living Wall","floor":2,"gold_loss":0,"cards_upgraded":["Neutralize"]},{"damage_healed":0,"gold_gain":0,"player_choice":"Ignored","damage_taken":0,"max_hp_gain":0,"max_hp_loss":0,"event_name":"Golden Wing","floor":3,"gold_loss":0},{"damage_healed":0,"gold_gain":0,"player_choice":"2 cards matched","damage_taken":0,"max_hp_gain":0,"max_hp_loss":0,"event_name":"Match and Keep!","floor":19,"gold_loss":0,"cards_obtained":["Impatience","Neutralize"]}],"is_beta":false,"boss_relics":[{"not_picked":["Snecko Eye","halation:SmartPhone"],"picked":"halation:HeavySnake"}],"items_purged_floors":[],"is_endless":false,"potions_floor_spawned":[1,14,20],"killed_by":"theJungle:2_Snecko_Cultists","ascension_level":0}}