{"host":"skvwuvqqk8x6jusd","time":1610310273,"event":{"mods":["AchievementEnabler","BaseMod","Colored Map","Colored Powertips","Highlight Path","Minty Spire (QoL Compilation)","Relic Stats","Slay-I"],"gold_per_floor":[110,26,26,26,40,40,57,57,134,309,154,165,185,201,201,301,301,320,320,339,17,37,37,57,57,109,139,139,149,165,177,177,274,274,290,290,250,270,288,288,302,321,321,321,341,341,354,0,0,0],"floor_reached":51,"playtime":1342,"items_purged":["Doubt","Regret"],"score":740,"play_id":"eae581cb-7849-4e04-9d4d-d8d0d69dc651","local_time":"20210110202433","is_ascension_mode":false,"campfire_choices":[{"data":"Whirlwind","floor":6,"key":"SMITH"},{"data":"Perfected Strike","floor":15,"key":"SMITH"},{"data":"Reaper","floor":23,"key":"SMITH"},{"data":"Flex","floor":25,"key":"SMITH"},{"data":"Spot Weakness","floor":32,"key":"SMITH"},{"data":"Inflame","floor":40,"key":"SMITH"},{"data":"Whirlwind","floor":46,"key":"SMITH"},{"floor":49,"key":"REST"}],"circlet_count":0,"master_deck":["Strike_R","Strike_R","Strike_R","Strike_R","Strike_R","Defend_R","Defend_R+1","Defend_R+1","Bash","Swift Strike+1","Whirlwind+1","Clash","Clash","Flex+1","Cleave","Heavy Blade+1","Perfected Strike+1","Clash","Offering","Inflame+1","Inflame+1","Reaper+1","Headbutt+1","Inflame+1","Clash","Iron Wave+1","Spot Weakness+1","Whirlwind+1","Rage+1"],"relics":["Black Blood","NeowsBlessing","Calipers","Regal Pillow","The Courier","DollysMirror","Orichalcum","Tiny Chest","Pen Nib","SacredBark","Juzu Bracelet","Blood Vial","Red Mask"],"acts_visited":["Exordium","TheCity","TheBeyond"],"potions_floor_usage":[16,16,27,33,33,47,50,50],"damage_taken":[{"damage":0,"enemies":"Small Slimes","floor":1,"turns":1},{"damage":0,"enemies":"2 Louse","floor":5,"turns":1},{"damage":0,"enemies":"Jaw Worm","floor":7,"turns":1},{"damage":16,"enemies":"Large Slime","floor":12,"turns":3},{"damage":15,"enemies":"Exordium Wildlife","floor":13,"turns":3},{"damage":20,"enemies":"Exordium Thugs","floor":14,"turns":3},{"damage":27,"enemies":"Hexaghost","floor":16,"turns":6},{"damage":10,"enemies":"Spheric Guardian","floor":18,"turns":3},{"damage":6,"enemies":"2 Thieves","floor":20,"turns":2},{"damage":6,"enemies":"3 Cultists","floor":22,"turns":3},{"damage":18,"enemies":"Snake Plant","floor":24,"turns":3},{"damage":6,"enemies":"Gremlin Leader","floor":27,"turns":3},{"damage":26,"enemies":"Centurion and Healer","floor":29,"turns":4},{"damage":8,"enemies":"Chosen and Byrds","floor":30,"turns":3},{"damage":7,"enemies":"Cultist and Chosen","floor":31,"turns":4},{"damage":32,"enemies":"Automaton","floor":33,"turns":6},{"damage":15,"enemies":"Orb Walker","floor":35,"turns":2},{"damage":49,"enemies":"3 Shapes","floor":38,"turns":6},{"damage":30,"enemies":"Transient","floor":39,"turns":5},{"damage":19,"enemies":"Jaw Worm Horde","floor":41,"turns":3},{"damage":34,"enemies":"3 Darklings","floor":42,"turns":4},{"damage":19,"enemies":"4 Shapes","floor":45,"turns":3},{"damage":19,"enemies":"Sphere and 2 Shapes","floor":47,"turns":4},{"damage":149,"enemies":"Awakened One","floor":50,"turns":11}],"seed_played":"-3651562776542747100","potions_obtained":[{"floor":1,"key":"BlessingOfTheForge"},{"floor":12,"key":"ColorlessPotion"},{"floor":14,"key":"AttackPotion"},{"floor":22,"key":"SkillPotion"},{"floor":29,"key":"Energy Potion"},{"floor":30,"key":"FairyPotion"},{"floor":41,"key":"ColorlessPotion"},{"floor":42,"key":"GamblersBrew"},{"floor":47,"key":"Weak Potion"}],"is_trial":false,"path_per_floor":["M","$","?","?","M","R","M","T","T","?","$","M","M","M","R","B",null,"M","?","M","$","M","R","M","R","T","E","$","M","M","M","R","B",null,"M","?","?","M","M","R","M","M","T","T","M","R","M","?","R","B",null],"character_chosen":"IRONCLAD","items_purchased":["Swift Strike","Clash","Flex","Cleave","DollysMirror","Orichalcum"],"campfire_rested":1,"item_purchase_floors":[2,11,11,11,21,21],"current_hp_per_floor":[80,80,64,64,70,70,76,76,76,76,76,66,57,43,43,22,80,80,80,80,80,80,80,74,74,74,80,80,80,80,80,80,60,80,77,77,77,53,52,52,45,47,47,47,66,66,61,61,80,43],"gold":0,"neow_bonus":"THREE_ENEMY_KILL","is_daily":false,"chose_seed":false,"campfire_upgraded":7,"win_rate":0.0,"timestamp":1610310273,"path_taken":["M","$","?","?","M","R","M","?","T","?","$","M","M","M","R","BOSS","M","?","M","$","?","R","M","R","T","E","$","M","M","M","R","BOSS","M","?","?","M","M","R","?","M","T","?","M","R","M","?","R","BOSS"],"items_purchased_type":["Card","Card","Card","Card","Relic","Relic"],"build_version":"2020-12-22","purchased_purges":2,"victory":true,"max_hp_per_floor":[80,80,80,80,80,80,80,80,80,80,80,80,80,80,80,80,80,80,80,80,80,80,80,80,80,80,80,80,80,80,80,80,80,80,80,80,80,80,80,80,80,80,80,80,80,80,80,80,80,80],"relic_stats":{"Blood Vial":4,"Regal Pillow":0,"counters":[24,87],"Black Blood":214,"Tiny Chest":1,"Pen Nib":[11],"Juzu Bracelet":0,"Orichalcum":[156],"obtain_stats":[{"Regal Pillow":8,"Calipers":4,"NeowsBlessing":0,"SacredBark":34,"Black Blood":17,"The Courier":9,"Pen Nib":27,"Juzu Bracelet":43,"Orichalcum":21,"Burning Blood":0,"Blood Vial":44,"DollysMirror":21,"Tiny Chest":26,"Red Mask":48},{"Regal Pillow":3,"Calipers":1,"NeowsBlessing":0,"SacredBark":16,"Black Blood":7,"The Courier":3,"Pen Nib":12,"Juzu Bracelet":21,"Orichalcum":9,"Burning Blood":0,"Blood Vial":21,"DollysMirror":9,"Tiny Chest":11,"Red Mask":23},{"Regal Pillow":3,"Calipers":1,"NeowsBlessing":0,"SacredBark":49,"Black Blood":18,"The Courier":3,"Pen Nib":32,"Juzu Bracelet":69,"Orichalcum":23,"Burning Blood":0,"Blood Vial":69,"DollysMirror":23,"Tiny Chest":29,"Red Mask":76}]},"card_choices":[{"not_picked":["Sentinel","Burning Pact","True Grit"],"picked":"SKIP","floor":1},{"not_picked":["Searing Blow","Uppercut"],"picked":"Whirlwind","floor":5},{"not_picked":["Twin Strike","Ghostly Armor"],"picked":"Clash","floor":7},{"not_picked":["Combust","Pommel Strike"],"picked":"Heavy Blade","floor":12},{"not_picked":["True Grit","Sword Boomerang"],"picked":"Perfected Strike","floor":13},{"not_picked":["Carnage","Offering"],"picked":"Clash","floor":14},{"not_picked":["Immolate","Demon Form"],"picked":"Offering","floor":16},{"not_picked":["Iron Wave","Flame Barrier+1"],"picked":"Inflame+1","floor":18},{"not_picked":["Armaments","Warcry","Iron Wave"],"picked":"SKIP","floor":20},{"not_picked":["Clothesline","Shrug It Off+1"],"picked":"Reaper","floor":22},{"not_picked":["Evolve+1","Feel No Pain+1"],"picked":"Headbutt+1","floor":24},{"not_picked":["Armaments","Dual Wield+1"],"picked":"Inflame","floor":27},{"not_picked":["Pommel Strike","Fire Breathing"],"picked":"Clash","floor":29},{"not_picked":["Havoc","Searing Blow"],"picked":"Iron Wave+1","floor":30},{"not_picked":["Demon Form","Perfected Strike"],"picked":"Spot Weakness","floor":31},{"not_picked":["Second Wind","Twin Strike+1","Disarm"],"picked":"SKIP","floor":35},{"not_picked":["Evolve","True Grit+1","Entrench+1"],"picked":"SKIP","floor":38},{"not_picked":["Thunderclap","Dropkick+1","Headbutt+1"],"picked":"SKIP","floor":39},{"not_picked":["Thunderclap","Sentinel","True Grit"],"picked":"SKIP","floor":41},{"not_picked":["Sword Boomerang+1","Headbutt+1"],"picked":"Whirlwind","floor":42},{"not_picked":["Ghostly Armor+1","Juggernaut","Armaments+1"],"picked":"SKIP","floor":45},{"not_picked":["Inflame+1","Iron Wave"],"picked":"Rage+1","floor":47}],"player_experience":607726,"relics_obtained":[{"floor":8,"key":"Regal Pillow"},{"floor":9,"key":"The Courier"},{"floor":26,"key":"Tiny Chest"},{"floor":27,"key":"Pen Nib"},{"floor":43,"key":"Juzu Bracelet"},{"floor":44,"key":"Blood Vial"}],"event_choices":[{"damage_healed":0,"gold_gain":0,"player_choice":"Entered Light","damage_taken":16,"max_hp_gain":0,"max_hp_loss":0,"event_name":"Shining Light","floor":3,"gold_loss":0,"cards_upgraded":["Defend_R","Defend_R"]},{"damage_healed":0,"gold_gain":0,"player_choice":"Box","damage_taken":0,"relics_obtained":["Calipers"],"max_hp_gain":0,"max_hp_loss":0,"event_name":"Big Fish","floor":4,"gold_loss":0,"cards_obtained":["Regret"]},{"damage_healed":0,"gold_gain":175,"player_choice":"AGREE","damage_taken":0,"max_hp_gain":0,"max_hp_loss":0,"event_name":"Liars Game","floor":10,"gold_loss":0,"cards_obtained":["Doubt"]},{"cards_removed":["Defend_R"],"damage_healed":0,"gold_gain":0,"player_choice":"Purged","damage_taken":0,"max_hp_gain":0,"max_hp_loss":0,"event_name":"Purifier","floor":19,"gold_loss":0},{"damage_healed":0,"gold_gain":0,"player_choice":"Ignored","damage_taken":0,"max_hp_gain":0,"max_hp_loss":0,"event_name":"Mysterious Sphere","floor":36,"gold_loss":0},{"damage_healed":0,"gold_gain":0,"player_choice":"Upgraded Two","damage_taken":0,"max_hp_gain":0,"max_hp_loss":0,"event_name":"Designer","floor":37,"gold_loss":40,"cards_upgraded":["Swift Strike","Heavy Blade"]},{"damage_healed":0,"gold_gain":0,"player_choice":"Paid","damage_taken":0,"relics_obtained":["Red Mask"],"max_hp_gain":0,"max_hp_loss":0,"event_name":"Tomb of Lord Red Mask","floor":48,"gold_loss":354}],"is_beta":false,"boss_relics":[{"not_picked":["Tiny House","Calling Bell"],"picked":"Black Blood"},{"not_picked":["Black Star","Empty Cage"],"picked":"SacredBark"}],"items_purged_floors":[11,21],"is_endless":false,"potions_floor_spawned":[1,12,14,22,29,30,41,42,47],"ascension_level":0}}