{"host":"kdt6w7ix8lwe69i9","time":1610262103,"event":{"mods":["100% Spire Juice","Bartender","BaseMod","ChefMod","Downfall","Fiend Mod","Jorbs\u0027s Wanderer Trilogy","Minty Spire (QoL Compilation)","Reimu（博丽灵梦）","Robot Space Explorer","StSLib","The Caster","The Cursed","The Disciple","The Dragon Tamer","The Druid","The Elementalist","The Forsaken","The Gatherer","The Marked","TheBandit"],"gold_per_floor":[117,117,167,184,199,199,217,217,217],"floor_reached":8,"playtime":937,"items_purged":[],"score":48,"play_id":"d955fad3-35fb-4bee-a0dc-162eb04335eb","local_time":"20210110020143","is_ascension_mode":false,"campfire_choices":[{"floor":6,"key":"REST"}],"circlet_count":0,"master_deck":["Strike_Lin:ReiMu","Strike_Lin:ReiMu","Strike_Lin:ReiMu","Defend_Lin:ReiMu","Defend_Lin:ReiMu","Defend_Lin:ReiMu","NB:ReiMu","Stagnation:ReiMu","Pain","YinYangSign:ReiMu","ManaGlint:ReiMu","SubcavityInstant:ReiMu","AlertArray:ReiMu","Crusade:ReiMu","YinYangSange:ReiMu"],"relics":["FlyPower:ReiMu"],"acts_visited":["Exordium"],"potions_floor_usage":[8,8],"damage_taken":[{"damage":4,"enemies":"2 Louse","floor":1,"turns":4},{"damage":20,"enemies":"Jaw Worm","floor":4,"turns":7},{"damage":3,"enemies":"Cultist","floor":5,"turns":5},{"damage":11,"enemies":"Blue Slaver","floor":7,"turns":4},{"damage":72,"enemies":"Gremlin Nob","floor":8,"turns":6}],"seed_played":"-5304228457567858592","potions_obtained":[{"floor":5,"key":"EssenceOfSteel"},{"floor":7,"key":"Block Potion"}],"is_trial":false,"path_per_floor":["M","?","?","M","M","R","M","E"],"character_chosen":"REIMU","items_purchased":[],"campfire_rested":1,"item_purchase_floors":[],"current_hp_per_floor":[61,61,61,41,38,57,46,0,0],"gold":217,"neow_bonus":"TRANSFORM_TWO_CARDS","is_daily":false,"chose_seed":false,"campfire_upgraded":0,"win_rate":0.0,"timestamp":1610262103,"path_taken":["M","?","?","M","M","R","M","E"],"items_purchased_type":[],"build_version":"2020-12-22","purchased_purges":0,"victory":false,"max_hp_per_floor":[65,65,65,65,65,65,65,65,65],"card_choices":[{"not_picked":["KamiSacrifice:ReiMu","SpringWay:ReiMu"],"picked":"SubcavityInstant:ReiMu","floor":1},{"not_picked":["Gathering:ReiMu","AirStrike:ReiMu"],"picked":"AlertArray:ReiMu","floor":4},{"not_picked":["Intuition:ReiMu","AirManeuver:ReiMu"],"picked":"Crusade:ReiMu","floor":5},{"not_picked":["AirManeuver:ReiMu","FantasyMoon:ReiMu"],"picked":"YinYangSange:ReiMu","floor":7}],"player_experience":1784668,"relics_obtained":[],"event_choices":[],"is_beta":false,"boss_relics":[],"items_purged_floors":[],"is_endless":false,"potions_floor_spawned":[4,5,7],"killed_by":"Gremlin Nob","ascension_level":0}}