{"host":"2s2u0oiujacicbpp","time":1610297326,"event":{"mods":["Act Like it!","Arknights The Spire","BaseMod","Colored Powertips","Conspire","Downfall","Gensokyo","Hallownest","Hermit","Hero for Fun","Hubris","Infinite Spire","Koishi","Marisa????????","Minty Spire (QoL Compilation)","Remilia??????","Replay The Spire","Robot Space Explorer","Shop Mod","StSLib","Td1madao Mod","The Bug Knight","The Cursed","The Death Knight","The Dragon Tamer","The Hierophant","The Jungle","The Marked","The Necromancer","The Runesmith","The Servant 0.9.4","vexMod"],"gold_per_floor":[112,112,147,157,157,157,177,194,221,221,3,36,36,36,36,36,36],"floor_reached":16,"playtime":881,"items_purged":[],"score":98,"play_id":"9c413499-4241-4eb9-b6df-f65d44a73b8e","local_time":"20210110174846","is_ascension_mode":false,"campfire_choices":[{"data":"DeathKnight:BloodStrike","floor":6,"key":"SMITH"},{"data":"1","floor":13,"key":"LIFT"},{"data":"2","floor":15,"key":"LIFT"}],"circlet_count":0,"master_deck":["DeathKnight:Strike_DeathKnight","DeathKnight:Strike_DeathKnight","DeathKnight:Strike_DeathKnight","DeathKnight:Strike_DeathKnight","DeathKnight:Strike_DeathKnight","DeathKnight:Defend_DeathKnight","DeathKnight:Defend_DeathKnight","DeathKnight:Defend_DeathKnight","DeathKnight:Defend_DeathKnight","DeathKnight:Defend_DeathKnight+1","DeathKnight:RuneTap+1","DeathKnight:RuneStrike","DeathKnight:IcyTouch","DeathKnight:BloodStrike+1","DeathKnight:ChainsOfIce","DeathKnight:RuneShock","DeathKnight:BoneStorm","Gensokyo:RustyChest","DeathKnight:Culling"],"relics":["Kunai","Guardian:DefensiveModeMoreBlock","ats:Cure","hubris:BlackHole","Raider\u0027s Mask","Girya","ReplayTheSpireMod:EnergyBall","infinitespire:WardingShard","Juzu Bracelet","Regal Pillow","infinitespire:Chaos","conspire:Dentures","Lantern"],"acts_visited":["Exordium"],"potions_floor_usage":[10],"damage_taken":[{"damage":0,"enemies":"Gensokyo:3_Fairies","floor":1,"turns":2},{"damage":0,"enemies":"conspire:MimicChest","floor":3,"turns":1},{"damage":0,"enemies":"Gensokyo:Python","floor":4,"turns":1},{"damage":2,"enemies":"Gensokyo:Gryphon","floor":7,"turns":3},{"damage":2,"enemies":"Gensokyo:VengefulSpirit","floor":8,"turns":4},{"damage":14,"enemies":"Gensokyo:Aya","floor":12,"turns":3},{"damage":15,"enemies":"Gensokyo:Yukari","floor":16,"turns":6}],"seed_played":"-3376380863999045943","potions_obtained":[{"floor":1,"key":"PowerPotion"},{"floor":8,"key":"Explosive Potion"},{"floor":10,"key":"Doom Potion"},{"floor":10,"key":"Fruit Juice"},{"floor":10,"key":"Ancient Potion"},{"floor":12,"key":"sneckomod:MuddlingPotion"}],"is_trial":false,"path_per_floor":["M","?","?","M","?","R","M","M","T","?","COS","E","R","?","R","B"],"character_chosen":"DEATH_KNIGHT","items_purchased":[],"campfire_rested":0,"item_purchase_floors":[],"current_hp_per_floor":[75,72,72,72,72,72,70,68,68,78,78,64,64,64,64,49,49],"gold":36,"neow_bonus":"THREE_ENEMY_KILL","is_daily":false,"chose_seed":false,"campfire_upgraded":1,"win_rate":0.0,"timestamp":1610297326,"path_taken":["M","?","?","M","?","R","M","?","T","?","COS","E","R","?","R","BOSS"],"items_purchased_type":[],"build_version":"2020-12-22","purchased_purges":0,"victory":false,"max_hp_per_floor":[75,82,82,82,82,82,82,82,82,87,87,87,87,87,87,87,87],"card_choices":[{"not_picked":["DeathKnight:UnholyPresence","DeathKnight:FrosPresence"],"picked":"DeathKnight:IcyTouch","floor":1},{"not_picked":["DeathKnight:Ossuary","DeathKnight:MutagenicPlague"],"picked":"DeathKnight:BloodStrike","floor":3},{"not_picked":["DeathKnight:DeathCoil","DeathKnight:Contagion"],"picked":"DeathKnight:ChainsOfIce","floor":4},{"not_picked":["DeathKnight:FesteringStrike","DeathKnight:FoulBulwark"],"picked":"DeathKnight:RuneShock","floor":7},{"not_picked":["DeathKnight:Hemostasis","DeathKnight:Runeguard"],"picked":"DeathKnight:BoneStorm","floor":8},{"not_picked":["DeathKnight:GargoyleSkin","DeathKnight:FrosPresence"],"picked":"DeathKnight:Culling","floor":12}],"player_experience":216149,"relics_obtained":[{"floor":3,"key":"Happy Flower"},{"floor":9,"key":"War Paint"},{"floor":10,"key":"ReplayTheSpireMod:Ring of Addiction"},{"floor":10,"key":"SacredBark"},{"floor":10,"key":"Toy Ornithopter"},{"floor":10,"key":"Ring of Misfortune"},{"floor":12,"key":"conspire:Dentures"}],"event_choices":[],"is_beta":false,"boss_relics":[],"items_purged_floors":[],"is_endless":false,"potions_floor_spawned":[1,8,12],"killed_by":"Gensokyo:Yukari","ascension_level":0}}