{"host":"kvxcn6q9iznza62e","time":1610313885,"event":{"mods":["2.2 Compatiblity","Act Like it!","Aspiration","BaseMod","Beaked The Cultist","Better Skull","BetterRewards","Block Reminder","Colored Powertips","Conspire","Downfall","Energized Spire","Friendly Minions","GifTheSpireLib","Hallownest","Hubris","Minty Spire (QoL Compilation)","Rare Cards Sparkle","Robot Space Explorer","StSLib","Stuff the Spire","The Animator","The Bug Knight","The Jungle","The Necromancer","Uncapped","Wandering Minibosses","[IsaacMod]????","egg","vexMod"],"gold_per_floor":[99,119,133,133,146,166,166,266,276,276,126,126,111,122,136,235,235,235,245,259,259,244,344,344,361,20,46,59,355,280,280,295,396,396,396,410,430,444,36,36,36,49,49,66,97,117,117,117,131,131,131,157,9,9,9],"floor_reached":56,"playtime":6582,"items_purged":[],"score":1218,"play_id":"56abaf2f-a56d-4d06-9ae1-335c45757030","local_time":"20210110212445","is_ascension_mode":false,"campfire_choices":[{"floor":1,"key":"RECALL"},{"floor":11,"key":"REST"},{"data":"EpicFetus","floor":18,"key":"SMITH"},{"floor":30,"key":"REST"},{"data":"Guardian:PrismaticBarrier","floor":35,"key":"SMITH"},{"floor":43,"key":"REST"},{"floor":47,"key":"REST"},{"floor":54,"key":"REST"}],"circlet_count":0,"master_deck":["Guardian:Strike_Guardian","Guardian:Strike_Guardian","Guardian:Strike_Guardian","Guardian:Strike_Guardian","Guardian:Defend_Guardian","Guardian:Defend_Guardian","Guardian:Defend_Guardian","Guardian:Defend_Guardian","Guardian:CurlUp","Guardian:TwinSlam","EpicFetus+1","Guardian:CrystalBeam","Guardian:SentryBeam","Guardian:GatlingBeam","Guardian:PrismaticBarrier+1","Regret","Guardian:PrismaticBeam","Guardian:AncientConstruct","Guardian:FloatingOrbs","Guardian:SpikerProtocol","Guardian:Incinerate","Guardian:BronzeOrb","Guardian:BronzeOrb","Guardian:Reroute","Slimebound:CheckThePlaybook","Slimebound:Icky","Guardian:SpikerProtocol","Guardian:GatlingBeam","Guardian:ArmoredProtocol","Guardian:Harden+1","Guardian:FloatingOrbs","Guardian:FloatingOrbs","Guardian:Clone","Guardian:TemporalStrike","Guardian:ChargeUp","Guardian:FloatingOrbs+1","Guardian:EvasiveProtocol","Guardian:TemporalStrike"],"relics":["Guardian:ModeShifter","HushsDoor","Chaos","JudasShadow","StuffTheSpire:Expresso","downfall:HeartBlessingBlue","downfall:HeartBlessingRed","StuffTheSpire:RedRose","Blood Vial","aspiration:RitualStick","Strange Spoon","Ornamental Fan","vexMod:BarristanHead","downfall:HeartBlessingGreen","DoctorsRemote","HandDrill","Bottled Flame","Pen Nib","Peace Pipe","Torii"],"acts_visited":["Exordium","TheCity","TheBeyond","TheEnding"],"potions_floor_usage":[33,45,45,52,55],"damage_taken":[{"damage":10,"enemies":"Small Slimes","floor":2,"turns":4},{"damage":0,"enemies":"Cultist","floor":3,"turns":3},{"damage":0,"enemies":"Jaw Worm","floor":5,"turns":4},{"damage":13,"enemies":"Gremlin Gang","floor":6,"turns":4},{"damage":14,"enemies":"Exordium Thugs","floor":9,"turns":4},{"damage":5,"enemies":"downfall:FleeingMerchant","floor":13,"turns":4},{"damage":12,"enemies":"3 Louse","floor":14,"turns":2},{"damage":8,"enemies":"2 Fungi Beasts","floor":15,"turns":3},{"damage":14,"enemies":"downfall:Watcher","floor":16,"turns":7},{"damage":7,"enemies":"conspire:FuzzyDice","floor":19,"turns":5},{"damage":13,"enemies":"3 Byrds","floor":20,"turns":4},{"damage":13,"enemies":"downfall:FleeingMerchant","floor":22,"turns":4},{"damage":13,"enemies":"Snecko","floor":25,"turns":4},{"damage":9,"enemies":"downfall:FleeingMerchant","floor":26,"turns":4},{"damage":9,"enemies":"conspire:SneckoGhost","floor":27,"turns":6},{"damage":5,"enemies":"Cultist and Chosen","floor":28,"turns":4},{"damage":6,"enemies":"downfall:FleeingMerchant","floor":29,"turns":3},{"damage":2,"enemies":"3 Cultists","floor":32,"turns":3},{"damage":6,"enemies":"downfall:Silent","floor":33,"turns":5},{"damage":20,"enemies":"3 Shapes","floor":36,"turns":4},{"damage":11,"enemies":"3 Darklings","floor":37,"turns":4},{"damage":13,"enemies":"4 Shapes","floor":38,"turns":5},{"damage":15,"enemies":"Jaw Worm Horde","floor":42,"turns":5},{"damage":23,"enemies":"3 Darklings","floor":44,"turns":5},{"damage":26,"enemies":"Nemesis","floor":45,"turns":5},{"damage":9,"enemies":"Maw","floor":46,"turns":7},{"damage":25,"enemies":"Jaw Worm Horde","floor":49,"turns":5},{"damage":36,"enemies":"downfall:Ironclad","floor":50,"turns":6},{"damage":49,"enemies":"downfall:CharBossMerchant","floor":52,"turns":7},{"damage":60,"enemies":"downfall:NeowBoss","floor":55,"turns":17}],"seed_played":"5547372529985862262","potions_obtained":[{"floor":6,"key":"Guardian:DefensiveModePotion"},{"floor":9,"key":"FearPotion"},{"floor":14,"key":"SmokeBomb"},{"floor":16,"key":"Fire Potion"},{"floor":27,"key":"EssenceOfSteel"},{"floor":46,"key":"Block Potion"},{"floor":52,"key":"FearPotion"}],"is_trial":false,"path_per_floor":["R","M","M","?","M","M","T","?","M","?","R","?","$","M","M","B",null,"R","M","M","?","$","?","T","M","$","E","M","$","R","?","M","B",null,"R","M","M","M","$","?","T","M","R","M","E","M","R","?","M","B",null,"E","$","R","B",null],"character_chosen":"GUARDIAN","items_purchased":["Ornamental Fan","Guardian:BronzeOrb","Energy Potion","FairyPotion","HandDrill","Bottled Flame","Guardian:Gem_Red","Guardian:EvasiveProtocol","Guardian:TemporalStrike"],"campfire_rested":5,"item_purchase_floors":[26,26,29,34,39,39,53,53,53],"current_hp_per_floor":[88,78,78,43,43,30,30,30,16,25,64,64,59,47,39,25,98,98,91,80,60,49,49,49,38,31,24,21,17,46,46,46,42,94,94,74,65,54,54,54,54,41,69,48,24,17,45,82,57,23,82,33,33,57,100],"gold":9,"neow_bonus":"TEN_PERCENT_HP_BONUS","is_daily":false,"chose_seed":false,"campfire_upgraded":2,"win_rate":0.0,"timestamp":1610313885,"path_taken":["R","M","M","?","M","?","T","?","M","?","R","?","$","?","M","BOSS","R","M","M","?","$","?","T","?","$","E","M","?","R","?","M","BOSS","R","M","M","?","$","?","T","?","R","M","E","M","R","?","M","BOSS","E","$","R","BOSS"],"items_purchased_type":["Relic","Card","Potion","Potion","Relic","Relic","Card","Card","Card"],"build_version":"2020-12-22","purchased_purges":0,"victory":true,"max_hp_per_floor":[88,88,88,88,88,88,88,88,88,88,98,98,98,98,98,98,98,98,98,98,98,98,98,98,98,98,98,98,98,98,98,98,98,94,94,94,94,94,94,94,94,94,94,94,94,94,94,82,82,82,82,82,82,82,82],"card_choices":[{"not_picked":[],"picked":"EpicFetus","floor":0},{"not_picked":["Guardian:Recover","Guardian:ChargeCore"],"picked":"Guardian:Gem_Cyan","floor":2},{"not_picked":["Guardian:PrimingBeam","Guardian:ChargeCore"],"picked":"Guardian:CrystalBeam","floor":3},{"not_picked":["Guardian:PrimingBeam","Guardian:Planning"],"picked":"Guardian:SentryBeam","floor":5},{"not_picked":["Guardian:ChargeCore","Guardian:Incinerate"],"picked":"Guardian:GatlingBeam","floor":6},{"not_picked":["Guardian:Recover","Guardian:VentSteam"],"picked":"Guardian:PrismaticBarrier","floor":8},{"not_picked":["Guardian:Clone","Guardian:ChargeCore"],"picked":"Guardian:Gem_Lightblue","floor":9},{"not_picked":["Guardian:Gem_Green","Guardian:Gem_Lightblue"],"picked":"Guardian:Gem_Orange","floor":13},{"not_picked":["Bomb","Guardian:Suspension"],"picked":"Guardian:Gem_Cyan","floor":14},{"not_picked":["Guardian:Gem_Green","Guardian:ShieldSpikes"],"picked":"Guardian:PrismaticBeam","floor":15},{"not_picked":["Guardian:GatlingBeam","Guardian:FastForward"],"picked":"Guardian:AncientConstruct","floor":16},{"not_picked":["Guardian:DecasProtection","Guardian:DonusPower"],"picked":"Guardian:FloatingOrbs","floor":19},{"not_picked":["Guardian:RollAttack+1","Guardian:Suspension+1","Guardian:VentSteam"],"picked":"SKIP","floor":20},{"not_picked":["Guardian:Gem_Green","Guardian:Reroute+1"],"picked":"Guardian:SpikerProtocol","floor":22},{"not_picked":["Guardian:Recover","Guardian:Gem_White"],"picked":"Guardian:Gem_Blue","floor":23},{"not_picked":["Guardian:Recover+1","Guardian:Gem_Green"],"picked":"Guardian:Incinerate","floor":25},{"not_picked":["Guardian:GuardianWhirl","Guardian:GatlingBeam"],"picked":"Guardian:Gem_Red","floor":26},{"not_picked":["Guardian:ShieldCharger","Guardian:WalkerClaw"],"picked":"Guardian:BronzeOrb","floor":27},{"not_picked":["Guardian:GuardianWhirl","Guardian:RefractedBeam"],"picked":"Guardian:Reroute","floor":28},{"not_picked":["Guardian:Emergency","Guardian:Incinerate"],"picked":"Guardian:Gem_Cyan","floor":29},{"not_picked":["Guardian:Suspension","Guardian:Reroute"],"picked":"Guardian:SpikerProtocol","floor":32},{"not_picked":["Guardian:HyperBeam_Guardian","Guardian:StasisStrike"],"picked":"Guardian:GatlingBeam","floor":33},{"not_picked":["Guardian:CrystalBeam","Guardian:ShieldSpikes+1","Guardian:ShieldCharger"],"picked":"SKIP","floor":36},{"not_picked":["Guardian:SentryBeam","Guardian:Recover"],"picked":"Guardian:ArmoredProtocol","floor":37},{"not_picked":["Guardian:Reroute+1","Guardian:PrimingBeam+1"],"picked":"Guardian:Harden+1","floor":38},{"not_picked":["Guardian:Reroute","Guardian:Incinerate"],"picked":"Guardian:Gem_Lightblue","floor":42},{"not_picked":["Guardian:Suspension+1","Guardian:BronzeArmor"],"picked":"Guardian:FloatingOrbs","floor":44},{"not_picked":["Guardian:Suspension","Guardian:AncientConstruct"],"picked":"Guardian:Clone","floor":45},{"not_picked":["Guardian:SentryBeam+1","Guardian:PrimingBeam+1"],"picked":"Guardian:TemporalStrike","floor":46},{"not_picked":["Guardian:ChargeCore","Guardian:Gem_Blue"],"picked":"Guardian:ChargeUp","floor":49},{"not_picked":["Guardian:TimeCapacitor","Guardian:Clone"],"picked":"Guardian:FloatingOrbs+1","floor":52}],"player_experience":58386,"relics_obtained":[{"floor":24,"key":"Strange Spoon"},{"floor":27,"key":"vexMod:BarristanHead"},{"floor":41,"key":"Pen Nib"},{"floor":45,"key":"Peace Pipe"},{"floor":52,"key":"Torii"}],"event_choices":[{"damage_healed":0,"gold_gain":0,"player_choice":"RE RE ","damage_taken":39,"relics_obtained":["JudasShadow","StuffTheSpire:Expresso"],"max_hp_gain":0,"max_hp_loss":0,"event_name":"betterSkull:BetterSkull","floor":4,"gold_loss":0,"cards_upgraded":[]},{"damage_healed":0,"gold_gain":0,"player_choice":"Copied","damage_taken":0,"max_hp_gain":0,"max_hp_loss":0,"event_name":"Duplicator","floor":40,"gold_loss":0,"cards_obtained":["Guardian:FloatingOrbs"]}],"is_beta":false,"boss_relics":[{"not_picked":["hubris:TenFootPole","vexMod:Spyglass"],"picked":"Blood Vial"},{"not_picked":[]},{"not_picked":["Lee\u0027s Waffle","StuffTheSpire:Rhapsscallions"],"picked":"DoctorsRemote"},{"not_picked":[]}],"items_purged_floors":[],"is_endless":false,"potions_floor_spawned":[6,9,14,16,25,27,28,36,38,46,52],"ascension_level":0}}