{"host":"pf5oese4ka0eje7d","time":1610296538,"event":{"mods":["AchievementEnabler","BaseMod","Colored Map","Minty Spire (QoL Compilation)","StSLib","SuperFastMode"],"gold_per_floor":[114,17,29,29,48,48,75,75,154,169,169,199,199,199,199,298,298,310,510,525,183,198,198,212,239,239,239,249,249,249,249,249,344,344,360,371,371,371,371],"floor_reached":38,"playtime":974,"items_purged":["Strike_G","Strike_G"],"score":543,"play_id":"233d0b92-adff-49ea-a950-b6704fc24a14","local_time":"20210110173538","is_ascension_mode":true,"campfire_choices":[{"data":"Bane","floor":6,"key":"SMITH"},{"floor":8,"key":"REST"},{"data":"Bane","floor":11,"key":"SMITH"},{"data":"Envenom","floor":13,"key":"SMITH"},{"floor":15,"key":"REST"},{"data":"Deadly Poison","floor":23,"key":"SMITH"},{"floor":27,"key":"REST"},{"data":"Terror","floor":29,"key":"SMITH"},{"floor":32,"key":"REST"}],"circlet_count":0,"master_deck":["Strike_G+1","Strike_G+1","Defend_G","Defend_G+1","Defend_G","Defend_G","Defend_G","Survivor","Neutralize","Catalyst+1","Deadly Poison+1","Bane+1","Bane+1","PiercingWail","Envenom+1","Dagger Spray+1","Terror+1","Cloak And Dagger+1","Deadly Poison","Backstab+1"],"relics":["Ring of the Snake","Art of War","Whetstone","Meat on the Bone","Blue Candle","Cursed Key","Bottled Lightning","Strawberry","Letter Opener","SlaversCollar"],"acts_visited":["Exordium","TheCity","TheBeyond"],"potions_floor_usage":[20,24,25,25,38],"damage_taken":[{"damage":2,"enemies":"Cultist","floor":1,"turns":4},{"damage":7,"enemies":"Jaw Worm","floor":3,"turns":3},{"damage":0,"enemies":"2 Louse","floor":5,"turns":4},{"damage":17,"enemies":"Lagavulin","floor":7,"turns":7},{"damage":0,"enemies":"2 Fungi Beasts","floor":10,"turns":4},{"damage":12,"enemies":"Gremlin Nob","floor":12,"turns":3},{"damage":3,"enemies":"Hexaghost","floor":16,"turns":6},{"damage":0,"enemies":"Chosen","floor":18,"turns":3},{"damage":1,"enemies":"3 Byrds","floor":20,"turns":4},{"damage":0,"enemies":"Snecko","floor":22,"turns":3},{"damage":43,"enemies":"Sentry and Sphere","floor":24,"turns":6},{"damage":20,"enemies":"Gremlin Leader","floor":25,"turns":4},{"damage":13,"enemies":"Shelled Parasite and Fungi","floor":28,"turns":4},{"damage":25,"enemies":"Collector","floor":33,"turns":5},{"damage":42,"enemies":"3 Darklings","floor":35,"turns":6},{"damage":13,"enemies":"Orb Walker","floor":36,"turns":3},{"damage":45,"enemies":"Spire Growth","floor":38,"turns":3}],"seed_played":"2226052243482197352","potions_obtained":[{"floor":1,"key":"AttackPotion"},{"floor":10,"key":"SpeedPotion"},{"floor":18,"key":"LiquidBronze"},{"floor":20,"key":"Fire Potion"},{"floor":24,"key":"Poison Potion"},{"floor":35,"key":"Swift Potion"},{"floor":36,"key":"FearPotion"}],"is_trial":false,"path_per_floor":["M","$","M","?","M","R","E","R","T","M","R","E","R","?","R","B",null,"M","?","M","$","M","R","M","E","T","R","M","R","?","?","R","B",null,"M","M","?","M"],"character_chosen":"THE_SILENT","items_purchased":["Deadly Poison","Bottled Lightning"],"campfire_rested":4,"item_purchase_floors":[2,21],"current_hp_per_floor":[61,61,54,40,40,40,23,44,44,44,44,44,44,44,65,62,68,68,68,67,67,67,67,36,35,35,58,45,45,45,45,68,43,69,39,38,38,0,0],"gold":371,"neow_bonus":"RANDOM_COMMON_RELIC","is_daily":false,"chose_seed":false,"campfire_upgraded":5,"win_rate":0.0,"timestamp":1610296538,"path_taken":["M","$","M","?","M","R","E","R","T","M","R","E","R","?","R","BOSS","M","?","M","$","M","R","?","E","T","R","M","R","?","?","R","BOSS","M","M","?","M"],"items_purchased_type":["Card","Relic"],"build_version":"2020-12-22","purchased_purges":2,"victory":false,"max_hp_per_floor":[70,70,70,70,70,70,70,70,70,70,70,70,70,70,70,70,70,70,70,70,70,70,70,70,77,77,77,77,77,77,77,77,77,77,77,77,77,77,77],"card_choices":[{"not_picked":["Bouncing Flask","Dagger Throw"],"picked":"Catalyst","floor":1},{"not_picked":["Flying Knee","Prepared","Leg Sweep"],"picked":"SKIP","floor":3},{"not_picked":["Reflex","Caltrops"],"picked":"Bane","floor":5},{"not_picked":["Infinite Blades","PiercingWail"],"picked":"Bane","floor":7},{"not_picked":["Blade Dance","Dodge and Roll"],"picked":"PiercingWail","floor":10},{"not_picked":["Slice","Dash"],"picked":"Envenom","floor":12},{"not_picked":["Leg Sweep","All Out Attack","Dodge and Roll+1"],"picked":"SKIP","floor":18},{"not_picked":["Blade Dance","Backflip+1"],"picked":"Dagger Spray+1","floor":20},{"not_picked":["Dodge and Roll","Dagger Spray+1"],"picked":"Terror","floor":22},{"not_picked":["Outmaneuver","Distraction"],"picked":"Cloak And Dagger+1","floor":24},{"not_picked":["Calculated Gamble","Dagger Throw","Dash"],"picked":"SKIP","floor":25},{"not_picked":["Acrobatics","Wraith Form v2"],"picked":"Deadly Poison","floor":28},{"not_picked":["Skewer+1","Accuracy","Dagger Throw+1"],"picked":"SKIP","floor":35},{"not_picked":["Flying Knee","Masterful Stab+1"],"picked":"Backstab+1","floor":36}],"player_experience":315363,"relics_obtained":[{"floor":7,"key":"Whetstone"},{"floor":9,"key":"Meat on the Bone"},{"floor":12,"key":"Blue Candle"},{"floor":25,"key":"Strawberry"},{"floor":26,"key":"Letter Opener"}],"event_choices":[{"damage_healed":0,"gold_gain":0,"player_choice":"Entered Light","damage_taken":14,"max_hp_gain":0,"max_hp_loss":0,"event_name":"Shining Light","floor":4,"gold_loss":0,"cards_upgraded":["Catalyst","Defend_G"]},{"cards_removed":["Strike_G"],"damage_healed":0,"gold_gain":0,"player_choice":"Purged","damage_taken":0,"max_hp_gain":0,"max_hp_loss":0,"event_name":"Purifier","floor":14,"gold_loss":0},{"damage_healed":0,"gold_gain":250,"player_choice":"Bet on Owner","damage_taken":0,"max_hp_gain":0,"max_hp_loss":0,"event_name":"The Joust","floor":19,"gold_loss":50},{"damage_healed":0,"gold_gain":0,"player_choice":"Ignored","damage_taken":0,"max_hp_gain":0,"max_hp_loss":0,"event_name":"Vampires","floor":30,"gold_loss":0},{"cards_removed":["Pain"],"damage_healed":0,"gold_gain":0,"player_choice":"Elegance","damage_taken":0,"max_hp_gain":0,"max_hp_loss":0,"event_name":"Back to Basics","floor":31,"gold_loss":0},{"damage_healed":0,"gold_gain":0,"player_choice":"Ignored","damage_taken":0,"max_hp_gain":0,"max_hp_loss":0,"event_name":"Tomb of Lord Red Mask","floor":37,"gold_loss":0}],"is_beta":false,"boss_relics":[{"not_picked":["Empty Cage","Fusion Hammer"],"picked":"Cursed Key"},{"not_picked":["Runic Pyramid","Pandora\u0027s Box"],"picked":"SlaversCollar"}],"items_purged_floors":[2,21],"is_endless":false,"potions_floor_spawned":[1,10,18,20,24,35,36],"killed_by":"Spire Growth","ascension_level":7}}