{"host":"ha6p5pdchuduffeg","time":1610258500,"event":{"mods":["Act Like it!","BaseMod","Gensokyo","KinomotoSakuraMod(ƒæ÷Æ±æ”£)","Koishi","Marisa£®ÏF”Í°°ƒß¿Ì…≥£©","Minty Spire (QoL Compilation)","Reimu£®≤©¿ˆ¡È√Œ£©","Remilia£®¿Ÿ√◊¿Ú—«£©","Replay The Spire","StSLib","The Servant 0.9.4","Youmu£®ªÍ∆«—˝√Œ£©"],"gold_per_floor":[111,122,122,122,143,187,112,112,188,203,227,268,268,282,282,408,408,431,371,220,220,220,260,260,279,279,320,320,336,352,352,352],"floor_reached":31,"playtime":942,"items_purged":["Injury"],"score":314,"play_id":"82d7b987-1fe0-4262-a78f-2f9acb328498","local_time":"20210110140140","is_ascension_mode":true,"campfire_choices":[{"floor":8.0,"key":"REST"},{"data":"PowerUp","floor":13,"key":"SMITH"},{"data":"BlazeAway","floor":15,"key":"SMITH"},{"floor":24,"key":"REST"},{"floor":28,"key":"REST"}],"circlet_count":0,"master_deck":["Strike_MRS","Strike_MRS","Strike_MRS+1","Strike_MRS","Defend_MRS","Defend_MRS","Defend_MRS","Defend_MRS","MasterSpark","UpSweep","MysteriousBeam","PowerUp+1","MysteriousBeam","BlazeAway+1","MillisecondPulsars","PropBag","MysteriousBeam"],"relics":["MiniHakkero","Golden Idol","Replay:Baseball","Quantum Egg","Omamori","SlaversCollar","Lee\u0027s Waffle","Golden Egg","ReplayTheSpireMod:Lightbulb","StoneCalendar","Centennial Puzzle","Letter Opener"],"acts_visited":["Exordium","TheCity"],"potions_floor_usage":[10,16,18,25,30],"damage_taken":[{"damage":1.0,"enemies":"Cultist","floor":1.0,"turns":3.0},{"damage":3.0,"enemies":"2 Louse","floor":2.0,"turns":2.0},{"damage":0.0,"enemies":"Small Slimes","floor":5.0,"turns":3.0},{"damage":21.0,"enemies":"Lagavulin","floor":6.0,"turns":4.0},{"damage":0,"enemies":"Exordium Wildlife","floor":10,"turns":2},{"damage":1,"enemies":"Looter","floor":11,"turns":2},{"damage":13,"enemies":"3 Sentries","floor":12,"turns":5},{"damage":3,"enemies":"Blue Slaver","floor":14,"turns":2},{"damage":44,"enemies":"The Guardian","floor":16,"turns":7},{"damage":15,"enemies":"Shell Parasite","floor":18,"turns":3},{"damage":31,"enemies":"Gremlin Leader","floor":23,"turns":4},{"damage":13,"enemies":"2 Thieves","floor":25,"turns":2},{"damage":36,"enemies":"Book of Stabbing","floor":27,"turns":4},{"damage":36,"enemies":"Snecko","floor":29,"turns":5},{"damage":19,"enemies":"Snake Plant","floor":30,"turns":3},{"damage":6,"enemies":"3 Cultists","floor":31,"turns":2}],"seed_played":"-7221083145713566994","potions_obtained":[{"floor":5.0,"key":"Weak Potion"},{"floor":6.0,"key":"SkillPotion"},{"floor":16,"key":"Weak Potion"},{"floor":23,"key":"AttackPotion"},{"floor":27,"key":"BottledSpark"},{"floor":29,"key":"ColorlessPotion"},{"floor":30,"key":"Elixir"}],"is_trial":false,"path_per_floor":["M","M","?","?","M","E","$","R","T","M","M","E","R","M","R","B",null,"M","?","$","?","?","E","R","M","T","E","R","M","M","M"],"character_chosen":"MARISA","items_purchased":["Lee\u0027s Waffle"],"campfire_rested":3,"item_purchase_floors":[20],"current_hp_per_floor":[81,78,78,78,78,57,57,81,81,81,80,67,67,64,64,20,82,67,67,89,89,89,58,84,71,71,35,61,25,6,0,0],"gold":352,"neow_bonus":"TEN_PERCENT_HP_BONUS","is_daily":false,"chose_seed":false,"campfire_upgraded":2,"win_rate":0.0,"timestamp":1610258500,"path_taken":["M","M","?","?","M","E","$","R","T","?","M","E","R","M","R","BOSS","M","?","$","?","?","E","R","M","T","E","R","M","?","M"],"items_purchased_type":["Relic"],"build_version":"2020-12-22","purchased_purges":1,"victory":false,"max_hp_per_floor":[82,82,82,82,82,82,82,82,82,82,82,82,82,82,82,82,82,82,82,89,89,89,89,89,89,89,89,89,89,89,89,89],"card_choices":[{"not_picked":["DeepEcoloBomb","GalacticHalo"],"picked":"MysteriousBeam","floor":1.0},{"not_picked":["Orbital","AsteroidBelt","PulseMagic"],"picked":"SKIP","floor":2.0},{"not_picked":["6A","MilkyWay","UnstableBomb"],"picked":"SKIP","floor":5.0},{"not_picked":["ManaConvection","GravityBeat","SporeBomb"],"picked":"SKIP","floor":6.0},{"not_picked":["EnergyRecoil","6A"],"picked":"PowerUp","floor":10},{"not_picked":["MaximisePower","PulseMagic","Robbery"],"picked":"SKIP","floor":11},{"not_picked":["DC","LuminesStrike"],"picked":"MysteriousBeam","floor":12},{"not_picked":["OneTimeOff","DC"],"picked":"BlazeAway","floor":14},{"not_picked":["BigCrunch","JA"],"picked":"MillisecondPulsars","floor":16},{"not_picked":["MilkyWay","MagicAbsorber"],"picked":"PropBag","floor":18},{"not_picked":["DoubleSpark","UnstableBomb+1","SprinkleStarSeal"],"picked":"SKIP","floor":23},{"not_picked":["OneTimeOff","Robbery","ChargeUpSpray"],"picked":"SKIP","floor":25},{"not_picked":["SuperPerseids","WitchOfGreed","ShootTheMoon"],"picked":"SKIP","floor":27},{"not_picked":["DC","MilkyWay"],"picked":"MysteriousBeam","floor":29},{"not_picked":["SprinkleStarSeal","MilkyWay+1","MysteriousBeam"],"picked":"SKIP","floor":30}],"player_experience":45953,"relics_obtained":[{"floor":6.0,"key":"Replay:Baseball"},{"floor":9.0,"key":"Quantum Egg"},{"floor":12,"key":"Omamori"},{"floor":23,"key":"ReplayTheSpireMod:Lightbulb"},{"floor":26,"key":"StoneCalendar"},{"floor":27,"key":"Centennial Puzzle"}],"event_choices":[{"damage_healed":0.0,"max_hp_gain":0.0,"max_hp_loss":0.0,"gold_gain":0.0,"event_name":"Golden Idol","player_choice":"Take Wound","floor":4.0,"gold_loss":0.0,"damage_taken":0.0,"relics_obtained":["Golden Idol"],"cards_obtained":["Injury"]},{"damage_healed":0,"gold_gain":0,"player_choice":"Ignored","damage_taken":0,"max_hp_gain":0,"max_hp_loss":0,"event_name":"Vampires","floor":21,"gold_loss":0},{"damage_healed":0,"gold_gain":0,"player_choice":"Opened","damage_taken":0,"relics_obtained":["Golden Egg"],"max_hp_gain":0,"max_hp_loss":0,"event_name":"The Mausoleum","floor":22,"gold_loss":0}],"is_beta":false,"boss_relics":[{"not_picked":["Abe\u0027s Treasure","Replay:Bronze Core"],"picked":"SlaversCollar"}],"items_purged_floors":[7],"is_endless":false,"potions_floor_spawned":[5,6,16,23,27,29,30],"killed_by":"3 Cultists","ascension_level":2}}