{"host":"z9grmtg2w0nmz8n1","time":1610243836,"event":{"mods":["Aspiration","Bard","BaseMod","Beaked The Cultist","Better Altar","Better Match","Better Note","Better Sensory Stone","Better Skull","Better Third Choice","BetterRewards","CCEM","Colored Map","Conspire","Downfall","GifTheSpireLib","Googly Eyes","Halation","Hermit","Highlight Path","Hubris","Hunter ??","Jedi Mod","Jorbs\u0027s Wanderer Trilogy","Mad Scientist","Marisa????????","Minty Spire (QoL Compilation)","Permanent Neow","Replay The Spire","Shade Mod","Shop Mod","Spicy Shops","StSLib","Stuff the Spire","The Bug Knight","The Construct","The Necromancer","The Runesmith","The Witch"],"gold_per_floor":[212,162,182,199,199,231,245,272,299,224,243,143,143,158,158,261,261,277,277,277,277,289,289,289],"floor_reached":23,"playtime":706,"items_purged":["Strike_B","Strike_B"],"score":211,"play_id":"316a6491-3dcf-4cfd-bb33-ff4337065643","local_time":"20210109235716","is_ascension_mode":true,"campfire_choices":[{"floor":13,"key":"RECALL"},{"floor":15,"key":"REST"}],"circlet_count":0,"master_deck":["Strike_B","Defend_B","Defend_B","Defend_B","Defend_B","Zap+1","Dualcast","Defragment","Ball Lightning","jedi:blockon+1","ReplayTheSpireMod:Calculation Training"],"relics":["Cracked Core","StuffTheSpire:GrapeVine","Regal Pillow","jedi:hotpepper","MutagenicStrength","aspiration:RitualStick"],"acts_visited":["Exordium","TheCity"],"potions_floor_usage":[6,8,14],"damage_taken":[{"damage":2,"enemies":"Small Slimes","floor":1,"turns":4},{"damage":0,"enemies":"2 Louse","floor":3,"turns":2},{"damage":1,"enemies":"Jaw Worm","floor":4,"turns":4},{"damage":28,"enemies":"3 Sentries","floor":6,"turns":6},{"damage":4,"enemies":"Blue Slaver","floor":7,"turns":3},{"damage":13,"enemies":"Lagavulin","floor":8,"turns":5},{"damage":3,"enemies":"Red Slaver","floor":11,"turns":4},{"damage":6,"enemies":"Exordium Thugs","floor":14,"turns":3},{"damage":32,"enemies":"The Guardian","floor":16,"turns":12},{"damage":28,"enemies":"3 Byrds","floor":18,"turns":4},{"damage":8,"enemies":"Spheric Guardian","floor":22,"turns":4},{"damage":10,"enemies":"Slavers","floor":23,"turns":1}],"seed_played":"-1382187454387179851","potions_obtained":[{"floor":1,"key":"construct:ShiftPotion"},{"floor":3,"key":"ColorlessPotion"},{"floor":7,"key":"BlessingOfTheForge"},{"floor":8,"key":"Block Potion"},{"floor":16,"key":"Elixir"}],"is_trial":false,"path_per_floor":["M","?","M","M","?","E","M","E","T","$","M","$","R","M","R","B",null,"M","?","?","?","M","E"],"character_chosen":"DEFECT","items_purchased":[],"campfire_rested":1,"item_purchase_floors":[],"current_hp_per_floor":[73,73,73,72,72,44,40,27,27,27,24,24,24,18,55,23,56,28,28,28,17,9,0,0],"gold":289,"neow_bonus":"HUNDRED_GOLD","is_daily":false,"chose_seed":false,"campfire_upgraded":0,"win_rate":0.0,"timestamp":1610243836,"path_taken":["M","?","M","M","?","E","M","E","T","?","?","$","R","M","R","BOSS","M","?","?","?","?","E"],"items_purchased_type":[],"build_version":"2020-12-22","purchased_purges":2,"victory":false,"max_hp_per_floor":[75,75,75,75,75,75,75,75,75,75,75,75,75,75,75,75,56,56,56,56,56,56,56,56],"card_choices":[{"not_picked":["Recycle","Compile Driver"],"picked":"Defragment","floor":1},{"not_picked":["Rebound","Hologram","StuffTheSpire:LoadUp"],"picked":"SKIP","floor":3},{"not_picked":["conspire:Rain","BasicCrystalCard"],"picked":"Ball Lightning","floor":4},{"not_picked":["ReplaySort","StuffTheSpire:GlassShard","BasicCrystalCard"],"picked":"SKIP","floor":6},{"not_picked":["Hologram","Beam Cell","StuffTheSpire:ShieldGenerator"],"picked":"SKIP","floor":7},{"not_picked":["Stack","Recycle","Blizzard"],"picked":"SKIP","floor":8},{"not_picked":["Rip and Tear","Hyperbeam","Redo"],"picked":"SKIP","floor":11},{"not_picked":["jedi:blockon","Redo","StuffTheSpire:Rend"],"picked":"SKIP","floor":14},{"not_picked":["Coolheaded","Aggregate+1"],"picked":"jedi:blockon+1","floor":18},{"not_picked":["Sweeping Beam","StuffTheSpire:LoadUp"],"picked":"ReplayTheSpireMod:Calculation Training","floor":22}],"player_experience":825858,"relics_obtained":[{"floor":6,"key":"StuffTheSpire:GrapeVine"},{"floor":8,"key":"Regal Pillow"}],"event_choices":[{"cards_removed":["Strike_B"],"damage_healed":0,"gold_gain":0,"player_choice":"Card Removal","damage_taken":0,"max_hp_gain":0,"max_hp_loss":0,"event_name":"The Cleric","floor":2,"gold_loss":50},{"cards_removed":["Strike_B"],"damage_healed":0,"gold_gain":0,"player_choice":"Give","damage_taken":0,"max_hp_gain":0,"max_hp_loss":0,"event_name":"betterNote:BetterNote","floor":19,"gold_loss":0,"cards_obtained":["Strike_B"]},{"damage_healed":0,"gold_gain":0,"player_choice":"Inject Mutagens","damage_taken":0,"relics_obtained":["MutagenicStrength"],"max_hp_gain":0,"max_hp_loss":0,"event_name":"Drug Dealer","floor":20,"gold_loss":0}],"is_beta":false,"boss_relics":[{"not_picked":["halation:SmartPhone","Honey Jar"],"picked":"jedi:hotpepper"}],"items_purged_floors":[10,12],"is_endless":false,"potions_floor_spawned":[1,3,7,8,16],"killed_by":"Slavers","ascension_level":1}}