{"host":"sup1rd0ujr5jgopq","time":1610299292,"event":{"mods":["BaseMod","Colored Map","Downfall","Minty Spire (QoL Compilation)","StSLib"],"gold_per_floor":[99,116,116,127,227,227,227,227,227,247,312,7,7,0,16,117,117,117,130,130,154,171,201,281,299,311,207,225,238,238,248,261,358,358,358,376,430,448,460,480,506,346,364,224,274,195,95,108,124,124],"floor_reached":51,"playtime":3753,"items_purged":["champ:Defend","champ:Defend","champ:Defend"],"score":688,"play_id":"708a0781-5a85-4393-88a3-cd8962f8e6de","local_time":"20210110122132","is_ascension_mode":false,"campfire_choices":[{"data":"champ:Taunt","floor":1.0,"key":"SMITH"},{"data":"champ:GladiatorStyle","floor":9.0,"key":"SMITH"},{"data":"champ:StrikeOfGenius","floor":13,"key":"SMITH"},{"data":"champ:UltimateStance","floor":18,"key":"SMITH"},{"data":"champ:DefensiveStyle","floor":30,"key":"SMITH"},{"floor":35,"key":"RECALL"},{"data":"champ:StanceDance","floor":47,"key":"SMITH"}],"circlet_count":0,"master_deck":["champ:Defend","champ:Execute","champ:Taunt+1","champ:GladiatorStyle+1","champ:PreciseThrust","champ:Haymaker","champ:GutPunch+1","champ:TornadoPunch","champ:ArenaPreparation","champ:StrikeOfGenius+1","champ:StanceDance","champ:ShieldWall","champ:UltimateStance+1","champ:AdrenalArmor","champ:FalseCounter+1","champ:StanceDance+1","champ:ShieldSlam","champ:ViciousMockery+1","champ:DefensiveStyle+1","champ:FancyFootwork","champ:IronFortress","champ:FlashCut+1","champ:EndlessRage+1","champ:BerserkerStyle","champ:GladiatorForm","champ:HoldFirm","champ:PreemptiveStrike+1","champ:UltimateStance+1","champ:ArenaPreparation+1","champ:DefensiveStyle+1","champ:EnGarde+1","champ:ShieldWall+1","champ:Duel","champ:Parry","champ:FancyFootwork","champ:RisingSlash","champ:Backstep+1"],"relics":["champ:ChampionCrown","downfall:ShatteredFragment","Ornamental Fan","Nunchaku","Toy Ornithopter","bronze:MakeshiftBattery","Bag of Preparation","Mercury Hourglass","Mummified Hand","Membership Card","Unceasing Top","Astrolabe","Pocketwatch","Vajra","Whetstone","Ginger","Centennial Puzzle","downfall:HeartBlessingBlue"],"acts_visited":["Exordium","TheCity","TheBeyond"],"potions_floor_usage":[12,12,15,27],"damage_taken":[{"damage":10.0,"enemies":"Cultist","floor":2.0,"turns":4.0},{"damage":20.0,"enemies":"Jaw Worm","floor":4.0,"turns":6.0},{"damage":10.0,"enemies":"Small Slimes","floor":10.0,"turns":3.0},{"damage":21.0,"enemies":"Gremlin Nob","floor":11.0,"turns":4.0},{"damage":25,"enemies":"downfall:FleeingMerchant","floor":12,"turns":4},{"damage":15,"enemies":"downfall:FleeingMerchant","floor":14,"turns":4},{"damage":31,"enemies":"Exordium Thugs","floor":15,"turns":3},{"damage":46,"enemies":"ArchetypeAct1Statuses","floor":16,"turns":7},{"damage":32,"enemies":"Shell Parasite","floor":19,"turns":4},{"damage":20,"enemies":"3 Byrds","floor":22,"turns":4},{"damage":29,"enemies":"Book of Stabbing","floor":23,"turns":7},{"damage":10,"enemies":"Cultist and Chosen","floor":25,"turns":4},{"damage":36,"enemies":"Snake Plant","floor":26,"turns":4},{"damage":20,"enemies":"downfall:FleeingMerchant","floor":27,"turns":4},{"damage":31,"enemies":"Sentry and Sphere","floor":28,"turns":5},{"damage":25,"enemies":"Snecko","floor":29,"turns":3},{"damage":10,"enemies":"Snake Plant","floor":31,"turns":2},{"damage":29,"enemies":"Shelled Parasite and Fungi","floor":32,"turns":3},{"damage":102,"enemies":"downfall:Defect","floor":33,"turns":7},{"damage":8,"enemies":"3 Shapes","floor":36,"turns":2},{"damage":41,"enemies":"2 Orb Walkers","floor":37,"turns":2},{"damage":52,"enemies":"3 Darklings","floor":38,"turns":5},{"damage":15,"enemies":"Sphere and 2 Shapes","floor":39,"turns":4},{"damage":51,"enemies":"Spire Growth","floor":40,"turns":3},{"damage":55,"enemies":"Transient","floor":43,"turns":5},{"damage":44,"enemies":"Transient","floor":45,"turns":3},{"damage":0,"enemies":"3 Darklings","floor":48,"turns":3},{"damage":14,"enemies":"4 Shapes","floor":49,"turns":2},{"damage":118,"enemies":"downfall:Watcher","floor":50,"turns":5}],"seed_played":"5967100727218228106","potions_obtained":[{"floor":8.0,"key":"SkillPotion"},{"floor":8.0,"key":"Regen Potion"},{"floor":8.0,"key":"EntropicBrew"},{"floor":15,"key":"Swift Potion"},{"floor":22,"key":"FearPotion"},{"floor":26,"key":"DuplicationPotion"}],"is_trial":false,"path_per_floor":["R","M","?","M","?","?","T","?","R","M","?","$","R","$","M","B",null,"R","M","?","T","M","E","T","M","M","$","M","M","R","M","M","B",null,"R","M","?","M","M","M","T","$","M","$","?","$","R","M","M","B",null],"character_chosen":"THE_CHAMP","items_purchased":["champ:StrikeOfGenius","Toy Ornithopter","Membership Card","champ:FancyFootwork","LiquidMemories","champ:IronFortress","Unceasing Top","champ:Parry","Vajra","Whetstone","Centennial Puzzle"],"campfire_rested":0,"item_purchase_floors":[12,12,27,27,27,27,27,42,42,44,46],"current_hp_per_floor":[90,90,90,90,90,63,63,63,63,63,61,61,61,61,60,39,90,90,83,83,83,83,79,79,79,68,73,72,72,72,72,68,33,90,90,87,76,76,76,75,75,75,75,75,75,75,85,85,85,63],"gold":124,"neow_bonus":"TRANSFORM_CARD","is_daily":false,"chose_seed":false,"campfire_upgraded":6,"win_rate":0.0,"timestamp":1610299292,"path_taken":["R","M","?","?","?","?","T","?","R","?","?","$","R","?","M","BOSS","R","M","?","?","M","E","T","M","M","$","M","?","R","M","M","BOSS","R","M","?","M","M","M","T","$","M","$","?","?","R","M","M","BOSS"],"items_purchased_type":["Card","Relic","Relic","Card","Potion","Card","Relic","Card","Relic","Relic","Relic"],"build_version":"2020-12-13","purchased_purges":3,"victory":true,"max_hp_per_floor":[90,90,90,90,90,90,90,90,90,90,90,90,90,90,90,90,90,90,90,90,90,90,90,90,90,90,90,90,90,90,90,90,90,90,90,90,90,90,90,90,90,90,90,90,90,90,100,100,100,100],"card_choices":[{"not_picked":["champ:BladeFlurry","champ:Shatter"],"picked":"champ:PreciseThrust","floor":2.0},{"not_picked":["champ:EnGarde","champ:Encircle"],"picked":"champ:Haymaker","floor":4.0},{"not_picked":["champ:FaceSlap","champ:BladeFlurry"],"picked":"champ:GutPunch","floor":10.0},{"not_picked":["champ:CrownThrow","champ:DeathBlow"],"picked":"champ:TornadoPunch","floor":11.0},{"not_picked":["champ:DefensiveShout","champ:PreciseThrust"],"picked":"champ:ArenaPreparation","floor":12},{"not_picked":["champ:FaceSlap","champ:DefensiveShout"],"picked":"champ:StanceDance","floor":14},{"not_picked":["champ:BerserkersShout","champ:Shatter"],"picked":"champ:ShieldWall","floor":15},{"not_picked":["champ:CheapShot","champ:GladiatorForm"],"picked":"champ:UltimateStance","floor":16},{"not_picked":["champ:Lariat+1","champ:Haymaker+1"],"picked":"champ:AdrenalArmor","floor":19},{"not_picked":["champ:GutPunch","champ:CalledShot"],"picked":"champ:FalseCounter+1","floor":22},{"not_picked":["champ:CrookedStrike+1","champ:UltimateStance"],"picked":"champ:StanceDance","floor":23},{"not_picked":["champ:RecklessLeap","champ:AdrenalArmor"],"picked":"champ:ShieldSlam","floor":25},{"not_picked":["champ:PerfectedStrike","champ:AdrenalArmor"],"picked":"champ:ViciousMockery+1","floor":26},{"not_picked":["champ:DancingMaster","champ:Devastate"],"picked":"champ:DefensiveStyle","floor":27},{"not_picked":["champ:SkillfulDodge+1","champ:GladiatorStyle+1"],"picked":"champ:FlashCut","floor":28},{"not_picked":["champ:FlashCut","champ:BladeFlurry"],"picked":"champ:EndlessRage+1","floor":29},{"not_picked":["champ:Circumvent","champ:GutPunch"],"picked":"champ:BerserkerStyle","floor":31},{"not_picked":["champ:GladiatorStyle","champ:FlashCut"],"picked":"champ:GladiatorForm","floor":32},{"not_picked":["champ:StrikeOfGenius","champ:HeavySlash"],"picked":"champ:HoldFirm","floor":33},{"not_picked":["champ:BladeFlurry+1","champ:PreciseThrust+1"],"picked":"champ:DefensiveStyle+1","floor":36},{"not_picked":["champ:Shatter+1","champ:StanceDance"],"picked":"champ:EnGarde+1","floor":37},{"not_picked":["champ:GladiatorStyle","champ:Circumvent+1"],"picked":"champ:ShieldWall+1","floor":38},{"not_picked":["champ:FlashCut+1","champ:FanOfKnives+1","champ:GutPunch+1"],"picked":"SKIP","floor":39},{"not_picked":["champ:AdrenalArmor+1","champ:ShieldWall"],"picked":"champ:Duel","floor":40},{"not_picked":["champ:AdrenalArmor+1","champ:GladiatorStyle+1","champ:EnGarde"],"picked":"SKIP","floor":43},{"not_picked":["champ:PreciseThrust+1","champ:BerserkersShout+1"],"picked":"champ:FancyFootwork","floor":45},{"not_picked":["champ:PreciseThrust+1","champ:BladeFlurry"],"picked":"champ:RisingSlash","floor":48},{"not_picked":["champ:PreciseThrust+1","champ:CrownThrow"],"picked":"champ:Backstep+1","floor":49}],"player_experience":79615,"relics_obtained":[{"floor":7.0,"key":"Ornamental Fan"},{"floor":11.0,"key":"Nunchaku"},{"floor":21,"key":"Bag of Preparation"},{"floor":23,"key":"Mercury Hourglass"},{"floor":24,"key":"Mummified Hand"},{"floor":37,"key":"Pocketwatch"},{"floor":45,"key":"Ginger"}],"event_choices":[{"damage_healed":0.0,"max_hp_gain":0.0,"max_hp_loss":0.0,"gold_gain":0.0,"event_name":"NoteForYourself","player_choice":"Ignored","floor":3.0,"gold_loss":0.0,"damage_taken":0.0},{"damage_healed":0.0,"max_hp_gain":0.0,"max_hp_loss":0.0,"gold_gain":0.0,"event_name":"Lab","player_choice":"Got Potions","floor":8.0,"gold_loss":0.0,"damage_taken":0.0},{"damage_healed":0,"gold_gain":0,"player_choice":"Ignored","damage_taken":0,"max_hp_gain":0,"max_hp_loss":0,"event_name":"Vampires","floor":20,"gold_loss":0},{"damage_healed":0,"gold_gain":0,"player_choice":"Fight","damage_taken":0,"max_hp_gain":0,"max_hp_loss":0,"event_name":"Mysterious Sphere","floor":37,"gold_loss":0}],"is_beta":false,"boss_relics":[{"not_picked":["Empty Cage","Fusion Hammer"],"picked":"bronze:MakeshiftBattery"},{"not_picked":["Tiny House","Runic Pyramid"],"picked":"Astrolabe"}],"items_purged_floors":[27,42,44],"is_endless":false,"potions_floor_spawned":[10,15,22,26,29,32,33,39,40,43,48],"ascension_level":0}}