{"host":"llhd11jd6h92zheo","time":1610250889,"event":{"mods":["Act Like it!","BaseMod","Chen","Friendly Minions","Mari Mod (Legacy)","Mari\u0027s V1 Patch","Marisa£®ÏF”Í°°ƒß¿Ì…≥£©","Minty Spire (QoL Compilation)","Quick Restart","Reimu£®≤©¿ˆ¡È√Œ£©","Relic Stats","Replay The Spire","StSLib","The Alterego","The Bug Knight","The Marked","The Servant 0.9.4","UnlockEverythingMod","Yohane!","Yuri Mod","vexMod","°æ“≈ŒÔø®≈∆°øREMEMod"],"gold_per_floor":[119,8444,8444,8474,8486,8498,8510,8557,8596,8633,8010,8036,8036,8053,8053,8149,8149,8169,8186,8186,8205,8120,8120,8120,8120,8120,7659,7659,7659,6964,6973,6973,7077,7177,7192,7192,7192,6478,6478,6478,5976,5976,6030,6048,6074,6092,6092,5358,5358,5472,5472,5486,5513,4845,4845,4907,4938,4967,4309,4332,4348,4381,4381,4045,4057,4057,4162,4162,4190,4105,3348,3378,3478,3478,2764,2764,2796,2813,2846,2877,2332,2356,2356,2469,2469,2469,2486,2261,2261,1965,2000,2042,2056,2082,1902,1931,1948,1948,1948,1948,2045,2045,2045],"floor_reached":102,"playtime":6661,"items_purged":["OortCloud","FairyDestructionRay","Acceleration","SuperPerseids","alterego_mod:BustOut+1","JA+1","Enlightenment+1","alterego_mod:Alter+1","alterego_mod:Weigh"],"score":2343,"play_id":"f3d22fa8-7131-48d2-8a07-9d8be70d38f5","local_time":"20210110115449","daily_mods":["SealedDeck","Heirloom","Flight"],"is_ascension_mode":false,"campfire_choices":[{"data":"alterego_mod:Clones","floor":6.0,"key":"SMITH"},{"data":"alterego_mod:BusterCard","floor":13.0,"key":"SMITH"},{"data":"alterego_mod:BustOut","floor":24.0,"key":"SMITH"},{"data":"alterego_mod:Alter","floor":25.0,"key":"SMITH"},{"data":"alterego_mod:Birthday","floor":28.0,"key":"SMITH"},{"data":"EnergyFlow","floor":32.0,"key":"SMITH"},{"data":"JA","floor":40.0,"key":"SMITH"},{"data":"Enlightenment","floor":42.0,"key":"SMITH"},{"data":"Madness","floor":47.0,"key":"SMITH"},{"floor":49.0,"key":"DIG"},{"data":"alterego_mod:SideboobHour","floor":66.0,"key":"SMITH"},{"data":"alterego_mod:GIGAMILK","floor":74.0,"key":"SMITH"},{"data":"Madness","floor":76.0,"key":"SMITH"},{"data":"alterego_mod:SuperDuperMasochism","floor":83.0,"key":"SMITH"},{"data":"alterego_mod:Antipathy","floor":98,"key":"SMITH"},{"floor":100,"key":"REST"}],"circlet_count":0,"master_deck":["MagicChant+1","EnergyFlow+1","alterego_mod:Birthday+1","alterego_mod:Clones+1","alterego_mod:BusterCard+1","PowerUp+1","alterego_mod:Venus+1","alterego_mod:Birthday+1","alterego_mod:Rip+1","Madness+1","Madness+1","alterego_mod:PainIsPleasure+1","alterego_mod:ClassAdvantage+1","alterego_mod:SideboobHour+1","alterego_mod:GIGAMILK+1","Madness+1","alterego_mod:SuperDuperMasochism+1","alterego_mod:Antipathy+1","SatelliteIllusion+1"],"relics":["MiniHakkero","Ginger","Medical Kit","Replay:Mystery Machine","MawBank","White Beast Statue","Orichalcum","Toy Ornithopter","Mummified Hand","Anchor","TentaclePot:ReiMu","StoneCalendar","SacredBark","Blue Candle","Letter Opener","Chemical X","CeramicFish","Lantern","Frozen Egg 2","TheAbacus","Replay:Wanted Poster","Oddly Smooth Stone","Mirror","Regal Pillow","Divine Protection","Nunchaku","Replay:Wax Seal","Kunai","Art of War","Guide Book","Smiling Mask","HandmadeGrimoire","Eternal Feather","ClockworkSouvenir","Strawberry","Bottled Tornado","ReplayTheSpireMod:Ninjato","HandDrill","Boot","FaceOfCleric","Replay:Rubber Ducky","Singing Bowl","Onion Ring","Tiny Chest","SimpleLauncher","Red Mask","Replay:WaspNest","Quantum Egg","Lee\u0027s Waffle","Gremlin Food","Replay:Bottled Steam","Sling","SlaversCollar","Membership Card","Potion Belt","Shovel","ReplayFunnel","Orrery","Shuriken"],"acts_visited":["Exordium"],"potions_floor_usage":[97,101,101],"damage_taken":[{"damage":6.0,"enemies":"2 Louse","floor":1.0,"turns":2.0},{"damage":0.0,"enemies":"Cultist","floor":4.0,"turns":2.0},{"damage":0.0,"enemies":"Gremlin Nob","floor":8.0,"turns":2.0},{"damage":6.0,"enemies":"3 Sentries","floor":10.0,"turns":3.0},{"damage":12.0,"enemies":"Gremlin Nob","floor":12.0,"turns":3.0},{"damage":1.0,"enemies":"Jaw Worm","floor":14.0,"turns":2.0},{"damage":1.0,"enemies":"Slime Boss","floor":16.0,"turns":6.0},{"damage":14.0,"enemies":"2 Thieves","floor":18.0,"turns":3.0},{"damage":4.0,"enemies":"Shell Parasite","floor":19.0,"turns":3.0},{"damage":9.0,"enemies":"Chosen and Byrds","floor":21.0,"turns":4.0},{"damage":12.0,"enemies":"Champ","floor":33.0,"turns":6.0},{"damage":0.0,"enemies":"Orb Walker","floor":35.0,"turns":2.0},{"damage":7.0,"enemies":"3 Shapes","floor":44.0,"turns":3.0},{"damage":25.0,"enemies":"Reptomancer","floor":45.0,"turns":4.0},{"damage":111.0,"enemies":"Time Eater","floor":50.0,"turns":7.0},{"damage":0.0,"enemies":"Jaw Worm","floor":52.0,"turns":1.0},{"damage":0.0,"enemies":"Small Slimes","floor":53.0,"turns":2.0},{"damage":2.0,"enemies":"Gremlin Nob","floor":56.0,"turns":3.0},{"damage":19.0,"enemies":"Lagavulin","floor":57.0,"turns":3.0},{"damage":20.0,"enemies":"3 Sentries","floor":58.0,"turns":3.0},{"damage":0.0,"enemies":"Cultist","floor":61.0,"turns":3.0},{"damage":0.0,"enemies":"Gremlin Nob","floor":62.0,"turns":3.0},{"damage":0.0,"enemies":"2 Fungi Beasts","floor":65.0,"turns":2.0},{"damage":0.0,"enemies":"Fading Forest","floor":67.0,"turns":9.0},{"damage":14.0,"enemies":"2 Thieves","floor":69.0,"turns":2.0},{"damage":0.0,"enemies":"Masked Bandits","floor":72.0,"turns":2.0},{"damage":0.0,"enemies":"Book of Stabbing","floor":77.0,"turns":3.0},{"damage":0.0,"enemies":"3 Byrds","floor":78.0,"turns":3.0},{"damage":0.0,"enemies":"Gremlin Leader","floor":79.0,"turns":5.0},{"damage":0.0,"enemies":"Slavers","floor":80.0,"turns":3.0},{"damage":0.0,"enemies":"Snecko","floor":82.0,"turns":3.0},{"damage":39.0,"enemies":"Automaton","floor":84.0,"turns":5.0},{"damage":0.0,"enemies":"3 Darklings","floor":86.0,"turns":1.0},{"damage":0.0,"enemies":"3 Shapes","floor":87.0,"turns":3.0},{"damage":0.0,"enemies":"Giant Head","floor":91.0,"turns":4.0},{"damage":0.0,"enemies":"Reptomancer","floor":92.0,"turns":1.0},{"damage":0.0,"enemies":"Maw","floor":93.0,"turns":4.0},{"damage":0.0,"enemies":"Giant Head","floor":94.0,"turns":4.0},{"damage":0,"enemies":"Nemesis","floor":96,"turns":3},{"damage":23,"enemies":"4 Shapes","floor":97,"turns":4},{"damage":36,"enemies":"Time Eater","floor":101,"turns":4}],"seed_played":"-4547998459308015029","potions_obtained":[{"floor":1.0,"key":"Reflective Coating"},{"floor":10.0,"key":"Dexterity Potion"},{"floor":12.0,"key":"FearPotion"},{"floor":14.0,"key":"Strength Potion"},{"floor":16.0,"key":"BlessingOfTheForge"},{"floor":18.0,"key":"Block Potion"},{"floor":33.0,"key":"Explosive Potion"},{"floor":35.0,"key":"Adrenaline Potion"},{"floor":50.0,"key":"Swift Potion"},{"floor":52.0,"key":"SpeedPotion"},{"floor":53.0,"key":"SkillPotion"},{"floor":56.0,"key":"SteroidPotion"},{"floor":58.0,"key":"PowerPotion"},{"floor":61.0,"key":"PowerPotion"},{"floor":62.0,"key":"Flashbang"},{"floor":67.0,"key":"Block Potion"},{"floor":69.0,"key":"PowerPotion"},{"floor":84.0,"key":"SmokeBomb"},{"floor":87.0,"key":"FearPotion"},{"floor":91.0,"key":"ColorlessPotion"},{"floor":92.0,"key":"Adrenaline Potion"},{"floor":93.0,"key":"GamblersBrew"},{"floor":94.0,"key":"SteroidPotion"},{"floor":97,"key":"Ancient Potion"},{"floor":101,"key":"SpeedPotion"}],"is_trial":true,"path_per_floor":["M","$","?","M","?","R","?","E","T","E","$","E","R","M","R","B",null,"M","M","?","M","?","?","R","R","T","$","R","?","$","?","R","B",null,"M","?","?","$","?","R","$","R","T","M","E","?","R","$","R","B",null,"M","M","$","?","?","E","E","$","T","M","E","?","$","M","R","B",null,"M","?","$","?","?","R","$","R","E","M","E","E","$","M","R","B",null,"M","M","$","?","$","E","E","M","E","$","E","M","R","?","R","B",null],"character_chosen":"MARISA","items_purchased":["Medical Kit","Replay:Mystery Machine","alterego_mod:Venus","Mummified Hand","Anchor","TentaclePot:ReiMu","Chemical X","CeramicFish","alterego_mod:Birthday","Lantern","Frozen Egg 2","TheAbacus","Oddly Smooth Stone","Mirror","JA","Enlightenment","Regal Pillow","Divine Protection","Kunai","Art of War","Guide Book","HandmadeGrimoire","Eternal Feather","ClockworkSouvenir","Bottled Tornado","ReplayTheSpireMod:Ninjato","HandDrill","Replay:Rubber Ducky","alterego_mod:SideboobHour","Onion Ring","Tiny Chest","SimpleLauncher","Madness","Replay:WaspNest","Quantum Egg","Lee\u0027s Waffle","Gremlin Food","Replay:Bottled Steam","Sling","Membership Card","Potion Belt","Shovel","ReplayFunnel","Orrery","Shuriken"],"campfire_rested":1,"item_purchase_floors":[2,2,2,11,11,11,27,27,27,30,30,30,38,38,38,41,41,41,48,48,48,54,54,54,59,59,59,64,64,71,71,71,75,75,75,75,81,81,81,88,88,90,90,90,95],"current_hp_per_floor":[69,69,69,69,69,69,69,71,71,67,67,57,57,63,75,74,75,69,67,67,65,65,65,65,65,65,65,65,65,65,65,65,58,75,75,75,75,75,85,85,85,85,85,79,60,49,49,49,49,3,85,85,85,85,85,92,73,61,61,61,66,86,86,86,90,93,94,94,86,86,86,95,95,98,105,105,108,111,114,117,117,118,118,83,119,120,123,123,125,133,136,137,140,143,143,146,131,143,143,149,127,152,152],"gold":2045,"neow_bonus":"","is_daily":false,"chose_seed":false,"campfire_upgraded":14,"win_rate":0.0,"timestamp":1610250889,"path_taken":["M","$","?","?","?","R","?","E","T","E","$","E","R","M","R","BOSS","M","?","?","M","?","?","R","R","T","$","R","?","$","?","R","BOSS","M","?","?","$","?","R","$","R","T","?","E","?","R","$","R","BOSS","M","M","$","?","?","E","E","?","T","?","E","?","$","M","R","BOSS","M","?","$","?","?","R","$","R","E","?","E","?","$","?","R","BOSS","M","?","$","?","$","E","?","M","E","$","E","?","R","?","R","BOSS"],"items_purchased_type":["Relic","Relic","Card","Relic","Relic","Relic","Relic","Relic","Card","Relic","Relic","Relic","Relic","Relic","Card","Card","Relic","Relic","Relic","Relic","Relic","Relic","Relic","Relic","Relic","Relic","Relic","Relic","Card","Relic","Relic","Relic","Card","Relic","Relic","Relic","Relic","Relic","Relic","Relic","Relic","Relic","Relic","Relic","Relic"],"build_version":"2020-12-22","purchased_purges":9,"victory":false,"max_hp_per_floor":[75,75,75,75,75,75,75,75,75,75,75,75,75,75,75,75,75,75,75,75,75,75,75,75,75,75,75,75,75,75,75,75,75,75,75,75,75,75,85,85,85,85,85,85,85,85,85,85,85,85,85,85,85,85,85,92,92,92,92,92,92,92,92,92,93,93,94,94,95,95,95,98,98,98,105,105,108,111,114,117,117,118,118,119,119,120,123,123,125,133,136,137,140,143,143,146,149,149,149,149,152,152,152],"relic_stats":{"Regal Pillow":0,"Singing Bowl":34,"CeramicFish":153,"StoneCalendar":[52],"Ginger":[13],"Smiling Mask":463,"Boot":[14],"Nunchaku":[16],"TheAbacus":[210],"Shovel":1,"FaceOfCleric":19,"Mummified Hand":[108],"Tiny Chest":2,"HandDrill":[4],"Chemical X":[3],"Kunai":[18],"Lee\u0027s Waffle":7,"counters":[41,133],"Blue Candle":[0],"Eternal Feather":24,"Letter Opener":[368],"Orichalcum":[240],"Medical Kit":[37],"MawBank":96,"Shuriken":[0],"Art of War":[10],"obtain_stats":[{"Divine Protection":41,"CeramicFish":27,"Ginger":0,"Bottled Tornado":59,"Boot":60,"Sling":81,"Replay:Wanted Poster":34,"FaceOfCleric":63,"Strawberry":56,"HandDrill":59,"Kunai":48,"Replay:Wax Seal":45,"Replay:Bottled Steam":81,"TentaclePot:ReiMu":11,"Blue Candle":22,"Oddly Smooth Stone":38,"Eternal Feather":54,"Letter Opener":26,"SlaversCollar":85,"Shuriken":95,"Onion Ring":71,"MiniHakkero":0,"Mirror":38,"ReplayFunnel":90,"Lantern":30,"Regal Pillow":41,"Singing Bowl":70,"SacredBark":17,"StoneCalendar":12,"Replay:Mystery Machine":2,"Smiling Mask":49,"ClockworkSouvenir":54,"Replay:Rubber Ducky":64,"Nunchaku":43,"TheAbacus":30,"Shovel":90,"Mummified Hand":11,"Tiny Chest":71,"HandmadeGrimoire":54,"Red Mask":72,"Chemical X":27,"SimpleLauncher":71,"Gremlin Food":81,"Potion Belt":88,"Lee\u0027s Waffle":75,"ReplayTheSpireMod:Ninjato":59,"Guide Book":48,"Quantum Egg":75,"Replay:WaspNest":75,"Orichalcum":9,"Frozen Egg 2":30,"Medical Kit":2,"MawBank":3,"White Beast Statue":8,"Anchor":11,"Orrery":90,"Art of War":48,"Membership Card":88,"Toy Ornithopter":10},{"Divine Protection":12,"CeramicFish":10,"Ginger":0,"Bottled Tornado":20,"Boot":20,"Sling":30,"Replay:Wanted Poster":11,"FaceOfCleric":22,"Strawberry":18,"HandDrill":20,"Kunai":14,"Replay:Wax Seal":14,"Replay:Bottled Steam":30,"TentaclePot:ReiMu":4,"Blue Candle":10,"Oddly Smooth Stone":12,"Eternal Feather":17,"Letter Opener":10,"SlaversCollar":32,"Shuriken":38,"Onion Ring":25,"MiniHakkero":0,"Mirror":12,"ReplayFunnel":34,"Lantern":10,"Regal Pillow":12,"Singing Bowl":25,"SacredBark":7,"StoneCalendar":5,"Replay:Mystery Machine":1,"Smiling Mask":14,"ClockworkSouvenir":17,"Replay:Rubber Ducky":22,"Nunchaku":12,"TheAbacus":10,"Shovel":34,"Mummified Hand":4,"Tiny Chest":25,"HandmadeGrimoire":17,"Red Mask":26,"Chemical X":10,"SimpleLauncher":25,"Gremlin Food":30,"Potion Belt":34,"Lee\u0027s Waffle":26,"ReplayTheSpireMod:Ninjato":20,"Guide Book":14,"Quantum Egg":26,"Replay:WaspNest":26,"Orichalcum":3,"Frozen Egg 2":10,"Medical Kit":1,"MawBank":1,"White Beast Statue":3,"Anchor":4,"Orrery":34,"Art of War":14,"Membership Card":34,"Toy Ornithopter":4},{"Divine Protection":37,"CeramicFish":29,"Ginger":0,"Bottled Tornado":63,"Boot":63,"Sling":98,"Replay:Wanted Poster":35,"FaceOfCleric":69,"Strawberry":57,"HandDrill":63,"Kunai":44,"Replay:Wax Seal":44,"Replay:Bottled Steam":98,"TentaclePot:ReiMu":9,"Blue Candle":29,"Oddly Smooth Stone":37,"Eternal Feather":54,"Letter Opener":29,"SlaversCollar":105,"Shuriken":122,"Onion Ring":82,"MiniHakkero":0,"Mirror":37,"ReplayFunnel":109,"Lantern":29,"Regal Pillow":37,"Singing Bowl":82,"SacredBark":19,"StoneCalendar":11,"Replay:Mystery Machine":2,"Smiling Mask":44,"ClockworkSouvenir":54,"Replay:Rubber Ducky":69,"Nunchaku":37,"TheAbacus":29,"Shovel":109,"Mummified Hand":9,"Tiny Chest":82,"HandmadeGrimoire":54,"Red Mask":84,"Chemical X":29,"SimpleLauncher":82,"Gremlin Food":98,"Potion Belt":109,"Lee\u0027s Waffle":84,"ReplayTheSpireMod:Ninjato":63,"Guide Book":44,"Quantum Egg":84,"Replay:WaspNest":84,"Orichalcum":6,"Frozen Egg 2":29,"Medical Kit":2,"MawBank":2,"White Beast Statue":6,"Anchor":9,"Orrery":109,"Art of War":44,"Membership Card":109,"Toy Ornithopter":9}],"Toy Ornithopter":57},"card_choices":[{"not_picked":["OortCloud","alterego_mod:Maid"],"picked":"PowerUp","floor":1.0},{"not_picked":["alterego_mod:Clones","WitchLeyline","alterego_mod:PerceptionDisorder"],"picked":"SKIP","floor":4.0},{"not_picked":["Singularity","alterego_mod:1TonWallop","alterego_mod:BeGentle"],"picked":"SKIP","floor":8.0},{"not_picked":["BigCrunch","ChargingUp","BlazeAway"],"picked":"SKIP","floor":10.0},{"not_picked":["alterego_mod:Exercise","DoubleSpark","Acceleration"],"picked":"SKIP","floor":12.0},{"not_picked":["SporeBomb","DarkSpark","PowerUp"],"picked":"SKIP","floor":14.0},{"not_picked":["alterego_mod:InsideBaseball","alterego_mod:Vow"],"picked":"alterego_mod:Alter","floor":16.0},{"not_picked":["PowerUp+1","alterego_mod:Santa+1","ChargingUp"],"picked":"SKIP","floor":18.0},{"not_picked":["alterego_mod:Maid","alterego_mod:Complex+1"],"picked":"alterego_mod:BustOut","floor":19.0},{"not_picked":["alterego_mod:Crossover","Acceleration+1","WitchOfGreed"],"picked":"SKIP","floor":21.0},{"not_picked":["CollectingQuirk","alterego_mod:SideboobHour"],"picked":"alterego_mod:TrickOrTreatment+1","floor":33.0},{"not_picked":["alterego_mod:Support+1","alterego_mod:Exercise","alterego_mod:Maid"],"picked":"SKIP","floor":35.0},{"not_picked":["AsteroidBelt","alterego_mod:Punishment+1","GrandCross+1"],"picked":"SKIP","floor":44.0},{"not_picked":["alterego_mod:Crossover","alterego_mod:Punishment+1","StarDustReverie"],"picked":"SKIP","floor":45.0},{"not_picked":["MaximisePower","ManaRampage"],"picked":"alterego_mod:PainIsPleasure+1","floor":50.0},{"not_picked":["alterego_mod:DiscoLights+1","alterego_mod:MagicResistance","alterego_mod:Nekomimi+1"],"picked":"SKIP","floor":52.0},{"not_picked":["PulseMagic","alterego_mod:Birthday"],"picked":"alterego_mod:ClassAdvantage+1","floor":53.0},{"not_picked":["alterego_mod:MagicResistance","MeteoricShower","SprinkleStarSeal"],"picked":"SKIP","floor":57.0},{"not_picked":["DarkMatter","alterego_mod:DiscoLights+1","MachineGunSpark"],"picked":"SKIP","floor":58.0},{"not_picked":["alterego_mod:SakuraPetals","MysteriousBeam","6A"],"picked":"SKIP","floor":61.0},{"not_picked":["alterego_mod:Complex","alterego_mod:Clones","ShootingEcho"],"picked":"SKIP","floor":62.0},{"not_picked":["UnstableBomb","LuminesStrike","FairyDestructionRay"],"picked":"SKIP","floor":65.0},{"not_picked":["alterego_mod:VirginLaserPalladion","EscapeVelocity+1"],"picked":"alterego_mod:GIGAMILK","floor":67.0},{"not_picked":["alterego_mod:Exercise","alterego_mod:Punishment+1"],"picked":"alterego_mod:ChallengeComplete+1","floor":69.0},{"not_picked":["DragonMeteor","alterego_mod:1TonWallop","EnergyRecoil+1"],"picked":"Singing Bowl","floor":72.0},{"not_picked":["GrandCross","PulseMagic+1","alterego_mod:Valkyrie"],"picked":"Singing Bowl","floor":77.0},{"not_picked":["NonDirectionalLaser+1","alterego_mod:HighServant+1","GalacticHalo"],"picked":"Singing Bowl","floor":78.0},{"not_picked":["AsteroidBelt","alterego_mod:Cycle","GravityBeat+1"],"picked":"Singing Bowl","floor":79.0},{"not_picked":["alterego_mod:Table+1","alterego_mod:BreastValley+1","GalacticHalo"],"picked":"Singing Bowl","floor":80.0},{"not_picked":["MagicChant","WitchOfGreed+1"],"picked":"alterego_mod:SuperDuperMasochism","floor":82.0},{"not_picked":["SuperNova+1","SatelliteIllusion+1"],"picked":"alterego_mod:Antipathy","floor":84.0},{"not_picked":["alterego_mod:Clap+1","alterego_mod:MagicResistance+1","alterego_mod:DiscoLights+1"],"picked":"Singing Bowl","floor":87.0},{"not_picked":["Chrysalis","Dramatic Entrance","Enlightenment"],"picked":"Singing Bowl","floor":89.0},{"not_picked":["alterego_mod:HighServant","ShootingEcho+1"],"picked":"SatelliteIllusion+1","floor":90.0},{"not_picked":["alterego_mod:PerceptionDisorder+1","alterego_mod:BiFurious+1","alterego_mod:PurpleHair"],"picked":"Singing Bowl","floor":90.0},{"not_picked":["alterego_mod:MagicResistance","ShootTheMoon","NonDirectionalLaser"],"picked":"Singing Bowl","floor":90.0},{"not_picked":["ChargeUpSpray+1","MysteriousBeam+1","FinalSpark"],"picked":"Singing Bowl","floor":90.0},{"not_picked":["Acceleration","alterego_mod:HighServant+1","GrandCross"],"picked":"Singing Bowl","floor":90.0},{"not_picked":["alterego_mod:MaintainEyeContact+1","alterego_mod:Birthday","alterego_mod:Belts+1"],"picked":"Singing Bowl","floor":91.0},{"not_picked":["alterego_mod:Bounce+1","alterego_mod:PurpleHair"],"picked":"alterego_mod:Weigh","floor":92.0},{"not_picked":["StarlightTyphoon","NonDirectionalLaser","OortCloud+1"],"picked":"Singing Bowl","floor":93.0},{"not_picked":["MaximisePower","OortCloud+1","alterego_mod:BeGentle+1"],"picked":"Singing Bowl","floor":94.0},{"not_picked":["alterego_mod:Valentines+1","ShootingEcho","alterego_mod:BeGentle"],"picked":"Singing Bowl","floor":96},{"not_picked":["ShootingEcho+1","SuperPerseids+1","Robbery+1"],"picked":"Singing Bowl","floor":97},{"not_picked":["BlazingStar","alterego_mod:Vow","alterego_mod:Venus"],"picked":"Singing Bowl","floor":101}],"player_experience":279088,"relics_obtained":[{"floor":8.0,"key":"White Beast Statue"},{"floor":9.0,"key":"Orichalcum"},{"floor":10.0,"key":"Toy Ornithopter"},{"floor":12.0,"key":"StoneCalendar"},{"floor":26.0,"key":"Letter Opener"},{"floor":43.0,"key":"Nunchaku"},{"floor":45.0,"key":"Replay:Wax Seal"},{"floor":49.0,"key":"Smiling Mask"},{"floor":56.0,"key":"Strawberry"},{"floor":60.0,"key":"Boot"},{"floor":72.0,"key":"Red Mask"}],"event_choices":[{"damage_healed":0.0,"max_hp_gain":0.0,"max_hp_loss":0.0,"gold_gain":0.0,"event_name":"WeMeetAgain","player_choice":"Gave Potion","floor":3.0,"gold_loss":0.0,"damage_taken":0.0,"relics_obtained":["MawBank"]},{"damage_healed":0.0,"max_hp_gain":0.0,"max_hp_loss":0.0,"gold_gain":0.0,"event_name":"Upgrade Shrine","player_choice":"Upgraded","floor":7.0,"gold_loss":0.0,"damage_taken":0.0,"cards_upgraded":["MagicChant"]},{"damage_healed":0.0,"max_hp_gain":0.0,"max_hp_loss":0.0,"gold_gain":0.0,"event_name":"Addict","player_choice":"Obtained Relic","floor":22.0,"gold_loss":85.0,"damage_taken":0.0,"relics_obtained":["Blue Candle"]},{"damage_healed":0.0,"max_hp_gain":0.0,"max_hp_loss":0.0,"gold_gain":0.0,"event_name":"Ghosts","player_choice":"Ignored","floor":23.0,"gold_loss":0.0,"damage_taken":0.0},{"damage_healed":0.0,"max_hp_gain":0.0,"max_hp_loss":0.0,"gold_gain":0.0,"event_name":"The Mausoleum","player_choice":"Ignored","floor":29.0,"gold_loss":0.0,"damage_taken":0.0},{"damage_healed":0.0,"max_hp_gain":0.0,"max_hp_loss":0.0,"gold_gain":0.0,"event_name":"The Library","player_choice":"Read","floor":31.0,"gold_loss":0.0,"damage_taken":0.0,"cards_obtained":["alterego_mod:Rip"]},{"damage_healed":0.0,"max_hp_gain":0.0,"max_hp_loss":0.0,"gold_gain":0.0,"event_name":"Tomb of Lord Red Mask","player_choice":"Ignored","floor":37.0,"gold_loss":0.0,"damage_taken":0.0},{"cards_removed":["alterego_mod:TrickOrTreatment"],"damage_healed":0.0,"max_hp_gain":10.0,"max_hp_loss":0.0,"gold_gain":0.0,"event_name":"Bonfire Elementals","player_choice":"Offered Rare","floor":39.0,"gold_loss":0.0,"damage_taken":0.0},{"damage_healed":0.0,"max_hp_gain":0.0,"max_hp_loss":0.0,"gold_gain":0.0,"event_name":"Winding Halls","player_choice":"Embrace Madness","floor":46.0,"gold_loss":0.0,"damage_taken":11.0,"cards_obtained":["Madness","Madness"]},{"damage_healed":0.0,"max_hp_gain":0.0,"max_hp_loss":0.0,"gold_gain":0.0,"event_name":"Living Wall","player_choice":"Grow","floor":55.0,"gold_loss":0.0,"damage_taken":0.0,"cards_upgraded":["alterego_mod:Birthday"]},{"damage_healed":0.0,"max_hp_gain":0.0,"max_hp_loss":0.0,"gold_gain":0.0,"event_name":"Dead Adventurer","player_choice":"Searched \u00271\u0027 times","floor":56.0,"gold_loss":0.0,"damage_taken":0.0},{"damage_healed":0.0,"max_hp_gain":0.0,"max_hp_loss":0.0,"gold_gain":0.0,"event_name":"FaceTrader","player_choice":"Trade","floor":63.0,"gold_loss":0.0,"damage_taken":0.0,"relics_obtained":["FaceOfCleric"]},{"damage_healed":0.0,"max_hp_gain":0.0,"max_hp_loss":0.0,"gold_gain":0.0,"event_name":"Addict","player_choice":"Obtained Relic","floor":70.0,"gold_loss":85.0,"damage_taken":0.0,"relics_obtained":["Singing Bowl"]},{"damage_healed":0.0,"max_hp_gain":0.0,"max_hp_loss":0.0,"gold_gain":0.0,"event_name":"Masked Bandits","player_choice":"Fought Bandits","floor":72.0,"gold_loss":0.0,"damage_taken":0.0},{"damage_healed":0.0,"max_hp_gain":0.0,"max_hp_loss":0.0,"gold_gain":100.0,"event_name":"Golden Shrine","player_choice":"Pray","floor":73.0,"gold_loss":0.0,"damage_taken":0.0},{"damage_healed":0.0,"max_hp_gain":0.0,"max_hp_loss":0.0,"gold_gain":0.0,"event_name":"SensoryStone","player_choice":"Memory 1","floor":89.0,"gold_loss":0.0,"damage_taken":0.0},{"cards_removed":["alterego_mod:ChallengeComplete"],"damage_healed":0,"gold_gain":0,"player_choice":"Removed Power","damage_taken":0,"max_hp_gain":0,"max_hp_loss":0,"event_name":"Falling","floor":99,"gold_loss":0}],"is_beta":false,"boss_relics":[{"not_picked":["Snecko Heart","Kintsugi"],"picked":"SacredBark"},{"not_picked":["BewitchedHakkero","Busted Crown"],"picked":"Replay:Wanted Poster"},{"not_picked":["Abe\u0027s Treasure","Honey Jar","Painkiller Herb"]},{"not_picked":["Philosopher\u0027s Stone","Kintsugi","Snecko Eye"]},{"not_picked":["Astrolabe","Replay:Bronze Core"],"picked":"SlaversCollar"},{"not_picked":["Coffee Dripper","Painkiller Herb","ChewingGum"]}],"items_purged_floors":[2,11,27,30,38,48,64,71,95],"is_endless":true,"potions_floor_spawned":[1,10,12,14,16,18,19,21,33,35,44,45,50,52,53,56,57,58,61,62,65,67,69,72,77,78,79,80,82,84,86,87,91,92,93,94,96,97,101],"ascension_level":0}}