{"host":"8rqsnaeml9gxb0kp","time":1610249739,"event":{"mods":["AchievementEnabler","BaseMod","Dark Map","Minty Spire (QoL Compilation)","StSLib"],"gold_per_floor":[119,138,156,170,188,213,263,263,263,438,448,483,483,499,499,499,499],"floor_reached":16,"playtime":726,"items_purged":[],"score":125,"play_id":"c1f8bd46-000a-4b96-843d-2466df9a4fa1","local_time":"20210109193539","is_ascension_mode":true,"campfire_choices":[{"data":"Rampage","floor":8,"key":"SMITH"},{"floor":13,"key":"REST"},{"floor":15,"key":"REST"}],"circlet_count":0,"master_deck":["Strike_R","Strike_R","Strike_R","Strike_R","Strike_R","Defend_R","Defend_R","Defend_R","Defend_R","Bash","Rampage+1","Headbutt","Cleave","Feed","Doubt","Iron Wave","Uppercut","Shrug It Off"],"relics":["Burning Blood","Peace Pipe","Paper Frog","Meat on the Bone"],"acts_visited":["Exordium"],"potions_floor_usage":[12,14],"damage_taken":[{"damage":6,"enemies":"Cultist","floor":1,"turns":3},{"damage":5,"enemies":"Small Slimes","floor":2,"turns":3},{"damage":0,"enemies":"2 Louse","floor":3,"turns":3},{"damage":19,"enemies":"Blue Slaver","floor":4,"turns":4},{"damage":13,"enemies":"Red Slaver","floor":5,"turns":3},{"damage":31,"enemies":"3 Sentries","floor":6,"turns":6},{"damage":19,"enemies":"Exordium Thugs","floor":11,"turns":5},{"damage":16,"enemies":"Lagavulin","floor":12,"turns":7},{"damage":6,"enemies":"2 Fungi Beasts","floor":14,"turns":3},{"damage":80,"enemies":"Hexaghost","floor":16,"turns":10}],"seed_played":"-4626560788858672442","potions_obtained":[{"floor":11,"key":"GamblersBrew"},{"floor":12,"key":"Weak Potion"}],"is_trial":false,"path_per_floor":["M","M","M","M","M","E","?","R","T","?","M","E","R","M","R","B"],"character_chosen":"IRONCLAD","items_purchased":[],"campfire_rested":2,"item_purchase_floors":[],"current_hp_per_floor":[80,80,80,67,60,35,35,35,35,35,25,15,39,51,75,0,0],"gold":499,"neow_bonus":"THREE_CARDS","is_daily":false,"chose_seed":false,"campfire_upgraded":1,"win_rate":0.0,"timestamp":1610249739,"path_taken":["M","M","M","?","M","E","?","R","T","?","M","E","R","M","R","BOSS"],"items_purchased_type":[],"build_version":"2020-12-22","purchased_purges":0,"victory":false,"max_hp_per_floor":[80,80,80,80,80,80,80,80,80,80,83,83,83,83,83,83,83],"card_choices":[{"not_picked":["Ghostly Armor","Dark Embrace"],"picked":"Rampage","floor":0},{"not_picked":["Flex","Clothesline","Perfected Strike"],"picked":"SKIP","floor":1},{"not_picked":["Clash","Reckless Charge","Intimidate"],"picked":"SKIP","floor":2},{"not_picked":["Clash","Warcry"],"picked":"Headbutt","floor":3},{"not_picked":["Thunderclap","Body Slam"],"picked":"Cleave","floor":4},{"not_picked":["Warcry","Cleave","Reckless Charge"],"picked":"SKIP","floor":5},{"not_picked":["Cleave","Disarm"],"picked":"Feed","floor":6},{"not_picked":["Intimidate","Twin Strike"],"picked":"Iron Wave","floor":11},{"not_picked":["Feed","Heavy Blade"],"picked":"Uppercut","floor":12},{"not_picked":["Iron Wave","Clothesline"],"picked":"Shrug It Off","floor":14}],"player_experience":40615,"relics_obtained":[{"floor":6,"key":"Peace Pipe"},{"floor":9,"key":"Paper Frog"},{"floor":12,"key":"Meat on the Bone"}],"event_choices":[{"damage_healed":0,"gold_gain":50,"player_choice":"Gained Gold","damage_taken":0,"max_hp_gain":0,"max_hp_loss":0,"event_name":"Golden Wing","floor":7,"gold_loss":0},{"damage_healed":0,"gold_gain":175,"player_choice":"AGREE","damage_taken":0,"max_hp_gain":0,"max_hp_loss":0,"event_name":"Liars Game","floor":10,"gold_loss":0,"cards_obtained":["Doubt"]}],"is_beta":false,"boss_relics":[],"items_purged_floors":[],"is_endless":false,"potions_floor_spawned":[11,12],"killed_by":"Hexaghost","ascension_level":2}}