{"host":"h23hlq20ir8sps7h","time":1610302933,"event":{"mods":["Act Like it!","Aspiration","BaseMod","BetterRewards","Colored Map","Conspire","Energized Spire","Friendly Minions","GifTheSpireLib","Halation","Hubris","Ironclad Rager","Minty Spire (QoL Compilation)","Permanent Neow","Prisma Mod","Quarter Circle Forward PUNCH!","Quick Restart","Railgun Mod","Remilia??????","Replay The Spire","SCP261 Mod","Shop Mod","Spikes Relics","StSLib","Stuff the Spire","The Animator","The Hierophant","The Problem Sleuth","The Runesmith","The Sage","Trackpad","Wandering Minibosses","vexMod"],"gold_per_floor":[111,111,127,127,0,0,30,30,57,69,95,115,115,144,144,239,239,249,249,261,261,277,308,308,325,325,325,325,357,375,402,402,504,504,521,539,554,569,22,22,54,54,80,107,107,107,126,145,145,170,170],"floor_reached":50,"playtime":4583,"items_purged":["PrismaMod:MiyuCommonAttack"],"score":842,"play_id":"dcdbfc9b-eca9-4774-a688-9a807b1a2286","local_time":"20210110102213","is_ascension_mode":true,"campfire_choices":[{"floor":6.0,"key":"RECALL"},{"data":"PrismaMod:MiyuUncommonDexBuff","floor":8.0,"key":"SMITH"},{"data":"PrismaMod:MiyuUncommonDexBuff","floor":13.0,"key":"SMITH"},{"data":"PrismaMod:MiyuUncommonDexBuff","floor":15.0,"key":"SMITH"},{"data":"PrismaMod:MiyuCheapDefend2","floor":24.0,"key":"SMITH"},{"data":"PrismaMod:MiyuUncommonDexBuff","floor":27.0,"key":"SMITH"},{"data":"PrismaMod:MiyuUncommonDexBuff","floor":32.0,"key":"SMITH"},{"data":"PrismaMod:MiyuCheapDefend2","floor":40.0,"key":"SMITH"},{"data":"PrismaMod:MiyuCarnivalDefend","floor":42.0,"key":"SMITH"},{"data":"PrismaMod:MiyuUncommonPlate","floor":46.0,"key":"SMITH"},{"data":"PrismaMod:MiyuUncommonStrBuff","floor":49.0,"key":"SMITH"}],"circlet_count":0,"master_deck":["PrismaMod:MiyuCommonDefend","PrismaMod:MiyuCommonDefend","PrismaMod:MiyuCommonAttack","PrismaMod:MiyuCheapChannelAttack","PrismaMod:MiyuCheapChannelDefend","animator:Strike_OnePunchMan","animator:Defend_NoGameNoLife","PrismaMod:MiyuUncommonDexBuff+1","PrismaMod:MiyuAttackChannelAttack+1","PrismaMod:MiyuUberAttack","PrismaMod:MiyuChannelAttackEvoke","PrismaMod:MiyuUncommonDexBuff+1","PrismaMod:MiyuUncommonStrBuff+1","PrismaMod:MiyuCheapChannelDefend","PrismaMod:MiyuUncommonDexBuff+1","PrismaMod:MiyuCheapDefend2+1","PrismaMod:MiyuUberAOEAttack","PrismaMod:MiyuUncommonDexBuff+1","PrismaMod:MiyuUncommonStrBuff+1","PrismaMod:MiyuUncommonDexBuff+1","PrismaMod:MiyuUncommonStrBuff+1","PrismaMod:MiyuEvokeCheapAttack","PrismaMod:MiyuCheapDefend1","PrismaMod:MiyuUberAOEAttack","PrismaMod:MiyuCarnivalDefend+1","PrismaMod:MiyuUberAttack+1","PrismaMod:MiyuDefenseRemoval+1","PrismaMod:MiyuChannelAttackEvoke+1","PrismaMod:MiyuEvokeCheapAttack+1","PrismaMod:MiyuCheapChannelDefend+1","PrismaMod:MiyuUncommonAOEAttack+1","PrismaMod:MiyuUncommonStrBuff+1","PrismaMod:MiyuCheapDefend2+1","Panache","PrismaMod:MiyuCheapDexBuff","PrismaMod:MiyuUncommonPlate+1","PrismaMod:MiyuCommonAOEAttack"],"relics":["PrismaMod:PrismaSapphire","Mango","hubris:AstralHammer","Gambling Chip","vexMod:InvisibilityCloak","Philosopher\u0027s Stone","hubris:Towel","Blue Doll","hubris:MysteriousPyramids","Ring of Fury","ReplayTheSpireMod:Ring of Collecting","hubris:TenFootPole","MealTicket","Astrolabe","StuffTheSpire:GrapeVine","trackpad:SappingStone","trackpad:WritersBlock","vexMod:MemoryStick"],"acts_visited":["Exordium","TheCity","TheBeyond"],"potions_floor_usage":[],"damage_taken":[{"damage":0.0,"enemies":"Cultist","floor":1.0,"turns":4.0},{"damage":0.0,"enemies":"conspire:RoseBush","floor":3.0,"turns":3.0},{"damage":5.0,"enemies":"Replay:BlueRogue","floor":7.0,"turns":5.0},{"damage":0.0,"enemies":"Small Slimes","floor":10.0,"turns":3.0},{"damage":6.0,"enemies":"Lagavulin","floor":11.0,"turns":5.0},{"damage":0.0,"enemies":"2 Fungi Beasts","floor":12.0,"turns":4.0},{"damage":0.0,"enemies":"Gremlin Nob","floor":14.0,"turns":4.0},{"damage":0.0,"enemies":"Slime Boss","floor":16.0,"turns":4.0},{"damage":7.0,"enemies":"conspire:FuzzyDice","floor":18.0,"turns":7.0},{"damage":0.0,"enemies":"Shell Parasite","floor":20.0,"turns":4.0},{"damage":3.0,"enemies":"Shelled Parasite and Fungi","floor":22.0,"turns":5.0},{"damage":0.0,"enemies":"Gremlin Leader","floor":23.0,"turns":7.0},{"damage":0.0,"enemies":"3 Cultists","floor":25.0,"turns":6.0},{"damage":0.0,"enemies":"conspire:SneckoGhost","floor":29.0,"turns":7.0},{"damage":0.0,"enemies":"Cultist and Chosen","floor":30.0,"turns":5.0},{"damage":0.0,"enemies":"Gremlin Leader","floor":31.0,"turns":6.0},{"damage":10.0,"enemies":"conspire:MysteriousRune","floor":33.0,"turns":7.0},{"damage":26.0,"enemies":"3 Shapes","floor":35.0,"turns":4.0},{"damage":0.0,"enemies":"Orb Walker","floor":36.0,"turns":4.0},{"damage":0.0,"enemies":"Maw","floor":37.0,"turns":7.0},{"damage":7.0,"enemies":"Spire Growth","floor":38.0,"turns":4.0},{"damage":29.0,"enemies":"Giant Head","floor":41.0,"turns":8.0},{"damage":24.0,"enemies":"R_Hoarder","floor":44.0,"turns":8.0},{"damage":24.0,"enemies":"Jaw Worm Horde","floor":47.0,"turns":7.0},{"damage":0.0,"enemies":"Transient","floor":48.0,"turns":5.0},{"damage":33,"enemies":"hubris:GrandSnecko","floor":50,"turns":20}],"seed_played":"-870293573998638464","potions_obtained":[{"floor":7.0,"key":"LiquidMemories"},{"floor":10.0,"key":"ColorlessPotion"},{"floor":11.0,"key":"Block Potion"},{"floor":16.0,"key":"LiquidBronze"},{"floor":25.0,"key":"Energy Potion"},{"floor":31.0,"key":"Explosive Potion"}],"is_trial":false,"path_per_floor":["M","?","M","?","$","R","E","R","T","M","E","M","R","E","R","B",null,"M","?","M","$","M","E","R","M","T","R","?","E","M","E","R","B",null,"M","M","M","M","$","R","E","R","T","E","?","R","M","M","R","B"],"character_chosen":"MIYU","items_purchased":["PrismaMod:MiyuUncommonDexBuff","PrismaMod:MiyuCheapDefend2","Panache","PrismaMod:MiyuCheapDexBuff","StuffTheSpire:GrapeVine"],"campfire_rested":0,"item_purchase_floors":[5,39,39,39,39],"current_hp_per_floor":[89,89,89,89,89,89,88,88,88,89,87,89,89,89,89,89,89,82,82,86,86,86,89,89,89,89,89,89,89,89,89,89,83,89,67,71,79,76,89,89,60,60,60,44,44,44,28,36,36,15,15],"gold":170,"neow_bonus":"ONE_RARE_RELIC","is_daily":false,"chose_seed":false,"campfire_upgraded":10,"win_rate":0.0,"timestamp":1610302933,"path_taken":["M","?","M","?","$","R","E","R","T","?","E","?","R","E","R","BOSS","M","?","M","$","M","E","R","M","T","R","?","E","M","E","R","BOSS","M","M","M","M","$","R","E","R","T","E","?","R","M","M","R","BOSS"],"items_purchased_type":["Card","Card","Card","Card","Relic"],"build_version":"2020-12-22","purchased_purges":1,"victory":false,"max_hp_per_floor":[89,89,89,89,89,89,89,89,89,89,89,89,89,89,89,89,89,89,89,89,89,89,89,89,89,89,89,89,89,89,89,89,89,89,89,89,89,89,89,89,89,89,89,89,89,89,89,89,89,89,89],"card_choices":[{"not_picked":["PrismaMod:MiyuEvokeBuffStr","PrismaMod:MiyuAttackChannelVul"],"picked":"PrismaMod:MiyuUncommonDexBuff","floor":1.0},{"not_picked":["PrismaMod:MiyuCheapDefend1","PrismaMod:MiyuAttackChannelWeak"],"picked":"PrismaMod:MiyuUberAttack","floor":3.0},{"not_picked":["PrismaMod:MiyuDefenseAbsorbMinor","PrismaMod:MiyuCheapDexBuff"],"picked":"PrismaMod:MiyuUncommonStrBuff","floor":7.0},{"not_picked":["PrismaMod:MiyuChristmas","PrismaMod:MiyuEvokeBuffStr"],"picked":"PrismaMod:MiyuCheapChannelDefend","floor":10.0},{"not_picked":["PrismaMod:MiyuCheapChannelHeal","PrismaMod:MiyuCarnivalAttack","PrismaMod:MiyuCheapChannelWeak"],"picked":"SKIP","floor":11.0},{"not_picked":["PrismaMod:MiyuUncommonAOEAttack","PrismaMod:MiyuCheapDexBuff"],"picked":"PrismaMod:MiyuUncommonDexBuff","floor":12.0},{"not_picked":["PrismaMod:MiyuCheapChannelRandom","PrismaMod:MiyuEvokeAll","PrismaMod:MiyuDefenseExplosion"],"picked":"SKIP","floor":14.0},{"not_picked":["PrismaMod:MiyuDefenseAbsorbMinor","PrismaMod:MiyuUberDefend"],"picked":"PrismaMod:MiyuCheapDefend2","floor":16.0},{"not_picked":["PrismaMod:MiyuCheapEvoke","PrismaMod:MiyuAttackChannelWeak+1"],"picked":"PrismaMod:MiyuUberAOEAttack","floor":18.0},{"not_picked":["PrismaMod:MiyuCheapChannelVul+1","PrismaMod:MiyuCheapAttack2"],"picked":"PrismaMod:MiyuUncommonDexBuff","floor":20.0},{"not_picked":["PrismaMod:MiyuCheapDexBuff+1","PrismaMod:MiyuAttackChannelVul+1"],"picked":"PrismaMod:MiyuUncommonStrBuff+1","floor":22.0},{"not_picked":["PrismaMod:MiyuCarnivalAttack","PrismaMod:MiyuAttackChannelWeak"],"picked":"PrismaMod:MiyuUncommonDexBuff","floor":23.0},{"not_picked":["PrismaMod:MiyuEvokeCheapAttack+1","PrismaMod:MiyuCheapAttack2"],"picked":"PrismaMod:MiyuUncommonStrBuff+1","floor":25.0},{"not_picked":["PrismaMod:MiyuCheapEvoke","PrismaMod:MiyuChannelDefendEvoke"],"picked":"PrismaMod:MiyuEvokeCheapAttack","floor":29.0},{"not_picked":["PrismaMod:MiyuEvokeAll","PrismaMod:MiyuCheapEvoke"],"picked":"PrismaMod:MiyuCheapDefend1","floor":30.0},{"not_picked":["PrismaMod:MiyuCheapPlate","PrismaMod:MiyuBride"],"picked":"PrismaMod:MiyuUberAOEAttack","floor":31.0},{"not_picked":["PrismaMod:MiyuChannelAttackEvoke","PrismaMod:MiyuEvokeAllAttack"],"picked":"PrismaMod:MiyuCarnivalDefend","floor":33.0},{"not_picked":["PrismaMod:MiyuUncommonAOEAttack","PrismaMod:MiyuCheapChannelWeak+1"],"picked":"PrismaMod:MiyuEvokeCheapAttack+1","floor":35.0},{"not_picked":["PrismaMod:MiyuEvokeBuffStr","PrismaMod:MiyuUncommonDexBuff"],"picked":"PrismaMod:MiyuCheapChannelDefend+1","floor":36.0},{"not_picked":["PrismaMod:MiyuDefenseExplosion+1","PrismaMod:MiyuEvokeBuffStr"],"picked":"PrismaMod:MiyuUncommonAOEAttack+1","floor":37.0},{"not_picked":["PrismaMod:MiyuCheapChannelVul+1","PrismaMod:MiyuCheapPlate"],"picked":"PrismaMod:MiyuUncommonStrBuff+1","floor":38.0},{"not_picked":["PrismaMod:MiyuCheapAttack1","PrismaMod:MiyuCheapAttack2","PrismaMod:MiyuCheapChannelVul"],"picked":"SKIP","floor":41.0},{"not_picked":["PrismaMod:MiyuEvokeBuffStr","PrismaMod:MiyuUberDefend"],"picked":"PrismaMod:MiyuUncommonPlate","floor":44.0},{"not_picked":["PrismaMod:MiyuCheapAttack1","PrismaMod:MiyuDefenseExplosion+1"],"picked":"PrismaMod:MiyuCommonAOEAttack","floor":47.0},{"not_picked":["PrismaMod:MiyuCheapChannelAttack","PrismaMod:MiyuEvokeBuffStr+1","PrismaMod:MiyuDefenseRemoval"],"picked":"SKIP","floor":48.0}],"player_experience":279236,"relics_obtained":[{"floor":7.0,"key":"hubris:AstralHammer"},{"floor":11.0,"key":"Gambling Chip"},{"floor":14.0,"key":"vexMod:InvisibilityCloak"},{"floor":23.0,"key":"Blue Doll"},{"floor":26.0,"key":"hubris:MysteriousPyramids"},{"floor":28.0,"key":"Ring of Fury"},{"floor":28.0,"key":"ReplayTheSpireMod:Ring of Collecting"},{"floor":29.0,"key":"hubris:TenFootPole"},{"floor":31.0,"key":"MealTicket"},{"floor":41.0,"key":"trackpad:SappingStone"},{"floor":43.0,"key":"trackpad:WritersBlock"},{"floor":44.0,"key":"vexMod:MemoryStick"}],"event_choices":[{"damage_healed":0.0,"max_hp_gain":0.0,"max_hp_loss":0.0,"gold_gain":0.0,"cards_transformed":["PrismaMod:MiyuCommonDefend"],"event_name":"Transmorgrifier","player_choice":"Transformed","floor":4.0,"gold_loss":0.0,"damage_taken":0.0,"cards_obtained":["PrismaMod:MiyuChannelAttackEvoke"]},{"cards_removed":["PrismaMod:MiyuCommonAttack"],"damage_healed":0.0,"max_hp_gain":0.0,"max_hp_loss":0.0,"gold_gain":0.0,"event_name":"Falling","player_choice":"Removed Attack","floor":45.0,"gold_loss":0.0,"damage_taken":0.0}],"is_beta":false,"boss_relics":[{"not_picked":["vexMod:MegatonBomb","Runic Dome"],"picked":"Philosopher\u0027s Stone"},{"not_picked":["aspiration:RitualDagger","halation:LoveArrow"],"picked":"Astrolabe"}],"items_purged_floors":[5],"is_endless":false,"potions_floor_spawned":[7,10,11,14,16,20,25,31,38,47],"killed_by":"hubris:GrandSnecko","ascension_level":1}}