{"host":"qvh1h69j0o2s0y76","time":1610288733,"event":{"mods":["Act Like it!","BaseMod","BetterRewards","Colored Powertips","Downfall","Googly Eyes","Hallownest","Marisa£®ÏF”Í°°ƒß¿Ì…≥£©","Minty Spire (QoL Compilation)","Quick Restart","Remilia£®¿Ÿ√◊¿Ú—«£©","Shop Mod","Spicy Shops","StSLib","SuperFastMode","The Bug Knight","The Construct","The Cursed","The Hierophant","The Poker Player","The Runesmith","The Servant 0.9.4","[IsaacMod]“‘»ˆº‚À˛","vexMod"],"gold_per_floor":[113,127,127,57,32,64,75,92,143,143,159,178,192,209,209,309,309,328,328,347,365,365,396,37,53,53,80,92,133,160,177,177,272,272,287,287,304,304,304],"floor_reached":38,"playtime":5462,"items_purged":["Strike_S","Defend_S","Strike_S"],"score":544,"play_id":"46fdee7a-13fd-4646-b7d4-480506fb1f22","local_time":"20210110222533","is_ascension_mode":false,"campfire_choices":[{"data":"ReturningBlade","floor":10,"key":"SMITH"},{"data":"EpicFetus","floor":15,"key":"SMITH"},{"floor":32,"key":"REST"}],"circlet_count":0,"master_deck":["Strike_S","Strike_S","Defend_S","Defend_S","Defend_S","KidneyShot","Exchange","EpicFetus+1","Starlight","Rearm","Duplication","ReturningBlade+1","BottledTime","Snipe","TimeWarp","Advance","DoubleEdge","LightFlow","Panache","Forethought","Ricochet","SpecialFormula+1","ShatteredReality","DualDimension","FastForward","Revamp","Initiator","Revamp+1","Unruled+1","BottledTime+1","Moonlight","Sunlight","CurseOfTheBell","CurseOfTheBell","Good Instincts","MurderousAura","Spin+1","Reset"],"relics":["Uniform","HushsDoor","NeowsBlessing","Hallownest:StagBellRelic1","PokeGo","Ornamental Fan","Blood Vial","StoneMask","DeathBook","Red Mask","Meat on the Bone","vexMod:Dragonfruit","vexMod:FocusSash","SharpPlug","vexMod:HeadHunter","Calling Bell","vexMod:MemoryStick","Shuriken","Calling Bell","BookOfRevelations","Sundial","Pocketwatch"],"acts_visited":["Hallownest:Greenpath","Hallownest:CityofTears","Hallownest:KingdomsEdge"],"potions_floor_usage":[],"damage_taken":[{"damage":6,"enemies":"Hallownest:2_MossCreeps","floor":1,"turns":2},{"damage":0,"enemies":"Hallownest:monsterHuskGuard","floor":2,"turns":1},{"damage":0,"enemies":"Hallownest:eliteMossKnight","floor":6,"turns":1},{"damage":0,"enemies":"Hallownest:monsterHuskWarrior","floor":7,"turns":4},{"damage":0,"enemies":"Hallownest:1_Ooma_and_2_Uuma","floor":8,"turns":10},{"damage":0,"enemies":"Hallownest:monsterAspidMother","floor":11,"turns":3},{"damage":0,"enemies":"Hallownest:Guard_and_Warrior","floor":12,"turns":5},{"damage":0,"enemies":"Hallownest:Wandering_and_Horned","floor":13,"turns":4},{"damage":7,"enemies":"Hallownest:2_Tiktiks_1_Baldur_1_Crawlid","floor":14,"turns":4},{"damage":12,"enemies":"Hallownest:BossHornet","floor":16,"turns":6},{"damage":3,"enemies":"Hallownest:3_Youths","floor":18,"turns":5},{"damage":17,"enemies":"Hallownest:2_Mistakes","floor":20,"turns":5},{"damage":21,"enemies":"Hallownest:2_Flukemon","floor":21,"turns":5},{"damage":8,"enemies":"Hallownest:Nosk","floor":23,"turns":6},{"damage":0,"enemies":"Hallownest:2_Husk_Sentries","floor":25,"turns":4},{"damage":27,"enemies":"Hallownest:eliteSoulWarrior","floor":27,"turns":11},{"damage":26,"enemies":"Hallownest:Warrior_and_Youth","floor":28,"turns":6},{"damage":17,"enemies":"Hallownest:Glutton_and_Coward","floor":29,"turns":3},{"damage":41,"enemies":"Hallownest:Nosk","floor":30,"turns":10},{"damage":5,"enemies":"Hallownest:monsterShrumalOgre","floor":31,"turns":4},{"damage":0,"enemies":"Hallownest:BossMantisLord","floor":33,"turns":7},{"damage":0,"enemies":"Hallownest:3_Siblings","floor":35,"turns":6},{"damage":22,"enemies":"Hallownest:Shield_Heavy","floor":37,"turns":3},{"damage":65,"enemies":"Hallownest:2_Wandering_and_1_Horned","floor":38,"turns":4}],"seed_played":"-6549688446338517468","potions_obtained":[{"floor":2,"key":"EntropicBrew"},{"floor":7,"key":"PowerPotion"},{"floor":13,"key":"construct:ShiftPotion"}],"is_trial":false,"path_per_floor":["M","M","?","?","?","E","M","M","T","R","M","M","M","M","R","B",null,"M","?","M","M","?","E","$","M","T","E","M","M","E","M","R","B",null,"M","?","M","M"],"character_chosen":"THE_SERVANT","items_purchased":["DeathBook","Panache","Forethought","vexMod:Dragonfruit","FastForward","Good Instincts","MurderousAura"],"campfire_rested":1,"item_purchase_floors":[17,17,17,24,24,34,34],"current_hp_per_floor":[59,59,59,59,59,59,59,59,59,59,61,63,65,58,58,48,43,46,46,35,30,30,35,40,56,56,35,29,32,16,36,55,69,56,59,59,44,0,0],"gold":304,"neow_bonus":"THREE_ENEMY_KILL","is_daily":false,"chose_seed":false,"campfire_upgraded":2,"win_rate":0.0,"timestamp":1610288733,"path_taken":["M","M","?","?","?","E","M","M","T","R","M","M","M","M","R","BOSS","M","?","M","M","?","E","$","M","T","E","?","M","E","M","R","BOSS","M","?","M","M"],"items_purchased_type":["Relic","Card","Card","Relic","Card","Card","Card"],"build_version":"2020-12-22","purchased_purges":3,"victory":false,"max_hp_per_floor":[65,65,65,65,65,65,65,65,65,65,65,65,65,65,65,65,43,46,46,48,50,50,51,56,58,58,60,62,64,65,66,66,69,56,59,59,62,63,63],"card_choices":[{"not_picked":[],"picked":"EpicFetus","floor":0},{"not_picked":["DoubleEdge","ReturningBlade"],"picked":"Starlight","floor":1},{"not_picked":["Moonlight","Shuttle"],"picked":"Rearm","floor":2},{"not_picked":["Alleviate","StarChef"],"picked":"Duplication","floor":6},{"not_picked":["BottledTime","Rewind"],"picked":"ReturningBlade","floor":7},{"not_picked":["Unruled","SpecialFormula"],"picked":"BottledTime","floor":8},{"not_picked":["Duplication","Replace"],"picked":"Snipe","floor":11},{"not_picked":["Replace","Reset"],"picked":"TimeWarp","floor":12},{"not_picked":["Contraction","Revamp"],"picked":"Advance","floor":13},{"not_picked":["FanOfKnives","Spin"],"picked":"DoubleEdge","floor":14},{"not_picked":["Dilation","Deny"],"picked":"LightFlow","floor":16},{"not_picked":["Gouge","BottledTime"],"picked":"Ricochet","floor":18},{"not_picked":["RealityMarble","InstantArmor+1"],"picked":"SpecialFormula+1","floor":20},{"not_picked":["Potential","Comet+1"],"picked":"ShatteredReality","floor":21},{"not_picked":["DoubleEdge+1","FastForward+1"],"picked":"DualDimension","floor":23},{"not_picked":["Unruled","Rewind"],"picked":"Revamp","floor":25},{"not_picked":["Hightail","Luminosity+1"],"picked":"Initiator","floor":27},{"not_picked":["Rearm","Luminosity+1"],"picked":"Revamp+1","floor":28},{"not_picked":["Defy","Gouge"],"picked":"Unruled+1","floor":29},{"not_picked":["Dilation","Revamp+1"],"picked":"BottledTime+1","floor":30},{"not_picked":["Rearm","Spin"],"picked":"Moonlight","floor":31},{"not_picked":["PendulumOfEternity","Deny"],"picked":"Sunlight","floor":33},{"not_picked":["Comet","FastForward+1"],"picked":"Spin+1","floor":35},{"not_picked":["Collapse","WasteNot"],"picked":"Reset","floor":37}],"player_experience":75,"relics_obtained":[{"floor":6,"key":"Ornamental Fan"},{"floor":9,"key":"Blood Vial"},{"floor":23,"key":"Meat on the Bone"},{"floor":26,"key":"vexMod:FocusSash"},{"floor":27,"key":"SharpPlug"},{"floor":30,"key":"vexMod:HeadHunter"},{"floor":34,"key":"vexMod:MemoryStick"},{"floor":34,"key":"Shuriken"},{"floor":34,"key":"Diplopia"},{"floor":34,"key":"BookOfRevelations"},{"floor":34,"key":"Sundial"},{"floor":34,"key":"Pocketwatch"}],"event_choices":[],"is_beta":false,"boss_relics":[{"not_picked":["Runic Pyramid","vexMod:CursedCompass"],"picked":"StoneMask"},{"not_picked":[]},{"not_picked":["vexMod:DeviousBotling","Snecko Eye"],"picked":"Calling Bell"},{"not_picked":[]}],"items_purged_floors":[17,24,34],"is_endless":false,"potions_floor_spawned":[2,7,13,14,16,21,27,30,33,37],"killed_by":"Hallownest:2_Wandering_and_1_Horned","ascension_level":0}}