{"host":"avjwtc49fhlk6kym","time":1610316807,"event":{"mods":["AchievementEnabler","BaseMod","Better Match","Better Note","Better Third Choice","Colored Map","Colored Powertips","Displayed Cursed Tome","Highlight Path","Minty Spire (QoL Compilation)","Permanent Neow","Quick Restart","StSLib"],"gold_per_floor":[110,127,140,120,132,158,174,184,211,237,254,254,254,265,265,360,360,373,373,10,10,21,21,41,41,41,51,51,51,70,84,84,180,180,199,213,226,30,30,30,30,30,55,67,67,67,30,48,48,48,48],"floor_reached":50,"playtime":2674,"items_purged":["Strike_P"],"score":458,"play_id":"c926206d-0559-4ea7-9a39-1130bb83c1dc","local_time":"20210110171327","is_ascension_mode":false,"campfire_choices":[{"floor":13.0,"key":"REST"},{"floor":15.0,"key":"REST"},{"data":"CrushJoints","floor":23.0,"key":"SMITH"},{"data":"Devotion","floor":29.0,"key":"SMITH"},{"data":"BattleHymn","floor":32.0,"key":"SMITH"},{"floor":40,"key":"REST"},{"floor":42,"key":"REST"},{"data":"CutThroughFate","floor":45,"key":"SMITH"},{"data":"FollowUp","floor":49,"key":"SMITH"}],"circlet_count":0,"master_deck":["Strike_P","Strike_P","Strike_P","Defend_P+1","Defend_P+1","Defend_P+1","Defend_P","Eruption","Vigilance","LikeWater","Crescendo","PathToVictory+1","Protect","BowlingBash","Adaptation","CrushJoints+1","DeusExMachina","InnerPeace","Judgement","LessonLearned","Prostrate","Devotion+1","Purity","CutThroughFate+1","BattleHymn+1","MasterReality","LikeWater","Evaluate","SandsOfTime","FollowUp+1","Madness","Madness","Prostrate","Wireheading"],"relics":["PureWater","CloakClasp","Thread and Needle","Mummified Hand","CultistMask","SlaversCollar","Nloth\u0027s Gift","Pear","Matryoshka","Toolbox","MealTicket","War Paint"],"acts_visited":["Exordium","TheCity","TheBeyond"],"potions_floor_usage":[44,50],"damage_taken":[{"damage":0.0,"enemies":"Cultist","floor":1.0,"turns":4.0},{"damage":0.0,"enemies":"Small Slimes","floor":2.0,"turns":4.0},{"damage":0.0,"enemies":"Jaw Worm","floor":3.0,"turns":5.0},{"damage":0.0,"enemies":"Gremlin Gang","floor":5.0,"turns":3.0},{"damage":26.0,"enemies":"Gremlin Nob","floor":6.0,"turns":5.0},{"damage":0.0,"enemies":"Looter","floor":7.0,"turns":4.0},{"damage":7.0,"enemies":"Exordium Thugs","floor":8.0,"turns":5.0},{"damage":5.0,"enemies":"Lagavulin","floor":10.0,"turns":9.0},{"damage":0.0,"enemies":"3 Louse","floor":11.0,"turns":3.0},{"damage":30.0,"enemies":"Gremlin Gang","floor":14.0,"turns":4.0},{"damage":3.0,"enemies":"The Guardian","floor":16.0,"turns":10.0},{"damage":0.0,"enemies":"3 Byrds","floor":18.0,"turns":5.0},{"damage":5.0,"enemies":"Spheric Guardian","floor":22.0,"turns":4.0},{"damage":31.0,"enemies":"Cultist and Chosen","floor":24.0,"turns":12.0},{"damage":12.0,"enemies":"Snake Plant","floor":27.0,"turns":6.0},{"damage":0.0,"enemies":"Snecko","floor":30.0,"turns":7.0},{"damage":1.0,"enemies":"3 Cultists","floor":31.0,"turns":6.0},{"damage":56.0,"enemies":"Champ","floor":33.0,"turns":10.0},{"damage":27,"enemies":"3 Darklings","floor":35,"turns":7},{"damage":6,"enemies":"Orb Walker","floor":36,"turns":5},{"damage":10,"enemies":"Sphere and 2 Shapes","floor":37,"turns":4},{"damage":0,"enemies":"Transient","floor":44,"turns":5},{"damage":8,"enemies":"4 Shapes","floor":48,"turns":9},{"damage":121,"enemies":"Donu and Deca","floor":50,"turns":10}],"seed_played":"-4651858954221840974","potions_obtained":[{"floor":2.0,"key":"SkillPotion"},{"floor":3.0,"key":"CultistPotion"},{"floor":4.0,"key":"FearPotion"},{"floor":8.0,"key":"FairyPotion"},{"floor":10.0,"key":"DuplicationPotion"},{"floor":14.0,"key":"Fire Potion"},{"floor":18.0,"key":"BlessingOfTheForge"},{"floor":24.0,"key":"SneckoOil"},{"floor":30.0,"key":"AttackPotion"},{"floor":36,"key":"FearPotion"},{"floor":48,"key":"ColorlessPotion"}],"is_trial":false,"path_per_floor":["M","M","M","?","M","E","M","M","T","E","M","?","R","M","R","B",null,"M","?","$","?","M","R","M","?","T","M","?","R","M","M","R","B",null,"M","M","M","$","?","R","?","R","T","M","R","?","$","M","R","B"],"character_chosen":"WATCHER","items_purchased":["Wallop","Pear","Toolbox","FollowUp","Wireheading"],"campfire_rested":4,"item_purchase_floors":[20,20,38,38,47],"current_hp_per_floor":[51,51,51,51,51,25,25,18,18,13,13,13,34,4,25,22,72,72,72,82,82,77,77,46,82,82,70,58,58,58,57,57,1,82,55,49,39,39,29,53,53,77,77,77,77,77,82,74,74,0,0],"gold":48,"neow_bonus":"ONE_RARE_RELIC","is_daily":false,"chose_seed":false,"campfire_upgraded":5,"win_rate":0.0,"timestamp":1610316807,"path_taken":["M","M","M","?","M","E","?","M","T","E","M","?","R","M","R","BOSS","M","?","$","?","M","R","M","?","T","?","?","R","M","M","R","BOSS","M","M","?","$","?","R","?","R","T","M","R","?","$","M","R","BOSS"],"items_purchased_type":["Card","Relic","Relic","Card","Card"],"build_version":"2020-12-22","purchased_purges":1,"victory":false,"max_hp_per_floor":[72,72,72,72,72,72,72,72,72,72,72,72,72,72,72,72,72,72,72,82,82,82,82,82,82,82,82,82,82,82,82,82,82,82,82,82,82,82,82,82,82,82,82,82,82,82,82,82,82,82,82],"card_choices":[{"not_picked":["Consecrate","PathToVictory"],"picked":"LikeWater","floor":1.0},{"not_picked":["Tantrum","Wireheading"],"picked":"Crescendo","floor":2.0},{"not_picked":["FollowUp","ClearTheMind"],"picked":"PathToVictory","floor":3.0},{"not_picked":["Consecrate","Worship"],"picked":"Protect","floor":5.0},{"not_picked":["Collect","EmptyBody"],"picked":"BowlingBash","floor":6.0},{"not_picked":["EmptyFist","Alpha","Indignation"],"picked":"SKIP","floor":7.0},{"not_picked":["WreathOfFlame","Fasting2"],"picked":"Adaptation","floor":8.0},{"not_picked":["SignatureMove","Prostrate"],"picked":"CrushJoints","floor":10.0},{"not_picked":["EmptyBody","SashWhip"],"picked":"DeusExMachina","floor":11.0},{"not_picked":["Conclude","Nirvana"],"picked":"InnerPeace","floor":14.0},{"not_picked":["SpiritShield","Blasphemy"],"picked":"Judgement","floor":16.0},{"not_picked":["Crescendo","EmptyBody"],"picked":"Prostrate","floor":18.0},{"not_picked":["SpiritShield","ThirdEye+1"],"picked":"LessonLearned","floor":22.0},{"not_picked":["FlurryOfBlows","Crescendo"],"picked":"Prostrate","floor":24.0},{"not_picked":["FlurryOfBlows+1","Protect"],"picked":"Devotion","floor":27.0},{"not_picked":["FollowUp","TalkToTheHand"],"picked":"CutThroughFate","floor":30.0},{"not_picked":["EmptyFist+1","DeceiveReality"],"picked":"BattleHymn","floor":31.0},{"not_picked":["ConjureBlade","Devotion"],"picked":"MasterReality","floor":33.0},{"not_picked":["ReachHeaven","CutThroughFate+1"],"picked":"LikeWater","floor":35},{"not_picked":["WaveOfTheHand","Halt"],"picked":"Evaluate","floor":36},{"not_picked":["BattleHymn+1","EmptyMind+1"],"picked":"SandsOfTime","floor":37},{"not_picked":["Sanctity","Vengeance"],"picked":"Prostrate","floor":44},{"not_picked":["Prostrate","EmptyFist","FlyingSleeves"],"picked":"SKIP","floor":48}],"player_experience":371207,"relics_obtained":[{"floor":6.0,"key":"Thread and Needle"},{"floor":9.0,"key":"Happy Flower"},{"floor":10.0,"key":"Mummified Hand"},{"floor":26.0,"key":"Matryoshka"},{"floor":43,"key":"MealTicket"}],"event_choices":[{"damage_healed":0.0,"max_hp_gain":0.0,"max_hp_loss":0.0,"gold_gain":0.0,"event_name":"The Woman in Blue","player_choice":"Bought 1 Potion","floor":4.0,"gold_loss":0.0,"damage_taken":0.0},{"damage_healed":0.0,"max_hp_gain":0.0,"max_hp_loss":0.0,"gold_gain":0.0,"event_name":"FaceTrader","player_choice":"Trade","floor":12.0,"gold_loss":0.0,"damage_taken":0.0,"relics_obtained":["CultistMask"]},{"damage_healed":0.0,"max_hp_gain":0.0,"max_hp_loss":0.0,"gold_gain":0.0,"event_name":"N\u0027loth","player_choice":"Traded Relic","floor":19.0,"relics_lost":["Happy Flower"],"gold_loss":0.0,"damage_taken":0.0,"relics_obtained":["Nloth\u0027s Gift"]},{"cards_removed":["Defend_P"],"damage_healed":0.0,"max_hp_gain":0.0,"max_hp_loss":0.0,"gold_gain":0.0,"event_name":"betterNote:BetterNote","player_choice":"Give","floor":21.0,"gold_loss":0.0,"damage_taken":0.0,"cards_obtained":["Defend_P"]},{"damage_healed":36.0,"max_hp_gain":0.0,"max_hp_loss":0.0,"gold_gain":0.0,"event_name":"Wheel of Change","player_choice":"Full Heal","floor":25.0,"gold_loss":0.0,"damage_taken":0.0},{"damage_healed":0.0,"max_hp_gain":0.0,"max_hp_loss":0.0,"gold_gain":0.0,"event_name":"Knowing Skull","player_choice":"CARD ","floor":28.0,"potions_obtained":[],"gold_loss":0.0,"damage_taken":12.0,"cards_obtained":["Purity"]},{"damage_healed":0.0,"max_hp_gain":0.0,"max_hp_loss":0.0,"gold_gain":0.0,"event_name":"Knowing Skull","player_choice":"CARD ","floor":28.0,"potions_obtained":[],"gold_loss":0.0,"damage_taken":12.0,"cards_obtained":["Purity"]},{"damage_healed":0,"gold_gain":0,"player_choice":"Embrace Madness","damage_taken":10,"max_hp_gain":0,"max_hp_loss":0,"event_name":"Winding Halls","floor":39,"gold_loss":0,"cards_obtained":["Madness","Madness"]},{"cards_removed":["Wallop"],"damage_healed":0,"gold_gain":0,"player_choice":"Removed Attack","damage_taken":0,"max_hp_gain":0,"max_hp_loss":0,"event_name":"Falling","floor":41,"gold_loss":0},{"cards_removed":["Prostrate"],"damage_healed":0,"gold_gain":0,"player_choice":"Gave Card","damage_taken":0,"relics_obtained":["War Paint"],"max_hp_gain":0,"max_hp_loss":0,"event_name":"WeMeetAgain","floor":46,"gold_loss":0}],"is_beta":false,"boss_relics":[{"not_picked":["Velvet Choker","Astrolabe"],"picked":"SlaversCollar"},{"not_picked":["Coffee Dripper","Fusion Hammer","Snecko Eye"]}],"items_purged_floors":[20],"is_endless":false,"potions_floor_spawned":[2,3,8,10,14,18,24,30,36,48],"killed_by":"Donu and Deca","ascension_level":0}}