{"host":"wud4w7nw8qmq6f33","time":1610255054,"event":{"mods":["2.2 Compatiblity","Act Like it!","BaseMod","Beaked The Cultist","BetterRewards","Colored Map","Colored Powertips","Downfall","Energized Spire","Gremlin Skip","Minty Spire (QoL Compilation)","Permanent Neow","Quick Restart","Rare Cards Sparkle","StSLib","everything is the same but u backflip on backflip","slay the spire mod where everything is the same but ironclad has a cowboy hat"],"gold_per_floor":[368,468,483,122,122,122,122,122,137,148,148,33,33,33,33,33,33,33],"floor_reached":16,"playtime":691,"items_purged":["Slimebound:Strike_Slimebound","Slimebound:WasteNot"],"score":88,"play_id":"dd3ebfdc-9f9b-43c2-b556-8159916bd580","local_time":"20210110000414","is_ascension_mode":false,"campfire_choices":[{"data":"Slimebound:RollThrough","floor":8,"key":"SMITH"},{"data":"Slimebound:RollThrough","floor":13,"key":"SMITH"},{"floor":15,"key":"REST"}],"circlet_count":0,"master_deck":["Slimebound:Strike_Slimebound","Slimebound:Tackle","Slimebound:Defend_Slimebound+1","Slimebound:Defend_Slimebound","Slimebound:Defend_Slimebound","Slimebound:Defend_Slimebound","Slimebound:Split+1","Slimebound:CorrosiveSpit","Slimebound:RollThrough+1","Slimebound:FinishingTackle","Slimebound:RollThrough+1","Slimebound:BestDefense+1","Slimebound:LevelUp","Regret"],"relics":["Slimebound:AbsorbEndCombat","Orichalcum","downfall:BrokenWingStatue","Slimebound:GreedOozeRelic"],"acts_visited":["Exordium"],"potions_floor_usage":[16,16],"damage_taken":[{"damage":23,"enemies":"Jaw Worm","floor":1,"turns":5},{"damage":5,"enemies":"Cultist","floor":3,"turns":3},{"damage":9,"enemies":"downfall:FleeingMerchant","floor":4,"turns":4},{"damage":2,"enemies":"Small Slimes","floor":9,"turns":4},{"damage":8,"enemies":"Blue Slaver","floor":10,"turns":4},{"damage":10,"enemies":"downfall:FleeingMerchant","floor":12,"turns":4},{"damage":48,"enemies":"downfall:Defect","floor":16,"turns":5}],"seed_played":"2305741164494188786","potions_obtained":[{"floor":1,"key":"Slimebound:SlimyTonguePotion"},{"floor":9,"key":"LiquidBronze"}],"is_trial":false,"path_per_floor":["M","?","M","$","?","?","T","R","M","M","?","$","R","?","R","B"],"character_chosen":"SLIMEBOUND","items_purchased":["Slimebound:RollThrough","Slimebound:BestDefense","Orichalcum"],"campfire_rested":1,"item_purchase_floors":[4,4,4],"current_hp_per_floor":[39,39,40,39,39,39,39,39,39,33,33,23,23,23,39,0,0,0],"gold":33,"neow_bonus":"TWO_FIFTY_GOLD","is_daily":false,"chose_seed":false,"campfire_upgraded":2,"win_rate":0.0,"timestamp":1610255054,"path_taken":["M","?","?","$","?","?","T","R","M","?","?","?","R","?","R","BOSS"],"items_purchased_type":["Card","Card","Relic"],"build_version":"2020-12-22","purchased_purges":2,"victory":false,"max_hp_per_floor":[54,54,54,54,54,54,54,54,54,54,54,54,54,54,54,54,54,54],"card_choices":[{"not_picked":["Slimebound:FormOfPuddle","Slimebound:FirmFortitude"],"picked":"Slimebound:RollThrough","floor":1},{"not_picked":["Slimebound:AcidTongue","Slimebound:FormOfPuddle","Slimebound:Nibble"],"picked":"SKIP","floor":3},{"not_picked":["Slimebound:ViciousTackle","Slimebound:PressTheAttack"],"picked":"Slimebound:FinishingTackle","floor":4},{"not_picked":["Slimebound:GrowthPunch","Slimebound:SlimeBarrage","Slimebound:Schlurp"],"picked":"SKIP","floor":9},{"not_picked":["Slimebound:Schlurp","Slimebound:SplitAcid","Slimebound:RollThrough"],"picked":"SKIP","floor":10},{"not_picked":["Slimebound:SplitLeeching","Slimebound:PressTheAttack"],"picked":"Slimebound:LevelUp","floor":12}],"player_experience":640365,"relics_obtained":[],"event_choices":[{"damage_healed":0,"gold_gain":0,"cards_transformed":["Slimebound:Strike_Slimebound"],"player_choice":"Transformed","damage_taken":0,"max_hp_gain":0,"max_hp_loss":0,"event_name":"Transmorgrifier","floor":6,"gold_loss":0,"cards_obtained":["Slimebound:WasteNot"]}],"is_beta":false,"boss_relics":[],"items_purged_floors":[4,12],"is_endless":false,"potions_floor_spawned":[1,9],"killed_by":"downfall:Defect","ascension_level":0}}