{"host":"17xjy7b7ubl548g2","time":1610248273,"event":{"mods":["2.2 Compatiblity","Act Like it!","Aspiration","Astrologer","Bard","BaseMod","Bestiary","Challenge The Spire","ChefMod","Colored Map","Conspire","Elementarium","Energized Spire","Gensokyo","GifTheSpireLib","Halation","Hallownest","Hubris","Infinite Spire","Jedi Mod","Jorbs\u0027s Wanderer Trilogy","Marisa（霧雨　魔理沙）","Marked Mod","Menagerie","Minty Spire (QoL Compilation)","Pale of the Ancients","Permanent Neow","Puzzle Mod","Replay The Spire","Robot Space Explorer","Spicy Shops","StSLib","Stuff the Spire","The Blue Laboratory","The Bug Knight","The Construct","The Disciple","The Factory","The Hayseed","The Hierophant","The Marked","The Runesmith","The Sage","TheFirefly"],"gold_per_floor":[218,218,109,109,118,132,132,57,83,83,91,91,104,109,109,161,161,166,173,61,86,86,101,101,118,141,154,154,154,154,154,154,203,203,213,213,213,222,227,244,244,258,258,275,275,282,288,313,313,313,320,320,320],"floor_reached":52,"playtime":6374,"items_purged":["Strike_Br","Strike_Br","Strike_Br"],"score":1242,"play_id":"8b181abe-ae6d-49e7-93d7-1654ab8a4239","local_time":"20210109221113","is_ascension_mode":true,"campfire_choices":[{"data":"Menagerie:BeastSpirit","floor":7.0,"key":"SMITH"},{"data":"BiteCommand","floor":10.0,"key":"SMITH"},{"data":"Menagerie:BeastSpirit+1","floor":15.0,"key":"SMITH"},{"data":"SecondHand","floor":15.0,"key":"SMITH"},{"data":"Menagerie:BeastSpirit+2","floor":24.0,"key":"SMITH"},{"data":"WindUp","floor":24.0,"key":"SMITH"},{"data":"HandsUpB","floor":28.0,"key":"SMITH"},{"data":"Menagerie:BeastSpirit+3","floor":28.0,"key":"SMITH"},{"data":"LockedCalendar","floor":32.0,"key":"SMITH"},{"data":"Menagerie:BeastSpirit+4","floor":32.0,"key":"SMITH"},{"data":"infinitespire:Punishment","floor":41.0,"key":"SMITH"},{"data":"infinitespire:Menacing","floor":41.0,"key":"SMITH"},{"floor":45.0,"key":"RECALL"},{"data":"1","floor":49.0,"key":"LIFT"}],"circlet_count":0,"master_deck":["Allargando+1","Rallentando+1","Vivace+1","Moderato+1","Defend_Br","Defend_Br","Defend_Br","Defend_Br","SecondHand+1","PatternShift","WindUp+1","Menagerie:BeastSpirit+5","BiteCommand+1","VestedLegacy","LockedThread","Goo","ShortSighted","Fragmentalize","BeatsPerMinute+1","Parity+1","infinitespire:Collect","LockedCalendar+1","HandsUpB+1","LockedBlood","infinitespire:Punishment+1","infinitespire:Menacing+1","ExoVibe+6","LockedWhetstone+1","LockedTornado+1","ResonantCall+1","HandsUpC+1","ExoVibe+2","Sospirando+1"],"relics":["Chronometer","Menagerie:Aurumvore","InkBottle","halation:AfternoonTea","Replay:Arrowhead","conspire:InfiniteJournal","halation:ForbiddenBikini","Elementarium:HuntersBracer","StuffTheSpire:Barrel","conspire:GlowingRock","CaptainsWheel","Quantum Egg","Replay:Accelerometer","Elementarium:ElementariumTrophy","Philosopher\u0027s Stone","Girya","hubris:SlimyHat","Toxic Egg 2","hubris:Reverence","infinitespire:Lychee Nut","paleoftheancients:Timepiece","paleoftheancients:KeyRelic","CultistMask","paleoftheancients:SoulOfTheCollector"],"acts_visited":["Exordium","Menagerie:Menagerie","TheBeyond","TheBeyond"],"potions_floor_usage":[],"damage_taken":[{"damage":2.0,"enemies":"Menagerie:2_RABBITS","floor":1.0,"turns":6.0},{"damage":0.0,"enemies":"Menagerie:WhisperingWraith","floor":5.0,"turns":4.0},{"damage":27.0,"enemies":"Menagerie:Hydra","floor":6.0,"turns":6.0},{"damage":0.0,"enemies":"Menagerie:StygianBoar","floor":11.0,"turns":4.0},{"damage":6.0,"enemies":"Menagerie:MaskedSummoner","floor":13.0,"turns":7.0},{"damage":4.0,"enemies":"Menagerie:KEEPER_AND_YOUNG_SUNEATER","floor":14.0,"turns":4.0},{"damage":2.0,"enemies":"Menagerie:AVATARS","floor":16.0,"turns":9.0},{"damage":1.0,"enemies":"Elementarium:Cyclone","floor":18.0,"turns":5.0},{"damage":0.0,"enemies":"Elementarium:VoidCorruption","floor":19.0,"turns":5.0},{"damage":7.0,"enemies":"Elementarium:WarGolem","floor":23.0,"turns":4.0},{"damage":0.0,"enemies":"Nightmare","floor":25.0,"turns":6.0},{"damage":1.0,"enemies":"Elementarium:FIRE_NOBILITY","floor":27.0,"turns":6.0},{"damage":11.0,"enemies":"Elementarium:GolemEmperor","floor":33.0,"turns":6.0},{"damage":4.0,"enemies":"Orb Walker","floor":35.0,"turns":3.0},{"damage":16.0,"enemies":"3 Shapes","floor":38.0,"turns":1.0},{"damage":0.0,"enemies":"Jaw Worm Horde","floor":39.0,"turns":1.0},{"damage":0.0,"enemies":"Reptomancer","floor":40.0,"turns":3.0},{"damage":0.0,"enemies":"HollowMod:StalkingDevout","floor":42.0,"turns":4.0},{"damage":31.0,"enemies":"Nightmare","floor":44.0,"turns":5.0},{"damage":10.0,"enemies":"Spire Growth","floor":46.0,"turns":4.0},{"damage":12.0,"enemies":"Transient","floor":47.0,"turns":5.0},{"damage":0.0,"enemies":"Mind Bloom Boss Battle","floor":48.0,"turns":4.0},{"damage":2.0,"enemies":"Awakened One","floor":50.0,"turns":7.0},{"damage":0.0,"enemies":"Awakened One","floor":51.0,"turns":4.0},{"damage":0,"enemies":"","floor":52,"turns":1}],"seed_played":"8238675259062336551","potions_obtained":[{"floor":6.0,"key":"blueLaboratory:PyrophylliteBrew"},{"floor":11.0,"key":"blueLaboratory:ImpenetrablePotion"},{"floor":14.0,"key":"blueLaboratory:HummingbirdPotion"},{"floor":16.0,"key":"Venom Potion"},{"floor":19.0,"key":"jedi:StrikingPotion"},{"floor":33.0,"key":"blueLaboratory:NullPotion"},{"floor":38.0,"key":"Death Potion"},{"floor":42.0,"key":"blueLaboratory:LouseDecoction"},{"floor":47.0,"key":"Swift Potion"}],"is_trial":false,"path_per_floor":["M","?","?","?","M","E","R","$","T","R","M","T","E","M","R","B",null,"M","M","?","?","AVR","E","R","NM","T","E","R","$","?","T","R","B",null,"M","AVR","?","M","M","E","R","E","T","NM","R","M","M","?","R","B","M","M"],"character_chosen":"CHRONO_CLASS","items_purchased":[],"campfire_rested":0,"item_purchase_floors":[],"current_hp_per_floor":[57,57,57,57,57,30,30,30,30,30,30,30,24,20,20,24,53,58,62,62,62,62,55,55,55,55,54,54,54,44,44,44,39,60,62,62,62,46,46,46,46,50,50,35,35,33,37,37,37,50,50,50,50],"gold":320,"neow_bonus":"HUNDRED_GOLD","is_daily":false,"chose_seed":false,"campfire_upgraded":12,"win_rate":0.0,"timestamp":1610248273,"path_taken":["M","?","?","?","M","E","R","$","T","R","M","?","E","M","R","BOSS","M","?","?","?","AVR","E","R","NM","T","E","R","?","?","?","R","BOSS","M","AVR","?","M","M","E","R","E","T","NM","R","M","M","?","R","BOSS","M","M"],"items_purchased_type":[],"build_version":"2020-12-22","purchased_purges":3,"victory":false,"max_hp_per_floor":[65,62,62,62,62,62,62,62,62,62,62,62,62,62,62,62,62,62,62,62,62,62,62,62,62,62,62,62,62,67,67,67,67,67,67,67,67,67,67,67,67,67,67,67,67,67,67,50,50,50,50,50,50],"card_choices":[{"not_picked":["TiringSlam","BlueShift"],"picked":"WindUp","floor":1.0},{"not_picked":["LockedMedicine","LockedTurtyl"],"picked":"BiteCommand","floor":5.0},{"not_picked":["LockedAnchor","ExoVibe"],"picked":"VestedLegacy","floor":6.0},{"not_picked":["CrunchTime","LockedScales"],"picked":"LockedThread","floor":11.0},{"not_picked":["LockedAnchor","LockedBlood"],"picked":"Goo","floor":13.0},{"not_picked":["BiteCommand","OracleForm"],"picked":"ShortSighted","floor":14.0},{"not_picked":["MasterKey","Echonomics"],"picked":"Fragmentalize","floor":16.0},{"not_picked":["LockedAnchor","HandsUpC"],"picked":"BeatsPerMinute+1","floor":18.0},{"not_picked":["AlternateTimeline","HandsUpC"],"picked":"Parity+1","floor":19.0},{"not_picked":["LockedScales","LockedOrichalcum"],"picked":"LockedCalendar","floor":23.0},{"not_picked":["WindUp","BiteCommand"],"picked":"HandsUpB","floor":25.0},{"not_picked":["Accruing","LockedUrn"],"picked":"LockedBlood","floor":27.0},{"not_picked":["LockedBlood+1","Parity","LockedAnchor+1"],"picked":"SKIP","floor":35.0},{"not_picked":["ReapSow","Stagnate"],"picked":"ExoVibe+1","floor":38.0},{"not_picked":["Tempo","CrunchTime"],"picked":"LockedWhetstone+1","floor":39.0},{"not_picked":["Engulf","Echoward+1"],"picked":"LockedTornado+1","floor":40.0},{"not_picked":["BlueShift+1","LockedMedicine+1"],"picked":"ResonantCall+1","floor":42.0},{"not_picked":["Engulf","WatchCommand+1"],"picked":"HandsUpC+1","floor":44.0},{"not_picked":["Facsimile+1","LockedScales"],"picked":"ExoVibe+1","floor":46.0},{"not_picked":["ExoVibe+1","VestedLegacy+1"],"picked":"Tempo+1","floor":47.0},{"not_picked":["Cuckoo+1","BiteCommand+1","LockedMedicine"],"picked":"SKIP","floor":51.0}],"player_experience":1729808,"relics_obtained":[{"floor":6.0,"key":"InkBottle"},{"floor":9.0,"key":"halation:AfternoonTea"},{"floor":12.0,"key":"Replay:Arrowhead"},{"floor":13.0,"key":"conspire:InfiniteJournal"},{"floor":23.0,"key":"conspire:GlowingRock"},{"floor":25.0,"key":"CaptainsWheel"},{"floor":27.0,"key":"Quantum Egg"},{"floor":31.0,"key":"Replay:Accelerometer"},{"floor":40.0,"key":"Girya"},{"floor":42.0,"key":"hubris:SlimyHat"},{"floor":43.0,"key":"Toxic Egg 2"},{"floor":44.0,"key":"hubris:Reverence"},{"floor":48.0,"key":"infinitespire:Lychee Nut"},{"floor":51.0,"key":"paleoftheancients:SoulOfTheCollector"}],"event_choices":[{"damage_healed":0.0,"max_hp_gain":0.0,"max_hp_loss":3.0,"gold_gain":0.0,"event_name":"Menagerie:BeastSpiritShrine","player_choice":"Knelt","floor":2.0,"gold_loss":0.0,"damage_taken":0.0,"cards_obtained":["Menagerie:BeastSpirit"]},{"damage_healed":0.0,"max_hp_gain":0.0,"max_hp_loss":0.0,"gold_gain":0.0,"event_name":"Menagerie:ScentOfGold","player_choice":"Pacify","floor":3.0,"gold_loss":0.0,"damage_taken":0.0,"relics_obtained":["Menagerie:Aurumvore"]},{"cards_removed":["Strike_Br"],"damage_healed":0.0,"max_hp_gain":0.0,"max_hp_loss":0.0,"gold_gain":0.0,"event_name":"Menagerie:ThreeAnimals","player_choice":"Snake","floor":4.0,"gold_loss":0.0,"damage_taken":0.0},{"damage_healed":0.0,"max_hp_gain":0.0,"max_hp_loss":0.0,"gold_gain":0.0,"event_name":"Elementarium:BigGameHunter","player_choice":"Sling","floor":20.0,"gold_loss":112.0,"damage_taken":0.0,"relics_obtained":["Elementarium:HuntersBracer"]},{"damage_healed":0.0,"max_hp_gain":0.0,"max_hp_loss":0.0,"gold_gain":50.0,"event_name":"Elementarium:StickySituation","player_choice":"Take","floor":21.0,"gold_loss":0.0,"damage_taken":0.0},{"damage_healed":0.0,"max_hp_gain":5.0,"max_hp_loss":0.0,"gold_gain":0.0,"event_name":"Elementarium:RadiantAltar","player_choice":"Sacrifice","floor":30.0,"gold_loss":0.0,"damage_taken":15.0},{"damage_healed":0.0,"max_hp_gain":0.0,"max_hp_loss":0.0,"gold_gain":0.0,"event_name":"MindBloom","player_choice":"Fight","floor":48.0,"gold_loss":0.0,"damage_taken":0.0}],"is_beta":false,"boss_relics":[{"not_picked":["hubris:CrackedHourglass","Replay:Wanted Poster"],"picked":"halation:ForbiddenBikini"},{"not_picked":["halation:MonkeysPaw","Replay:Drink Me"],"picked":"Philosopher\u0027s Stone"}],"items_purged_floors":[8,22,36],"is_endless":false,"potions_floor_spawned":[6,11,14,16,19,33,38,42,47],"killed_by":"","ascension_level":9}}