{"host":"mlczotyo8j5fj6lt","time":1610277828,"event":{"mods":["AchievementEnabler","BaseMod","Better Third Choice","BetterRewards","Conspire","Downfall","Googly Eyes","Minty Spire (QoL Compilation)","Quick Restart","Replay The Spire","StSLib"],"gold_per_floor":[99,99,99,99,24,51,51,151,76,89,89,103,118,129,148,243,243,168,168,168,178,193,208,234,244,35,35,70,70,55,101,112,208,208,133,152,166,166,228,239,265,265,276,276,296,346,384,407,428,428],"floor_reached":51,"playtime":3071,"items_purged":["Regret"],"score":799,"play_id":"4a47723c-6eb1-433a-b134-7d9cc55bdcd7","local_time":"20210110122348","is_ascension_mode":false,"campfire_choices":[{"data":"Slimebound:Split","floor":1,"key":"SMITH"},{"floor":9,"key":"RECALL"},{"data":"Slimebound:OneTwoCombo","floor":27,"key":"SMITH"},{"floor":29,"key":"REST"},{"data":"Slimebound:MinionMaster","floor":35,"key":"SMITH"},{"data":"Slimebound:Darklings","floor":44,"key":"SMITH"}],"circlet_count":0,"master_deck":["Slimebound:Strike_Slimebound","Slimebound:Strike_Slimebound","Slimebound:Tackle+1","Slimebound:Defend_Slimebound","Slimebound:Defend_Slimebound","Slimebound:Defend_Slimebound","Slimebound:Defend_Slimebound","Slimebound:Split+1","Slimebound:CorrosiveSpit","Slimebound:SplitLeeching","Slimebound:PressTheAttack","Slimebound:FormOfPuddle","Slimebound:SplitLeeching","Slimebound:SamplingLick","Slimebound:FinishingTackle","Slimebound:Schlurp","Slimebound:SplitAcid","Slimebound:FinishingTackle","Slimebound:Overexert+1","Slimebound:SplitMire+1","Slimebound:RejuvenatingLick","Slimebound:RejuvenatingLick+1","Slimebound:LevelUp","Slimebound:RainOfGoop+1","Slimebound:OneTwoCombo+1","Slimebound:LevelUp","Slimebound:SlimeTap","Slimebound:LeadByExample","Slimebound:SamplingLick","Slimebound:MinionMaster+1","Slimebound:SamplingLick+1","Slimebound:GrowthPunch","Slimebound:Darklings+1","Slimebound:DisruptingSlam+1","Slimebound:LeechEnergy+1","Parasite","Slimebound:Schlurp","Slimebound:SpikyOuterGoop","Hallucinations","Slimebound:SelfFormingGoo","Slimebound:MegaLick"],"relics":["Slimebound:AbsorbEndCombat","downfall:HeartsMalice","ReplayFunnel","Lantern","conspire:DeflatedDodgeball","Toy Ornithopter","downfall:HeartBlessingGreen","Slimebound:TarBlob","downfall:HeartBlessingRed","Anchor","Pet Ghost","conspire:SpecialSausage","downfall:HeartBlessingBlue","ReplayTheSpireMod:Lightbulb","Simple Rune","Ring of Greed","Ring of Hypnosis","Smiling Mask","Golden Idol","Replay:PocketPolymizer"],"acts_visited":["Exordium","TheCity","TheBeyond"],"potions_floor_usage":[14,16,16,16,33,33,33,36,43,50,50],"damage_taken":[{"damage":0,"enemies":"Small Slimes","floor":2,"turns":1},{"damage":0,"enemies":"downfall:FleeingMerchant","floor":5,"turns":1},{"damage":0,"enemies":"Gremlin Nob","floor":6,"turns":1},{"damage":31,"enemies":"downfall:LadyInBlue","floor":8,"turns":11},{"damage":16,"enemies":"Cultist","floor":10,"turns":4},{"damage":4,"enemies":"conspire:RoseBush","floor":12,"turns":2},{"damage":12,"enemies":"Exordium Wildlife","floor":13,"turns":3},{"damage":27,"enemies":"Exordium Thugs","floor":14,"turns":4},{"damage":10,"enemies":"Red Slaver","floor":15,"turns":2},{"damage":87,"enemies":"downfall:Defect","floor":16,"turns":9},{"damage":0,"enemies":"Chosen","floor":19,"turns":1},{"damage":26,"enemies":"3 Cultists","floor":21,"turns":5},{"damage":24,"enemies":"Snake Plant","floor":22,"turns":4},{"damage":43,"enemies":"Sentry and Sphere","floor":23,"turns":5},{"damage":20,"enemies":"Centurion and Healer","floor":25,"turns":5},{"damage":19,"enemies":"downfall:FleeingMerchant","floor":26,"turns":4},{"damage":45,"enemies":"Replay:Snechameleon","floor":28,"turns":3},{"damage":36,"enemies":"downfall:FleeingMerchant","floor":30,"turns":4},{"damage":15,"enemies":"Shelled Parasite and Fungi","floor":32,"turns":2},{"damage":30,"enemies":"downfall:Silent","floor":33,"turns":6},{"damage":18,"enemies":"3 Darklings","floor":36,"turns":3},{"damage":23,"enemies":"3 Shapes","floor":37,"turns":3},{"damage":40,"enemies":"3 Darklings","floor":40,"turns":3},{"damage":30,"enemies":"Writhing Mass","floor":43,"turns":3},{"damage":50,"enemies":"Maw","floor":45,"turns":3},{"damage":37,"enemies":"Nemesis","floor":47,"turns":5},{"damage":24,"enemies":"4 Shapes","floor":48,"turns":3},{"damage":50,"enemies":"Sphere and 2 Shapes","floor":49,"turns":4},{"damage":44,"enemies":"downfall:Watcher","floor":50,"turns":4}],"seed_played":"-9162886005319112501","potions_obtained":[{"floor":6,"key":"ColorlessPotion"},{"floor":8,"key":"Fire Potion"},{"floor":8,"key":"SpeedPotion"},{"floor":8,"key":"sneckomod:MuddlingPotion"},{"floor":12,"key":"PowerPotion"},{"floor":15,"key":"Strength Potion"},{"floor":23,"key":"Dexterity Potion"},{"floor":28,"key":"Strength Potion"},{"floor":32,"key":"Dexterity Potion"},{"floor":33,"key":"AttackPotion"},{"floor":39,"key":"LifebloodPotion"},{"floor":39,"key":"BlessingOfTheForge"},{"floor":40,"key":"DistilledChaos"},{"floor":47,"key":"Swift Potion"},{"floor":48,"key":"SkillPotion"}],"is_trial":false,"path_per_floor":["R","M","?","?","$","E","T","?","R","M","?","M","M","M","M","B",null,"R","M","?","M","M","M","T","M","$","R","E","R","$","T","M","B",null,"R","M","M","?","?","M","T","?","M","R","M","?","E","M","M","B",null],"character_chosen":"SLIMEBOUND","items_purchased":["Slimebound:OneTwoCombo","Slimebound:LevelUp"],"campfire_rested":1,"item_purchase_floors":[26,26],"current_hp_per_floor":[60,60,53,53,53,53,53,42,42,42,42,46,50,54,56,19,60,60,60,42,56,56,55,55,60,60,60,42,60,56,56,60,60,60,70,70,67,67,50,48,48,48,70,70,70,70,70,70,46,70],"gold":428,"neow_bonus":"THREE_ENEMY_KILL","is_daily":false,"chose_seed":false,"campfire_upgraded":4,"win_rate":0.0,"timestamp":1610277828,"path_taken":["R","M","?","?","$","E","T","?","R","?","?","M","M","M","M","BOSS","R","M","?","?","M","M","T","M","?","R","E","R","$","?","M","BOSS","R","M","M","?","?","?","T","?","?","R","M","?","E","M","M","BOSS"],"items_purchased_type":["Card","Card"],"build_version":"2020-12-22","purchased_purges":1,"victory":true,"max_hp_per_floor":[60,60,60,60,60,60,60,60,60,60,60,60,60,60,60,60,60,60,60,60,60,60,60,60,60,60,60,60,60,60,60,60,60,60,70,70,70,70,70,70,70,70,70,70,70,70,70,70,70,70],"card_choices":[{"not_picked":["Slimebound:LivingWall","Slimebound:ViciousTackle"],"picked":"Slimebound:SplitLeeching","floor":2},{"not_picked":["Slimebound:Repurpose","Slimebound:RollThrough"],"picked":"Slimebound:PressTheAttack","floor":5},{"not_picked":["Slimebound:Teamwork","Slimebound:RollThrough"],"picked":"Slimebound:FormOfPuddle","floor":6},{"not_picked":["Slimebound:BestDefense","Slimebound:ForwardTackle"],"picked":"Slimebound:SplitLeeching","floor":8},{"not_picked":["Slimebound:RollThrough","Slimebound:Replication"],"picked":"Slimebound:SamplingLick","floor":10},{"not_picked":["Slimebound:SplitLeeching","Slimebound:HauntingLick"],"picked":"Slimebound:FinishingTackle","floor":12},{"not_picked":["Slimebound:FinishingTackle","Slimebound:SplitLeeching"],"picked":"Slimebound:Schlurp","floor":13},{"not_picked":["Slimebound:ViciousTackle","Slimebound:DuplicatedForm"],"picked":"Slimebound:SplitAcid","floor":14},{"not_picked":["Slimebound:GoopSpray","Slimebound:SplitAcid"],"picked":"Slimebound:FinishingTackle","floor":15},{"not_picked":["Slimebound:PrepareCrush","Slimebound:WasteNot"],"picked":"Slimebound:Overexert","floor":16},{"not_picked":["Slimebound:FinishingTackle","Slimebound:SamplingLick+1"],"picked":"Slimebound:SplitMire+1","floor":19},{"not_picked":["Slimebound:ComboTackle","Slimebound:GoopSpray+1"],"picked":"Slimebound:RejuvenatingLick","floor":21},{"not_picked":["Slimebound:FinishingTackle","Slimebound:Replication","Slimebound:SplitMire"],"picked":"SKIP","floor":22},{"not_picked":["Slimebound:SplitBruiser+1","Slimebound:GrowthPunch"],"picked":"Slimebound:RejuvenatingLick+1","floor":23},{"not_picked":["Slimebound:TongueLash","Slimebound:Dissolve"],"picked":"Slimebound:LevelUp","floor":25},{"not_picked":["Slimebound:SplitBruiser","Slimebound:GrowthPunch"],"picked":"Slimebound:RainOfGoop+1","floor":26},{"not_picked":["Slimebound:DisruptingSlam","Slimebound:HauntingLick+1"],"picked":"Slimebound:SlimeTap","floor":28},{"not_picked":["Slimebound:SplitAcid","Slimebound:FinishingTackle"],"picked":"Slimebound:LeadByExample","floor":30},{"not_picked":["Slimebound:ViciousTackle","Slimebound:TongueLash"],"picked":"Slimebound:SamplingLick","floor":32},{"not_picked":["Slimebound:OozeBath","Slimebound:LeechLife"],"picked":"Slimebound:MinionMaster","floor":33},{"not_picked":["Slimebound:Schlurp+1","Slimebound:SplitAcid"],"picked":"Slimebound:SamplingLick+1","floor":36},{"not_picked":["Slimebound:SlimeSpikes+1","Slimebound:BestDefense"],"picked":"Slimebound:GrowthPunch","floor":37},{"not_picked":["Slimebound:GrowthPunch","Slimebound:ViciousTackle"],"picked":"Slimebound:DisruptingSlam+1","floor":39},{"not_picked":["Slimebound:LeechingTouch","Slimebound:BestDefense"],"picked":"Slimebound:LeechEnergy+1","floor":40},{"not_picked":["Slimebound:SplitBruiser","Slimebound:ComboTackle"],"picked":"Slimebound:Schlurp","floor":43},{"not_picked":["Slimebound:GrowthPunch","Slimebound:Repurpose"],"picked":"Slimebound:SpikyOuterGoop","floor":45},{"not_picked":["Slimebound:PressTheAttack","Slimebound:SplitLeeching+1"],"picked":"Slimebound:SelfFormingGoo","floor":47},{"not_picked":["Slimebound:LeechingTouch+1","Slimebound:SplitBruiser+1"],"picked":"Slimebound:MegaLick","floor":48},{"not_picked":["Slimebound:SplitBruiser","Slimebound:GrowthPunch+1","Slimebound:SplitLeeching+1"],"picked":"SKIP","floor":49}],"player_experience":185532,"relics_obtained":[{"floor":6,"key":"Lantern"},{"floor":7,"key":"conspire:DeflatedDodgeball"},{"floor":8,"key":"Toy Ornithopter"},{"floor":28,"key":"Anchor"},{"floor":31,"key":"Pet Ghost"},{"floor":39,"key":"ReplayTheSpireMod:Lightbulb"},{"floor":41,"key":"Simple Rune"},{"floor":46,"key":"Ring of Greed"},{"floor":46,"key":"Ring of Hypnosis"},{"floor":46,"key":"Smiling Mask"},{"floor":46,"key":"Golden Idol"},{"floor":47,"key":"Replay:PocketPolymizer"}],"event_choices":[{"damage_healed":0,"gold_gain":0,"player_choice":"Success","damage_taken":7,"relics_obtained":["ReplayFunnel"],"max_hp_gain":0,"max_hp_loss":0,"event_name":"Scrap Ooze","floor":3,"gold_loss":0},{"cards_removed":["Slimebound:Strike_Slimebound"],"damage_healed":0,"gold_gain":0,"player_choice":"Purged","damage_taken":0,"max_hp_gain":0,"max_hp_loss":0,"event_name":"Purifier","floor":42,"gold_loss":0}],"is_beta":false,"boss_relics":[{"not_picked":["Runic Dome","ReplayTheSpireMod:DimensionalGlitch"],"picked":"Slimebound:TarBlob"},{"not_picked":["Abe\u0027s Treasure","conspire:SlowCooker"],"picked":"conspire:SpecialSausage"}],"items_purged_floors":[5],"is_endless":false,"potions_floor_spawned":[6,12,13,15,23,28,32,33,40,47,48,49],"ascension_level":0}}