{"host":"3r2zvbxy968tplz7","time":1610322673,"event":{"mods":["100% Spire Juice","2.2 Compatiblity","AchievementEnabler","Arknights The Spire","Ascension Reborn","BaseMod","Bestiary","Better Altar","Better Sensory Stone","Better Skull","Better Third Choice","BetterRewards","ChefMod","Colored Powertips","Curses Come First","Downfall","Hermit","Infinite Spire","JesterMod","Luminous","Minty Spire (QoL Compilation)","Prisma Mod","Puzzle Mod","Random Character Button","Relic Stats","Replay The Spire","Robot Space Explorer","Shade Mod","Spicy Shops","StSLib","The Blue Laboratory","The Bug Knight","The Clintock","The Cursed","The Death Knight","The Disciple","The Dragon Tamer","The Fake Hero","The Florist","The Hayseed","The Marked","The Necromancer","The Runesmith","The Servant 0.9.4","TheSwordswoman","TheVacant","Thieving Mod"],"gold_per_floor":[117,117,137,154,0,0,18,53,76,76,106,106,118,134,134,238,238,213,123,21,68,83,113,131,131,155,182,192,192,208,208,208,319,319,351,351,351,351,351,351],"floor_reached":38,"playtime":4032,"items_purged":[],"score":724,"play_id":"e4aab4e7-5c3e-447b-87ac-3890a20f04c4","local_time":"20210111005113","is_ascension_mode":true,"metric_token":3033,"campfire_choices":[{"floor":6.0,"key":"RECALL"},{"floor":10.0,"key":"REST"},{"floor":12.0,"key":"REST"},{"data":"Enlightenment","floor":15.0,"key":"SMITH"},{"floor":25.0,"key":"REST"},{"floor":29.0,"key":"REST"},{"floor":32.0,"key":"REST"}],"dtmod_dragon_data":[50,50,2,3,4,6],"circlet_count":0,"master_deck":["DTMod:Strike+1","DTMod:Strike","DTMod:DoubleHit","DTMod:TargetDefense","DTMod:TargetDefense","DTMod:TargetDefense+1","DTMod:TargetDefense+1","DTMod:SwitchingTactic","DTMod:DragonDance+1","DTMod:QuickFly","DTMod:Haste","Enlightenment+1","DTMod:BlueScale","DTMod:WarmUp","DTMod:PurifyingFlame","DTMod:DragonDance","DTMod:Safeguard+1","AbeCurse","DTMod:DragonDance+1","DTMod:ComboAttack","DTMod:Training+1","DTMod:DarkBreath+1","DTMod:HeatWave+1","DTMod:CleansingStrike","DTMod:FierySynthesis","DTMod:Training+1"],"relics":["DTMod:PactStone","NeowsBlessing","Replay:Baseball","Vajra","infinitespire:Lucky Rock","Runesmith:AutoHammer","Abe\u0027s Treasure","Gremlin Food","MealTicket","War Paint","Pet Ghost","infinitespire:PuzzleCube","infinitespire:EvilPickle","SacredBark","Lee\u0027s Waffle"],"acts_visited":["Exordium","TheCity","TheBeyond"],"potions_floor_usage":[],"damage_taken":[{"damage":0.0,"enemies":"2 Louse","floor":1.0,"turns":2.0},{"damage":0.0,"enemies":"infinitespire:Voidling","floor":3.0,"turns":1.0},{"damage":0.0,"enemies":"Jaw Worm","floor":4.0,"turns":1.0},{"damage":13.0,"enemies":"Exordium Thugs","floor":7.0,"turns":5.0},{"damage":10.0,"enemies":"Gremlin Nob","floor":8.0,"turns":5.0},{"damage":0.0,"enemies":"HollowMod:MossKnight","floor":11.0,"turns":7.0},{"damage":0.0,"enemies":"Exordium Wildlife","floor":13.0,"turns":7.0},{"damage":0.0,"enemies":"Red Slaver","floor":14.0,"turns":3.0},{"damage":25.0,"enemies":"Hexaghost","floor":16.0,"turns":12.0},{"damage":0.0,"enemies":"2 Thieves","floor":18.0,"turns":5.0},{"damage":0.0,"enemies":"Spheric Guardian","floor":22.0,"turns":4.0},{"damage":28.0,"enemies":"Nightmare","floor":23.0,"turns":5.0},{"damage":21.0,"enemies":"Cultist and Chosen","floor":24.0,"turns":6.0},{"damage":0.0,"enemies":"Replay:Snechameleon","floor":27.0,"turns":5.0},{"damage":0.0,"enemies":"Centurion and Healer","floor":28.0,"turns":6.0},{"damage":0.0,"enemies":"Snecko","floor":30.0,"turns":4.0},{"damage":0.0,"enemies":"Pondfish","floor":33.0,"turns":8.0},{"damage":0.0,"enemies":"3 Shapes","floor":35.0,"turns":4.0}],"seed_played":"-200238663396211731","potions_obtained":[{"floor":7.0,"key":"blueLaboratory:BubblePotion"},{"floor":8.0,"key":"DeathKnight:RimePotion"},{"floor":13.0,"key":"Block Potion"},{"floor":14.0,"key":"SteroidPotion"},{"floor":22.0,"key":"blueLaboratory:BottleOfRum"},{"floor":27.0,"key":"Languid Potion"},{"floor":28.0,"key":"blueLaboratory:HeartbeatPotion"},{"floor":30.0,"key":"SteroidPotion"},{"floor":35.0,"key":"AttackPotion"}],"is_trial":false,"path_per_floor":["M","?","M","M","?","R","M","E","T","R","E","R","M","M","R","B",null,"M","?","$","T","M","NM","M","R","T","E","M","R","M","AVR","R","B",null,"M","?","AVR","M"],"character_chosen":"THE_DT","items_purchased":["DTMod:ComboAttack","DTMod:Training"],"campfire_rested":5,"item_purchase_floors":[20,20],"current_hp_per_floor":[45,34,34,34,40,40,27,17,17,32,32,47,47,47,47,22,51,51,51,51,51,51,23,2,17,17,17,17,32,32,32,47,47,51,51,51,58,58,58,58],"gold":351,"neow_bonus":"THREE_ENEMY_KILL","is_daily":false,"chose_seed":false,"campfire_upgraded":1,"win_rate":0.0,"timestamp":1610322673,"path_taken":["M","?","?","M","?","R","M","E","T","R","E","R","M","M","R","BOSS","M","?","?","?","M","NM","?","R","T","E","M","R","M","AVR","R","BOSS","M","?","AVR","?"],"items_purchased_type":["Card","Card"],"build_version":"2020-12-22","purchased_purges":0,"victory":false,"max_hp_per_floor":[45,45,45,45,51,51,51,51,51,51,51,51,51,51,51,51,51,51,51,51,51,51,51,51,51,51,51,51,51,51,51,51,51,51,51,51,58,58,58,58],"relic_stats":{"Lee\u0027s Waffle":7,"counters":[19,91],"MealTicket":0,"War Paint":["DTMod:Training","DTMod:TargetDefense"],"obtain_stats":[{"Gremlin Food":21,"Lee\u0027s Waffle":37,"NeowsBlessing":0,"SacredBark":34,"Vajra":8,"infinitespire:Lucky Rock":9,"War Paint":26,"Pet Ghost":27,"infinitespire:EvilPickle":33,"Replay:Baseball":2,"DTMod:PactStone":0,"MealTicket":23,"Runesmith:AutoHammer":11,"Abe\u0027s Treasure":17,"infinitespire:PuzzleCube":31},{"Gremlin Food":10,"Lee\u0027s Waffle":18,"NeowsBlessing":0,"SacredBark":17,"Vajra":5,"infinitespire:Lucky Rock":5,"War Paint":13,"Pet Ghost":14,"infinitespire:EvilPickle":17,"Replay:Baseball":1,"DTMod:PactStone":0,"MealTicket":12,"Runesmith:AutoHammer":6,"Abe\u0027s Treasure":9,"infinitespire:PuzzleCube":16},{"Gremlin Food":48,"Lee\u0027s Waffle":90,"NeowsBlessing":0,"SacredBark":86,"Vajra":14,"infinitespire:Lucky Rock":14,"War Paint":63,"Pet Ghost":68,"infinitespire:EvilPickle":86,"Replay:Baseball":2,"DTMod:PactStone":0,"MealTicket":57,"Runesmith:AutoHammer":21,"Abe\u0027s Treasure":43,"infinitespire:PuzzleCube":78}]},"card_choices":[{"not_picked":["DTMod:ComboAttack","DTMod:FlameSlash"],"picked":"DTMod:DragonDance","floor":1.0},{"not_picked":["DTMod:FlameSlash","DTMod:BurningForce"],"picked":"DTMod:QuickFly","floor":3.0},{"not_picked":["DTMod:BreakAttack","DTMod:Cover"],"picked":"DTMod:Haste","floor":4.0},{"not_picked":["DTMod:BalancedStrike","DTMod:Coolant"],"picked":"DTMod:BlueScale","floor":7.0},{"not_picked":["DTMod:LowKick","DTMod:Cover","DTMod:Shift"],"picked":"SKIP","floor":8.0},{"not_picked":["DTMod:TriAttack","DTMod:Threaten"],"picked":"DTMod:WarmUp","floor":11.0},{"not_picked":["DTMod:GhostSkin","DTMod:Cover"],"picked":"DTMod:PurifyingFlame","floor":13.0},{"not_picked":["DTMod:RecklessFlurry","DTMod:CalculatedDefense"],"picked":"DTMod:DragonDance","floor":14.0},{"not_picked":["DTMod:Prediction","DTMod:ResonanceForm"],"picked":"DTMod:Safeguard","floor":16.0},{"not_picked":["DTMod:PurifyingFlame","DTMod:BlueScale"],"picked":"DTMod:DragonDance+1","floor":18.0},{"not_picked":["DTMod:Conduct","DTMod:BreakAttack"],"picked":"DTMod:DarkBreath+1","floor":22.0},{"not_picked":["DTMod:MagicField","DTMod:Threaten"],"picked":"DTMod:HeatWave+1","floor":23.0},{"not_picked":["DTMod:BalancedStrike+1","DTMod:QuickFly","DTMod:Weaken"],"picked":"SKIP","floor":24.0},{"not_picked":["DTMod:Multitask","DTMod:BuildUp","DTMod:Weaken"],"picked":"SKIP","floor":27.0},{"not_picked":["DTMod:BizarreTactic","DTMod:MaximumCharge","DTMod:Cover"],"picked":"SKIP","floor":28.0},{"not_picked":["DTMod:DeepFocus","DTMod:MasterPlan"],"picked":"DTMod:CleansingStrike","floor":30.0},{"not_picked":["DTMod:Harmonize","DTMod:Multitask"],"picked":"DTMod:FierySynthesis","floor":33.0},{"not_picked":["DTMod:GhostSkin","DTMod:Haste"],"picked":"DTMod:Training+1","floor":35.0}],"player_experience":269086,"relics_obtained":[{"floor":8.0,"key":"Vajra"},{"floor":9.0,"key":"infinitespire:Lucky Rock"},{"floor":11.0,"key":"Runesmith:AutoHammer"},{"floor":21.0,"key":"Gremlin Food"},{"floor":23.0,"key":"MealTicket"},{"floor":26.0,"key":"War Paint"},{"floor":27.0,"key":"Pet Ghost"}],"event_choices":[{"damage_healed":0.0,"max_hp_gain":0.0,"max_hp_loss":0.0,"gold_gain":0.0,"event_name":"betterSkull:BetterSkull","player_choice":"RE ","floor":2.0,"gold_loss":0.0,"damage_taken":13.0,"cards_upgraded":[],"relics_obtained":["Replay:Baseball"]},{"damage_healed":0.0,"max_hp_gain":0.0,"max_hp_loss":0.0,"gold_gain":0.0,"event_name":"betterThird:BetterSerpent","player_choice":"RENOUNCE","floor":5.0,"gold_loss":154.0,"damage_taken":154.0,"cards_obtained":["Enlightenment"]},{"cards_removed":["DTMod:Strike"],"damage_healed":0.0,"max_hp_gain":0.0,"max_hp_loss":0.0,"gold_gain":0.0,"event_name":"Designer","player_choice":"Upgrade and Remove","floor":19.0,"gold_loss":90.0,"damage_taken":0.0,"cards_upgraded":["DTMod:Strike"]},{"cards_removed":["DTMod:Strike"],"damage_healed":0.0,"max_hp_gain":0.0,"max_hp_loss":0.0,"gold_gain":0.0,"event_name":"Bonfire Elementals","player_choice":"Offered Basic","floor":36.0,"gold_loss":0.0,"damage_taken":0.0}],"is_beta":false,"boss_relics":[{"not_picked":["ChewingGum","Ring of Chaos"],"picked":"Abe\u0027s Treasure"},{"not_picked":["Black Star","Philosopher\u0027s Stone"],"picked":"SacredBark"}],"items_purged_floors":[],"is_endless":true,"potions_floor_spawned":[7,8,13,14,22,27,28,30,35],"killed_by":"3 Darklings","ascension_level":0}}