{"host":"9tch52zpouts7b2p","time":1610258111,"event":{"mods":["BaseMod","Colored Map","Minty Spire (QoL Compilation)","StSLib","UnlockEverythingMod"],"gold_per_floor":[109,123,298,310,324,324,337,337,363,386,408,420,197,197,197,300,300,300,300],"floor_reached":18,"playtime":730,"items_purged":["Strike_R"],"score":162,"play_id":"cc0bc916-04de-41dc-a608-3348fb7601b2","local_time":"20210110135511","is_ascension_mode":true,"campfire_choices":[{"data":"Body Slam","floor":6,"key":"SMITH"},{"data":"Body Slam","floor":8,"key":"SMITH"},{"floor":15,"key":"REST"}],"circlet_count":0,"master_deck":["Strike_R","Strike_R","Strike_R","Defend_R","Defend_R+1","Defend_R","Defend_R","Bash","Seeing Red","Disarm+1","Doubt","Body Slam+1","Body Slam+1","Searing Blow","Combust","Corruption","Feed"],"relics":["Burning Blood","MawBank","Black Star"],"acts_visited":["Exordium","TheCity"],"potions_floor_usage":[4,11,16,16],"damage_taken":[{"damage":6,"enemies":"Jaw Worm","floor":1,"turns":6},{"damage":5,"enemies":"Small Slimes","floor":2,"turns":4},{"damage":8,"enemies":"2 Louse","floor":4,"turns":4},{"damage":14,"enemies":"Blue Slaver","floor":5,"turns":6},{"damage":4,"enemies":"3 Louse","floor":7,"turns":6},{"damage":21,"enemies":"Large Slime","floor":10,"turns":9},{"damage":14,"enemies":"Lots of Slimes","floor":11,"turns":4},{"damage":56,"enemies":"The Guardian","floor":16,"turns":17},{"damage":0,"enemies":"2 Thieves","floor":18,"turns":1}],"seed_played":"2022520594662094282","potions_obtained":[{"floor":0,"key":"BloodPotion"},{"floor":0,"key":"LiquidMemories"},{"floor":0,"key":"HeartOfIron"},{"floor":5,"key":"PowerPotion"}],"is_trial":false,"path_per_floor":["M","M","?","M","M","R","M","R","T","M","M","?","$","?","R","B",null,"M"],"character_chosen":"IRONCLAD","items_purchased":["Corruption"],"campfire_rested":1,"item_purchase_floors":[13],"current_hp_per_floor":[80,80,80,78,70,70,72,72,72,57,49,42,42,26,50,16,80,80,80],"gold":300,"neow_bonus":"THREE_SMALL_POTIONS","is_daily":false,"chose_seed":false,"campfire_upgraded":2,"win_rate":0.0,"timestamp":1610258111,"path_taken":["M","M","?","M","M","R","M","R","T","M","M","?","$","?","R","BOSS","M"],"items_purchased_type":["Card"],"build_version":"2020-12-22","purchased_purges":1,"victory":false,"max_hp_per_floor":[80,80,80,80,80,80,80,80,80,80,80,80,80,80,80,80,80,80,80],"card_choices":[{"not_picked":["Pommel Strike","Evolve"],"picked":"Seeing Red","floor":1},{"not_picked":["Clash","Reckless Charge"],"picked":"Disarm","floor":2},{"not_picked":["Perfected Strike","Anger","Flex"],"picked":"SKIP","floor":4},{"not_picked":["Heavy Blade","Sword Boomerang"],"picked":"Body Slam","floor":5},{"not_picked":["Heavy Blade","Warcry"],"picked":"Body Slam","floor":7},{"not_picked":["Sever Soul","Twin Strike"],"picked":"Searing Blow","floor":10},{"not_picked":["Brutality","Cleave"],"picked":"Combust","floor":11},{"not_picked":["Juggernaut","Exhume"],"picked":"Feed","floor":16}],"player_experience":144070,"relics_obtained":[{"floor":9,"key":"MawBank"}],"event_choices":[{"damage_healed":0,"gold_gain":175,"player_choice":"AGREE","damage_taken":0,"max_hp_gain":0,"max_hp_loss":0,"event_name":"Liars Game","floor":3,"gold_loss":0,"cards_obtained":["Doubt"]},{"cards_removed":["Strike_R"],"damage_healed":0,"gold_gain":0,"player_choice":"Card Removal","damage_taken":7,"max_hp_gain":0,"max_hp_loss":0,"event_name":"Golden Wing","floor":12,"gold_loss":0},{"damage_healed":0,"gold_gain":0,"player_choice":"Entered Light","damage_taken":16,"max_hp_gain":0,"max_hp_loss":0,"event_name":"Shining Light","floor":14,"gold_loss":0,"cards_upgraded":["Disarm","Defend_R"]}],"is_beta":false,"boss_relics":[{"not_picked":["Coffee Dripper","SlaversCollar"],"picked":"Black Star"}],"items_purged_floors":[13],"is_endless":false,"potions_floor_spawned":[2,5,10],"killed_by":"2 Thieves","ascension_level":1}}