{"host":"ywif2ugnepgiw45s","time":1610318899,"event":{"mods":["Act Like it!","BaseMod","Better Skull","Downfall","Elementarium","GifTheSpireLib","Hermit","Marisa????????","Minty Spire (QoL Compilation)","READ ME - Guardian Mod","Replay The Spire","Shade Mod","Shop Mod","StSLib","The Cursed","The Jungle","The Runesmith","The Servant 0.9.4"],"gold_per_floor":[118,393,410,169,169,169,194,194,221,254,270,288,288,313,313,313,313],"floor_reached":16,"playtime":459,"items_purged":["Regret"],"score":164,"play_id":"fcce0126-c65b-4b3d-a746-06e26dcdf61b","local_time":"20210110174819","is_ascension_mode":true,"campfire_choices":[{"data":"expansioncontent:DashGenerateEvil","floor":6,"key":"SMITH"},{"data":"KidneyShot","floor":8,"key":"SMITH"},{"data":"Exchange","floor":13,"key":"SMITH"},{"floor":15,"key":"DIG"}],"circlet_count":0,"master_deck":["Strike_S","Strike_S","Strike_S","Strike_S","Defend_S","Defend_S","Defend_S","Defend_S","KidneyShot+1","Exchange+1","Foresight","BottledTime","expansioncontent:DashGenerateEvil+1","Potential","Replace","Comet"],"relics":["Uniform","NeowsBlessing","Replay:Baseball","Gremlin Food","Bottled Tornado","Onion Ring","Quantum Egg"],"acts_visited":["Exordium"],"potions_floor_usage":[14,16],"damage_taken":[{"damage":0,"enemies":"Cultist","floor":1,"turns":1},{"damage":0,"enemies":"Jaw Worm","floor":3,"turns":1},{"damage":0,"enemies":"Lagavulin","floor":7,"turns":1},{"damage":24,"enemies":"3 Sentries","floor":10,"turns":9},{"damage":7,"enemies":"Small Slimes","floor":11,"turns":3},{"damage":0,"enemies":"Exordium Thugs","floor":12,"turns":3},{"damage":17,"enemies":"Lagavulin","floor":14,"turns":7},{"damage":18,"enemies":"The Guardian","floor":16,"turns":3}],"seed_played":"2005387324304170125","potions_obtained":[{"floor":1,"key":"SteroidPotion"},{"floor":11,"key":"GamblersBrew"},{"floor":12,"key":"Flashbang"}],"is_trial":false,"path_per_floor":["M","?","M","$","?","R","E","R","T","E","M","M","R","E","R","B"],"character_chosen":"THE_SERVANT","items_purchased":["expansioncontent:DashGenerateEvil"],"campfire_rested":0,"item_purchase_floors":[4],"current_hp_per_floor":[65,65,65,65,65,65,65,65,65,41,34,34,34,17,17,0,0],"gold":313,"neow_bonus":"THREE_ENEMY_KILL","is_daily":false,"chose_seed":false,"campfire_upgraded":3,"win_rate":0.0,"timestamp":1610318899,"path_taken":["M","?","?","$","?","R","E","R","T","E","M","?","R","E","R","BOSS"],"items_purchased_type":["Card"],"build_version":"2020-12-22","purchased_purges":1,"victory":false,"max_hp_per_floor":[65,65,65,65,65,65,65,65,65,65,65,65,65,65,65,65,65],"card_choices":[{"not_picked":["Misdirection","Alleviate"],"picked":"Foresight","floor":1},{"not_picked":["Unruled","Alleviate"],"picked":"BottledTime","floor":3},{"not_picked":["Desolation","Rearm","ShatteredReality"],"picked":"SKIP","floor":7},{"not_picked":["KillingDoll","Gouge"],"picked":"Potential","floor":10},{"not_picked":["Potential","Starlight"],"picked":"Replace","floor":11},{"not_picked":["TimeTheft","Potential","Unruled"],"picked":"SKIP","floor":12},{"not_picked":["Starlight","Gouge"],"picked":"Comet","floor":14}],"player_experience":1710747,"relics_obtained":[{"floor":7,"key":"Replay:Baseball"},{"floor":9,"key":"Gremlin Food"},{"floor":10,"key":"Bottled Tornado"},{"floor":14,"key":"Onion Ring"},{"floor":15,"key":"Quantum Egg"}],"event_choices":[{"damage_healed":0,"gold_gain":275,"player_choice":"Desecrate","damage_taken":0,"max_hp_gain":0,"max_hp_loss":0,"event_name":"Golden Shrine","floor":2,"gold_loss":0,"cards_obtained":["Regret"]},{"damage_healed":0,"gold_gain":0,"player_choice":"0 cards matched","damage_taken":0,"max_hp_gain":0,"max_hp_loss":0,"event_name":"Match and Keep!","floor":5,"gold_loss":0,"cards_obtained":[]}],"is_beta":false,"boss_relics":[],"items_purged_floors":[4],"is_endless":false,"potions_floor_spawned":[1,11,12],"killed_by":"The Guardian","ascension_level":3}}