{"host":"6h0diz2ap0m56grs","time":1610308337,"event":{"mods":["2.2 Compatiblity","BaseMod","Colored Map","Marisa????????","Minty Spire (QoL Compilation)","Quick Restart","Replay The Spire","Shop Mod","StSLib","The Servant 0.9.4"],"gold_per_floor":[112,127,202,212,60,60,60],"floor_reached":6,"playtime":1771,"items_purged":[],"score":38,"play_id":"55cbcf04-11eb-4282-950b-4c4d361aa096","local_time":"20210110135217","daily_mods":["SealedDeck","Heirloom","Time Dilation","Flight"],"is_ascension_mode":true,"campfire_choices":[],"circlet_count":0,"master_deck":["Barrage","Coolheaded","Sweeping Beam","Leap","Loop","Sweeping Beam","Conserve Battery","Conserve Battery","Doom and Gloom","Glacier","Compile Driver"],"relics":["Snecko Eye","Ring of Chaos","replay:Trail_Library","Prayer Wheel","Membership Card"],"acts_visited":["Exordium"],"potions_floor_usage":[],"damage_taken":[{"damage":0,"enemies":"Jaw Worm","floor":1,"turns":2},{"damage":0,"enemies":"Small Slimes","floor":2,"turns":3},{"damage":0,"enemies":"Cultist","floor":4,"turns":3},{"damage":6,"enemies":"Replay:BlueRogue","floor":6,"turns":5}],"seed_played":"4397799251065540871","potions_obtained":[{"floor":1,"key":"Doom Potion"},{"floor":2,"key":"SpeedPotion"}],"is_trial":true,"path_per_floor":["M","M","?","M","$","E"],"character_chosen":"DEFECT","items_purchased":["Membership Card"],"campfire_rested":0,"item_purchase_floors":[5],"current_hp_per_floor":[75,75,64,64,64,58,58],"gold":60,"neow_bonus":"","is_daily":false,"chose_seed":false,"campfire_upgraded":0,"win_rate":0.0,"timestamp":1610308337,"path_taken":["M","M","?","M","$","E"],"items_purchased_type":["Relic"],"build_version":"2020-12-22","purchased_purges":0,"victory":false,"max_hp_per_floor":[75,75,75,75,75,75,75],"card_choices":[{"not_picked":["Panic Button","Beam Cell","Sweeping Beam"],"picked":"SKIP","floor":1},{"not_picked":["BootSequence","Stack","Redo"],"picked":"SKIP","floor":1},{"not_picked":["Lockon","Turbo","Redo"],"picked":"SKIP","floor":2},{"not_picked":["Panic Button","Stack","Redo"],"picked":"SKIP","floor":2},{"not_picked":["Panic Button","Conserve Battery"],"picked":"Compile Driver","floor":4},{"not_picked":["ReplaySolidLightProjector","BasicCrystalCard","Cold Snap"],"picked":"SKIP","floor":4}],"player_experience":158555,"relics_obtained":[],"event_choices":[{"damage_healed":0,"gold_gain":75,"player_choice":"Gather Gold","damage_taken":11,"max_hp_gain":0,"max_hp_loss":0,"event_name":"World of Goop","floor":3,"gold_loss":0}],"is_beta":false,"boss_relics":[],"items_purged_floors":[],"is_endless":false,"potions_floor_spawned":[1,2],"killed_by":"Replay:BlueRogue","ascension_level":1}}