{"host":"udml3bba5m6xpjx7","time":1610269180,"event":{"mods":["BaseMod","Better Match","Better Third Choice","Block Reminder","Downfall","Minty Spire (QoL Compilation)","Rare Cards Sparkle","Relic Stats","StSLib","Swap Starting Deck Mod"],"gold_per_floor":[99,99,29,29,43,77,77,77],"floor_reached":6,"playtime":344,"items_purged":[],"score":42,"play_id":"efdf861f-fc8d-4a3c-a3ef-aded324292a6","local_time":"20210110005940","is_ascension_mode":false,"campfire_choices":[{"floor":1,"key":"RECALL"}],"circlet_count":0,"master_deck":["champ:Strike","champ:Strike","champ:Strike","champ:Strike","champ:Defend","champ:Defend","champ:Defend","champ:Defend","champ:Execute","champ:Taunt","champ:DefensiveShout","champ:BringItOn","champ:CalledShot","champ:CalledShot","champ:DefensiveStyle"],"relics":["champ:ChampionCrown","downfall:HeartsMalice","Incense Burner"],"acts_visited":["Exordium"],"potions_floor_usage":[],"damage_taken":[{"damage":0,"enemies":"Cultist","floor":2,"turns":1},{"damage":0,"enemies":"downfall:FleeingMerchant","floor":3,"turns":1},{"damage":0,"enemies":"Small Slimes","floor":4,"turns":1},{"damage":7,"enemies":"2 Louse","floor":5,"turns":3},{"damage":48,"enemies":"Gremlin Nob","floor":6,"turns":5}],"seed_played":"4738671190019913703","potions_obtained":[{"floor":6,"key":"GamblersBrew"}],"is_trial":false,"path_per_floor":["R","M","$","M","M","E"],"character_chosen":"THE_CHAMP","items_purchased":["champ:CalledShot"],"campfire_rested":0,"item_purchase_floors":[3],"current_hp_per_floor":[90,90,90,90,88,45,45,45],"gold":77,"neow_bonus":"THREE_ENEMY_KILL","is_daily":false,"chose_seed":false,"campfire_upgraded":0,"win_rate":0.0,"timestamp":1610269180,"path_taken":["R","M","$","M","?","E"],"items_purchased_type":["Card"],"build_version":"2020-12-22","purchased_purges":0,"victory":false,"max_hp_per_floor":[90,90,90,90,90,90,90,90],"relic_stats":{"counters":[5,8],"obtain_stats":[{"champ:ChampionCrown":0,"downfall:HeartsMalice":0,"Incense Burner":6},{"champ:ChampionCrown":0,"downfall:HeartsMalice":0,"Incense Burner":5},{"champ:ChampionCrown":0,"downfall:HeartsMalice":0,"Incense Burner":8}]},"card_choices":[{"not_picked":["champ:BerserkersShout","champ:ViciousMockery"],"picked":"champ:DefensiveShout","floor":2},{"not_picked":["champ:BerserkersShout","champ:FocusedGladiator"],"picked":"champ:BringItOn","floor":3},{"not_picked":["champ:Encircle","champ:Backstep"],"picked":"champ:CalledShot","floor":4},{"not_picked":["champ:Haymaker","champ:BladeFlurry"],"picked":"champ:DefensiveStyle","floor":5}],"player_experience":159729,"relics_obtained":[{"floor":6,"key":"Incense Burner"}],"event_choices":[],"is_beta":false,"boss_relics":[],"items_purged_floors":[],"is_endless":false,"potions_floor_spawned":[6],"killed_by":"Gremlin Nob","ascension_level":0}}