{"host":"c97twqu0op5dg8i4","time":1610260940,"event":{"mods":["BaseMod","Minty Spire (QoL Compilation)","Permanent Neow"],"gold_per_floor":[109,109,119,119,52,52,80,93,93,93,93,168,93,110,110,212,212,227,227,227,227],"floor_reached":20,"playtime":493,"items_purged":["Dash"],"score":213,"play_id":"3ed46df9-f3bb-4697-8367-ed4a6f2d3e2d","local_time":"20210110014220","is_ascension_mode":true,"campfire_choices":[{"data":"Bouncing Flask","floor":6,"key":"SMITH"},{"floor":10,"key":"REST"},{"data":"Deadly Poison","floor":15,"key":"SMITH"}],"circlet_count":0,"master_deck":["Strike_G","Strike_G","Strike_G","Strike_G","Defend_G","Defend_G","Defend_G","Defend_G","Defend_G","Survivor","Neutralize","Dash","Panacea","Dodge and Roll","Bouncing Flask+1","Deadly Poison+1","Blur","Corpse Explosion","Deflect"],"relics":["Ring of the Snake","Snake Skull","StrikeDummy","Omamori","SlaversCollar","Du-Vu Doll"],"acts_visited":["Exordium","TheCity"],"potions_floor_usage":[20,20,20],"damage_taken":[{"damage":5,"enemies":"Small Slimes","floor":1,"turns":3},{"damage":0,"enemies":"Cultist","floor":3,"turns":4},{"damage":28,"enemies":"Gremlin Nob","floor":7,"turns":5},{"damage":0,"enemies":"2 Louse","floor":8,"turns":3},{"damage":7,"enemies":"Gremlin Gang","floor":14,"turns":4},{"damage":11,"enemies":"The Guardian","floor":16,"turns":8},{"damage":15,"enemies":"Shell Parasite","floor":18,"turns":5},{"damage":60,"enemies":"Masked Bandits","floor":20,"turns":3}],"seed_played":"-7307898051946239364","potions_obtained":[{"floor":1,"key":"GamblersBrew"},{"floor":8,"key":"Regen Potion"},{"floor":16,"key":"Dexterity Potion"}],"is_trial":false,"path_per_floor":["M","?","M","?","$","R","E","M","T","R","?","?","$","M","R","B",null,"M","?","?"],"character_chosen":"THE_SILENT","items_purchased":["Bouncing Flask"],"campfire_rested":1,"item_purchase_floors":[5],"current_hp_per_floor":[65,65,65,65,65,65,37,37,37,58,58,47,47,40,40,29,60,45,45,0,0],"gold":227,"neow_bonus":"RANDOM_COMMON_RELIC","is_daily":false,"chose_seed":false,"campfire_upgraded":2,"win_rate":0.0,"timestamp":1610260940,"path_taken":["M","?","?","?","$","R","E","?","T","R","?","?","$","M","R","BOSS","M","?","?"],"items_purchased_type":["Card"],"build_version":"2020-12-22","purchased_purges":1,"victory":false,"max_hp_per_floor":[70,70,70,70,70,70,70,70,70,70,70,70,70,70,70,70,70,70,70,70,70],"card_choices":[{"not_picked":["Skewer","Underhanded Strike"],"picked":"Dash","floor":1},{"not_picked":["Accuracy","Quick Slash"],"picked":"Dodge and Roll","floor":3},{"not_picked":["Cloak And Dagger","Expertise"],"picked":"Deadly Poison","floor":7},{"not_picked":["Tactician","Outmaneuver"],"picked":"Blur","floor":8},{"not_picked":["Dagger Throw","Endless Agony","Prepared"],"picked":"SKIP","floor":14},{"not_picked":["Malaise","Phantasmal Killer"],"picked":"Corpse Explosion","floor":16},{"not_picked":["Prepared","PiercingWail"],"picked":"Deflect","floor":18}],"player_experience":283534,"relics_obtained":[{"floor":7,"key":"StrikeDummy"},{"floor":9,"key":"Omamori"}],"event_choices":[{"damage_healed":0,"gold_gain":0,"player_choice":"2 cards matched","damage_taken":0,"max_hp_gain":0,"max_hp_loss":0,"event_name":"Match and Keep!","floor":2,"gold_loss":0,"cards_obtained":["Dash","Panacea"]},{"damage_healed":0,"gold_gain":0,"player_choice":"Bought 0 Potions","damage_taken":0,"max_hp_gain":0,"max_hp_loss":0,"event_name":"The Woman in Blue","floor":4,"gold_loss":0},{"cards_removed":["Strike_G"],"damage_healed":0,"gold_gain":0,"player_choice":"Forget","damage_taken":0,"max_hp_gain":0,"max_hp_loss":0,"event_name":"Living Wall","floor":11,"gold_loss":0},{"damage_healed":0,"gold_gain":75,"player_choice":"Gather Gold","damage_taken":11,"max_hp_gain":0,"max_hp_loss":0,"event_name":"World of Goop","floor":12,"gold_loss":0},{"damage_healed":0,"gold_gain":0,"player_choice":"Opened","damage_taken":0,"relics_obtained":["Du-Vu Doll"],"max_hp_gain":0,"max_hp_loss":0,"event_name":"The Mausoleum","floor":19,"gold_loss":0},{"damage_healed":0,"gold_gain":0,"player_choice":"Fought Bandits","damage_taken":0,"max_hp_gain":0,"max_hp_loss":0,"event_name":"Masked Bandits","floor":20,"gold_loss":0}],"is_beta":false,"boss_relics":[{"not_picked":["HoveringKite","Runic Pyramid"],"picked":"SlaversCollar"}],"items_purged_floors":[13],"is_endless":false,"potions_floor_spawned":[1,8,16,18],"killed_by":"Masked Bandits","ascension_level":5}}