{"host":"ig7tc0uedzltt2sr","time":1610236823,"event":{"mods":["BaseMod","Better Twitch Integration","Block Reminder","Colored Map","Colored Powertips","Communication Mod","Current Relic Mod","GifTheSpireLib","HexUI Lib","Minty Spire (QoL Compilation)","Quick Restart","Random Character Button","Rare Cards Sparkle","Relic Sorter","Relic Stats","Slay the Relics Exporter","StSLib","SuperFastMode","Synergy Search","Twitch Decklist","Twitch Utils","everything is the same but u backflip on backflip","slay the spire mod where everything is the same but ironclad has a cowboy hat"],"gold_per_floor":[112,130,130,145,164,164,164],"floor_reached":6,"playtime":40,"items_purged":[],"score":38,"play_id":"754f25f5-234f-4959-9ecc-13025ad29bdd","local_time":"20210109160023","is_ascension_mode":false,"campfire_choices":[],"circlet_count":0,"master_deck":["Strike_R","Strike_R","Strike_R","Strike_R","Strike_R","Defend_R","Defend_R","Defend_R","Defend_R","Bash"],"relics":["Burning Blood"],"acts_visited":["Exordium"],"potions_floor_usage":[],"damage_taken":[{"damage":10,"enemies":"Cultist","floor":1,"turns":4},{"damage":29,"enemies":"Jaw Worm","floor":2,"turns":4},{"damage":15,"enemies":"2 Louse","floor":4,"turns":3},{"damage":31,"enemies":"Blue Slaver","floor":5,"turns":4},{"damage":54,"enemies":"Lagavulin","floor":6,"turns":6}],"seed_played":"-4361909973529112047","potions_obtained":[{"floor":2,"key":"PowerPotion"}],"is_trial":false,"path_per_floor":["M","M","?","M","M","E"],"character_chosen":"IRONCLAD","items_purchased":[],"campfire_rested":0,"item_purchase_floors":[],"current_hp_per_floor":[84,61,88,79,54,0,0],"gold":164,"neow_bonus":"TEN_PERCENT_HP_BONUS","is_daily":false,"chose_seed":false,"campfire_upgraded":0,"win_rate":0.0,"timestamp":1610236823,"path_taken":["M","M","?","?","M","E"],"items_purchased_type":[],"build_version":"2020-12-22","purchased_purges":0,"victory":false,"max_hp_per_floor":[88,88,88,88,88,88,88],"relic_stats":{"counters":[5,21],"obtain_stats":[{"Burning Blood":0},{"Burning Blood":0},{"Burning Blood":0}],"Burning Blood":24},"card_choices":[{"not_picked":["Perfected Strike","Reckless Charge","Blood for Blood"],"picked":"SKIP","floor":1},{"not_picked":["Headbutt","Searing Blow","Wild Strike"],"picked":"SKIP","floor":2},{"not_picked":["Armaments","Perfected Strike","Bloodletting"],"picked":"SKIP","floor":4},{"not_picked":["Rupture","Shrug It Off","Thunderclap"],"picked":"SKIP","floor":5}],"player_experience":1475635,"relics_obtained":[],"event_choices":[{"damage_healed":27,"gold_gain":0,"player_choice":"Full Heal","damage_taken":0,"max_hp_gain":0,"max_hp_loss":0,"event_name":"Wheel of Change","floor":3,"gold_loss":0}],"is_beta":false,"boss_relics":[],"items_purged_floors":[],"is_endless":false,"potions_floor_spawned":[2],"killed_by":"Lagavulin","ascension_level":0}}