{"host":"sum4dy402bbv9y4o","time":1610237297,"event":{"mods":["Aspiration","BaseMod","Conspire","Highlight Path","Minty Spire (QoL Compilation)","StSLib"],"gold_per_floor":[113,113,113,10,21,353,353,364,410,441,451,98,127,146,146,220,220,240,258,24,44,55,55,70,96,120,120,39,74,74,100,100,100,100],"floor_reached":33,"playtime":1322,"items_purged":["Strike_P","Strike_P"],"score":725,"play_id":"8f026f4b-76d1-4c39-88f8-511eb07aedb4","local_time":"20210110030817","is_ascension_mode":true,"campfire_choices":[{"data":"TalkToTheHand","floor":7,"key":"SMITH"},{"floor":15,"key":"REST"},{"data":"Barricade","floor":23,"key":"SMITH"},{"floor":27,"key":"REST"},{"data":"Entrench","floor":30,"key":"SMITH"},{"floor":32,"key":"REST"}],"circlet_count":0,"master_deck":["AscendersBane","Defend_P","Defend_P","Defend_P","Eruption","Vigilance","DeceiveReality","SandsOfTime+1","Die Die Die","Dash","Bouncing Flask","TalkToTheHand+1","EmptyFist","Tantrum+1","Perseverance","Halt","EmptyFist","MentalFortress","SashWhip","FollowUp","MentalFortress","Halt+1","Meditate","BowlingBash","SashWhip","Brilliance","Cleave","Conclude","Barricade+1","Body Slam","LessonLearned","Halt","Entrench+1","Body Slam","Crescendo+1"],"relics":["PureWater","Calipers","Old Coin","Ancient Tea Set","Whetstone","conspire:Dentures","aspiration:IroncladSkillbook","Dream Catcher","aspiration:VileToxins","StoneCalendar","Happy Flower"],"acts_visited":["Exordium","TheCity"],"potions_floor_usage":[8,13,16,21,25,25,31,33,33],"damage_taken":[{"damage":0,"enemies":"Small Slimes","floor":1,"turns":3},{"damage":0,"enemies":"Cultist","floor":5,"turns":2},{"damage":32,"enemies":"Lagavulin","floor":6,"turns":3},{"damage":0,"enemies":"Jaw Worm","floor":8,"turns":5},{"damage":20,"enemies":"Gremlin Nob","floor":10,"turns":4},{"damage":0,"enemies":"Gremlin Gang","floor":11,"turns":3},{"damage":8,"enemies":"3 Sentries","floor":13,"turns":4},{"damage":0,"enemies":"Blue Slaver","floor":14,"turns":3},{"damage":4,"enemies":"The Guardian","floor":16,"turns":9},{"damage":14,"enemies":"Shell Parasite","floor":18,"turns":6},{"damage":5,"enemies":"Spheric Guardian","floor":19,"turns":4},{"damage":0,"enemies":"Centurion and Healer","floor":21,"turns":4},{"damage":21,"enemies":"Cultist and Chosen","floor":22,"turns":4},{"damage":0,"enemies":"Snecko","floor":24,"turns":3},{"damage":0,"enemies":"Slavers","floor":25,"turns":4},{"damage":38,"enemies":"Book of Stabbing","floor":29,"turns":4},{"damage":10,"enemies":"Gremlin Leader","floor":31,"turns":6},{"damage":47,"enemies":"Automaton","floor":33,"turns":6}],"seed_played":"4452770067768708394","potions_obtained":[{"floor":5,"key":"Regen Potion"},{"floor":8,"key":"Ambrosia"},{"floor":11,"key":"BottledMiracle"},{"floor":13,"key":"Energy Potion"},{"floor":24,"key":"Block Potion"},{"floor":29,"key":"BlessingOfTheForge"},{"floor":31,"key":"BlessingOfTheForge"}],"is_trial":false,"path_per_floor":["M","?","?","$","M","E","R","M","T","E","M","$","E","M","R","B",null,"M","M","$","M","M","R","M","E","T","R","$","E","R","E","R","B"],"character_chosen":"WATCHER","items_purchased":["TalkToTheHand","EmptyFist","SashWhip","FollowUp","MentalFortress","Halt","Meditate","Swift Potion","Conclude","Ancient Potion"],"campfire_rested":3,"item_purchase_floors":[4,4,12,12,12,12,12,20,20,28],"current_hp_per_floor":[61,61,61,61,61,29,29,43,43,23,23,23,15,15,35,31,59,49,48,48,52,35,35,39,43,43,63,63,29,29,23,43,0,0],"gold":100,"neow_bonus":"THREE_CARDS","is_daily":false,"chose_seed":false,"campfire_upgraded":3,"win_rate":0.0,"timestamp":1610237297,"path_taken":["M","?","?","$","?","E","R","M","T","E","M","$","E","M","R","BOSS","M","M","$","M","M","R","?","E","T","R","$","E","R","E","R","BOSS"],"items_purchased_type":["Card","Card","Card","Card","Card","Card","Card","Potion","Card","Potion"],"build_version":"2020-12-22","purchased_purges":2,"victory":false,"max_hp_per_floor":[68,68,68,68,68,68,68,68,68,68,68,68,68,68,68,68,68,68,68,68,68,68,68,68,68,68,68,68,68,68,68,68,68,68],"card_choices":[{"not_picked":["Collect","Sanctity"],"picked":"DeceiveReality","floor":0},{"not_picked":["SashWhip","Prostrate"],"picked":"SandsOfTime","floor":1},{"not_picked":["Sanctity","ClearTheMind"],"picked":"Tantrum","floor":5},{"not_picked":["Evaluate","SpiritShield"],"picked":"Perseverance","floor":6},{"not_picked":["MentalFortress","FlyingSleeves"],"picked":"Halt","floor":8},{"not_picked":["Meditate","Omniscience"],"picked":"EmptyFist","floor":10},{"not_picked":["EmptyFist","Evaluate"],"picked":"MentalFortress","floor":11},{"not_picked":["Pray","CutThroughFate"],"picked":"BowlingBash","floor":13},{"not_picked":["ClearTheMind","FlyingSleeves"],"picked":"SashWhip","floor":14},{"not_picked":["Blasphemy","Devotion"],"picked":"Brilliance","floor":16},{"not_picked":["Headbutt","Clothesline","Evaluate"],"picked":"Cleave","floor":18},{"not_picked":["EmptyFist","CrushJoints","Crescendo","Infernal Blade"],"picked":"SKIP","floor":19},{"not_picked":["True Grit","FlurryOfBlows","Crescendo"],"picked":"Barricade","floor":21},{"not_picked":["Dropkick","Prostrate+1","Vengeance","Inflame"],"picked":"SKIP","floor":22},{"not_picked":["Nirvana","Second Wind+1","Flex"],"picked":"Body Slam","floor":24},{"not_picked":["Blood for Blood","Flex","Thunderclap"],"picked":"LessonLearned","floor":25},{"not_picked":["Metallicize","Cleave","Rupture"],"picked":"Halt","floor":27},{"not_picked":["Sword Boomerang","Seeing Red","BowlingBash"],"picked":"Entrench","floor":29},{"not_picked":["Armaments","Headbutt","Bloodletting"],"picked":"Body Slam","floor":31},{"not_picked":["CarveReality","Conclude","Thunderclap"],"picked":"Crescendo+1","floor":32}],"player_experience":2918893,"relics_obtained":[{"floor":3,"key":"Calipers"},{"floor":6,"key":"Old Coin"},{"floor":9,"key":"Ancient Tea Set"},{"floor":10,"key":"Whetstone"},{"floor":13,"key":"conspire:Dentures"},{"floor":25,"key":"Dream Catcher"},{"floor":26,"key":"aspiration:VileToxins"},{"floor":29,"key":"StoneCalendar"},{"floor":31,"key":"Happy Flower"}],"event_choices":[{"damage_healed":0,"gold_gain":0,"player_choice":"Relic","damage_taken":0,"max_hp_gain":0,"max_hp_loss":0,"event_name":"Wheel of Change","floor":3,"gold_loss":0}],"is_beta":false,"boss_relics":[{"not_picked":["conspire:SpecialSausage","conspire:RunicOctahedron"],"picked":"aspiration:IroncladSkillbook"}],"items_purged_floors":[12,20],"is_endless":false,"potions_floor_spawned":[5,8,11,13,24,29,31],"killed_by":"Automaton","ascension_level":20}}