{"host":"92108ef2q9tm8rod","time":1610265550,"event":{"mods":["BaseMod","Defuse TimeMaze Blight","Minty Spire (QoL Compilation)","StSLib","The Jungle"],"gold_per_floor":[111,127,127,143,143,143,172,172,172,207,239,239,257,271,271,370,370,383,394,204,218,231,231,260,260,284,10,10,10,10,30,30,134,134,150,170,132,132,150,180,180,180,205,217,227,254,254,254,254,254],"floor_reached":51,"playtime":2096,"items_purged":["Cloak And Dagger"],"score":945,"play_id":"8c2511b5-87e5-4136-88cc-0f83437ee0b7","local_time":"20210110075910","daily_mods":["SealedDeck","Red Cards","Heirloom","Flight"],"is_ascension_mode":false,"campfire_choices":[{"data":"Armaments","floor":6,"key":"SMITH"},{"data":"Terror","floor":8,"key":"SMITH"},{"floor":12,"key":"REST"},{"data":"Inflame","floor":15,"key":"SMITH"},{"floor":23,"key":"REST"},{"data":"Adrenaline","floor":25,"key":"SMITH"},{"floor":29,"key":"REST"},{"data":"Panacea","floor":30,"key":"SMITH"},{"data":"Sadistic Nature","floor":32,"key":"SMITH"},{"floor":41,"key":"REST"},{"data":"Heavy Blade","floor":42,"key":"SMITH"},{"floor":47,"key":"REST"},{"data":"True Grit","floor":49,"key":"SMITH"}],"circlet_count":0,"master_deck":["Terror+1","True Grit+1","PiercingWail","Flex","Heavy Blade+1","Armaments+1","Shrug It Off","Bane","Bouncing Flask","Corpse Explosion","Fire Breathing","Inflame+1","Deadly Poison","Sadistic Nature+1","Adrenaline+1","Panacea+1"],"relics":["Ring of the Snake","Peace Pipe","Prayer Wheel","Molten Egg 2","Letter Opener","Vajra","Lantern","Akabeko","Membership Card","Omamori","Busted Crown","Smiling Mask","Happy Flower","Toy Ornithopter"],"acts_visited":["Exordium","Exordium","TheBeyond"],"potions_floor_usage":[19,22,33,33,50,50],"damage_taken":[{"damage":0,"enemies":"Jaw Worm","floor":1,"turns":3},{"damage":0,"enemies":"Cultist","floor":2,"turns":2},{"damage":0,"enemies":"Small Slimes","floor":4,"turns":3},{"damage":9,"enemies":"Gremlin Nob","floor":7,"turns":4},{"damage":15,"enemies":"Lagavulin","floor":10,"turns":4},{"damage":10,"enemies":"3 Sentries","floor":11,"turns":6},{"damage":1,"enemies":"3 Louse","floor":13,"turns":3},{"damage":0,"enemies":"Blue Slaver","floor":14,"turns":4},{"damage":0,"enemies":"Slime Boss","floor":16,"turns":6},{"damage":5,"enemies":"Shell Parasite","floor":18,"turns":5},{"damage":4,"enemies":"theJungle:5_Spyders","floor":19,"turns":7},{"damage":10,"enemies":"theJungle:Lyon","floor":21,"turns":4},{"damage":25,"enemies":"theJungle:JungleHuntersEncounter","floor":22,"turns":4},{"damage":2,"enemies":"theJungle:MamaSnecko","floor":24,"turns":5},{"damage":0,"enemies":"theJungle:SlimyTreeVines","floor":31,"turns":3},{"damage":37,"enemies":"theJungle:TotemBoss","floor":33,"turns":5},{"damage":0,"enemies":"Orb Walker","floor":35,"turns":2},{"damage":0,"enemies":"3 Shapes","floor":36,"turns":2},{"damage":0,"enemies":"3 Darklings","floor":39,"turns":2},{"damage":34,"enemies":"Reptomancer","floor":40,"turns":4},{"damage":18,"enemies":"4 Shapes","floor":44,"turns":3},{"damage":0,"enemies":"Transient","floor":45,"turns":5},{"damage":0,"enemies":"Giant Head","floor":46,"turns":5},{"damage":42,"enemies":"Donu and Deca","floor":50,"turns":5}],"seed_played":"-7998148087860166158","potions_obtained":[{"floor":10,"key":"EntropicBrew"},{"floor":11,"key":"LiquidBronze"},{"floor":14,"key":"LiquidBronze"},{"floor":18,"key":"Explosive Potion"},{"floor":24,"key":"AttackPotion"},{"floor":44,"key":"Dexterity Potion"},{"floor":45,"key":"AttackPotion"}],"is_trial":true,"path_per_floor":["M","M","$","M","?","R","E","R","T","E","E","R","M","M","R","B",null,"M","M","$","M","M","R","E","R","T","$","?","R","R","M","R","B",null,"M","M","$","?","M","E","R","R","T","M","M","E","R","?","R","B",null],"character_chosen":"THE_SILENT","items_purchased":["Sadistic Nature","Membership Card","Omamori","Panacea"],"campfire_rested":5,"item_purchase_floors":[20,27,27,27],"current_hp_per_floor":[70,70,70,70,70,70,61,61,61,46,36,57,56,56,56,56,70,65,61,61,51,26,47,45,45,45,45,45,66,66,69,69,32,70,70,70,70,70,70,36,57,57,57,39,39,39,60,60,60,28],"gold":254,"neow_bonus":"","is_daily":false,"chose_seed":false,"campfire_upgraded":8,"win_rate":0.0,"timestamp":1610265550,"path_taken":["M","M","$","M","?","R","E","R","T","E","E","R","?","M","R","BOSS","M","M","$","M","M","R","E","R","T","$","?","R","R","M","R","BOSS","M","M","$","?","M","E","R","R","T","M","M","E","R","?","R","BOSS"],"items_purchased_type":["Card","Relic","Relic","Card"],"build_version":"2020-12-22","purchased_purges":1,"victory":true,"max_hp_per_floor":[70,70,70,70,70,70,70,70,70,70,70,70,70,70,70,70,70,70,70,70,70,70,70,70,70,70,70,70,70,70,70,70,70,70,70,70,70,70,70,70,70,70,70,70,70,70,70,70,70,70],"card_choices":[{"not_picked":["Iron Wave","PiercingWail","Flying Knee"],"picked":"SKIP","floor":1},{"not_picked":["Iron Wave","Cloak And Dagger","Headbutt"],"picked":"SKIP","floor":2},{"not_picked":["Pommel Strike","Acrobatics","Blade Dance"],"picked":"SKIP","floor":4},{"not_picked":["Riddle With Holes","Masterful Stab"],"picked":"Corpse Explosion","floor":7},{"not_picked":["Dropkick+1","Twin Strike+1","Sword Boomerang+1"],"picked":"SKIP","floor":10},{"not_picked":["Skewer+1","Accuracy","Reflex"],"picked":"SKIP","floor":11},{"not_picked":["Wild Strike+1","Headbutt+1"],"picked":"Fire Breathing","floor":13},{"not_picked":["Cleave+1","Sword Boomerang+1"],"picked":"Backflip","floor":13},{"not_picked":["Fiend Fire+1","Cloak And Dagger"],"picked":"Inflame","floor":14},{"not_picked":["Dagger Spray+1","Entrench","PiercingWail"],"picked":"SKIP","floor":14},{"not_picked":["Prepared","Body Slam+1"],"picked":"Deadly Poison","floor":18},{"not_picked":["Flex+1","Underhanded Strike+1","Sword Boomerang+1"],"picked":"SKIP","floor":18},{"not_picked":["Battle Trance","Choke+1","Bane+1"],"picked":"SKIP","floor":19},{"not_picked":["Armaments","Perfected Strike+1","Thunderclap+1"],"picked":"SKIP","floor":19},{"not_picked":["True Grit","Intimidate","Combust"],"picked":"SKIP","floor":21},{"not_picked":["Slice+1","Hemokinesis+1","Finisher+1"],"picked":"SKIP","floor":21},{"not_picked":["Deadly Poison","PiercingWail+1","Flame Barrier+1"],"picked":"SKIP","floor":22},{"not_picked":["Prepared+1","Deadly Poison","Dark Embrace"],"picked":"SKIP","floor":22},{"not_picked":["Ghostly Armor","Body Slam+1"],"picked":"Adrenaline","floor":24},{"not_picked":["Blade Dance","Slice+1","Battle Trance"],"picked":"SKIP","floor":31},{"not_picked":["Heel Hook+1","Underhanded Strike+1","Sword Boomerang+1"],"picked":"SKIP","floor":31},{"not_picked":["PiercingWail+1"],"picked":"SKIP","floor":35},{"not_picked":["Escape Plan"],"picked":"SKIP","floor":35},{"not_picked":["Second Wind+1"],"picked":"SKIP","floor":36},{"not_picked":["Slice+1"],"picked":"SKIP","floor":36},{"not_picked":["Slice+1"],"picked":"SKIP","floor":39},{"not_picked":["Headbutt+1"],"picked":"SKIP","floor":39},{"not_picked":["Outmaneuver"],"picked":"SKIP","floor":40},{"not_picked":["Sentinel+1"],"picked":"SKIP","floor":44},{"not_picked":["Blade Dance"],"picked":"SKIP","floor":44},{"not_picked":["Outmaneuver+1"],"picked":"SKIP","floor":45},{"not_picked":["Deadly Poison"],"picked":"SKIP","floor":45},{"not_picked":["Infinite Blades"],"picked":"SKIP","floor":46}],"player_experience":3265348,"relics_obtained":[{"floor":7,"key":"Prayer Wheel"},{"floor":9,"key":"Molten Egg 2"},{"floor":10,"key":"Letter Opener"},{"floor":11,"key":"Vajra"},{"floor":24,"key":"Lantern"},{"floor":26,"key":"Akabeko"},{"floor":40,"key":"Smiling Mask"},{"floor":43,"key":"Happy Flower"},{"floor":46,"key":"Toy Ornithopter"}],"event_choices":[{"damage_healed":0,"gold_gain":0,"player_choice":"Ignored","damage_taken":0,"max_hp_gain":0,"max_hp_loss":0,"event_name":"Transmorgrifier","floor":5,"gold_loss":0},{"cards_removed":["Backflip"],"damage_healed":0,"gold_gain":0,"player_choice":"Removed Skill","damage_taken":0,"max_hp_gain":0,"max_hp_loss":0,"event_name":"Falling","floor":38,"gold_loss":0},{"damage_healed":0,"gold_gain":0,"player_choice":"Ignored","damage_taken":0,"max_hp_gain":0,"max_hp_loss":0,"event_name":"Mysterious Sphere","floor":48,"gold_loss":0}],"is_beta":false,"boss_relics":[{"not_picked":["Runic Dome","Runic Pyramid","Astrolabe"]},{"not_picked":["Coffee Dripper","HoveringKite"],"picked":"Busted Crown"}],"items_purged_floors":[37],"is_endless":false,"potions_floor_spawned":[10,11,14,18,24,44,45],"ascension_level":0}}