{"host":"dlqyscxstsnu98l1","time":1610299126,"event":{"mods":["BaseMod","Bestiary","Colored Map","Colored Powertips","Conspire","Downfall","GifTheSpireLib","Hermit","Highlight Path","Minty Spire (QoL Compilation)","Random Character Button","Replay The Spire","SacredBarkPlus","StSLib","everything is the same but u backflip on backflip"],"gold_per_floor":[109,9,84,99,374,374,390,390,390,390,400,430,447,466,466,563,563,581,433,452,466,741,741,748,748],"floor_reached":24,"playtime":1288,"items_purged":["hermit:Roulette"],"score":198,"play_id":"a8e09c99-9124-4f7f-8fc1-6ebb1bd649b3","local_time":"20210110111846","is_ascension_mode":false,"campfire_choices":[{"data":"hermit:BodyArmor","floor":6,"key":"SMITH"},{"data":"hermit:Shortfuse","floor":8,"key":"SMITH"},{"data":"hermit:BodyArmor","floor":10,"key":"SMITH"},{"data":"hermit:Snapshot","floor":10,"key":"SMITH"},{"data":"hermit:Shortfuse","floor":15,"key":"SMITH"},{"data":"hermit:GoldenBullet","floor":15,"key":"SMITH"},{"data":"hermit:Roughhouse","floor":23,"key":"SMITH"},{"data":"hermit:CalledShot","floor":23,"key":"SMITH"}],"circlet_count":0,"master_deck":["hermit:Strike_Hermit","hermit:Strike_Hermit","hermit:Strike_Hermit","hermit:Strike_Hermit","hermit:Defend_Hermit","hermit:Defend_Hermit","hermit:Defend_Hermit","hermit:Defend_Hermit","hermit:Snapshot+1","hermit:Covet","hermit:TrackingShot","hermit:BodyArmor+1","hermit:BodyArmor+1","Regret","hermit:Shortfuse+1","hermit:CalledShot+1","hermit:Shortfuse+1","hermit:GoldenBullet+1","hermit:Roughhouse+1","hermit:Deadeye","hermit:Scavenge+1","Regret"],"relics":["hermit:Momento","NeowsBlessing","Replay:Arrowhead","conspire:BottledYoYo","Black Star"],"acts_visited":["Exordium","TheCity"],"potions_floor_usage":[11,12,16,24,24],"damage_taken":[{"damage":0,"enemies":"Jaw Worm","floor":1,"turns":1},{"damage":0,"enemies":"Cultist","floor":4,"turns":1},{"damage":0,"enemies":"2 Louse","floor":7,"turns":1},{"damage":4,"enemies":"Gremlin Gang","floor":11,"turns":4},{"damage":13,"enemies":"Lagavulin","floor":12,"turns":6},{"damage":0,"enemies":"Large Slime","floor":13,"turns":4},{"damage":9,"enemies":"2 Fungi Beasts","floor":14,"turns":2},{"damage":36,"enemies":"Hexaghost","floor":16,"turns":10},{"damage":25,"enemies":"3 Byrds","floor":18,"turns":8},{"damage":14,"enemies":"Chosen","floor":20,"turns":6},{"damage":15,"enemies":"Snecko","floor":21,"turns":5},{"damage":21,"enemies":"Gremlin Leader","floor":24,"turns":4}],"seed_played":"1385126935409227165","potions_obtained":[{"floor":7,"key":"Fire Potion"},{"floor":11,"key":"Regen Potion"},{"floor":12,"key":"Reflective Coating"},{"floor":13,"key":"LiquidBronze"},{"floor":21,"key":"sneckomod:MuddlingPotion"}],"is_trial":false,"path_per_floor":["M","$","?","M","?","R","M","R","T","R","M","E","M","M","R_BF","B",null,"M","$","M","M","?","R","E"],"character_chosen":"HERMIT","items_purchased":["hermit:TrackingShot","hermit:BodyArmor","hermit:Deadeye"],"campfire_rested":0,"item_purchase_floors":[2,2,19],"current_hp_per_floor":[75,75,64,64,64,64,64,64,64,64,60,59,59,50,50,14,75,50,50,36,21,21,21,0,0],"gold":748,"neow_bonus":"THREE_ENEMY_KILL","is_daily":false,"chose_seed":false,"campfire_upgraded":8,"win_rate":0.0,"timestamp":1610299126,"path_taken":["M","$","?","M","?","R","M","R","T","R","M","E","?","M","R_BF","BOSS","M","$","M","M","?","R","E"],"items_purchased_type":["Card","Card","Card"],"build_version":"2020-12-22","purchased_purges":1,"victory":false,"max_hp_per_floor":[75,75,75,75,75,75,75,75,75,75,75,75,75,75,75,75,75,75,75,75,75,75,75,75,75],"card_choices":[{"not_picked":["hermit:Midnight","hermit:Manifest"],"picked":"hermit:Roulette","floor":1},{"not_picked":["hermit:WideOpen","hermit:Headshot"],"picked":"hermit:BodyArmor","floor":4},{"not_picked":["hermit:BodyArmor","hermit:Desperado"],"picked":"hermit:Shortfuse","floor":7},{"not_picked":["hermit:ShadowCloak","hermit:Quickdraw"],"picked":"hermit:CalledShot","floor":11},{"not_picked":["hermit:ItchyTrigger","hermit:Ricochet"],"picked":"hermit:Shortfuse","floor":12},{"not_picked":["hermit:Spite","hermit:Reprieve","hermit:TrackingShot"],"picked":"SKIP","floor":13},{"not_picked":["hermit:Headshot","hermit:WideOpen"],"picked":"hermit:GoldenBullet","floor":14},{"not_picked":["hermit:FatalDesire","hermit:OverwhelmingPower"],"picked":"hermit:Roughhouse","floor":16},{"not_picked":["hermit:Manifest","hermit:ShadowCloak","hermit:SprayPray"],"picked":"SKIP","floor":18},{"not_picked":["hermit:BodyArmor","hermit:Feint+1"],"picked":"hermit:Scavenge+1","floor":20},{"not_picked":["hermit:Feint","hermit:Coalescence","hermit:BlackWind"],"picked":"SKIP","floor":21}],"player_experience":29207,"relics_obtained":[{"floor":9,"key":"Replay:Arrowhead"},{"floor":12,"key":"conspire:BottledYoYo"}],"event_choices":[{"damage_healed":0,"gold_gain":75,"player_choice":"Gather Gold","damage_taken":11,"max_hp_gain":0,"max_hp_loss":0,"event_name":"World of Goop","floor":3,"gold_loss":0},{"damage_healed":0,"gold_gain":275,"player_choice":"Desecrate","damage_taken":0,"max_hp_gain":0,"max_hp_loss":0,"event_name":"Golden Shrine","floor":5,"gold_loss":0,"cards_obtained":["Regret"]},{"damage_healed":0,"gold_gain":275,"player_choice":"Desecrate","damage_taken":0,"max_hp_gain":0,"max_hp_loss":0,"event_name":"Golden Shrine","floor":22,"gold_loss":0,"cards_obtained":["Regret"]}],"is_beta":false,"boss_relics":[{"not_picked":["SlaversCollar","Busted Crown"],"picked":"Black Star"}],"items_purged_floors":[19],"is_endless":false,"potions_floor_spawned":[7,11,12,13,21],"killed_by":"Gremlin Leader","ascension_level":0}}