{"host":"8rqsnaeml9gxb0kp","time":1610248968,"event":{"mods":["AchievementEnabler","BaseMod","Dark Map","Minty Spire (QoL Compilation)","StSLib"],"gold_per_floor":[118,134,134,134,83,113,123,123,123,123,156,171,171,183,183,284,284,294,307,338,355,355,355,383,383,460,460,460,470,75,91,91,188,188,201,212,212,434,434,434,434,434],"floor_reached":41,"playtime":1646,"items_purged":["Strike_R"],"score":461,"play_id":"fec7cfa8-c1d6-4107-a54b-ff969f273107","local_time":"20210109192248","is_ascension_mode":true,"campfire_choices":[{"data":"Searing Blow","floor":8,"key":"SMITH"},{"data":"Searing Blow+1","floor":10,"key":"SMITH"},{"floor":13,"key":"REST"},{"data":"Searing Blow+2","floor":15,"key":"SMITH"},{"data":"Searing Blow+3","floor":23,"key":"SMITH"},{"data":"Searing Blow+4","floor":25,"key":"SMITH"},{"data":"Searing Blow+5","floor":27,"key":"SMITH"},{"data":"Searing Blow+6","floor":32,"key":"SMITH"},{"data":"Searing Blow+7","floor":40,"key":"SMITH"}],"circlet_count":0,"master_deck":["Strike_R","Strike_R","Defend_R","Defend_R","Bash","Intimidate","Perfected Strike","Wild Strike","Twin Strike","Entrench","Searing Blow+8","Metallicize","Demon Form","Whirlwind","True Grit+1","Clothesline","Clothesline","Armaments","Bloodletting","Inflame","HandOfGreed","Hemokinesis","Blood for Blood+1","Demon Form","True Grit+1","Shrug It Off"],"relics":["Burning Blood","Question Card","Bottled Flame","Mercury Hourglass","Mark of Pain","Red Mask","Red Skull","Meat on the Bone","Sozu"],"acts_visited":["Exordium","TheCity","TheBeyond"],"potions_floor_usage":[11,16,16,24,29,33],"damage_taken":[{"damage":11,"enemies":"2 Louse","floor":1,"turns":3},{"damage":2,"enemies":"Jaw Worm","floor":2,"turns":3},{"damage":34,"enemies":"Gremlin Nob","floor":6,"turns":5},{"damage":0,"enemies":"Cultist","floor":7,"turns":2},{"damage":35,"enemies":"3 Sentries","floor":11,"turns":8},{"damage":5,"enemies":"Blue Slaver","floor":12,"turns":2},{"damage":5,"enemies":"3 Louse","floor":14,"turns":3},{"damage":25,"enemies":"The Guardian","floor":16,"turns":8},{"damage":19,"enemies":"2 Thieves","floor":18,"turns":3},{"damage":3,"enemies":"Spheric Guardian","floor":19,"turns":3},{"damage":27,"enemies":"Masked Bandits","floor":20,"turns":4},{"damage":8,"enemies":"Chosen and Byrds","floor":21,"turns":4},{"damage":33,"enemies":"Slavers","floor":24,"turns":5},{"damage":9,"enemies":"Shelled Parasite and Fungi","floor":29,"turns":4},{"damage":0,"enemies":"Snake Plant","floor":31,"turns":2},{"damage":54,"enemies":"Champ","floor":33,"turns":8},{"damage":0,"enemies":"Orb Walker","floor":35,"turns":1},{"damage":27,"enemies":"3 Shapes","floor":36,"turns":4},{"damage":65,"enemies":"Reptomancer","floor":41,"turns":2}],"seed_played":"-7518221056628762095","potions_obtained":[{"floor":2,"key":"FearPotion"},{"floor":7,"key":"BlessingOfTheForge"},{"floor":12,"key":"EssenceOfSteel"},{"floor":21,"key":"Energy Potion"},{"floor":24,"key":"Fire Potion"},{"floor":31,"key":"DuplicationPotion"}],"is_trial":false,"path_per_floor":["M","M","?","?","$","E","M","R","T","R","E","M","R","M","R","B",null,"M","M","?","M","?","R","E","R","T","R","?","M","$","M","R","B",null,"M","M","?","?","?","R","E"],"character_chosen":"IRONCLAD","items_purchased":["Twin Strike","Inflame","HandOfGreed","Hemokinesis"],"campfire_rested":1,"item_purchase_floors":[5,30,30,30],"current_hp_per_floor":[75,79,72,77,77,49,55,55,55,55,26,27,52,53,53,34,85,72,75,54,52,80,80,53,53,53,53,53,50,50,56,56,20,85,85,64,64,64,64,64,0,0],"gold":434,"neow_bonus":"TRANSFORM_CARD","is_daily":false,"chose_seed":false,"campfire_upgraded":8,"win_rate":0.0,"timestamp":1610248968,"path_taken":["M","M","?","?","?","E","M","R","T","R","E","M","R","M","R","BOSS","M","M","?","M","?","R","E","R","T","R","?","M","$","M","R","BOSS","M","M","?","?","?","R","E"],"items_purchased_type":["Card","Card","Card","Card"],"build_version":"2020-12-22","purchased_purges":1,"victory":false,"max_hp_per_floor":[80,80,80,85,85,85,85,85,85,85,85,85,85,85,85,85,85,85,85,85,85,85,85,85,85,85,85,85,85,85,85,85,85,85,85,85,85,85,85,85,85,85],"card_choices":[{"not_picked":["Sword Boomerang","Disarm"],"picked":"Perfected Strike","floor":1},{"not_picked":["Iron Wave","Pommel Strike"],"picked":"Wild Strike","floor":2},{"not_picked":["Dropkick","Anger"],"picked":"Entrench","floor":6},{"not_picked":["Intimidate","Body Slam","Iron Wave"],"picked":"Searing Blow","floor":7},{"not_picked":["Wild Strike","Immolate","Bloodletting"],"picked":"Metallicize","floor":11},{"not_picked":["Bloodletting","Sword Boomerang","Twin Strike","Flex"],"picked":"SKIP","floor":12},{"not_picked":["True Grit","Second Wind","Combust","Anger"],"picked":"SKIP","floor":14},{"not_picked":["Berserk","Corruption","Limit Break"],"picked":"Demon Form","floor":16},{"not_picked":["Heavy Blade","Twin Strike","Sever Soul"],"picked":"Whirlwind","floor":18},{"not_picked":["Ghostly Armor+1","Burning Pact","Thunderclap+1"],"picked":"True Grit+1","floor":19},{"not_picked":["Disarm","Anger+1","Wild Strike+1"],"picked":"Clothesline","floor":20},{"not_picked":["Perfected Strike","Heavy Blade","Body Slam"],"picked":"Clothesline","floor":21},{"not_picked":["Barricade","Clothesline","Twin Strike"],"picked":"Armaments","floor":24},{"not_picked":["Warcry","True Grit","Rage"],"picked":"Bloodletting","floor":29},{"not_picked":["Perfected Strike","Fire Breathing","Carnage+1"],"picked":"Blood for Blood+1","floor":31},{"not_picked":["Reaper","Bludgeon","Juggernaut"],"picked":"Demon Form","floor":33},{"not_picked":["Clothesline","Uppercut","Anger"],"picked":"True Grit+1","floor":35},{"not_picked":["Infernal Blade+1","Clash","Body Slam"],"picked":"Shrug It Off","floor":36}],"player_experience":38969,"relics_obtained":[{"floor":6,"key":"Question Card"},{"floor":9,"key":"Bottled Flame"},{"floor":11,"key":"Mercury Hourglass"},{"floor":20,"key":"Red Mask"},{"floor":24,"key":"Red Skull"},{"floor":26,"key":"Meat on the Bone"}],"event_choices":[{"cards_removed":["Defend_R"],"damage_healed":0,"gold_gain":0,"player_choice":"Card Removal","damage_taken":7,"max_hp_gain":0,"max_hp_loss":0,"event_name":"Golden Wing","floor":3,"gold_loss":0},{"damage_healed":0,"gold_gain":0,"player_choice":"Donut","damage_taken":0,"max_hp_gain":5,"max_hp_loss":0,"event_name":"Big Fish","floor":4,"gold_loss":0},{"damage_healed":0,"gold_gain":0,"player_choice":"Fought Bandits","damage_taken":0,"max_hp_gain":0,"max_hp_loss":0,"event_name":"Masked Bandits","floor":20,"gold_loss":0},{"damage_healed":28,"gold_gain":0,"player_choice":"Heal","damage_taken":0,"max_hp_gain":0,"max_hp_loss":0,"event_name":"The Library","floor":22,"gold_loss":0},{"cards_removed":["Strike_R"],"damage_healed":0,"gold_gain":0,"player_choice":"Purged","damage_taken":0,"max_hp_gain":0,"max_hp_loss":0,"event_name":"Purifier","floor":28,"gold_loss":0},{"damage_healed":0,"gold_gain":0,"player_choice":"Memory 1","damage_taken":0,"max_hp_gain":0,"max_hp_loss":0,"event_name":"SensoryStone","floor":37,"gold_loss":0},{"damage_healed":0,"gold_gain":222,"player_choice":"Wore Mask","damage_taken":0,"max_hp_gain":0,"max_hp_loss":0,"event_name":"Tomb of Lord Red Mask","floor":38,"gold_loss":0},{"cards_removed":["Strike_R"],"damage_healed":0,"gold_gain":0,"player_choice":"Removed Attack","damage_taken":0,"max_hp_gain":0,"max_hp_loss":0,"event_name":"Falling","floor":39,"gold_loss":0}],"is_beta":false,"boss_relics":[{"not_picked":["Empty Cage","Black Star"],"picked":"Mark of Pain"},{"not_picked":["Runic Cube","SacredBark"],"picked":"Sozu"}],"items_purged_floors":[30],"is_endless":false,"potions_floor_spawned":[2,7,12,21,24,31,35],"killed_by":"Reptomancer","ascension_level":2}}