{"host":"ff4g3thpm8pmsxyp","time":1610322697,"event":{"mods":["AchievementEnabler","BaseMod","Colored Map","DeckTracker","Highlight Path","Minty Spire (QoL Compilation)","Permanent Neow","Rare Cards Sparkle","Relic Stats","StSLib","SuperFastMode"],"gold_per_floor":[109,126,126,138,148,177,177,190,190,207,227,261,261,289,289,416,416,429,136,149,167,242,271,271,290,344,377,389,449,449,226,226,324,324,359,372,372,75,115,198,198,251,251,251,50,50,64,394,394,394,394],"floor_reached":50,"playtime":2362,"items_purged":["Strike_P","Defend_P","Defend_P"],"score":962,"play_id":"fd955162-8cf7-4e50-8211-e6e65a796d72","local_time":"20210110185137","is_ascension_mode":true,"campfire_choices":[{"data":"Eruption","floor":7,"key":"SMITH"},{"data":"Swivel","floor":15,"key":"SMITH"},{"data":"Omniscience","floor":24,"key":"SMITH"},{"data":"Adaptation","floor":30,"key":"SMITH"},{"floor":32,"key":"REST"},{"data":"Judgement","floor":41,"key":"SMITH"},{"data":"Wish","floor":44,"key":"SMITH"},{"data":"Halt","floor":49,"key":"SMITH"}],"circlet_count":0,"master_deck":["Strike_P","Strike_P","Strike_P","Defend_P","Defend_P","Eruption+1","Vigilance","CurseOfTheBell","Tantrum+1","EmptyBody","SashWhip+1","FearNoEvil+1","ThirdEye","CrushJoints+1","Conclude+1","Halt+1","Wish+1","Swivel+1","SpiritShield","Adaptation+1","CutThroughFate+1","Omniscience+1","Halt+1","Judgement+1","Tantrum+1","Omniscience","Halt+1","Halt+1","Halt+1","Wallop+1","Wallop+1"],"relics":["Calling Bell","Molten Egg 2","Akabeko","Unceasing Top","Bronze Scales","Toy Ornithopter","Question Card","Odd Mushroom","Mercury Hourglass","Tiny Chest","Busted Crown","Bag of Marbles","Vajra","Orichalcum","Omamori","Art of War","Sozu","WarpedTongs","Lantern","Turnip","Ice Cream","White Beast Statue","Old Coin"],"acts_visited":["Exordium","TheCity","TheBeyond"],"potions_floor_usage":[11,16,23,23,27,33,48],"damage_taken":[{"damage":0,"enemies":"Cultist","floor":1,"turns":2},{"damage":0,"enemies":"2 Louse","floor":2,"turns":1},{"damage":0,"enemies":"Jaw Worm","floor":4,"turns":2},{"damage":2,"enemies":"Gremlin Gang","floor":5,"turns":2},{"damage":7,"enemies":"3 Sentries","floor":6,"turns":4},{"damage":0,"enemies":"Exordium Thugs","floor":8,"turns":2},{"damage":4,"enemies":"Lots of Slimes","floor":10,"turns":3},{"damage":0,"enemies":"The Mushroom Lair","floor":11,"turns":1},{"damage":0,"enemies":"Lagavulin","floor":12,"turns":3},{"damage":0,"enemies":"Gremlin Nob","floor":14,"turns":1},{"damage":31,"enemies":"Hexaghost","floor":16,"turns":9},{"damage":4,"enemies":"Chosen","floor":18,"turns":2},{"damage":1,"enemies":"Spheric Guardian","floor":20,"turns":3},{"damage":1,"enemies":"3 Cultists","floor":21,"turns":4},{"damage":0,"enemies":"Gremlin Leader","floor":23,"turns":3},{"damage":24,"enemies":"Snake Plant","floor":25,"turns":3},{"damage":0,"enemies":"Book of Stabbing","floor":27,"turns":2},{"damage":0,"enemies":"Chosen and Byrds","floor":28,"turns":2},{"damage":28,"enemies":"Slavers","floor":29,"turns":3},{"damage":54,"enemies":"Automaton","floor":33,"turns":9},{"damage":4,"enemies":"3 Shapes","floor":35,"turns":3},{"damage":2,"enemies":"Orb Walker","floor":36,"turns":3},{"damage":9,"enemies":"3 Darklings","floor":39,"turns":4},{"damage":0,"enemies":"Nemesis","floor":40,"turns":1},{"damage":5,"enemies":"Giant Head","floor":42,"turns":6},{"damage":0,"enemies":"4 Shapes","floor":47,"turns":2},{"damage":0,"enemies":"Reptomancer","floor":48,"turns":2},{"damage":62,"enemies":"Awakened One","floor":50,"turns":2}],"seed_played":"751301524132599951","potions_obtained":[{"floor":2,"key":"Dexterity Potion"},{"floor":4,"key":"Swift Potion"},{"floor":5,"key":"Strength Potion"},{"floor":11,"key":"Regen Potion"},{"floor":16,"key":"SteroidPotion"},{"floor":20,"key":"PowerPotion"},{"floor":21,"key":"BottledMiracle"},{"floor":29,"key":"BlessingOfTheForge"},{"floor":33,"key":"AttackPotion"}],"is_trial":false,"path_per_floor":["M","M","?","M","M","E","R","M","T","M","?","E","?","E","R","B",null,"M","$","M","M","?","E","R","M","T","E","M","E","R","$","R","B",null,"M","M","?","$","M","E","R","E","T","R","$","T","M","E","R","B"],"character_chosen":"WATCHER","items_purchased":["Bag of Marbles","Adaptation","Energy Potion","Regen Potion","Omniscience","Lantern","Wallop+1"],"campfire_rested":1,"item_purchase_floors":[19,19,31,31,38,38,45],"current_hp_per_floor":[72,72,60,60,58,51,51,51,51,47,52,52,57,57,57,31,77,73,73,72,71,64,77,77,53,53,58,58,30,30,30,53,19,77,73,71,71,71,62,62,62,57,57,57,57,57,57,62,62,0,0],"gold":394,"neow_bonus":"BOSS_RELIC","is_daily":false,"chose_seed":false,"campfire_upgraded":7,"win_rate":0.0,"timestamp":1610322697,"path_taken":["M","?","?","M","M","E","R","M","T","M","?","E","?","E","R","BOSS","M","$","M","M","?","E","R","M","T","E","M","E","R","$","R","BOSS","M","?","?","$","M","E","R","E","T","R","$","?","?","E","R","BOSS"],"items_purchased_type":["Relic","Card","Potion","Potion","Card","Relic","Card"],"build_version":"2020-12-22","purchased_purges":3,"victory":false,"max_hp_per_floor":[72,72,72,72,72,72,72,72,72,72,72,72,77,77,77,77,77,77,77,77,77,77,77,77,77,77,77,77,77,77,77,77,77,77,77,77,77,77,77,77,77,77,77,77,77,77,77,77,77,77,77],"relic_stats":{"counters":[28,83],"Orichalcum":[42],"Question Card":21,"Mercury Hourglass":[289],"WarpedTongs":[16],"Sozu":5,"Busted Crown":32,"Bronze Scales":[183],"Tiny Chest":1,"Turnip":[0],"Art of War":[1],"obtain_stats":[{"Ice Cream":42,"Lantern":38,"Vajra":23,"Omamori":27,"Odd Mushroom":11,"Orichalcum":26,"Question Card":9,"Akabeko":0,"White Beast Statue":46,"Mercury Hourglass":12,"WarpedTongs":37,"Old Coin":48,"Calling Bell":0,"Sozu":34,"Busted Crown":17,"Bronze Scales":3,"Molten Egg 2":0,"Tiny Chest":14,"Turnip":40,"Bag of Marbles":19,"Art of War":29,"PureWater":0,"Unceasing Top":0,"Toy Ornithopter":6},{"Ice Cream":25,"Lantern":22,"Vajra":15,"Omamori":17,"Odd Mushroom":8,"Orichalcum":16,"Question Card":6,"Akabeko":0,"White Beast Statue":25,"Mercury Hourglass":9,"WarpedTongs":22,"Old Coin":27,"Calling Bell":0,"Sozu":20,"Busted Crown":11,"Bronze Scales":2,"Molten Egg 2":0,"Tiny Chest":10,"Turnip":24,"Bag of Marbles":12,"Art of War":19,"PureWater":0,"Unceasing Top":0,"Toy Ornithopter":5},{"Ice Cream":77,"Lantern":66,"Vajra":42,"Omamori":47,"Odd Mushroom":17,"Orichalcum":45,"Question Card":13,"Akabeko":0,"White Beast Statue":77,"Mercury Hourglass":20,"WarpedTongs":66,"Old Coin":81,"Calling Bell":0,"Sozu":61,"Busted Crown":30,"Bronze Scales":3,"Molten Egg 2":0,"Tiny Chest":21,"Turnip":71,"Bag of Marbles":32,"Art of War":52,"PureWater":0,"Unceasing Top":0,"Toy Ornithopter":11}],"Unceasing Top":[15],"Toy Ornithopter":35},"card_choices":[{"not_picked":["WreathOfFlame","Crescendo"],"picked":"Tantrum+1","floor":1},{"not_picked":["FollowUp+1","Collect"],"picked":"EmptyBody","floor":2},{"not_picked":["FlurryOfBlows+1","CarveReality+1"],"picked":"SashWhip+1","floor":4},{"not_picked":["CrushJoints+1","WaveOfTheHand"],"picked":"FearNoEvil+1","floor":5},{"not_picked":["WreathOfFlame","ReachHeaven+1"],"picked":"ThirdEye","floor":6},{"not_picked":["Wireheading","WreathOfFlame"],"picked":"CrushJoints+1","floor":8},{"not_picked":["SashWhip+1","Perseverance","Consecrate+1"],"picked":"Conclude+1","floor":10},{"not_picked":["CrushJoints+1","EmptyFist+1","InnerPeace"],"picked":"Halt","floor":11},{"not_picked":["CarveReality+1","Evaluate","ThirdEye"],"picked":"Wish","floor":12},{"not_picked":["WaveOfTheHand","CarveReality+1","BattleHymn"],"picked":"Swivel","floor":14},{"not_picked":["Brilliance+1","Wish","DeusExMachina"],"picked":"SpiritShield","floor":16},{"not_picked":["WreathOfFlame","EmptyFist+1"],"picked":"SKIP","floor":18},{"not_picked":["FlurryOfBlows+1"],"picked":"CutThroughFate+1","floor":20},{"not_picked":["Halt","BowlingBash+1"],"picked":"SKIP","floor":21},{"not_picked":["FollowUp+1"],"picked":"Omniscience","floor":23},{"not_picked":["BowlingBash+1","Prostrate"],"picked":"SKIP","floor":25},{"not_picked":["ReachHeaven+1","FlyingSleeves+1"],"picked":"SKIP","floor":27},{"not_picked":["Nirvana"],"picked":"Halt+1","floor":28},{"not_picked":["Swivel","ReachHeaven+1"],"picked":"SKIP","floor":29},{"not_picked":["Devotion"],"picked":"Judgement","floor":33},{"not_picked":["EmptyBody","ThirdEye"],"picked":"SKIP","floor":35},{"not_picked":["BowlingBash+1"],"picked":"Tantrum+1","floor":36},{"not_picked":["CutThroughFate+1"],"picked":"Halt+1","floor":39},{"not_picked":["FlurryOfBlows+1"],"picked":"Halt+1","floor":40},{"not_picked":["Establishment"],"picked":"Halt+1","floor":42},{"not_picked":["FlurryOfBlows+1"],"picked":"Wallop+1","floor":47},{"not_picked":["Establishment","FlyingSleeves+1"],"picked":"SKIP","floor":48}],"player_experience":260082,"relics_obtained":[{"floor":0,"key":"Molten Egg 2"},{"floor":0,"key":"Akabeko"},{"floor":0,"key":"Unceasing Top"},{"floor":6,"key":"Toy Ornithopter"},{"floor":9,"key":"Question Card"},{"floor":11,"key":"Odd Mushroom"},{"floor":12,"key":"Mercury Hourglass"},{"floor":14,"key":"Tiny Chest"},{"floor":23,"key":"Vajra"},{"floor":26,"key":"Orichalcum"},{"floor":27,"key":"Omamori"},{"floor":29,"key":"Art of War"},{"floor":40,"key":"Turnip"},{"floor":42,"key":"Ice Cream"},{"floor":46,"key":"White Beast Statue"},{"floor":48,"key":"Old Coin"}],"event_choices":[{"damage_healed":0,"gold_gain":0,"player_choice":"Success","damage_taken":12,"relics_obtained":["Bronze Scales"],"max_hp_gain":0,"max_hp_loss":0,"event_name":"Scrap Ooze","floor":3,"gold_loss":0},{"damage_healed":0,"gold_gain":0,"player_choice":"Fought Mushrooms","damage_taken":0,"max_hp_gain":0,"max_hp_loss":0,"event_name":"Mushrooms","floor":11,"gold_loss":0},{"damage_healed":0,"gold_gain":0,"player_choice":"Donut","damage_taken":0,"max_hp_gain":5,"max_hp_loss":0,"event_name":"Big Fish","floor":13,"gold_loss":0},{"damage_healed":0,"gold_gain":75,"player_choice":"Touch","damage_taken":7,"max_hp_gain":0,"max_hp_loss":0,"event_name":"FaceTrader","floor":22,"gold_loss":0},{"damage_healed":0,"gold_gain":0,"player_choice":"Rummage","damage_taken":0,"relics_obtained":["WarpedTongs"],"max_hp_gain":0,"max_hp_loss":0,"event_name":"Accursed Blacksmith","floor":37,"gold_loss":0,"cards_obtained":["Pain"]}],"is_beta":false,"boss_relics":[{"not_picked":["Coffee Dripper","SacredBark"],"picked":"Busted Crown"},{"not_picked":["Snecko Eye","Empty Cage"],"picked":"Sozu"}],"items_purged_floors":[19,31,45],"is_endless":false,"potions_floor_spawned":[2,4,5,11,16,20,21,29,33,36,40,42,47,48],"killed_by":"Awakened One","ascension_level":4}}