{"host":"lxgv1wbl12oya7hr","time":1610307711,"event":{"mods":["BaseMod","Minty Spire (QoL Compilation)","Permanent Neow","StSLib"],"gold_per_floor":[368,387,171,191,203,236,236,250,274,274,305,55,69,88,88,183,183,196,111,143,155,185,227,239,266,355,367,58,58,85,105,105,208,208,222,222,237,237,253,279,0,0,0,0,0,18,18,51,51,51,51],"floor_reached":50,"playtime":2631,"items_purged":["Pain","Defend_R"],"score":707,"play_id":"5c4830f3-8e9a-4dba-a1bd-bdda0e2a2f82","local_time":"20210110114151","is_ascension_mode":true,"campfire_choices":[{"data":"Demon Form","floor":7,"key":"SMITH"},{"data":"Cleave","floor":10,"key":"SMITH"},{"data":"Metallicize","floor":15,"key":"SMITH"},{"data":"Inflame","floor":24,"key":"SMITH"},{"data":"Rampage","floor":27,"key":"SMITH"},{"data":"1","floor":32,"key":"LIFT"},{"data":"2","floor":42,"key":"LIFT"},{"data":"3","floor":45,"key":"LIFT"},{"floor":47,"key":"RECALL"},{"data":"Enlightenment","floor":49,"key":"SMITH"}],"circlet_count":0,"master_deck":["Strike_R","Strike_R","Strike_R","Strike_R","Defend_R","Defend_R","Bash","Metallicize+1","Carnage","Cleave+1","Swift Strike","Thunderclap","Flex","Demon Form+1","Cleave","Pommel Strike","Inflame+1","Rampage+1","Clash","Anger","Impervious","Heavy Blade+1","Carnage","Dropkick","Heavy Blade","Ghostly","Ghostly","Ghostly","Ghostly","Ghostly","Heavy Blade+1","Double Tap","Disarm","Master of Strategy","Mayhem","Enlightenment+1","Dropkick+1","Body Slam+1","Iron Wave+1","Burning Pact+1","Clothesline+1"],"relics":["Burning Blood","Blue Candle","Bag of Preparation","Coffee Dripper","MawBank","Du-Vu Doll","Shuriken","Girya","Anchor","Black Star","Orichalcum","Lantern","Red Mask","Torii","Blood Vial","PreservedInsect"],"acts_visited":["Exordium","TheCity","TheBeyond"],"potions_floor_usage":[6,6,11,23,23,23,25,33,37,48,50],"damage_taken":[{"damage":4,"enemies":"Cultist","floor":1,"turns":3},{"damage":6,"enemies":"Jaw Worm","floor":2,"turns":3},{"damage":2,"enemies":"Small Slimes","floor":4,"turns":3},{"damage":8,"enemies":"Exordium Wildlife","floor":5,"turns":3},{"damage":14,"enemies":"Gremlin Nob","floor":6,"turns":4},{"damage":12,"enemies":"3 Louse","floor":8,"turns":3},{"damage":36,"enemies":"Lagavulin","floor":11,"turns":4},{"damage":2,"enemies":"Blue Slaver","floor":13,"turns":2},{"damage":0,"enemies":"Large Slime","floor":14,"turns":2},{"damage":36,"enemies":"The Guardian","floor":16,"turns":8},{"damage":0,"enemies":"Spheric Guardian","floor":18,"turns":3},{"damage":11,"enemies":"2 Thieves","floor":20,"turns":3},{"damage":20,"enemies":"Centurion and Healer","floor":22,"turns":5},{"damage":32,"enemies":"Slavers","floor":23,"turns":3},{"damage":16,"enemies":"Snake Plant","floor":25,"turns":3},{"damage":8,"enemies":"Book of Stabbing","floor":30,"turns":6},{"damage":1,"enemies":"Chosen and Byrds","floor":31,"turns":5},{"damage":5,"enemies":"Collector","floor":33,"turns":7},{"damage":0,"enemies":"3 Shapes","floor":35,"turns":4},{"damage":6,"enemies":"Orb Walker","floor":37,"turns":3},{"damage":3,"enemies":"Transient","floor":39,"turns":5},{"damage":8,"enemies":"Giant Head","floor":40,"turns":6},{"damage":1,"enemies":"4 Shapes","floor":46,"turns":3},{"damage":0,"enemies":"Nemesis","floor":48,"turns":5},{"damage":42,"enemies":"Awakened One","floor":50,"turns":7}],"seed_played":"7273547648313115164","potions_obtained":[{"floor":1,"key":"Weak Potion"},{"floor":4,"key":"Swift Potion"},{"floor":5,"key":"LiquidBronze"},{"floor":8,"key":"Dexterity Potion"},{"floor":14,"key":"LiquidMemories"},{"floor":20,"key":"BlessingOfTheForge"},{"floor":23,"key":"ColorlessPotion"},{"floor":31,"key":"Dexterity Potion"},{"floor":35,"key":"DuplicationPotion"},{"floor":37,"key":"GamblersBrew"},{"floor":40,"key":"Swift Potion"}],"is_trial":false,"path_per_floor":["M","M","$","M","M","E","R","M","T","R","E","$","M","M","R","B",null,"M","?","M","?","M","E","R","M","T","R","$","?","E","M","R","B",null,"M","?","M","?","M","E","?","R","T","?","R","M","R","E","R","B"],"character_chosen":"IRONCLAD","items_purchased":["Cleave","Swift Strike","Inflame","Rampage","Girya","Heavy Blade"],"campfire_rested":0,"item_purchase_floors":[3,3,12,12,28,28],"current_hp_per_floor":[80,80,80,80,78,70,70,64,64,64,34,34,38,44,44,14,80,80,80,75,60,46,20,20,10,10,10,10,10,8,13,13,14,42,42,32,32,32,35,33,33,33,33,33,33,38,38,42,42,0,0],"gold":51,"neow_bonus":"TWO_FIFTY_GOLD","is_daily":false,"chose_seed":false,"campfire_upgraded":6,"win_rate":0.0,"timestamp":1610307711,"path_taken":["M","M","$","M","M","E","R","M","T","R","E","?","M","?","R","BOSS","M","?","M","?","M","E","R","M","T","R","?","?","E","M","R","BOSS","M","?","M","?","?","E","?","R","T","?","R","?","R","E","R","BOSS"],"items_purchased_type":["Card","Card","Card","Card","Relic","Card"],"build_version":"2020-12-22","purchased_purges":2,"victory":false,"max_hp_per_floor":[80,80,80,80,80,80,80,80,80,80,80,80,80,80,80,80,80,80,80,80,85,85,85,85,85,85,85,85,42,42,42,42,42,42,42,42,42,42,42,42,42,42,42,42,42,42,42,42,42,42,42],"card_choices":[{"not_picked":["Pummel","Warcry"],"picked":"Metallicize","floor":1},{"not_picked":["Dual Wield","Sword Boomerang"],"picked":"Carnage","floor":2},{"not_picked":["Entrench","True Grit"],"picked":"Thunderclap","floor":4},{"not_picked":["Perfected Strike","Wild Strike"],"picked":"Flex","floor":5},{"not_picked":["Havoc","Shrug It Off"],"picked":"Demon Form","floor":6},{"not_picked":["Twin Strike","Wild Strike"],"picked":"Cleave","floor":8},{"not_picked":["Body Slam","Sentinel"],"picked":"Pommel Strike","floor":11},{"not_picked":["Thunderclap","Uppercut"],"picked":"Clash","floor":13},{"not_picked":["Perfected Strike","Heavy Blade"],"picked":"Anger","floor":14},{"not_picked":["Corruption","Fiend Fire"],"picked":"Impervious","floor":16},{"not_picked":["Warcry+1","Havoc","Cleave"],"picked":"SKIP","floor":18},{"not_picked":["Perfected Strike","Clothesline"],"picked":"Heavy Blade+1","floor":20},{"not_picked":["Dark Embrace","True Grit"],"picked":"Carnage","floor":22},{"not_picked":["Blood for Blood","Perfected Strike+1","Second Wind"],"picked":"SKIP","floor":23},{"not_picked":["Cleave","Warcry"],"picked":"Dropkick","floor":25},{"not_picked":["Sentinel","Searing Blow","Headbutt"],"picked":"SKIP","floor":30},{"not_picked":["Cleave+1","Rage"],"picked":"Heavy Blade+1","floor":31},{"not_picked":["Fiend Fire","Corruption"],"picked":"Double Tap","floor":33},{"not_picked":["Searing Blow","Cleave"],"picked":"Disarm","floor":35},{"not_picked":["Forethought","Deep Breath"],"picked":"Master of Strategy","floor":36},{"not_picked":["Thinking Ahead","Metamorphosis"],"picked":"Mayhem","floor":36},{"not_picked":["Violence","Mind Blast"],"picked":"Enlightenment","floor":36},{"not_picked":["Dark Embrace","Fire Breathing+1"],"picked":"Dropkick+1","floor":37},{"not_picked":["Burning Pact+1","Pommel Strike"],"picked":"Body Slam+1","floor":39},{"not_picked":["Battle Trance","Perfected Strike"],"picked":"Iron Wave+1","floor":40},{"not_picked":["Headbutt+1","Power Through"],"picked":"Burning Pact+1","floor":46},{"not_picked":["Cleave","Reaper"],"picked":"Clothesline+1","floor":48}],"player_experience":2275612,"relics_obtained":[{"floor":6,"key":"Blue Candle"},{"floor":11,"key":"Bag of Preparation"},{"floor":23,"key":"Du-Vu Doll"},{"floor":26,"key":"Shuriken"},{"floor":30,"key":"Anchor"},{"floor":40,"key":"Orichalcum"},{"floor":40,"key":"Lantern"},{"floor":43,"key":"Torii"},{"floor":48,"key":"Blood Vial"},{"floor":48,"key":"PreservedInsect"}],"event_choices":[{"damage_healed":0,"gold_gain":0,"player_choice":"Obtained Relic","damage_taken":0,"relics_obtained":["MawBank"],"max_hp_gain":0,"max_hp_loss":0,"event_name":"Addict","floor":19,"gold_loss":85},{"damage_healed":0,"gold_gain":0,"player_choice":"Shed Blood","damage_taken":20,"max_hp_gain":5,"max_hp_loss":0,"event_name":"Forgotten Altar","floor":21,"gold_loss":0},{"damage_healed":0,"gold_gain":0,"player_choice":"Became a Ghost","damage_taken":0,"max_hp_gain":0,"max_hp_loss":43,"event_name":"Ghosts","floor":29,"gold_loss":0,"cards_obtained":["Ghostly","Ghostly","Ghostly","Ghostly","Ghostly"]},{"damage_healed":0,"gold_gain":0,"player_choice":"Memory 3","damage_taken":10,"max_hp_gain":0,"max_hp_loss":0,"event_name":"SensoryStone","floor":36,"gold_loss":0},{"cards_removed":["Defend_R"],"damage_healed":0,"gold_gain":0,"player_choice":"Removed Skill","damage_taken":0,"max_hp_gain":0,"max_hp_loss":0,"event_name":"Falling","floor":38,"gold_loss":0},{"damage_healed":0,"gold_gain":0,"player_choice":"Paid","damage_taken":0,"relics_obtained":["Red Mask"],"max_hp_gain":0,"max_hp_loss":0,"event_name":"Tomb of Lord Red Mask","floor":41,"gold_loss":279},{"cards_removed":["Strike_R"],"damage_healed":0,"gold_gain":0,"player_choice":"Offered Basic","damage_taken":0,"max_hp_gain":0,"max_hp_loss":0,"event_name":"Bonfire Elementals","floor":44,"gold_loss":0}],"is_beta":false,"boss_relics":[{"not_picked":["Black Blood","Tiny House"],"picked":"Coffee Dripper"},{"not_picked":["Philosopher\u0027s Stone","Pandora\u0027s Box"],"picked":"Black Star"}],"items_purged_floors":[3,12],"is_endless":false,"potions_floor_spawned":[1,4,5,8,14,20,22,23,31,35,37,40],"killed_by":"Awakened One","ascension_level":1}}