{"host":"67w4bo1ws77yotej","time":1610241674,"event":{"mods":["Arknights The Spire","Aspiration","BaseMod","Ekko","Energized Spire","Friendly Minions","Gremlin Mod","Halation","Hero for Fun","Hubris","Infinite Spire","Kiyohime????","Minty Spire (QoL Compilation)","READ ME - Guardian Mod","READ ME - Snecko Mod","StSLib","The Cursed","The Wild Card","TheHero","vexMod"],"gold_per_floor":[119,144,97,97,113,143,153,153,176,201,201,212,212,212,212,311,311,323,323,74,84,124,124,174,174,174,202,112,122,122,122,122,224,224,239,239,258,258,258,292,292,307,307,307,324,324,324,350,350,350],"floor_reached":51,"playtime":3317,"items_purged":[],"score":829,"play_id":"c1524cb5-b76d-4462-b438-ae8d4d05918e","local_time":"20210110022114","is_ascension_mode":false,"campfire_choices":[{"data":"animeID:AllMight","floor":11,"key":"SMITH"},{"data":"animeID:ToruHagakure","floor":13,"key":"SMITH"},{"data":"animeID:Kirishima","floor":15,"key":"SMITH"},{"data":"animeID:PlusUltra","floor":23,"key":"SMITH"},{"floor":32,"key":"REST"},{"data":"hubris:Fate","floor":47,"key":"SMITH"},{"data":"animeID:Tamaki","floor":49,"key":"SMITH"}],"circlet_count":0,"master_deck":["animeID:Deku","animeID:Bakugo+1","animeID:Smash","animeID:Smash","animeID:Smash","animeID:DefendMH","animeID:DefendMH","animeID:DefendMH","animeID:Bakugo+1","animeID:Kirishima+1","animeID:ToruHagakure+1","animeID:Rappa+1","animeID:AllMight+1","animeID:PlusUltra+1","animeID:Cementoss","Impatience+1","animeID:DelawareSmash+1","animeID:Iida","hubris:Fate+1","animeID:Tamaki+1","animeID:Rei","Trip","animeID:Hawks","animeID:ShootStyle","Gremlin:InfiniteBlocks","animeID:Muscular+1","animeID:Iida+1"],"relics":["animeID:HeroCostume","NeowsBlessing","infinitespire:PuzzleCube","White Beast Statue","Tiny Chest","halation:KoshaPiece","Juzu Bracelet","aspiration:SecretTechniqueScroll","vexMod:Dragonfruit","Whetstone","TungstenRod","SlaversCollar","Ice Cream","Shuriken","Red Mask","halation:WeightlessCrab","Busted Crown","halation:PapillonHeart","Bag of Marbles","hubris:Reverence","PreservedInsect","infinitespire:Bottled Soul"],"acts_visited":["Exordium","TheCity","TheBeyond"],"potions_floor_usage":[12,16,16,18,18,22,22,24,27,33,40,50],"damage_taken":[{"damage":0,"enemies":"Cultist","floor":1,"turns":1},{"damage":0,"enemies":"Small Slimes","floor":5,"turns":1},{"damage":0,"enemies":"Gremlin Nob","floor":6,"turns":1},{"damage":1,"enemies":"2 Louse","floor":7,"turns":2},{"damage":12,"enemies":"3 Sentries","floor":10,"turns":5},{"damage":8,"enemies":"Looter","floor":12,"turns":3},{"damage":35,"enemies":"Hexaghost","floor":16,"turns":5},{"damage":13,"enemies":"2 Thieves","floor":18,"turns":2},{"damage":5,"enemies":"Spheric Guardian","floor":21,"turns":4},{"damage":5,"enemies":"Centurion and Healer","floor":22,"turns":4},{"damage":28,"enemies":"Book of Stabbing","floor":24,"turns":4},{"damage":9,"enemies":"Masked Bandits","floor":27,"turns":3},{"damage":4,"enemies":"Snake Plant","floor":29,"turns":2},{"damage":27,"enemies":"hubris:MusketHawk","floor":33,"turns":5},{"damage":7,"enemies":"3 Shapes","floor":35,"turns":2},{"damage":8,"enemies":"Orb Walker","floor":37,"turns":4},{"damage":4,"enemies":"Reptomancer","floor":40,"turns":2},{"damage":4,"enemies":"Transient","floor":42,"turns":5},{"damage":4,"enemies":"Maw","floor":45,"turns":5},{"damage":12,"enemies":"Giant Head","floor":48,"turns":3},{"damage":8,"enemies":"hubris:GrandSnecko","floor":50,"turns":6}],"seed_played":"4337148933897280611","potions_obtained":[{"floor":1,"key":"Strength Potion"},{"floor":5,"key":"DuplicationPotion"},{"floor":6,"key":"Energy Potion"},{"floor":7,"key":"Ancient Potion"},{"floor":10,"key":"Fire Potion"},{"floor":12,"key":"Ancient Potion"},{"floor":16,"key":"SkillPotion"},{"floor":18,"key":"ColorlessPotion"},{"floor":21,"key":"ColorlessPotion"},{"floor":22,"key":"DistilledChaos"},{"floor":24,"key":"ColorlessPotion"},{"floor":27,"key":"GamblersBrew"},{"floor":29,"key":"Strength Potion"},{"floor":33,"key":"Explosive Potion"},{"floor":35,"key":"Fire Potion"},{"floor":37,"key":"Block Potion"},{"floor":40,"key":"SkillPotion"},{"floor":45,"key":"DuplicationPotion"}],"is_trial":false,"path_per_floor":["M","T","$","?","M","E","M","?","T","E","R","M","R","?","R","B",null,"M","T","$","M","M","R","E","AVR","T","?","?","M","?","T","R","B",null,"M","?","M","?","?","E","T","M","T","?","M","?","R","E","R","B",null],"character_chosen":"THE_HERO","items_purchased":["animeID:Kirishima","Whetstone","Impatience"],"campfire_rested":1,"item_purchase_floors":[3,20,20],"current_hp_per_floor":[75,75,75,75,75,75,74,74,74,65,65,59,59,59,59,28,75,64,69,69,68,67,67,43,43,43,38,38,36,26,26,50,29,80,73,73,69,69,69,69,69,73,73,73,75,75,75,67,67,69],"gold":350,"neow_bonus":"THREE_ENEMY_KILL","is_daily":false,"chose_seed":false,"campfire_upgraded":6,"win_rate":0.0,"timestamp":1610241674,"path_taken":["M","?","$","?","M","E","?","?","T","E","R","M","R","?","R","BOSS","M","?","$","M","M","R","E","AVR","T","?","?","M","?","?","R","BOSS","M","?","M","?","?","E","?","M","T","?","M","?","R","E","R","BOSS"],"items_purchased_type":["Card","Relic","Card"],"build_version":"2020-12-22","purchased_purges":0,"victory":true,"max_hp_per_floor":[75,75,75,75,75,75,75,75,75,75,75,75,75,75,75,75,75,75,80,80,80,80,80,80,80,80,80,80,80,80,80,80,80,80,80,76,76,76,76,76,76,76,76,76,76,76,76,76,76,76],"card_choices":[{"not_picked":["animeID:Mineta","animeID:Kendo"],"picked":"animeID:Bakugo","floor":1},{"not_picked":["animeID:Aoyama","animeID:Kirishima","animeID:Mina"],"picked":"SKIP","floor":5},{"not_picked":["animeID:Tsuyu","animeID:Kaminari"],"picked":"animeID:ToruHagakure","floor":6},{"not_picked":["animeID:Kaminari","animeID:Ojiro"],"picked":"animeID:Rappa","floor":7},{"not_picked":["animeID:Momo","animeID:Tengai"],"picked":"animeID:AllMight","floor":10},{"not_picked":["animeID:Mineta","animeID:Tsuyu","animeID:Stain"],"picked":"SKIP","floor":12},{"not_picked":["animeID:RedRiot","animeID:Eri"],"picked":"animeID:PlusUltra","floor":16},{"not_picked":["animeID:EraserHead","animeID:Kurono"],"picked":"animeID:Cementoss","floor":18},{"not_picked":["animeID:MtLady","animeID:GranTorino"],"picked":"animeID:DelawareSmash+1","floor":21},{"not_picked":["animeID:Kendo","animeID:Kirishima"],"picked":"animeID:Iida","floor":22},{"not_picked":["animeID:Momo","animeID:GranTorino+1"],"picked":"animeID:Rei","floor":24},{"not_picked":["animeID:DetroitDelaware+1","animeID:Aoyama+1"],"picked":"animeID:Tamaki","floor":27},{"not_picked":["animeID:Thirteen","animeID:Kirishima"],"picked":"animeID:Rei","floor":29},{"not_picked":["animeID:Eri","animeID:PlusUltra"],"picked":"animeID:Hawks","floor":33},{"not_picked":[],"picked":"animeID:ShootStyle","floor":35},{"not_picked":["animeID:Tomura"],"picked":"SKIP","floor":37},{"not_picked":[],"picked":"animeID:Muscular+1","floor":40},{"not_picked":[],"picked":"animeID:Iida+1","floor":42},{"not_picked":["animeID:Kaminari"],"picked":"SKIP","floor":45},{"not_picked":["animeID:Twice+1"],"picked":"SKIP","floor":48}],"player_experience":139087,"relics_obtained":[{"floor":2,"key":"infinitespire:PuzzleCube"},{"floor":6,"key":"Tiny Chest"},{"floor":9,"key":"halation:KoshaPiece"},{"floor":10,"key":"Juzu Bracelet"},{"floor":19,"key":"vexMod:Dragonfruit"},{"floor":24,"key":"TungstenRod"},{"floor":26,"key":"Shuriken"},{"floor":27,"key":"Red Mask"},{"floor":31,"key":"halation:WeightlessCrab"},{"floor":40,"key":"Bag of Marbles"},{"floor":41,"key":"hubris:Reverence"},{"floor":43,"key":"PreservedInsect"},{"floor":48,"key":"infinitespire:Bottled Soul"}],"event_choices":[{"damage_healed":0,"gold_gain":0,"player_choice":"Gave Potion","damage_taken":0,"relics_obtained":["White Beast Statue"],"max_hp_gain":0,"max_hp_loss":0,"event_name":"WeMeetAgain","floor":4,"gold_loss":0},{"damage_healed":0,"gold_gain":0,"player_choice":"Upgraded","damage_taken":0,"max_hp_gain":0,"max_hp_loss":0,"event_name":"Upgrade Shrine","floor":14,"gold_loss":0,"cards_upgraded":["animeID:Bakugo"]},{"damage_healed":0,"gold_gain":0,"player_choice":"Fought Bandits","damage_taken":0,"max_hp_gain":0,"max_hp_loss":0,"event_name":"Masked Bandits","floor":27,"gold_loss":0},{"cards_removed":["animeID:DefendMH"],"damage_healed":0,"gold_gain":0,"player_choice":"Upgrade and Remove","damage_taken":0,"max_hp_gain":0,"max_hp_loss":0,"event_name":"Designer","floor":28,"gold_loss":90,"cards_upgraded":["Impatience"]},{"damage_healed":0,"gold_gain":0,"player_choice":"CARD ","damage_taken":12,"max_hp_gain":0,"max_hp_loss":0,"event_name":"Knowing Skull","floor":30,"potions_obtained":[],"gold_loss":0,"cards_obtained":["Trip"]},{"cards_removed":["animeID:Smash"],"damage_healed":0,"gold_gain":0,"player_choice":"Purged","damage_taken":0,"max_hp_gain":0,"max_hp_loss":0,"event_name":"Purifier","floor":38,"gold_loss":0},{"cards_removed":["animeID:Rei"],"damage_healed":0,"gold_gain":0,"player_choice":"Took Card","damage_taken":0,"max_hp_gain":0,"max_hp_loss":0,"event_name":"NoteForYourself","floor":39,"gold_loss":0,"cards_obtained":["Gremlin:InfiniteBlocks"]},{"damage_healed":0,"gold_gain":0,"player_choice":"Bought 0 Potions","damage_taken":0,"max_hp_gain":0,"max_hp_loss":0,"event_name":"The Woman in Blue","floor":44,"gold_loss":0},{"damage_healed":0,"gold_gain":0,"player_choice":"Ignored","damage_taken":0,"max_hp_gain":0,"max_hp_loss":0,"event_name":"Tomb of Lord Red Mask","floor":46,"gold_loss":0}],"is_beta":false,"boss_relics":[{"not_picked":["hubris:BlackHole","halation:HeavySnake"],"picked":"aspiration:SecretTechniqueScroll"},{"not_picked":["Tiny House","hubris:CrackedHourglass"],"picked":"Busted Crown"}],"items_purged_floors":[],"is_endless":false,"potions_floor_spawned":[1,5,6,7,10,12,16,18,21,22,24,27,29,33,35,37,40,42,45,48],"ascension_level":0}}