{"host":"uv231blk40vjdojr","time":1610285666,"event":{"mods":["AchievementEnabler","BaseMod","Bestiary","Minty Spire (QoL Compilation)","Relic Stats"],"gold_per_floor":[117,117,82,109,61,61,95,95,95,95,114,114,127,147,147,248,248,260,260,260,260,278,278,309,309,309,16,16,35,66,83,83,188,188,206,206,224,240,290,290,305,84,84,36,36,114,114,128,128,128],"floor_reached":51,"playtime":2111,"items_purged":["Pain"],"score":756,"play_id":"080dfdd5-c0de-43ff-a5fb-005977c1f412","local_time":"20210110143426","is_ascension_mode":false,"campfire_choices":[{"data":"Zap","floor":6.0,"key":"SMITH"},{"data":"Sweeping Beam","floor":8.0,"key":"SMITH"},{"data":"Hologram","floor":10.0,"key":"SMITH"},{"data":"Dualcast","floor":15.0,"key":"SMITH"},{"floor":23.0,"key":"REST"},{"data":"Ball Lightning","floor":28.0,"key":"SMITH"},{"floor":32.0,"key":"REST"},{"data":"Cold Snap","floor":40.0,"key":"SMITH"},{"floor":45,"key":"REST"},{"floor":47,"key":"REST"},{"data":"Rebound","floor":49,"key":"SMITH"}],"circlet_count":0,"master_deck":["Strike_B","Strike_B+1","Strike_B","Defend_B+1","Defend_B","Defend_B","Dualcast+1","Hologram+1","Beam Cell+1","Sweeping Beam+1","Rebound+1","Ball Lightning+1","Hologram+1","Necronomicurse","Coolheaded+1","Cold Snap+1","Go for the Eyes+1","Streamline+1","Cold Snap+1","Ball Lightning+1","Barrage+1"],"relics":["SlaversCollar","Vajra","Toxic Egg 2","HornCleat","Empty Cage","Necronomicon","Singing Bowl","StrikeDummy","WarpedTongs","Molten Egg 2","TungstenRod","Tiny Chest","Snecko Eye","Mango","HandDrill","Cables","Bottled Lightning"],"acts_visited":["TheCity","TheBeyond"],"potions_floor_usage":[50,50],"damage_taken":[{"damage":5.0,"enemies":"Small Slimes","floor":1.0,"turns":3.0},{"damage":15.0,"enemies":"Lagavulin","floor":7.0,"turns":6.0},{"damage":0.0,"enemies":"Jaw Worm","floor":11.0,"turns":2.0},{"damage":0.0,"enemies":"Cultist","floor":13.0,"turns":2.0},{"damage":0.0,"enemies":"Looter","floor":14.0,"turns":3.0},{"damage":42.0,"enemies":"The Guardian","floor":16.0,"turns":10.0},{"damage":0.0,"enemies":"Spheric Guardian","floor":18.0,"turns":3.0},{"damage":12.0,"enemies":"Shell Parasite","floor":22.0,"turns":3.0},{"damage":32.0,"enemies":"Gremlin Leader","floor":24.0,"turns":7.0},{"damage":7.0,"enemies":"3 Cultists","floor":29.0,"turns":4.0},{"damage":21.0,"enemies":"Slavers","floor":30.0,"turns":4.0},{"damage":9.0,"enemies":"Snake Plant","floor":31.0,"turns":3.0},{"damage":27.0,"enemies":"Automaton","floor":33.0,"turns":9.0},{"damage":1.0,"enemies":"Orb Walker","floor":35.0,"turns":3.0},{"damage":0.0,"enemies":"3 Darklings","floor":37.0,"turns":3.0},{"damage":0.0,"enemies":"Maw","floor":38.0,"turns":7.0},{"damage":4.0,"enemies":"Mind Bloom Boss Battle","floor":39.0,"turns":4.0},{"damage":53,"enemies":"Writhing Mass","floor":41,"turns":8},{"damage":1,"enemies":"Sphere and 2 Shapes","floor":48,"turns":4},{"damage":59,"enemies":"Time Eater","floor":50,"turns":10}],"seed_played":"4659696438264690218","potions_obtained":[{"floor":13.0,"key":"FairyPotion"},{"floor":14.0,"key":"Explosive Potion"},{"floor":16.0,"key":"Explosive Potion"},{"floor":18.0,"key":"Regen Potion"},{"floor":24.0,"key":"Strength Potion"},{"floor":30.0,"key":"PotionOfCapacity"},{"floor":39.0,"key":"Strength Potion"}],"is_trial":false,"path_per_floor":["M","?","?","T","$","R","E","R","T","R","M","?","M","M","R","B",null,"M","?","$","?","M","R","E","?","T","$","R","M","E","M","R","B",null,"M","?","M","M","?","R","M","$","T","$","R","T","R","M","R","B",null],"character_chosen":"DEFECT","items_purchased":["Beam Cell","TungstenRod","HandDrill","Barrage+1"],"campfire_rested":4,"item_purchase_floors":[5,27,42,44],"current_hp_per_floor":[70,55,73,73,73,73,58,58,58,58,58,58,58,58,58,16,75,75,59,59,59,47,69,52,52,52,52,52,47,26,17,40,15,79,80,80,80,82,92,92,41,41,41,41,70,70,99,100,100,41],"gold":128,"neow_bonus":"BOSS_RELIC","is_daily":false,"chose_seed":false,"campfire_upgraded":7,"win_rate":0.0,"timestamp":1610285666,"path_taken":["M","?","?","?","$","R","E","R","T","R","M","?","M","M","R","BOSS","M","?","$","?","M","R","E","?","T","$","R","M","E","?","R","BOSS","M","?","M","M","?","R","M","$","T","$","R","?","R","M","R","BOSS"],"items_purchased_type":["Card","Relic","Relic","Card"],"build_version":"2020-12-22","purchased_purges":1,"victory":true,"max_hp_per_floor":[75,75,75,75,75,75,75,75,75,75,75,75,75,75,75,75,75,75,75,75,75,75,75,75,75,75,75,75,77,77,77,77,79,79,81,81,81,83,97,97,99,99,99,99,99,99,99,101,101,101],"relic_stats":{"Singing Bowl":12,"counters":[20,98],"Snecko Eye":[74,68,65,62],"Tiny Chest":1,"Necronomicon":[29],"HandDrill":[4],"obtain_stats":[{"Singing Bowl":21,"Vajra":4,"Mango":39,"Empty Cage":17,"WarpedTongs":25,"Cables":43,"SlaversCollar":0,"HornCleat":9,"Snecko Eye":34,"Molten Egg 2":26,"Tiny Chest":30,"Necronomicon":19,"HandDrill":42,"Bottled Lightning":46,"Toxic Egg 2":7,"Cracked Core":0,"StrikeDummy":24,"TungstenRod":27},{"Singing Bowl":7,"Vajra":1,"Mango":17,"Empty Cage":6,"WarpedTongs":9,"Cables":18,"SlaversCollar":0,"HornCleat":2,"Snecko Eye":13,"Molten Egg 2":9,"Tiny Chest":11,"Necronomicon":7,"HandDrill":18,"Bottled Lightning":18,"Toxic Egg 2":2,"Cracked Core":0,"StrikeDummy":9,"TungstenRod":9},{"Singing Bowl":29,"Vajra":3,"Mango":76,"Empty Cage":26,"WarpedTongs":39,"Cables":84,"SlaversCollar":0,"HornCleat":9,"Snecko Eye":59,"Molten Egg 2":39,"Tiny Chest":47,"Necronomicon":29,"HandDrill":84,"Bottled Lightning":84,"Toxic Egg 2":9,"Cracked Core":0,"StrikeDummy":39,"TungstenRod":39}],"TungstenRod":100,"WarpedTongs":[41],"Cables":[12,3,9,0,0]},"card_choices":[{"not_picked":["FTL","Gash"],"picked":"Hologram","floor":1.0},{"not_picked":["Barrage","Hyperbeam"],"picked":"Sweeping Beam","floor":7.0},{"not_picked":["Steam Power+1","Barrage"],"picked":"Rebound","floor":11.0},{"not_picked":["White Noise+1","Static Discharge","Coolheaded+1"],"picked":"SKIP","floor":13.0},{"not_picked":["Conserve Battery+1","Compile Driver"],"picked":"Ball Lightning","floor":14.0},{"not_picked":["BootSequence+1","Barrage"],"picked":"Hologram+1","floor":18.0},{"not_picked":["Compile Driver","Turbo+1"],"picked":"Coolheaded+1","floor":22.0},{"not_picked":["Skim+1","Heatsinks+1"],"picked":"Cold Snap","floor":24.0},{"not_picked":["Hello World","Aggregate+1","Defragment"],"picked":"Singing Bowl","floor":29.0},{"not_picked":["Heatsinks","Loop"],"picked":"Go for the Eyes+1","floor":30.0},{"not_picked":["Beam Cell+1","Hello World"],"picked":"Streamline+1","floor":31.0},{"not_picked":["Echo Form","Rainbow+1","Machine Learning"],"picked":"Singing Bowl","floor":33.0},{"not_picked":["Hologram+1","Barrage+1","Lockon+1"],"picked":"Singing Bowl","floor":35.0},{"not_picked":["Sweeping Beam+1","Recycle+1"],"picked":"Cold Snap+1","floor":37.0},{"not_picked":["Aggregate+1","Hologram+1","Stack+1"],"picked":"Singing Bowl","floor":38.0},{"not_picked":["Beam Cell+1","Go for the Eyes+1"],"picked":"Ball Lightning+1","floor":39.0},{"not_picked":["Recycle+1","Doom and Gloom+1","Beam Cell+1"],"picked":"Singing Bowl","floor":41},{"not_picked":["Undo+1","White Noise+1","Self Repair"],"picked":"Singing Bowl","floor":48}],"player_experience":648585,"relics_obtained":[{"floor":4.0,"key":"Vajra"},{"floor":7.0,"key":"Toxic Egg 2"},{"floor":9.0,"key":"HornCleat"},{"floor":19.0,"key":"Necronomicon"},{"floor":24.0,"key":"StrikeDummy"},{"floor":26.0,"key":"Molten Egg 2"},{"floor":30.0,"key":"Tiny Chest"},{"floor":39.0,"key":"Mango"},{"floor":43,"key":"Cables"},{"floor":46,"key":"Bottled Lightning"}],"event_choices":[{"damage_healed":0.0,"max_hp_gain":0.0,"max_hp_loss":0.0,"gold_gain":0.0,"event_name":"Shining Light","player_choice":"Entered Light","floor":2.0,"gold_loss":0.0,"damage_taken":15.0,"cards_upgraded":["Defend_B","Strike_B"]},{"damage_healed":18.0,"max_hp_gain":0.0,"max_hp_loss":0.0,"gold_gain":0.0,"event_name":"The Cleric","player_choice":"Healed","floor":3.0,"gold_loss":35.0,"damage_taken":0.0},{"damage_healed":0.0,"max_hp_gain":0.0,"max_hp_loss":0.0,"gold_gain":0.0,"event_name":"Upgrade Shrine","player_choice":"Upgraded","floor":12.0,"gold_loss":0.0,"damage_taken":0.0,"cards_upgraded":["Beam Cell"]},{"damage_healed":0.0,"max_hp_gain":0.0,"max_hp_loss":0.0,"gold_gain":0.0,"event_name":"Cursed Tome","player_choice":"Obtained Book","floor":19.0,"gold_loss":0.0,"damage_taken":16.0},{"damage_healed":0.0,"max_hp_gain":0.0,"max_hp_loss":0.0,"gold_gain":0.0,"event_name":"The Mausoleum","player_choice":"Opened","floor":21.0,"gold_loss":0.0,"damage_taken":0.0,"relics_obtained":["Singing Bowl"]},{"damage_healed":0.0,"max_hp_gain":0.0,"max_hp_loss":0.0,"gold_gain":0.0,"event_name":"Accursed Blacksmith","player_choice":"Rummage","floor":25.0,"gold_loss":0.0,"damage_taken":0.0,"relics_obtained":["WarpedTongs"],"cards_obtained":["Pain"]},{"cards_removed":["Zap"],"damage_healed":0.0,"max_hp_gain":0.0,"max_hp_loss":0.0,"gold_gain":0.0,"event_name":"Falling","player_choice":"Removed Skill","floor":36.0,"gold_loss":0.0,"damage_taken":0.0},{"damage_healed":0.0,"max_hp_gain":0.0,"max_hp_loss":0.0,"gold_gain":0.0,"event_name":"MindBloom","player_choice":"Fight","floor":39.0,"gold_loss":0.0,"damage_taken":0.0}],"is_beta":false,"boss_relics":[{"not_picked":["Astrolabe","Pandora\u0027s Box"],"picked":"Empty Cage"},{"not_picked":["Runic Dome","Black Star"],"picked":"Snecko Eye"}],"items_purged_floors":[42],"is_endless":false,"potions_floor_spawned":[13,14,16,18,24,30,39],"ascension_level":0}}