{"host":"684z1xpuwaoqmmh1","time":1610283402,"event":{"mods":["Bard","BaseMod","Downfall","Hermit","Jorbs\u0027s Wanderer Trilogy","Marisa????????","Minty Spire (QoL Compilation)","Robot Space Explorer","Shade Mod","StSLib","The Hierophant","The Marked","The Mystic"],"gold_per_floor":[219,219,233,246,25,55,5,5,5,34,51,51,51,80,80,179,179,197,197,209,223,233,233,233],"floor_reached":23,"playtime":1186,"items_purged":["theMarked:Strike"],"score":236,"play_id":"e7c1134d-6bc9-4ef0-b22a-c6cd5a7c8219","local_time":"20210110145642","is_ascension_mode":false,"campfire_choices":[{"data":"theMarked:SoldierOfQuellstein","floor":8,"key":"SMITH"},{"floor":12,"key":"REST"},{"data":"theMarked:HeritageOfTheMarked","floor":15,"key":"SMITH"}],"circlet_count":0,"master_deck":["theMarked:Strike","theMarked:Strike+1","theMarked:Strike","theMarked:Defend","theMarked:Defend","theMarked:Defend+1","theMarked:Defend","theMarked:SoldierOfQuellstein+1","theMarked:Opportunist","theMarked:Electrify+1","theMarked:ChainLightning","theMarked:PowerFlow+1","theMarked:TakeOffHeels+1","theMarked:ParalyzingBlade+1","theMarked:HeritageOfTheMarked+1","theMarked:SummonStrength","theMarked:HeightenedSenses+1","theMarked:Parkour","theMarked:Snap","theMarked:Improvise+1"],"relics":["theMarked:ArtifactOfAir","Anchor","Toxic Egg 2","Nunchaku","Sundial","Regal Pillow","Black Star","Happy Flower"],"acts_visited":["Exordium","TheCity"],"potions_floor_usage":[6,23,23],"damage_taken":[{"damage":1,"enemies":"Jaw Worm","floor":1,"turns":4},{"damage":0,"enemies":"Small Slimes","floor":3,"turns":4},{"damage":0,"enemies":"2 Louse","floor":4,"turns":2},{"damage":25,"enemies":"Gremlin Nob","floor":6,"turns":4},{"damage":18,"enemies":"3 Sentries","floor":10,"turns":6},{"damage":0,"enemies":"Looter","floor":11,"turns":2},{"damage":0,"enemies":"Lagavulin","floor":14,"turns":6},{"damage":12,"enemies":"Slime Boss","floor":16,"turns":10},{"damage":0,"enemies":"2 Thieves","floor":18,"turns":4},{"damage":17,"enemies":"3 Byrds","floor":20,"turns":6},{"damage":19,"enemies":"Shelled Parasite and Fungi","floor":21,"turns":6},{"damage":21,"enemies":"Snake Plant","floor":22,"turns":4},{"damage":13,"enemies":"Gremlin Leader","floor":23,"turns":4}],"seed_played":"-7373487943897740782","potions_obtained":[{"floor":1,"key":"BlessingOfTheForge"},{"floor":10,"key":"Dexterity Potion"},{"floor":14,"key":"SkillPotion"},{"floor":18,"key":"Swift Potion"},{"floor":20,"key":"Dexterity Potion"},{"floor":21,"key":"champ:CounterPotion"}],"is_trial":false,"path_per_floor":["M","?","M","M","$","E","?","R","T","E","M","R","?","E","R","B",null,"M","?","M","M","M","E"],"character_chosen":"THE_DEFAULT","items_purchased":["Anchor"],"campfire_rested":1,"item_purchase_floors":[5],"current_hp_per_floor":[69,55,55,55,55,30,30,30,30,12,12,33,33,33,33,21,70,70,70,53,34,13,0,0],"gold":233,"neow_bonus":"HUNDRED_GOLD","is_daily":false,"chose_seed":false,"campfire_upgraded":2,"win_rate":0.0,"timestamp":1610283402,"path_taken":["M","?","M","M","$","E","?","R","T","E","M","R","?","E","R","BOSS","M","?","M","M","?","E"],"items_purchased_type":["Relic"],"build_version":"2020-12-22","purchased_purges":1,"victory":false,"max_hp_per_floor":[70,70,70,70,70,70,70,70,70,70,70,70,70,70,70,70,70,70,70,70,70,70,70,70],"card_choices":[{"not_picked":["theMarked:RepellingDischarge","theMarked:Improvise"],"picked":"theMarked:Opportunist","floor":1},{"not_picked":["theMarked:Frustration","theMarked:Static"],"picked":"theMarked:Electrify","floor":3},{"not_picked":["theMarked:Static","theMarked:Frustration"],"picked":"theMarked:ChainLightning","floor":4},{"not_picked":["theMarked:WastefulAttack","theMarked:Parkour"],"picked":"theMarked:PowerFlow+1","floor":6},{"not_picked":["theMarked:Convert+1","theMarked:EmpowerWeapon+1"],"picked":"theMarked:TakeOffHeels+1","floor":10},{"not_picked":["theMarked:Aftermath+1","theMarked:RepellingDischarge+1"],"picked":"theMarked:ParalyzingBlade+1","floor":11},{"not_picked":["theMarked:ElementalBlade+1","theMarked:ChainLightning"],"picked":"theMarked:HeritageOfTheMarked","floor":14},{"not_picked":["theMarked:MuscleMemory","theMarked:Snap"],"picked":"theMarked:SummonStrength","floor":16},{"not_picked":["theMarked:Standoff","theMarked:EmpowerWeapon+1"],"picked":"theMarked:HeightenedSenses+1","floor":18},{"not_picked":["theMarked:ResourceFulStrike","theMarked:Static+1"],"picked":"theMarked:Parkour","floor":20},{"not_picked":["theMarked:GodGivenPower","theMarked:Polarize+1"],"picked":"theMarked:Snap","floor":21},{"not_picked":["theMarked:Standoff","theMarked:RogueSparks+1"],"picked":"theMarked:Improvise+1","floor":22}],"player_experience":2461387,"relics_obtained":[{"floor":6,"key":"Toxic Egg 2"},{"floor":9,"key":"Nunchaku"},{"floor":10,"key":"Sundial"},{"floor":14,"key":"Regal Pillow"}],"event_choices":[{"damage_healed":0,"gold_gain":0,"player_choice":"Entered Light","damage_taken":14,"max_hp_gain":0,"max_hp_loss":0,"event_name":"Shining Light","floor":2,"gold_loss":0,"cards_upgraded":["theMarked:Strike","theMarked:Defend"]},{"cards_removed":["theMarked:Strike"],"damage_healed":0,"gold_gain":0,"player_choice":"Card Removal","damage_taken":0,"max_hp_gain":0,"max_hp_loss":0,"event_name":"The Cleric","floor":7,"gold_loss":50},{"damage_healed":0,"gold_gain":0,"player_choice":"Grow","damage_taken":0,"max_hp_gain":0,"max_hp_loss":0,"event_name":"Living Wall","floor":13,"gold_loss":0,"cards_upgraded":["theMarked:Electrify"]},{"damage_healed":0,"gold_gain":0,"player_choice":"Gave Potion","damage_taken":0,"relics_obtained":["Happy Flower"],"max_hp_gain":0,"max_hp_loss":0,"event_name":"WeMeetAgain","floor":19,"gold_loss":0}],"is_beta":false,"boss_relics":[{"not_picked":["Velvet Choker","Runic Pyramid"],"picked":"Black Star"}],"items_purged_floors":[5],"is_endless":false,"potions_floor_spawned":[1,10,14,18,20,21],"killed_by":"Gremlin Leader","ascension_level":0}}