{"host":"ig7tc0uedzltt2sr","time":1610240285,"event":{"mods":["BaseMod","Better Twitch Integration","Block Reminder","Colored Map","Colored Powertips","Communication Mod","Current Relic Mod","GifTheSpireLib","HexUI Lib","Minty Spire (QoL Compilation)","Quick Restart","Random Character Button","Rare Cards Sparkle","Relic Sorter","Relic Stats","Slay the Relics Exporter","StSLib","SuperFastMode","Synergy Search","Twitch Decklist","Twitch Utils","everything is the same but u backflip on backflip","slay the spire mod where everything is the same but ironclad has a cowboy hat"],"gold_per_floor":[112,123,123,143,163,163,163],"floor_reached":6,"playtime":37,"items_purged":[],"score":38,"play_id":"6f4886e6-7e5c-4377-a9ba-0aaab55c6dc0","local_time":"20210109165805","is_ascension_mode":false,"campfire_choices":[],"circlet_count":0,"master_deck":["Strike_R","Strike_R","Strike_R","Strike_R","Strike_R","Defend_R","Defend_R","Defend_R","Bash","Feed"],"relics":["Burning Blood"],"acts_visited":["Exordium"],"potions_floor_usage":[],"damage_taken":[{"damage":16,"enemies":"Small Slimes","floor":1,"turns":4},{"damage":25,"enemies":"Jaw Worm","floor":2,"turns":4},{"damage":20,"enemies":"2 Louse","floor":4,"turns":3},{"damage":32,"enemies":"Lots of Slimes","floor":5,"turns":5},{"damage":20,"enemies":"Lagavulin","floor":6,"turns":2}],"seed_played":"1209565571582880854","potions_obtained":[{"floor":2,"key":"SpeedPotion"},{"floor":4,"key":"EntropicBrew"}],"is_trial":false,"path_per_floor":["M","M","?","M","M","E"],"character_chosen":"IRONCLAD","items_purchased":[],"campfire_rested":0,"item_purchase_floors":[],"current_hp_per_floor":[78,59,59,45,19,0,0],"gold":163,"neow_bonus":"TEN_PERCENT_HP_BONUS","is_daily":false,"chose_seed":false,"campfire_upgraded":0,"win_rate":0.0,"timestamp":1610240285,"path_taken":["M","M","?","M","M","E"],"items_purchased_type":[],"build_version":"2020-12-22","purchased_purges":0,"victory":false,"max_hp_per_floor":[88,88,88,88,88,88,88],"relic_stats":{"counters":[5,18],"obtain_stats":[{"Burning Blood":0},{"Burning Blood":0},{"Burning Blood":0}],"Burning Blood":24},"card_choices":[{"not_picked":["Flex","True Grit","Whirlwind"],"picked":"SKIP","floor":1},{"not_picked":["Anger","Armaments","Flex"],"picked":"SKIP","floor":2},{"not_picked":["Searing Blow","Dark Embrace","Cleave"],"picked":"SKIP","floor":4},{"not_picked":["Barricade","Havoc","True Grit"],"picked":"SKIP","floor":5}],"player_experience":1478086,"relics_obtained":[],"event_choices":[{"damage_healed":0,"gold_gain":0,"cards_transformed":["Defend_R"],"player_choice":"Change","damage_taken":0,"max_hp_gain":0,"max_hp_loss":0,"event_name":"Living Wall","floor":3,"gold_loss":0,"cards_obtained":["Feed"]}],"is_beta":false,"boss_relics":[],"items_purged_floors":[],"is_endless":false,"potions_floor_spawned":[2,4],"killed_by":"Lagavulin","ascension_level":0}}