{"host":"cv77zuuuekizn3ic","time":1610257335,"event":{"mods":["AchievementEnabler","BaseMod","Marisa£®ÏF”Í°°ƒß¿Ì…≥£©","Minty Spire (QoL Compilation)","StSLib","Waifu the Spire","everything is the same but u backflip on backflip","slay the spire mod where everything is the same but ironclad has a cowboy hat"],"gold_per_floor":[117,117,129,129,129,161,173,202,202,202,202],"floor_reached":10,"playtime":389,"items_purged":[],"score":152,"play_id":"a0996d58-f3a4-4e3c-91ae-413c59ca6857","local_time":"20210110134215","is_ascension_mode":true,"campfire_choices":[],"circlet_count":0,"master_deck":["AscendersBane","Strike_R","Strike_R","Defend_R","Defend_R","Defend_R","Defend_R","Bash","Fire Breathing","Battle Trance","Clothesline","Cleave"],"relics":["Burning Blood","Bag of Preparation","The Courier","Strawberry","Dream Catcher"],"acts_visited":["Exordium"],"potions_floor_usage":[6,8],"damage_taken":[{"damage":17.0,"enemies":"Small Slimes","floor":1.0,"turns":5.0},{"damage":14.0,"enemies":"Jaw Worm","floor":3.0,"turns":5.0},{"damage":61,"enemies":"Lagavulin","floor":6,"turns":7},{"damage":7,"enemies":"Cultist","floor":7,"turns":4},{"damage":3,"enemies":"3 Sentries","floor":8,"turns":4},{"damage":35,"enemies":"Lagavulin","floor":10,"turns":7}],"seed_played":"6870071141894407922","potions_obtained":[{"floor":3.0,"key":"SkillPotion"},{"floor":7,"key":"Block Potion"}],"is_trial":false,"path_per_floor":["M","?","M","?","?","E","M","E","T","E"],"character_chosen":"IRONCLAD","items_purchased":[],"campfire_rested":0,"item_purchase_floors":[],"current_hp_per_floor":[39,32,24,13,75,20,19,29,29,0,0],"gold":202,"neow_bonus":"REMOVE_TWO","is_daily":false,"chose_seed":false,"campfire_upgraded":0,"win_rate":0.0,"timestamp":1610257335,"path_taken":["M","?","M","?","?","E","M","E","T","E"],"items_purchased_type":[],"build_version":"2020-12-22","purchased_purges":0,"victory":false,"max_hp_per_floor":[75,75,75,75,75,75,75,82,82,82,82],"card_choices":[{"not_picked":["Body Slam","Warcry"],"picked":"Fire Breathing","floor":1.0},{"not_picked":["True Grit","Perfected Strike"],"picked":"Dropkick","floor":3.0},{"not_picked":["Headbutt","Bloodletting"],"picked":"Battle Trance","floor":6},{"not_picked":["Burning Pact","Cleave"],"picked":"Clothesline","floor":7},{"not_picked":["Clash","Havoc"],"picked":"Cleave","floor":8}],"player_experience":818665,"relics_obtained":[{"floor":6,"key":"The Courier"},{"floor":8,"key":"Strawberry"},{"floor":9,"key":"Dream Catcher"}],"event_choices":[{"cards_removed":["Strike_R"],"damage_healed":0.0,"max_hp_gain":0.0,"max_hp_loss":0.0,"gold_gain":0.0,"event_name":"Golden Wing","player_choice":"Card Removal","floor":2.0,"gold_loss":0.0,"damage_taken":7.0},{"damage_healed":0.0,"max_hp_gain":0.0,"max_hp_loss":0.0,"gold_gain":0.0,"event_name":"Scrap Ooze","player_choice":"Success","floor":4.0,"gold_loss":0.0,"damage_taken":11.0,"relics_obtained":["Bag of Preparation"]},{"cards_removed":["Dropkick"],"damage_healed":62.0,"max_hp_gain":0.0,"max_hp_loss":0.0,"gold_gain":0.0,"event_name":"Bonfire Elementals","player_choice":"Offered Uncommon","floor":5.0,"gold_loss":0.0,"damage_taken":0.0}],"is_beta":false,"boss_relics":[],"items_purged_floors":[],"is_endless":false,"potions_floor_spawned":[3,7],"killed_by":"Lagavulin","ascension_level":20}}