{"host":"aukiz5jlacd3g5yc","time":1610237580,"event":{"mods":["2.2 Compatiblity","BaseMod","Beaked The Cultist","Bestiary","Colored Map","Colored Powertips","Downfall","GifTheSpireLib","Highlight Path","Hubris","Infinite Spire","Minty Spire (QoL Compilation)","Permanent Neow","Quick Restart","Random Character Button","Rare Cards Sparkle","Relic Sorter","Relic Stats","Replay The Spire","StSLib","Unknown Chances","everything is the same but u backflip on backflip","slay the spire mod where everything is the same but ironclad has a cowboy hat"],"gold_per_floor":[18,18,18,18,36,64,78,103,103,103,103,103],"floor_reached":11,"playtime":334,"items_purged":[],"score":89,"play_id":"38d8c457-2801-4110-b3d2-32f7175b186f","local_time":"20210109181300","is_ascension_mode":true,"campfire_choices":[{"data":"Reboot","floor":10,"key":"SMITH"}],"circlet_count":0,"master_deck":["Strike_B","Strike_B","Strike_B","Strike_B","Defend_B","Defend_B","Defend_B","Defend_B","Zap","Dualcast","Replay:Dark Deal","Chill","Ball Lightning","Ball Lightning","Reboot+1"],"relics":["Cracked Core","hubris:Icosahedron","Unceasing Top","hubris:Metronome","Happy Flower","infinitespire:CheckeredPen"],"acts_visited":["Exordium"],"potions_floor_usage":[6,11],"damage_taken":[{"damage":5,"enemies":"Cultist","floor":1,"turns":4},{"damage":14,"enemies":"Jaw Worm","floor":5,"turns":3},{"damage":27,"enemies":"Lagavulin","floor":6,"turns":8},{"damage":0,"enemies":"2 Louse","floor":7,"turns":2},{"damage":9,"enemies":"3 Sentries","floor":8,"turns":4},{"damage":30,"enemies":"Gremlin Nob","floor":11,"turns":3}],"seed_played":"-6871428663057777479","potions_obtained":[{"floor":6,"key":"BlessingOfTheForge"}],"is_trial":false,"path_per_floor":["M","$","?","T","M","E","M","E","T","R","E"],"character_chosen":"DEFECT","items_purchased":[],"campfire_rested":0,"item_purchase_floors":[],"current_hp_per_floor":[70,70,70,70,56,29,29,20,20,20,0,0],"gold":103,"neow_bonus":"RANDOM_COLORLESS_2","is_daily":false,"chose_seed":false,"campfire_upgraded":1,"win_rate":0.0,"timestamp":1610237580,"path_taken":["M","?","?","?","M","E","M","E","T","R","E"],"items_purchased_type":[],"build_version":"2020-12-22","purchased_purges":0,"victory":false,"max_hp_per_floor":[75,75,75,75,75,75,75,75,75,75,75,75],"relic_stats":{"Happy Flower":[1],"counters":[6,24],"obtain_stats":[{"hubris:Metronome":6,"hubris:Icosahedron":3,"Happy Flower":8,"infinitespire:CheckeredPen":9,"Cracked Core":0,"Unceasing Top":4},{"hubris:Metronome":3,"hubris:Icosahedron":1,"Happy Flower":5,"infinitespire:CheckeredPen":5,"Cracked Core":0,"Unceasing Top":1},{"hubris:Metronome":15,"hubris:Icosahedron":4,"Happy Flower":21,"infinitespire:CheckeredPen":21,"Cracked Core":0,"Unceasing Top":4}],"Unceasing Top":[0]},"card_choices":[{"not_picked":["Midas Touch","Secret Technique"],"picked":"Replay:Dark Deal","floor":0},{"not_picked":["Turbo","Force Field","hubris:PowerSurge"],"picked":"SKIP","floor":1},{"not_picked":["Lockon","Hologram"],"picked":"Chill","floor":5},{"not_picked":["Reinforced Body","Hologram"],"picked":"Ball Lightning","floor":6},{"not_picked":["Coolheaded","Barrage"],"picked":"Ball Lightning","floor":7},{"not_picked":["ReplayTheSpireMod:GoodbyeWorld","ReplayTheSpireMod:System Scan"],"picked":"Reboot","floor":8}],"player_experience":347015,"relics_obtained":[{"floor":4,"key":"Unceasing Top"},{"floor":6,"key":"hubris:Metronome"},{"floor":8,"key":"Happy Flower"},{"floor":9,"key":"infinitespire:CheckeredPen"}],"event_choices":[],"is_beta":false,"boss_relics":[],"items_purged_floors":[],"is_endless":false,"potions_floor_spawned":[6],"killed_by":"Gremlin Nob","ascension_level":2}}