{"host":"b1nkw8hni90dsvue","time":1610262244,"event":{"mods":["Aspiration","BaseMod","Grow up Mod","Jedi Mod","Koishi","LagranYue(拉格朗・月)","Marisa（F雨　魔理沙）","Minty Spire (QoL Compilation)","Prisma Mod","Quick Restart","Remilia（蕾米莉亚）","Replay The Spire","RumiaBox-露米娅的神秘盒子","StSLib","TestMod","The Bug Knight","The Cursed","The Gatherer","The Saiyan","The Servant 0.9.4","Youmu（魂魄妖梦）"],"gold_per_floor":[116,200,80,100,117,129,162,87,111,128,128,157,157,189,189,290,290,304,404,414,428,428,463,463,473,473,486,313,331,360,374,374,470,470,487,205,224,224,244,277,294,294,294,309,329,329,362,373,373,373,373,373,119,147,147],"floor_reached":56,"playtime":4893,"items_purged":["Defend_P","Replay:AtTheReady+1","Establishment+1"],"score":1123,"play_id":"e768f47d-e057-461a-b181-6020dc12f05b","local_time":"20210110150404","is_ascension_mode":false,"campfire_choices":[{"floor":11,"key":"RECALL"},{"data":"jedi:nirvanicrebirth","floor":13,"key":"SMITH"},{"data":"Eruption","floor":15,"key":"SMITH"},{"data":"MasterReality","floor":24,"key":"SMITH"},{"data":"Establishment","floor":32,"key":"SMITH"},{"data":"Replay:LoomingThreat","floor":42,"key":"SMITH"},{"data":"SashWhip","floor":46,"key":"SMITH"},{"data":"Brilliance","floor":49,"key":"SMITH"},{"data":"FlurryOfBlows","floor":52,"key":"SMITH"}],"circlet_count":0,"master_deck":["JustLucky+1","ReachHeaven+1","BattleHymn+1","FlurryOfBlows+1","Consecrate","JustLucky","Sanctity+1","DeusExMachina+1","SashWhip+1","Replay:Vibes+1","Judgement+1","Brilliance+1","Vault+1","Vault+1","MasterReality+1","DeusExMachina+1","Vault+1","LikeWater","Vengeance+1","Crescendo+1","Replay:LoomingThreat+1","FlyingSleeves+1"],"relics":["PureWater","testmod-TestBox","LagranYue:RandomDrawCardRelic","testmod-IntensifyImprint","Nunchaku","HollowMod:PaleOreRelic","Whetstone","Pet Ghost","Toxic Egg 2","EasyGame_NEW","SumBook","Eternal Feather","Ice Cream","Black Star","Bag of Marbles","Anchor","Replay:Wax Seal","PreservedInsect","Bag of Preparation","jedi:heavyjacket","Toy Ornithopter","Damaru"],"acts_visited":["TheCity","TheBeyond","TheEnding"],"potions_floor_usage":[18,21,21,30,40,50],"damage_taken":[{"damage":2,"enemies":"Small Slimes","floor":1,"turns":5},{"damage":0,"enemies":"Jaw Worm","floor":4,"turns":3},{"damage":0,"enemies":"Cultist","floor":5,"turns":2},{"damage":21,"enemies":"Exordium Thugs","floor":6,"turns":4},{"damage":0,"enemies":"Lagavulin","floor":7,"turns":4},{"damage":0,"enemies":"Blue Slaver","floor":10,"turns":2},{"damage":14,"enemies":"3 Sentries","floor":12,"turns":4},{"damage":1,"enemies":"Replay:BlueRogue","floor":14,"turns":3},{"damage":85,"enemies":"Hexaghost","floor":16,"turns":5},{"damage":5,"enemies":"Chosen","floor":18,"turns":2},{"damage":22,"enemies":"Shell Parasite","floor":20,"turns":4},{"damage":25,"enemies":"Centurion and Healer","floor":21,"turns":3},{"damage":44,"enemies":"Gremlin Leader","floor":23,"turns":5},{"damage":6,"enemies":"3 Cultists","floor":25,"turns":6},{"damage":0,"enemies":"Sentry and Sphere","floor":27,"turns":4},{"damage":12,"enemies":"Centurion and Healer","floor":29,"turns":4},{"damage":18,"enemies":"Book of Stabbing","floor":30,"turns":3},{"damage":0,"enemies":"Snecko","floor":31,"turns":4},{"damage":53,"enemies":"Collector","floor":33,"turns":6},{"damage":3,"enemies":"3 Shapes","floor":35,"turns":2},{"damage":5,"enemies":"3 Darklings","floor":37,"turns":3},{"damage":0,"enemies":"Spire Growth","floor":39,"turns":3},{"damage":49,"enemies":"Nemesis","floor":40,"turns":5},{"damage":14,"enemies":"Jaw Worm Horde","floor":41,"turns":2},{"damage":21,"enemies":"HollowMod:SlobberingHusk","floor":44,"turns":6},{"damage":0,"enemies":"Spire Growth","floor":45,"turns":3},{"damage":0,"enemies":"Reptomancer","floor":47,"turns":4},{"damage":0,"enemies":"Maw","floor":48,"turns":3},{"damage":82,"enemies":"Replay:Hell Engine","floor":50,"turns":7},{"damage":0,"enemies":"Shield and Spear","floor":54,"turns":4},{"damage":202,"enemies":"The Heart","floor":55,"turns":8}],"seed_played":"5565196179976611586","potions_obtained":[{"floor":6,"key":"Reflective Coating"},{"floor":7,"key":"PowerPotion"},{"floor":14,"key":"Energy Potion"},{"floor":20,"key":"ColorlessPotion"},{"floor":27,"key":"jedi:tentaclejuice"},{"floor":29,"key":"ColorlessPotion"},{"floor":30,"key":"LiquidBronze"},{"floor":40,"key":"FearPotion"},{"floor":54,"key":"Explosive Potion"}],"is_trial":false,"path_per_floor":["M","?","?","M","M","M","E","$","T","M","R","E","R","E","R","B",null,"M","?","M","M","?","E","R","M","T","M","$","M","E","M","R","B",null,"M","$","M","$","M","E","M","R","T","M","M","R","E","M","R","B",null,"R","$","E","B",null],"character_chosen":"WATCHER","items_purchased":["Vengeance+1","Bag of Marbles","jedi:heavyjacket"],"campfire_rested":0,"item_purchase_floors":[28,36,53],"current_hp_per_floor":[97,68,78,88,98,87,97,107,117,127,137,133,143,152,162,94,259,264,274,262,247,257,223,233,237,247,257,267,265,257,285,307,264,429,436,446,451,461,471,432,428,450,460,449,459,481,491,501,523,451,599,609,619,629,437],"gold":147,"neow_bonus":"TEN_PERCENT_HP_BONUS","is_daily":false,"chose_seed":false,"campfire_upgraded":8,"win_rate":0.0,"timestamp":1610262244,"path_taken":["M","?","?","M","M","M","E","$","T","M","R","E","R","E","R","BOSS","M","?","?","M","?","E","R","M","T","M","$","M","E","M","R","BOSS","M","$","M","$","M","E","M","R","T","M","?","R","E","M","R","BOSS","R","$","E","BOSS"],"items_purchased_type":["Card","Relic","Relic"],"build_version":"2020-12-22","purchased_purges":3,"victory":true,"max_hp_per_floor":[99,109,119,129,139,149,159,169,179,189,199,209,219,229,239,249,259,269,279,289,299,309,319,329,339,349,359,369,379,389,399,409,419,429,439,449,459,469,479,489,499,509,519,529,539,549,559,569,579,589,599,609,619,629,639],"card_choices":[{"not_picked":["Replay:BluntJabs","ClearTheMind"],"picked":"JustLucky","floor":1},{"not_picked":["Protect","BowlingBash"],"picked":"ReachHeaven","floor":2},{"not_picked":["Replay:DivineShield","EmptyFist"],"picked":"BattleHymn","floor":2},{"not_picked":["Replay:AtTheReady","Vengeance"],"picked":"FlurryOfBlows","floor":4},{"not_picked":["Worship","Sanctity"],"picked":"jedi:nirvanicrebirth","floor":5},{"not_picked":["FollowUp","Vengeance"],"picked":"Consecrate","floor":6},{"not_picked":["Replay:LoomingThreat","Protect","PathToVictory"],"picked":"SKIP","floor":7},{"not_picked":["ThirdEye","EmptyBody"],"picked":"JustLucky","floor":10},{"not_picked":["TalkToTheHand","Evaluate","Ragnarok"],"picked":"SKIP","floor":12},{"not_picked":["ThirdEye+1","FlyingSleeves"],"picked":"Sanctity+1","floor":14},{"not_picked":["ConjureBlade+1","jedi:nirvanicrebirth+1"],"picked":"DeusExMachina+1","floor":16},{"not_picked":["BowlingBash","ThirdEye+1"],"picked":"Replay:AtTheReady+1","floor":18},{"not_picked":["Consecrate","WheelKick"],"picked":"SashWhip","floor":20},{"not_picked":["BowlingBash","ReachHeaven"],"picked":"Replay:Vibes+1","floor":21},{"not_picked":["CrushJoints","Replay:ManipulateFuture+1"],"picked":"LikeWater","floor":23},{"not_picked":["Replay:Vibes+1","Weave","Replay:DivineShield+1"],"picked":"SKIP","floor":25},{"not_picked":["Halt+1","Replay:AtTheReady+1","ClearTheMind+1"],"picked":"SKIP","floor":27},{"not_picked":["EmptyFist+1","Collect+1","EmptyBody+1"],"picked":"SKIP","floor":29},{"not_picked":["JustLucky","CrushJoints"],"picked":"Crescendo+1","floor":30},{"not_picked":["CutThroughFate+1","Protect+1","Replay:BluntJabs+1"],"picked":"SKIP","floor":31},{"not_picked":["DeceiveReality+1","Replay:AtTheReady+1","Evaluate+1"],"picked":"SKIP","floor":35},{"not_picked":["Fasting2","Replay:Cycle+1","Replay:AtTheReady+1"],"picked":"SKIP","floor":37},{"not_picked":["FlurryOfBlows","EmptyFist+1","Replay:ManipulateFuture+1"],"picked":"SKIP","floor":39},{"not_picked":["Evaluate+1","JustLucky"],"picked":"Replay:LoomingThreat","floor":40},{"not_picked":["Consecrate","Conclude+1","ThirdEye+1"],"picked":"SKIP","floor":41},{"not_picked":["Sanctity+1","EmptyFist","Omniscience+1"],"picked":"SKIP","floor":44},{"not_picked":["BowlingBash","Swivel+1","Fasting2+1"],"picked":"SKIP","floor":45},{"not_picked":["BattleHymn+1","FollowUp","EmptyMind+1"],"picked":"SKIP","floor":47},{"not_picked":["Consecrate","Vengeance+1","Protect+1"],"picked":"SKIP","floor":48},{"not_picked":["Replay:AtTheReady+1","Replay:ManipulateFuture+1"],"picked":"FlyingSleeves+1","floor":54}],"player_experience":251579,"relics_obtained":[{"floor":2,"key":"Nunchaku"},{"floor":7,"key":"Whetstone"},{"floor":12,"key":"Pet Ghost"},{"floor":14,"key":"Toxic Egg 2"},{"floor":23,"key":"SumBook"},{"floor":26,"key":"Eternal Feather"},{"floor":30,"key":"Ice Cream"},{"floor":40,"key":"Anchor"},{"floor":40,"key":"Replay:Wax Seal"},{"floor":43,"key":"PreservedInsect"},{"floor":47,"key":"Bag of Preparation"},{"floor":54,"key":"Toy Ornithopter"},{"floor":54,"key":"Damaru"}],"event_choices":[{"damage_healed":0,"gold_gain":0,"player_choice":"Paid Gold","damage_taken":0,"relics_obtained":["HollowMod:PaleOreRelic"],"max_hp_gain":0,"max_hp_loss":0,"event_name":"WeMeetAgain","floor":3,"gold_loss":120},{"damage_healed":0,"gold_gain":100,"player_choice":"Pray","damage_taken":0,"max_hp_gain":0,"max_hp_loss":0,"event_name":"Golden Shrine","floor":19,"gold_loss":0},{"damage_healed":0,"gold_gain":0,"player_choice":"Upgraded","damage_taken":0,"max_hp_gain":0,"max_hp_loss":0,"event_name":"Upgrade Shrine","floor":22,"gold_loss":0,"cards_upgraded":["BattleHymn"]}],"is_beta":false,"boss_relics":[{"not_picked":["Replay:Grab Bag","Replay:Drink Me"],"picked":"EasyGame_NEW"},{"not_picked":["jedi:hotpepper","testmod-Recursion"],"picked":"Black Star"}],"items_purged_floors":[8,28,36],"is_endless":false,"potions_floor_spawned":[6,7,14,16,20,27,29,30,33,35,39,40,41,48,54],"ascension_level":0}}