{"host":"dx8mnueonnkh60qu","time":1610273732,"event":{"mods":["AchievementEnabler","Act Like it!","Aspiration","BaseMod","Better Silent Start","Better Third Choice","CCEM","Conspire","Defuse TimeMaze Blight","Dota2Spire","Downfall","Evolution","Hubris","Infinite Spire","Marked Mod","Minty Spire (QoL Compilation)","Quarter Circle Forward PUNCH!","Rare Cards Sparkle","Relic Stats","Robot Space Explorer","Spicy Shops","Spikes Relics","StSLib","SuperFastMode","The Blue Laboratory","The Caster"],"gold_per_floor":[99,99,199,110,110,110,110,143,143,143,171,171,77,92,107,202,202,202,222,238,252,252,312,312,237,264,264,264,274,274,291,304,399,399,399,410,410,410,410,436,459,491,501,426,440,473,398,398,413,413,413,446,136,136,136,136,136],"floor_reached":55,"playtime":2150,"items_purged":[],"score":914,"play_id":"fc2ebe68-c57c-4f0a-8e39-026f1c43fefb","local_time":"20210110051532","is_ascension_mode":true,"campfire_choices":[{"data":"hexamod:Float","floor":1.0,"key":"SMITH"},{"data":"hexamod:HeatCrush","floor":10.0,"key":"SMITH"},{"data":"hexamod:SuperheatedStrike","floor":12.0,"key":"SMITH"},{"floor":18.0,"key":"RECALL"},{"floor":25.0,"key":"REST"},{"floor":27.0,"key":"REST"},{"floor":30.0,"key":"REST"},{"floor":35.0,"key":"REST"},{"floor":44.0,"key":"REST"},{"floor":47.0,"key":"REST"},{"floor":54,"key":"REST"}],"circlet_count":0,"master_deck":["hexamod:Strike","hexamod:Strike","hexamod:Strike","hexamod:Strike","hexamod:Defend","hexamod:Defend","hexamod:Defend","hexamod:Defend","hexamod:Sear","hexamod:Float+1","hexamod:BurningTouch","hexamod:ThermalTransfer","hexamod:HeatCrush+1","hexamod:SuperheatedStrike+1","hexamod:NightmareGuise","Pain","hexamod:PhantomFireball","hexamod:Incineration","hexamod:FirstSeal","hexamod:NightmareGuise","hexamod:EmpoweringStance","hexamod:HeatMetal","hexamod:RetreatToShadows","hexamod:SpectersWail+1","hexamod:WildfireWeapon","hexamod:GhostflameBarrier","hexamod:RainOfEmbers+1","hexamod:EmpoweredFlame+1","hexamod:EmpoweringStance","hexamod:NightmareStrike+1","infinitespire:SevenWalls","hexamod:HeatShield+1","hexamod:ExtraCrispy","hexamod:PhantomCloak+1","hexamod:InspiringFlames"],"relics":["hexamod:SpiritBrand","EVO:Axolotl","downfall:HeartsMalice","HornCleat","hubris:SphereOfDissonance","Dota2Spire:PhaseBoots","WarpedTongs","hubris:CrystalStatue","Fusion Hammer","RoseTintedShades","Question Card","downfall:HeartBlessingRed","Mummified Hand","hubris:ScarierMask","CCEMRelics:JestersCrown","qcfpunch:Necklace_of_Skulls","Strawberry","downfall:HeartBlessingBlue","Dota2Spire:EtherealBlade","downfall:HeartBlessingGreen","Nunchaku","SpikesRelics:DaevaFist","Lee\u0027s Waffle"],"acts_visited":["Exordium","TheCity","TheBeyond","TheEnding"],"potions_floor_usage":[52,52,52],"damage_taken":[{"damage":0.0,"enemies":"Jaw Worm","floor":2.0,"turns":1.0},{"damage":0.0,"enemies":"downfall:FleeingMerchant","floor":4.0,"turns":1.0},{"damage":0.0,"enemies":"Cultist","floor":6.0,"turns":1.0},{"damage":0.0,"enemies":"Lagavulin","floor":8.0,"turns":3.0},{"damage":3.0,"enemies":"3 Sentries","floor":11.0,"turns":7.0},{"damage":9.0,"enemies":"downfall:FleeingMerchant","floor":13.0,"turns":4.0},{"damage":4.0,"enemies":"conspire:RoseBush","floor":14.0,"turns":1.0},{"damage":8.0,"enemies":"conspire:2 RoseBushes","floor":15.0,"turns":3.0},{"damage":9.0,"enemies":"downfall:Watcher","floor":16.0,"turns":3.0},{"damage":3.0,"enemies":"Spheric Guardian","floor":19.0,"turns":3.0},{"damage":4.0,"enemies":"3 Cultists","floor":20.0,"turns":5.0},{"damage":25.0,"enemies":"Sentry and Sphere","floor":21.0,"turns":6.0},{"damage":1.0,"enemies":"downfall:FleeingMerchant","floor":23.0,"turns":3.0},{"damage":11.0,"enemies":"conspire:SneckoGhost","floor":26.0,"turns":4.0},{"damage":21.0,"enemies":"Snake Plant","floor":29.0,"turns":3.0},{"damage":19.0,"enemies":"conspire:HollyBat","floor":31.0,"turns":7.0},{"damage":15.0,"enemies":"Centurion and Healer","floor":32.0,"turns":5.0},{"damage":14.0,"enemies":"downfall:Silent","floor":33.0,"turns":6.0},{"damage":5.0,"enemies":"3 Darklings","floor":36.0,"turns":4.0},{"damage":31.0,"enemies":"Nemesis","floor":40.0,"turns":5.0},{"damage":8.0,"enemies":"conspire:MimicChest","floor":42.0,"turns":5.0},{"damage":4.0,"enemies":"Orb Walker","floor":43.0,"turns":1.0},{"damage":0.0,"enemies":"Jaw Worm Horde","floor":45.0,"turns":4.0},{"damage":20.0,"enemies":"Giant Head","floor":46.0,"turns":8.0},{"damage":4.0,"enemies":"Spire Growth","floor":49.0,"turns":5.0},{"damage":29.0,"enemies":"downfall:Defect","floor":50.0,"turns":5.0},{"damage":69,"enemies":"downfall:CharBossMerchant","floor":52,"turns":9},{"damage":50,"enemies":"downfall:NeowBoss","floor":55,"turns":12}],"seed_played":"-8629120267872409787","potions_obtained":[{"floor":11.0,"key":"PowerPotion"},{"floor":14.0,"key":"ColorlessPotion"},{"floor":16.0,"key":"blueLaboratory:SavagePotion"},{"floor":26.0,"key":"AttackPotion"},{"floor":36.0,"key":"Dota2Spire:HealingSalve"},{"floor":40.0,"key":"hexamod:DoubleChargePotion"},{"floor":45.0,"key":"blueLaboratory:HorrorPotion"},{"floor":48.0,"key":"downfall:CursedFountainPotion"}],"is_trial":false,"path_per_floor":["R","M","?","$","T","M","T","E","?","R","E","R","$","M","M","B",null,"R","M","M","M","?","$","T","R","E","R","?","M","R","M","M","B",null,"R","M","?","?","AVR","E","T","?","M","R","M","E","R","?","M","B",null,"E","$","R","B"],"character_chosen":"THE_SPIRIT","items_purchased":["hexamod:HeatCrush","hexamod:Incineration","RoseTintedShades","SpikesRelics:DaevaFist","Lee\u0027s Waffle"],"campfire_rested":7,"item_purchase_floors":[4,13,23,53,53],"current_hp_per_floor":[70,70,70,70,70,70,70,70,70,70,67,67,58,54,46,37,70,70,67,70,52,52,51,51,70,59,70,70,56,70,58,43,36,70,70,70,70,70,70,46,46,45,48,84,84,71,87,87,87,65,87,34,94,94,44,44,44],"gold":136,"neow_bonus":"THREE_ENEMY_KILL","is_daily":false,"chose_seed":false,"campfire_upgraded":3,"win_rate":0.0,"timestamp":1610273732,"path_taken":["R","M","?","?","?","M","T","E","?","R","E","R","$","?","M","BOSS","R","M","M","M","?","$","T","R","E","R","?","M","R","M","M","BOSS","R","M","?","?","AVR","E","T","?","M","R","M","E","R","?","M","BOSS","E","$","R","BOSS"],"items_purchased_type":["Card","Card","Relic","Relic","Relic"],"build_version":"2020-12-22","purchased_purges":0,"victory":false,"max_hp_per_floor":[70,70,70,70,70,70,70,70,70,70,70,70,70,70,70,70,70,70,70,70,70,70,70,70,70,70,70,70,70,70,70,70,70,70,70,70,70,70,70,70,70,77,77,87,87,87,87,87,87,87,87,87,94,94,94,94,94],"relic_stats":{"Nunchaku":[1],"Lee\u0027s Waffle":60,"counters":[28,121],"Mummified Hand":[62],"Question Card":16,"obtain_stats":[{"Lee\u0027s Waffle":53,"hubris:CrystalStatue":11,"downfall:HeartBlessingRed":25,"hubris:SphereOfDissonance":7,"downfall:HeartsMalice":0,"RoseTintedShades":23,"downfall:HeartBlessingGreen":47,"EVO:Axolotl":0,"Dota2Spire:EtherealBlade":46,"Question Card":24,"WarpedTongs":9,"Nunchaku":52,"HornCleat":5,"Mummified Hand":26,"downfall:HeartBlessingBlue":44,"Strawberry":42,"hubris:ScarierMask":34,"qcfpunch:Necklace_of_Skulls":40,"Fusion Hammer":17,"SpikesRelics:DaevaFist":53,"hexamod:SpiritBrand":0,"CCEMRelics:JestersCrown":37,"Dota2Spire:PhaseBoots":8},{"Lee\u0027s Waffle":27,"hubris:CrystalStatue":5,"downfall:HeartBlessingRed":13,"hubris:SphereOfDissonance":3,"downfall:HeartsMalice":0,"RoseTintedShades":13,"downfall:HeartBlessingGreen":24,"EVO:Axolotl":0,"Dota2Spire:EtherealBlade":24,"Question Card":13,"WarpedTongs":4,"Nunchaku":27,"HornCleat":2,"Mummified Hand":14,"downfall:HeartBlessingBlue":22,"Strawberry":21,"hubris:ScarierMask":18,"qcfpunch:Necklace_of_Skulls":20,"Fusion Hammer":9,"SpikesRelics:DaevaFist":27,"hexamod:SpiritBrand":0,"CCEMRelics:JestersCrown":19,"Dota2Spire:PhaseBoots":4},{"Lee\u0027s Waffle":109,"hubris:CrystalStatue":10,"downfall:HeartBlessingRed":38,"hubris:SphereOfDissonance":0,"downfall:HeartsMalice":0,"RoseTintedShades":38,"downfall:HeartBlessingGreen":90,"EVO:Axolotl":0,"Dota2Spire:EtherealBlade":90,"Question Card":38,"WarpedTongs":3,"Nunchaku":109,"HornCleat":0,"Mummified Hand":42,"downfall:HeartBlessingBlue":78,"Strawberry":77,"hubris:ScarierMask":63,"qcfpunch:Necklace_of_Skulls":72,"Fusion Hammer":21,"SpikesRelics:DaevaFist":109,"hexamod:SpiritBrand":0,"CCEMRelics:JestersCrown":67,"Dota2Spire:PhaseBoots":3}],"WarpedTongs":[118]},"card_choices":[{"not_picked":["hexamod:ThermalTransfer","hexamod:AdvancingGuard"],"picked":"hexamod:BurningTouch","floor":2.0},{"not_picked":["hexamod:SuperheatedStrike","hexamod:BacktrackSmack"],"picked":"hexamod:ThermalTransfer","floor":4.0},{"not_picked":["hexamod:BacktrackSmack","hexamod:BurningTouch"],"picked":"hexamod:SuperheatedStrike","floor":6.0},{"not_picked":["hexamod:FifthSeal","hexamod:VolcanoVisage"],"picked":"hexamod:NightmareGuise","floor":8.0},{"not_picked":["hexamod:RainOfEmbers","hexamod:CatchUp"],"picked":"hexamod:PhantomFireball","floor":11.0},{"not_picked":["hexamod:BacktrackSmack","hexamod:StepThrough","hexamod:HauntingEcho"],"picked":"SKIP","floor":13.0},{"not_picked":["hexamod:FastForward","hexamod:PhantomCloak"],"picked":"hexamod:FirstSeal","floor":14.0},{"not_picked":["hexamod:HauntingEcho","hexamod:FastForward"],"picked":"hexamod:NightmareGuise","floor":15.0},{"not_picked":["hexamod:ApocalypticArmor","hexamod:SearingWound"],"picked":"hexamod:EmpoweringStance","floor":16.0},{"not_picked":["hexamod:FirstSeal","hexamod:Again","hexamod:GhostShield"],"picked":"SKIP","floor":19.0},{"not_picked":["hexamod:BurningTouch","hexamod:Hexaguard"],"picked":"hexamod:HeatMetal","floor":20.0},{"not_picked":["hexamod:NecessarySacrifice+1","hexamod:NightmareGuise"],"picked":"hexamod:RetreatToShadows","floor":21.0},{"not_picked":["hexamod:BurningTouch+1","hexamod:Rewind+1"],"picked":"hexamod:SpectersWail+1","floor":23.0},{"not_picked":["hexamod:BacktrackSmack","hexamod:FastForward","hexamod:SpectralAdrenaline+1"],"picked":"hexamod:WildfireWeapon","floor":26.0},{"not_picked":["hexamod:Firestarter","hexamod:SkipABeat+1","hexamod:ThermalTransfer"],"picked":"hexamod:GhostflameBarrier","floor":29.0},{"not_picked":["hexamod:GhostShield","hexamod:PhantomCloak","hexamod:FastForward+1"],"picked":"hexamod:RainOfEmbers+1","floor":31.0},{"not_picked":["hexamod:FirstSeal","hexamod:GhostShield+1","hexamod:SwordOfDarkness"],"picked":"hexamod:EmpoweredFlame+1","floor":32.0},{"not_picked":["hexamod:VolcanoVisage","hexamod:SearingWound","hexamod:ApocalypseNow"],"picked":"hexamod:EmpoweringStance","floor":33.0},{"not_picked":["hexamod:Firestarter+1","hexamod:SkipABeat","hexamod:NightmareGuise+1"],"picked":"hexamod:NightmareStrike+1","floor":36.0},{"not_picked":["hexamod:ThermalTransfer","hexamod:HeatMetal","hexamod:FourthSeal","hexamod:SwordOfDarkness+1"],"picked":"SKIP","floor":40.0},{"not_picked":["hexamod:BurningTouch","hexamod:FastForward","hexamod:ThirdSeal","hexamod:Firestarter"],"picked":"SKIP","floor":43.0},{"not_picked":["hexamod:Hexaguard","hexamod:RetreatToShadows","hexamod:AdvancingGuard+1"],"picked":"hexamod:HeatShield+1","floor":45.0},{"not_picked":["hexamod:SearingWound","hexamod:ShieldOfDarkness+1","hexamod:SpectersWail+1"],"picked":"hexamod:ExtraCrispy","floor":46.0},{"not_picked":["hexamod:SpectralAdrenaline","hexamod:FastForward+1","hexamod:NightmareGuise"],"picked":"hexamod:PhantomCloak+1","floor":49.0},{"not_picked":["hexamod:SixthSeal","hexamod:ShieldOfDarkness","hexamod:FirstSeal"],"picked":"hexamod:InspiringFlames","floor":52}],"player_experience":591619,"relics_obtained":[{"floor":5.0,"key":"HornCleat"},{"floor":7.0,"key":"hubris:SphereOfDissonance"},{"floor":8.0,"key":"Dota2Spire:PhaseBoots"},{"floor":11.0,"key":"hubris:CrystalStatue"},{"floor":24.0,"key":"Question Card"},{"floor":26.0,"key":"Mummified Hand"},{"floor":37.0,"key":"CCEMRelics:JestersCrown"},{"floor":40.0,"key":"qcfpunch:Necklace_of_Skulls"},{"floor":42.0,"key":"Strawberry"},{"floor":46.0,"key":"Dota2Spire:EtherealBlade"},{"floor":52,"key":"Nunchaku"}],"event_choices":[{"damage_healed":0.0,"max_hp_gain":0.0,"max_hp_loss":0.0,"gold_gain":0.0,"event_name":"Accursed Blacksmith","player_choice":"Rummage","floor":9.0,"gold_loss":0.0,"damage_taken":0.0,"relics_obtained":["WarpedTongs"],"cards_obtained":["Pain"]}],"is_beta":false,"boss_relics":[{"not_picked":["hubris:HollowSoul","hubris:Stopwatch"],"picked":"Fusion Hammer"},{"not_picked":["conspire:SpecialSausage","hubris:TerracottaHorce"],"picked":"hubris:ScarierMask"}],"items_purged_floors":[],"is_endless":false,"potions_floor_spawned":[11,14,16,19,26,32,36,40,45,49],"killed_by":"downfall:NeowBoss","ascension_level":1}}