{"host":"tiwza2kisyyrpq7h","time":1610294418,"event":{"mods":["BaseMod","BetterRewards","Colored Powertips","Minty Spire (QoL Compilation)","Quick Restart","Rare Cards Sparkle","StSLib","SuperFastMode","The Servant 0.9.4","óô»ðÖ¸ÄÏ"],"gold_per_floor":[115,40,58,84,259,259,288,288,288,309,31,45,9,19,19,121,121,140,140,140,128,142,142,142],"floor_reached":23,"playtime":543,"items_purged":["Writhe","Doubt"],"score":302,"play_id":"57d4ffb5-0b80-497c-a291-fd4ed004997b","local_time":"20210111000018","is_ascension_mode":true,"campfire_choices":[{"data":"Sunder","floor":6.0,"key":"SMITH"},{"data":"Hologram","floor":8.0,"key":"SMITH"},{"data":"Aggregate","floor":15.0,"key":"SMITH"}],"circlet_count":0,"master_deck":["AscendersBane","Strike_B","Strike_B","Defend_B","Defend_B","Defend_B","Defend_B","Zap","Dualcast","Blizzard","Sunder+1","Loop","Conserve Battery","Hologram+1","Melter","Defragment","Core Surge","Loop","Aggregate+1","Coolheaded","Seek","Chaos","Turbo","White Noise+1"],"relics":["Cracked Core","Tiny Chest","Strawberry","Omamori","Odd Mushroom","Coffee Dripper","InkBottle"],"acts_visited":["Exordium","TheCity"],"potions_floor_usage":[16],"damage_taken":[{"damage":5.0,"enemies":"Cultist","floor":1.0,"turns":4.0},{"damage":7.0,"enemies":"Jaw Worm","floor":3.0,"turns":3.0},{"damage":15.0,"enemies":"3 Sentries","floor":7.0,"turns":6.0},{"damage":18.0,"enemies":"The Mushroom Lair","floor":10.0,"turns":4.0},{"damage":0.0,"enemies":"2 Louse","floor":12.0,"turns":1.0},{"damage":6.0,"enemies":"Looter","floor":14.0,"turns":2.0},{"damage":11,"enemies":"Slime Boss","floor":16,"turns":8},{"damage":4,"enemies":"Spheric Guardian","floor":18,"turns":3},{"damage":12,"enemies":"2 Thieves","floor":21,"turns":4},{"damage":46,"enemies":"3 Cultists","floor":22,"turns":6},{"damage":4,"enemies":"Book of Stabbing","floor":23,"turns":1}],"seed_played":"7004026040216185781","potions_obtained":[{"floor":3.0,"key":"Energy Potion"},{"floor":14.0,"key":"AttackPotion"},{"floor":16,"key":"SteroidPotion"},{"floor":18,"key":"Ancient Potion"}],"is_trial":false,"path_per_floor":["M","$","M","T","?","R","E","R","T","?","$","M","$","M","R","B",null,"M","T","?","M","M","E"],"character_chosen":"DEFECT","items_purchased":["Defragment","Core Surge","Aggregate"],"campfire_rested":0,"item_purchase_floors":[11,11,13],"current_hp_per_floor":[63,63,56,56,56,56,48,48,48,30,30,30,30,24,24,13,65,61,61,61,49,3,0,0],"gold":142,"neow_bonus":"TRANSFORM_TWO_CARDS","is_daily":false,"chose_seed":false,"campfire_upgraded":3,"win_rate":0.0,"timestamp":1610294418,"path_taken":["M","?","?","?","?","R","E","R","T","?","$","M","?","M","R","BOSS","M","?","?","M","M","E"],"items_purchased_type":["Card","Card","Card"],"build_version":"2020-12-22","purchased_purges":2,"victory":false,"max_hp_per_floor":[75,75,75,75,75,75,82,82,82,82,82,82,82,82,82,82,82,82,82,82,82,82,82,82],"card_choices":[{"not_picked":["Skim","Ball Lightning"],"picked":"Loop","floor":1.0},{"not_picked":["Sweeping Beam","Recycle"],"picked":"Conserve Battery","floor":3.0},{"not_picked":["Beam Cell","Steam"],"picked":"Hologram","floor":7.0},{"not_picked":["Sweeping Beam","Beam Cell"],"picked":"Melter","floor":10.0},{"not_picked":["Compile Driver","Scrape"],"picked":"Loop","floor":12.0},{"not_picked":["Conserve Battery","Streamline"],"picked":"Coolheaded","floor":14.0},{"not_picked":["Rainbow","Thunder Strike"],"picked":"Seek","floor":16},{"not_picked":["Stack","Double Energy"],"picked":"Chaos","floor":18},{"not_picked":["Blizzard","Redo"],"picked":"Turbo","floor":21},{"not_picked":["Steam","Conserve Battery"],"picked":"White Noise+1","floor":22}],"player_experience":954712,"relics_obtained":[{"floor":4.0,"key":"Tiny Chest"},{"floor":7.0,"key":"Strawberry"},{"floor":9.0,"key":"Omamori"},{"floor":10.0,"key":"Odd Mushroom"},{"floor":19,"key":"InkBottle"}],"event_choices":[{"damage_healed":0.0,"max_hp_gain":0.0,"max_hp_loss":0.0,"gold_gain":175.0,"event_name":"Liars Game","player_choice":"AGREE","floor":5.0,"gold_loss":0.0,"damage_taken":0.0,"cards_obtained":["Doubt"]},{"damage_healed":0.0,"max_hp_gain":0.0,"max_hp_loss":0.0,"gold_gain":0.0,"event_name":"Mushrooms","player_choice":"Fought Mushrooms","floor":10.0,"gold_loss":0.0,"damage_taken":0.0},{"damage_healed":0,"gold_gain":0,"player_choice":"Ignored","damage_taken":0,"max_hp_gain":0,"max_hp_loss":0,"event_name":"Ghosts","floor":20,"gold_loss":0}],"is_beta":false,"boss_relics":[{"not_picked":["Ectoplasm","Empty Cage"],"picked":"Coffee Dripper"}],"items_purged_floors":[2,11],"is_endless":false,"potions_floor_spawned":[3,14,16,18],"killed_by":"Book of Stabbing","ascension_level":12}}