{"host":"c97twqu0op5dg8i4","time":1610262564,"event":{"mods":["BaseMod","Minty Spire (QoL Compilation)","Permanent Neow"],"gold_per_floor":[117,134,134,134,134,134,165,184,184,259,328,347,116,144,144,243,243,243,183,108,108,0,0,0,0,0,0,0,0,0,0,0,0,0,0,0,0,0,0,0,0,0,0,0,0,0,0],"floor_reached":46,"playtime":1257,"items_purged":["Strike_G"],"score":658,"play_id":"096ccc3d-9d47-4c19-b486-a2502c21ed83","local_time":"20210110020924","is_ascension_mode":true,"campfire_choices":[{"data":"Deadly Poison","floor":6,"key":"SMITH"},{"data":"Crippling Poison","floor":15,"key":"SMITH"},{"floor":23,"key":"REST"},{"data":"Envenom","floor":27,"key":"SMITH"},{"floor":29,"key":"REST"},{"data":"Corpse Explosion","floor":32,"key":"SMITH"},{"floor":40,"key":"REST"},{"floor":42,"key":"REST"}],"circlet_count":0,"master_deck":["Strike_G+1","Strike_G","Defend_G","Defend_G","Defend_G","Defend_G","Defend_G","Survivor","Neutralize+1","Poisoned Stab+1","Deadly Poison+1","PiercingWail","Predator","Backflip","Corpse Explosion+1","Crippling Poison+1","Backflip","Envenom+1","Bane","Dodge and Roll","Dodge and Roll+1","Footwork+1","Footwork+1","Prepared+1","Deflect","Calculated Gamble+1"],"relics":["Ring of the Snake","Ninja Scroll","StrikeDummy","Bottled Flame","Cauldron","Ginger","Ectoplasm","Whetstone","Black Star","Ice Cream","Nunchaku","Mummified Hand","Darkstone Periapt"],"acts_visited":["Exordium","TheCity","TheBeyond"],"potions_floor_usage":[16,21,30,33,35,35,37],"damage_taken":[{"damage":0,"enemies":"Jaw Worm","floor":1,"turns":4},{"damage":2,"enemies":"Small Slimes","floor":2,"turns":4},{"damage":13,"enemies":"Gremlin Nob","floor":7,"turns":4},{"damage":0,"enemies":"2 Louse","floor":8,"turns":2},{"damage":10,"enemies":"Large Slime","floor":12,"turns":4},{"damage":12,"enemies":"Lagavulin","floor":14,"turns":5},{"damage":0,"enemies":"Slime Boss","floor":16,"turns":7},{"damage":9,"enemies":"3 Byrds","floor":18,"turns":3},{"damage":12,"enemies":"2 Thieves","floor":19,"turns":3},{"damage":9,"enemies":"Snecko","floor":21,"turns":4},{"damage":12,"enemies":"Snake Plant","floor":25,"turns":3},{"damage":16,"enemies":"Shelled Parasite and Fungi","floor":30,"turns":3},{"damage":3,"enemies":"Chosen and Byrds","floor":31,"turns":5},{"damage":23,"enemies":"Collector","floor":33,"turns":7},{"damage":7,"enemies":"3 Darklings","floor":35,"turns":2},{"damage":9,"enemies":"Orb Walker","floor":36,"turns":4},{"damage":17,"enemies":"2 Orb Walkers","floor":37,"turns":4},{"damage":43,"enemies":"Reptomancer","floor":41,"turns":8},{"damage":10,"enemies":"Jaw Worm Horde","floor":44,"turns":3},{"damage":0,"enemies":"3 Darklings","floor":46,"turns":1}],"seed_played":"6345351050210471265","potions_obtained":[{"floor":2,"key":"Swift Potion"},{"floor":13,"key":"EntropicBrew"},{"floor":13,"key":"Fire Potion"},{"floor":13,"key":"SpeedPotion"},{"floor":14,"key":"Regen Potion"},{"floor":16,"key":"SteroidPotion"},{"floor":21,"key":"LiquidMemories"},{"floor":30,"key":"DistilledChaos"},{"floor":31,"key":"Block Potion"},{"floor":35,"key":"DuplicationPotion"},{"floor":44,"key":"Block Potion"}],"is_trial":false,"path_per_floor":["M","M","?","?","?","R","E","M","T","?","T","M","$","E","R","B",null,"M","M","$","M","?","R","?","M","T","R","?","R","M","M","R","B",null,"M","M","?","?","?","R","E","R","T","M","$","M"],"character_chosen":"THE_SILENT","items_purchased":["Crippling Poison","Cauldron"],"campfire_rested":4,"item_purchase_floors":[13,13],"current_hp_per_floor":[70,68,68,61,66,66,53,53,53,42,42,32,32,20,20,20,61,52,40,40,43,43,65,65,53,53,53,47,69,53,50,50,27,63,56,47,30,30,30,52,9,31,31,21,21,21,21],"gold":0,"neow_bonus":"THREE_CARDS","is_daily":false,"chose_seed":false,"campfire_upgraded":4,"win_rate":0.0,"timestamp":1610262564,"path_taken":["M","M","?","?","?","R","E","M","T","?","?","?","$","E","R","BOSS","M","M","$","M","?","R","?","?","T","R","?","R","?","M","R","BOSS","M","M","?","?","?","R","E","R","T","?","$","M"],"items_purchased_type":["Card","Relic"],"build_version":"2020-12-22","purchased_purges":1,"victory":false,"max_hp_per_floor":[70,70,70,70,75,75,75,75,75,75,75,75,75,75,75,75,75,75,75,75,75,75,75,75,75,75,75,75,75,75,75,75,75,75,75,75,75,75,75,75,75,75,75,75,75,75,75],"card_choices":[{"not_picked":["Outmaneuver","Dodge and Roll"],"picked":"Poisoned Stab","floor":0},{"not_picked":["Bane","Underhanded Strike"],"picked":"Deadly Poison","floor":1},{"not_picked":["Outmaneuver","Underhanded Strike"],"picked":"PiercingWail","floor":2},{"not_picked":["Sucker Punch","Outmaneuver"],"picked":"Predator","floor":7},{"not_picked":["Underhanded Strike","Cloak And Dagger"],"picked":"Backflip","floor":8},{"not_picked":["Blade Dance","Acrobatics"],"picked":"Corpse Explosion","floor":12},{"not_picked":["Flechettes","Backstab"],"picked":"Backflip","floor":14},{"not_picked":["Bullet Time","Grand Finale"],"picked":"Envenom","floor":16},{"not_picked":["Setup","Acrobatics"],"picked":"Bane","floor":18},{"not_picked":["Choke","Underhanded Strike+1","Reflex"],"picked":"SKIP","floor":19},{"not_picked":["Expertise","Flying Knee+1"],"picked":"Dodge and Roll","floor":21},{"not_picked":["Eviscerate+1","Dagger Spray"],"picked":"Dodge and Roll+1","floor":25},{"not_picked":["Backflip+1","Burst"],"picked":"Footwork+1","floor":30},{"not_picked":["Cloak And Dagger","Flying Knee+1","Dodge and Roll"],"picked":"SKIP","floor":31},{"not_picked":["Blade Dance","Backflip"],"picked":"Footwork+1","floor":35},{"not_picked":["Slice","Dodge and Roll"],"picked":"Prepared+1","floor":36},{"not_picked":["Dodge and Roll","Outmaneuver"],"picked":"Deflect","floor":37},{"not_picked":["Finisher+1","Envenom"],"picked":"Calculated Gamble+1","floor":41},{"not_picked":["Distraction+1","Cloak And Dagger+1","Blade Dance+1"],"picked":"SKIP","floor":44}],"player_experience":284354,"relics_obtained":[{"floor":7,"key":"Ninja Scroll"},{"floor":9,"key":"StrikeDummy"},{"floor":11,"key":"Bottled Flame"},{"floor":14,"key":"Ginger"},{"floor":26,"key":"Whetstone"},{"floor":37,"key":"Ice Cream"},{"floor":41,"key":"Nunchaku"},{"floor":41,"key":"Mummified Hand"},{"floor":43,"key":"Darkstone Periapt"}],"event_choices":[{"damage_healed":0,"gold_gain":0,"player_choice":"Grow","damage_taken":0,"max_hp_gain":0,"max_hp_loss":0,"event_name":"Living Wall","floor":3,"gold_loss":0,"cards_upgraded":["Poisoned Stab"]},{"cards_removed":["Strike_G"],"damage_healed":0,"gold_gain":0,"player_choice":"Card Removal","damage_taken":7,"max_hp_gain":0,"max_hp_loss":0,"event_name":"Golden Wing","floor":4,"gold_loss":0},{"damage_healed":0,"gold_gain":0,"player_choice":"Donut","damage_taken":0,"max_hp_gain":5,"max_hp_loss":0,"event_name":"Big Fish","floor":5,"gold_loss":0},{"damage_healed":0,"gold_gain":75,"player_choice":"Gather Gold","damage_taken":11,"max_hp_gain":0,"max_hp_loss":0,"event_name":"World of Goop","floor":10,"gold_loss":0},{"damage_healed":0,"gold_gain":0,"player_choice":"Paid Fearfully","damage_taken":0,"max_hp_gain":0,"max_hp_loss":0,"event_name":"Masked Bandits","floor":22,"gold_loss":108},{"damage_healed":0,"gold_gain":0,"player_choice":"Ignored","damage_taken":0,"max_hp_gain":0,"max_hp_loss":0,"event_name":"N\u0027loth","floor":24,"gold_loss":0},{"damage_healed":0,"gold_gain":0,"player_choice":"","damage_taken":6,"max_hp_gain":0,"max_hp_loss":0,"event_name":"Knowing Skull","floor":28,"potions_obtained":[],"gold_loss":0,"cards_obtained":[]},{"damage_healed":0,"gold_gain":0,"player_choice":"Fight","damage_taken":0,"max_hp_gain":0,"max_hp_loss":0,"event_name":"Mysterious Sphere","floor":37,"gold_loss":0},{"cards_removed":["Strike_G"],"damage_healed":0,"gold_gain":0,"player_choice":"Removed Attack","damage_taken":0,"max_hp_gain":0,"max_hp_loss":0,"event_name":"Falling","floor":38,"gold_loss":0},{"damage_healed":0,"gold_gain":100,"player_choice":"Pray","damage_taken":0,"max_hp_gain":0,"max_hp_loss":0,"event_name":"Golden Shrine","floor":39,"gold_loss":0}],"is_beta":false,"boss_relics":[{"not_picked":["Sozu","Coffee Dripper"],"picked":"Ectoplasm"},{"not_picked":["HoveringKite","Cursed Key"],"picked":"Black Star"}],"items_purged_floors":[20],"is_endless":false,"potions_floor_spawned":[2,14,16,21,25,30,31,35,44],"killed_by":"3 Darklings","ascension_level":5}}