{"host":"zghbuvjjzzk6yre0","time":1610308453,"event":{"mods":["2.2 Compatiblity","AchievementEnabler","Act Like it!","Aspiration","Astrologer","BaseMod","Beaked The Cultist","Bestiary","Card Forge","ChefMod","Chen","Colored Powertips","Conspire","Curses Come First","Custom Start","Downfall","Friendly Minions","Gensokyo","Gremlin Mod","Halation","Hermit","Hubris","Koishi","Mad Scientist","Magitek Elite","Mari Mod (Legacy)","Mari\u0027s V1 Patch","Marisa（霧雨　魔理沙）","Minty Spire (QoL Compilation)","Pale of the Ancients","Q\u0027s Relics","Quick Restart","Railgun Mod","Reimu（博??梦）","Remilia（蕾米莉?）","Reorder Act Four","Replay The Spire","StSLib","Strawberry Spire","Synergy Search","Td1madao Mod","The Bladedancer","The Bug Knight","The Clintock","The Cursed","The Disciple","The Exalted","The Forsaken","The Hierophant","The Judge","The Marked","The Necromancer","The Runesmith","The Senshi","The Servant 0.9.4","The Valiant","The Wild Card","TheArtist","TheBandit","Yohane!","thorton","vexMod"],"gold_per_floor":[109,109,127,61,80,80,80],"floor_reached":6,"playtime":1027,"items_purged":[],"score":36,"play_id":"408b2143-ac17-449c-80b9-8074d359c41f","local_time":"20210110205413","is_ascension_mode":false,"campfire_choices":[],"circlet_count":0,"master_deck":["hermit:Strike_Hermit","hermit:Strike_Hermit","hermit:Strike_Hermit","hermit:Strike_Hermit","hermit:Defend_Hermit","hermit:Defend_Hermit","hermit:Defend_Hermit","hermit:Defend_Hermit","hermit:Snapshot","hermit:Covet","hermit:Vantage","Pain","hermit:Dissolve","Gensokyo:RustyChest","Gensokyo:Shovel","hermit:TakeAim"],"relics":["hermit:Momento","Hammer of Thor","Seething Fire","Anvil of the Gods","Gensokyo:LunaticRedEyes"],"acts_visited":["Exordium"],"potions_floor_usage":[],"damage_taken":[{"damage":11.0,"enemies":"Gensokyo:Python","floor":1.0,"turns":3.0},{"damage":4.0,"enemies":"Gensokyo:3_Fairies","floor":3.0,"turns":5.0},{"damage":2,"enemies":"Gensokyo:2_Kodama","floor":5,"turns":5},{"damage":34,"enemies":"Gensokyo:Aya","floor":6,"turns":9}],"seed_played":"4956396568277097674","potions_obtained":[{"floor":3.0,"key":"FearPotion"},{"floor":5,"key":"ColorlessPotion"}],"is_trial":false,"path_per_floor":["M","?","M","COS","M","E"],"character_chosen":"HERMIT","items_purchased":[],"campfire_rested":0,"item_purchase_floors":[],"current_hp_per_floor":[71,71,67,67,65,31,31],"gold":80,"neow_bonus":"TEN_PERCENT_HP_BONUS","is_daily":false,"chose_seed":false,"campfire_upgraded":0,"win_rate":0.0,"timestamp":1610308453,"path_taken":["M","?","M","COS","?","E"],"items_purchased_type":[],"build_version":"2020-12-22","purchased_purges":0,"victory":false,"max_hp_per_floor":[82,82,82,82,82,82,82],"card_choices":[{"not_picked":["hermit:EyeOfTheStorm","hermit:Spite"],"picked":"hermit:Vantage","floor":1.0},{"not_picked":["hermit:Dive","hermit:Glare"],"picked":"hermit:Dissolve","floor":3.0},{"not_picked":["hermit:Headshot","hermit:HighCaliber"],"picked":"hermit:TakeAim","floor":5}],"player_experience":350429,"relics_obtained":[],"event_choices":[],"is_beta":false,"boss_relics":[],"items_purged_floors":[],"is_endless":false,"potions_floor_spawned":[3,5],"killed_by":"Gensokyo:Aya","ascension_level":0}}