{"host":"mydft8i2zzydgggw","time":1610297729,"event":{"mods":["AchievementEnabler","BaseMod","BetterRewards","Colored Map","Colored Powertips","DeckTracker","Keyboard Shortcuts","Minty Spire (QoL Compilation)","Quick Restart","Rare Cards Sparkle","StSLib","SuperFastMode","The Poker Player","everything is the same but u backflip on backflip"],"gold_per_floor":[119,134,134,152,171,171,189,189,236,268,268,92,92,111,111,212,212,227,227,227,238,17,17,17],"floor_reached":23,"playtime":373,"items_purged":["Parasite"],"score":229,"play_id":"ac0c39c7-efb1-471d-86fa-73712e32cae6","local_time":"20210111015529","is_ascension_mode":true,"campfire_choices":[{"data":"Eruption","floor":6.0,"key":"SMITH"},{"data":"Vigilance","floor":8.0,"key":"SMITH"},{"floor":13,"key":"REST"},{"floor":15,"key":"RECALL"}],"circlet_count":0,"master_deck":["Strike_P","Strike_P","Strike_P","Defend_P","Defend_P","Eruption+1","Vigilance+1","ConjureBlade","MasterReality+1","CutThroughFate+1","PathToVictory+1","Necronomicurse","MentalFortress"],"relics":["PureWater","NeowsBlessing","Centennial Puzzle","Eternal Feather","Astrolabe","Art of War","Necronomicon","Chemical X"],"acts_visited":["Exordium","TheCity"],"potions_floor_usage":[10,16,21,23],"damage_taken":[{"damage":0.0,"enemies":"Jaw Worm","floor":1.0,"turns":1.0},{"damage":0.0,"enemies":"Cultist","floor":2.0,"turns":2.0},{"damage":0.0,"enemies":"2 Louse","floor":4.0,"turns":1.0},{"damage":0.0,"enemies":"Large Slime","floor":5.0,"turns":3.0},{"damage":11.0,"enemies":"3 Louse","floor":7.0,"turns":2.0},{"damage":33,"enemies":"Gremlin Nob","floor":10,"turns":3},{"damage":9,"enemies":"Exordium Thugs","floor":14,"turns":5},{"damage":72,"enemies":"The Guardian","floor":16,"turns":17},{"damage":16,"enemies":"Shell Parasite","floor":18,"turns":4},{"damage":19,"enemies":"Chosen","floor":21,"turns":4},{"damage":30,"enemies":"Book of Stabbing","floor":23,"turns":2}],"seed_played":"2400271202772585598","potions_obtained":[{"floor":1.0,"key":"Weak Potion"},{"floor":2.0,"key":"Fire Potion"},{"floor":3.0,"key":"Swift Potion"},{"floor":3.0,"key":"SteroidPotion"},{"floor":3.0,"key":"AttackPotion"},{"floor":10,"key":"Weak Potion"},{"floor":16,"key":"DuplicationPotion"}],"is_trial":false,"path_per_floor":["M","M","?","M","M","R","M","R","T","E","?","$","R","M","R","B",null,"M","?","?","M","$","E"],"character_chosen":"WATCHER","items_purchased":["FairyPotion","Chemical X","Regen Potion"],"campfire_rested":1,"item_purchase_floors":[12,22,22],"current_hp_per_floor":[72,72,72,72,72,72,61,61,61,28,46,46,69,60,66,20,69,53,53,37,18,18,0,0],"gold":17,"neow_bonus":"THREE_ENEMY_KILL","is_daily":false,"chose_seed":false,"campfire_upgraded":2,"win_rate":0.0,"timestamp":1610297729,"path_taken":["M","M","?","?","M","R","M","R","T","E","?","$","R","M","R","BOSS","M","?","?","M","$","E"],"items_purchased_type":["Potion","Relic","Potion"],"build_version":"2020-12-22","purchased_purges":1,"victory":false,"max_hp_per_floor":[72,72,72,72,72,72,72,72,72,72,72,69,69,69,69,69,69,69,69,69,69,69,69,69],"card_choices":[{"not_picked":["Prostrate","FlyingSleeves","Sanctity"],"picked":"SKIP","floor":1.0},{"not_picked":["WreathOfFlame","Tantrum","Evaluate"],"picked":"SKIP","floor":2.0},{"not_picked":["Pray","FlyingSleeves","BowlingBash"],"picked":"SKIP","floor":4.0},{"not_picked":["Halt","EmptyBody","ClearTheMind"],"picked":"SKIP","floor":5.0},{"not_picked":["FollowUp","Evaluate","WaveOfTheHand"],"picked":"SKIP","floor":7.0},{"not_picked":["Consecrate","Evaluate","SashWhip"],"picked":"SKIP","floor":10},{"not_picked":["WaveOfTheHand","Halt","Sanctity"],"picked":"SKIP","floor":14},{"not_picked":["LessonLearned","Devotion"],"picked":"ConjureBlade","floor":16},{"not_picked":["WreathOfFlame","EmptyFist+1","Crescendo"],"picked":"SKIP","floor":18},{"not_picked":["CrushJoints","Establishment"],"picked":"MentalFortress","floor":21}],"player_experience":170898,"relics_obtained":[{"floor":9.0,"key":"Centennial Puzzle"},{"floor":10,"key":"Eternal Feather"},{"floor":20,"key":"Necronomicon"}],"event_choices":[{"damage_healed":0.0,"max_hp_gain":0.0,"max_hp_loss":0.0,"gold_gain":0.0,"event_name":"Lab","player_choice":"Got Potions","floor":3.0,"gold_loss":0.0,"damage_taken":0.0},{"damage_healed":18,"gold_gain":0,"player_choice":"Healed and dodged fight","damage_taken":0,"max_hp_gain":0,"max_hp_loss":0,"event_name":"Mushrooms","floor":11,"gold_loss":0,"cards_obtained":["Parasite"]},{"damage_healed":0,"gold_gain":0,"player_choice":"Opened","damage_taken":0,"relics_obtained":["Art of War"],"max_hp_gain":0,"max_hp_loss":0,"event_name":"The Mausoleum","floor":19,"gold_loss":0},{"damage_healed":0,"gold_gain":0,"player_choice":"Obtained Book","damage_taken":16,"max_hp_gain":0,"max_hp_loss":0,"event_name":"Cursed Tome","floor":20,"gold_loss":0}],"is_beta":false,"boss_relics":[{"not_picked":["Tiny House","Runic Pyramid"],"picked":"Astrolabe"}],"items_purged_floors":[12],"is_endless":false,"potions_floor_spawned":[1,2,10,16],"killed_by":"Book of Stabbing","ascension_level":4}}