{"host":"6749gst1gzuv21qf","time":1610246195,"event":{"mods":["Aspiration","BaseMod","Better Altar","Better Match","Better Note","Better Sensory Stone","Better Skull","Better Third Choice","BetterRewards","Colored Map","Colored Powertips","Downfall","Highlight Path","Minty Spire (QoL Compilation)","Permanent Neow","Replay The Spire","Shop Mod","Spicy Shops","StSLib","The Cursed","Wandering Minibosses"],"gold_per_floor":[99,99,99,110,129,143,212,224,254,239,257,257,257,246,260,260,260,260],"floor_reached":16,"playtime":1239,"items_purged":[],"score":106,"play_id":"0ac6a7ed-8150-494a-b5aa-a9c82bd98b38","local_time":"20210109213635","is_ascension_mode":false,"campfire_choices":[{"floor":13,"key":"RECALL"}],"circlet_count":0,"master_deck":["Guardian:Strike_Guardian","Guardian:Strike_Guardian","Guardian:Strike_Guardian","Guardian:Defend_Guardian","Guardian:Defend_Guardian","Guardian:Defend_Guardian","Guardian:Defend_Guardian","Guardian:CurlUp","Guardian:TwinSlam","Guardian:SpikerProtocol","Guardian:Orbwalk","Injury","Guardian:WalkerClaw+1","Guardian:ShieldSpikes","Guardian:EvasiveProtocol","Guardian:ShieldCharger+1","Guardian:Gem_Purple","Guardian:GemFinder","Guardian:Gem_Red","Guardian:TimeCapacitor","Guardian:Gem_Green","Guardian:Reroute+1","Guardian:Gem_Cyan","Guardian:Incinerate+1"],"relics":["Molten Egg 2","Toxic Egg 2"],"acts_visited":["Exordium"],"potions_floor_usage":[],"damage_taken":[{"damage":0,"enemies":"2 Louse","floor":4,"turns":3},{"damage":14,"enemies":"Cultist","floor":5,"turns":5},{"damage":5,"enemies":"Jaw Worm","floor":6,"turns":4},{"damage":6,"enemies":"Red Slaver","floor":8,"turns":5},{"damage":31,"enemies":"3 Sentries","floor":9,"turns":13},{"damage":7,"enemies":"Lots of Slimes","floor":10,"turns":5},{"damage":11,"enemies":"Gremlin Gang","floor":11,"turns":7},{"damage":35,"enemies":"Large Slime","floor":14,"turns":12},{"damage":4,"enemies":"3 Louse","floor":15,"turns":3},{"damage":14,"enemies":"downfall:Ironclad","floor":16,"turns":2}],"seed_played":"-4482785952704664209","potions_obtained":[{"floor":4,"key":"Dexterity Potion"},{"floor":6,"key":"FearPotion"},{"floor":12,"key":"FairyPotion"},{"floor":14,"key":"Guardian:DefensiveModePotion"}],"is_trial":false,"path_per_floor":["R_BF","?","?","M","M","M","T","M","E","M","M","?","R","M","M","B"],"character_chosen":"GUARDIAN","items_purchased":[],"campfire_rested":0,"item_purchase_floors":[],"current_hp_per_floor":[80,80,80,80,66,61,61,55,24,17,6,6,6,9,5,0,0,0],"gold":260,"neow_bonus":"THREE_CARDS","is_daily":false,"chose_seed":false,"campfire_upgraded":0,"win_rate":0.0,"timestamp":1610246195,"path_taken":["R_BF","?","?","M","M","M","T","M","E","M","?","?","R","M","M","BOSS"],"items_purchased_type":[],"build_version":"2020-12-22","purchased_purges":0,"victory":false,"max_hp_per_floor":[80,80,80,80,80,80,80,80,80,80,80,80,80,80,80,80,80,80],"card_choices":[{"not_picked":["Guardian:Planning","Guardian:TemporalStrike"],"picked":"Guardian:SpikerProtocol","floor":0},{"not_picked":["Guardian:Gem_Fragmented","Guardian:SpikerProtocol"],"picked":"Guardian:WalkerClaw+1","floor":4},{"not_picked":["Guardian:CrystalBeam+1","Guardian:ShieldCharger"],"picked":"Guardian:ShieldSpikes","floor":5},{"not_picked":["Guardian:TemporalShield","Guardian:FloatingOrbs"],"picked":"Guardian:EvasiveProtocol","floor":6},{"not_picked":["Guardian:Gem_Cyan","Guardian:BronzeOrb+1"],"picked":"Guardian:ShieldCharger+1","floor":8},{"not_picked":["Guardian:Recover+1","Guardian:TemporalShield+1"],"picked":"Guardian:Gem_Purple","floor":9},{"not_picked":["Guardian:Gem_Lightblue","Guardian:Reroute+1"],"picked":"Guardian:GemFinder","floor":10},{"not_picked":["Guardian:Gem_Cyan","Guardian:Gem_Green"],"picked":"Guardian:Gem_Red","floor":11},{"not_picked":["Guardian:PrismaticBarrier+1","Guardian:TemporalShield+1"],"picked":"Guardian:TimeCapacitor","floor":11},{"not_picked":["Guardian:Gem_Cyan","Guardian:Gem_Lightblue"],"picked":"Guardian:Gem_Green","floor":14},{"not_picked":["Guardian:Reroute+1","Guardian:Gem_Purple","Guardian:MultiBeam+1"],"picked":"SKIP","floor":14},{"not_picked":["Guardian:Gem_Purple","Guardian:MultiBeam+1"],"picked":"Guardian:Reroute+1","floor":14},{"not_picked":["Guardian:Gem_Red","Guardian:Gem_Lightblue"],"picked":"Guardian:Gem_Cyan","floor":15},{"not_picked":["Guardian:Gem_White","Guardian:PrimingBeam+1"],"picked":"Guardian:Incinerate+1","floor":15}],"player_experience":615828,"relics_obtained":[{"floor":7,"key":"Toxic Egg 2"},{"floor":9,"key":"Orichalcum"}],"event_choices":[{"cards_removed":["Guardian:Orbwalk"],"damage_healed":0,"gold_gain":0,"player_choice":"Give","damage_taken":0,"max_hp_gain":0,"max_hp_loss":0,"event_name":"betterNote:BetterNote","floor":3,"gold_loss":0,"cards_obtained":["None"]},{"damage_healed":0,"gold_gain":0,"player_choice":"Got Potions","damage_taken":0,"max_hp_gain":0,"max_hp_loss":0,"event_name":"Lab","floor":12,"gold_loss":0}],"is_beta":false,"boss_relics":[],"items_purged_floors":[],"is_endless":false,"potions_floor_spawned":[4,6,14],"killed_by":"downfall:Ironclad","ascension_level":0}}