{"host":"4eao2pkwlmv012cz","time":1610265644,"event":{"mods":["BaseMod","Colored Powertips","Minty Spire (QoL Compilation)","Permanent Neow","Quick Restart","Random Character Button","StSLib"],"gold_per_floor":[111,126,143,159,179,179,205,224,224,374,374,374,374],"floor_reached":12,"playtime":377,"items_purged":[],"score":164,"play_id":"5a9487bb-66a5-4dd0-ae97-b28a67fff753","local_time":"20210110030044","is_ascension_mode":true,"campfire_choices":[{"data":"Zap","floor":6,"key":"SMITH"},{"floor":11,"key":"REST"}],"circlet_count":0,"master_deck":["AscendersBane","Strike_B","Strike_B","Strike_B","Strike_B","Defend_B","Defend_B","Defend_B","Defend_B","Zap+1","Dualcast","Compile Driver","Gash","Reinforced Body","Capacitor","Barrage","Gash","Defragment","Doubt"],"relics":["Cracked Core","Bag of Preparation","Boot","Regal Pillow"],"acts_visited":["Exordium"],"potions_floor_usage":[5,7,7],"damage_taken":[{"damage":1,"enemies":"Cultist","floor":1,"turns":3},{"damage":10,"enemies":"Small Slimes","floor":2,"turns":3},{"damage":1,"enemies":"2 Louse","floor":3,"turns":3},{"damage":0,"enemies":"Blue Slaver","floor":4,"turns":4},{"damage":17,"enemies":"Lots of Slimes","floor":5,"turns":5},{"damage":6,"enemies":"Lagavulin","floor":7,"turns":6},{"damage":7,"enemies":"3 Louse","floor":8,"turns":4},{"damage":64,"enemies":"Gremlin Nob","floor":12,"turns":4}],"seed_played":"2689009640540260615","potions_obtained":[{"floor":2,"key":"SpeedPotion"},{"floor":4,"key":"EssenceOfSteel"},{"floor":5,"key":"Weak Potion"}],"is_trial":false,"path_per_floor":["M","M","M","M","M","R","E","M","T","?","R","E"],"character_chosen":"DEFECT","items_purchased":[],"campfire_rested":1,"item_purchase_floors":[],"current_hp_per_floor":[63,53,52,52,35,35,29,22,22,22,58,0,0],"gold":374,"neow_bonus":"RANDOM_COMMON_RELIC","is_daily":false,"chose_seed":false,"campfire_upgraded":1,"win_rate":0.0,"timestamp":1610265644,"path_taken":["M","M","?","M","M","R","E","M","T","?","R","E"],"items_purchased_type":[],"build_version":"2020-12-22","purchased_purges":0,"victory":false,"max_hp_per_floor":[71,71,71,71,71,71,71,71,71,71,71,71,71],"card_choices":[{"not_picked":["Darkness","Gash"],"picked":"Compile Driver","floor":1},{"not_picked":["Compile Driver","Redo"],"picked":"Gash","floor":2},{"not_picked":["Heatsinks","Rip and Tear"],"picked":"Reinforced Body","floor":3},{"not_picked":["Steam","Cold Snap"],"picked":"Capacitor","floor":4},{"not_picked":["Conserve Battery","Auto Shields"],"picked":"Barrage","floor":5},{"not_picked":["Beam Cell","Streamline"],"picked":"Gash","floor":7},{"not_picked":["Leap","White Noise"],"picked":"Defragment","floor":8}],"player_experience":2849180,"relics_obtained":[{"floor":7,"key":"Boot"},{"floor":9,"key":"Regal Pillow"}],"event_choices":[{"damage_healed":0,"gold_gain":150,"player_choice":"AGREE","damage_taken":0,"max_hp_gain":0,"max_hp_loss":0,"event_name":"Liars Game","floor":10,"gold_loss":0,"cards_obtained":["Doubt"]}],"is_beta":false,"boss_relics":[],"items_purged_floors":[],"is_endless":false,"potions_floor_spawned":[2,4,5],"killed_by":"Gremlin Nob","ascension_level":20}}