{"host":"skvwuvqqk8x6jusd","time":1610308886,"event":{"mods":["AchievementEnabler","BaseMod","Colored Map","Colored Powertips","Highlight Path","Minty Spire (QoL Compilation)","Relic Stats","Slay-I"],"gold_per_floor":[214,232,5,5,5,5,25,25,52,7,7,33,48,65,65,163,163,176,176,176,210,210,210,210,228,228,228,243,243,260,271,271,366,366,384,400,400,3,17,17,17,17,17,17,17,17,17,31,31,31],"floor_reached":51,"playtime":1309,"items_purged":["Defend_R","Defend_R"],"score":718,"play_id":"6754b302-c2e2-492a-83f4-e6af5acbbdbd","local_time":"20210110200126","is_ascension_mode":false,"campfire_choices":[{"data":"Bash","floor":6.0,"key":"SMITH"},{"data":"Cleave","floor":8.0,"key":"SMITH"},{"data":"Clash","floor":11.0,"key":"SMITH"},{"data":"Flex","floor":15.0,"key":"SMITH"},{"data":"Spot Weakness","floor":23.0,"key":"SMITH"},{"data":"J.A.X.","floor":27.0,"key":"SMITH"},{"data":"Heavy Blade","floor":29.0,"key":"SMITH"},{"data":"Double Tap","floor":32.0,"key":"SMITH"},{"floor":40.0,"key":"REST"},{"floor":42.0,"key":"REST"},{"floor":49.0,"key":"REST"}],"circlet_count":0,"master_deck":["Strike_R","Strike_R","Strike_R","Strike_R","Defend_R+1","Bash+1","Bloodletting+1","Cleave+1","Cleave","Clash+1","Clash","Clash","Flex+1","Reckless Charge","Double Tap+1","Cleave","Spot Weakness+1","J.A.X.+1","Clash","Ghostly","Ghostly","Ghostly","Ghostly","Ghostly","Heavy Blade+1","Headbutt+1","Rampage+1","Anger+1","Heavy Blade","Dark Shackles","Inflame+1","Flex+1"],"relics":["Black Blood","DollysMirror","Incense Burner","War Paint","Dream Catcher","Red Mask","Art of War","InkBottle","Fusion Hammer","Medical Kit","Happy Flower","Frozen Egg 2"],"acts_visited":["Exordium","TheCity","TheBeyond"],"potions_floor_usage":[50],"damage_taken":[{"damage":9.0,"enemies":"Cultist","floor":1.0,"turns":4.0},{"damage":3.0,"enemies":"Small Slimes","floor":2.0,"turns":3.0},{"damage":6.0,"enemies":"2 Louse","floor":7.0,"turns":2.0},{"damage":3.0,"enemies":"Gremlin Nob","floor":12.0,"turns":2.0},{"damage":1.0,"enemies":"2 Fungi Beasts","floor":13.0,"turns":2.0},{"damage":5.0,"enemies":"Looter","floor":14.0,"turns":2.0},{"damage":64.0,"enemies":"Hexaghost","floor":16.0,"turns":8.0},{"damage":1.0,"enemies":"Spheric Guardian","floor":18.0,"turns":3.0},{"damage":10.0,"enemies":"Masked Bandits","floor":21.0,"turns":3.0},{"damage":2.0,"enemies":"2 Thieves","floor":25.0,"turns":4.0},{"damage":5.0,"enemies":"Centurion and Healer","floor":28.0,"turns":5.0},{"damage":4.0,"enemies":"Shelled Parasite and Fungi","floor":30.0,"turns":3.0},{"damage":6.0,"enemies":"Snake Plant","floor":31.0,"turns":5.0},{"damage":35.0,"enemies":"Automaton","floor":33.0,"turns":9.0},{"damage":9.0,"enemies":"3 Darklings","floor":35.0,"turns":7.0},{"damage":2.0,"enemies":"3 Shapes","floor":36.0,"turns":2.0},{"damage":6.0,"enemies":"Writhing Mass","floor":39.0,"turns":3.0},{"damage":6.0,"enemies":"Maw","floor":48.0,"turns":6.0},{"damage":31,"enemies":"Time Eater","floor":50,"turns":10}],"seed_played":"2003535397380067600","potions_obtained":[{"floor":1.0,"key":"ColorlessPotion"},{"floor":12.0,"key":"FearPotion"},{"floor":14.0,"key":"SpeedPotion"},{"floor":28.0,"key":"ElixirPotion"},{"floor":31.0,"key":"FairyPotion"},{"floor":33.0,"key":"Weak Potion"}],"is_trial":false,"path_per_floor":["M","M","$","T","?","R","M","R","T","$","R","E","M","M","R","B",null,"M","?","?","?","T","R","?","M","T","R","M","R","M","M","R","B",null,"M","M","?","$","M","R","$","R","T","?","$","?","?","M","R","B",null],"character_chosen":"IRONCLAD","items_purchased":["DollysMirror","Clash","Medical Kit","Happy Flower"],"campfire_rested":3,"item_purchase_floors":[3,10,38,38],"current_hp_per_floor":[77,80,80,80,73,73,73,73,73,73,73,76,80,80,80,22,80,80,80,80,80,80,80,40,40,40,40,40,40,40,40,40,17,40,40,40,40,40,40,40,40,40,40,40,40,38,38,38,38,19],"gold":31,"neow_bonus":"HUNDRED_GOLD","is_daily":false,"chose_seed":false,"campfire_upgraded":8,"win_rate":0.0,"timestamp":1610308886,"path_taken":["M","M","$","?","?","R","M","R","T","$","R","E","M","M","R","BOSS","M","?","?","?","?","R","?","M","T","R","M","R","M","M","R","BOSS","M","M","?","$","?","R","$","R","T","?","$","?","?","M","R","BOSS"],"items_purchased_type":["Relic","Card","Relic","Relic"],"build_version":"2020-12-22","purchased_purges":2,"victory":true,"max_hp_per_floor":[80,80,80,80,80,80,80,80,80,80,80,80,80,80,80,80,80,80,80,80,80,80,80,40,40,40,40,40,40,40,40,40,40,40,40,40,40,40,40,40,40,40,40,40,40,38,38,38,38,38],"relic_stats":{"Dream Catcher":3,"Happy Flower":[6],"counters":[19,83],"Black Blood":115,"Art of War":[1],"War Paint":["Bloodletting","Defend_R"],"Medical Kit":[2],"obtain_stats":[{"Happy Flower":38,"Black Blood":17,"Incense Burner":4,"War Paint":9,"Frozen Egg 2":43,"Medical Kit":38,"Burning Blood":0,"Dream Catcher":12,"DollysMirror":3,"Fusion Hammer":34,"Red Mask":21,"Art of War":22,"InkBottle":26},{"Happy Flower":16,"Black Blood":7,"Incense Burner":2,"War Paint":3,"Frozen Egg 2":17,"Medical Kit":16,"Burning Blood":0,"Dream Catcher":4,"DollysMirror":2,"Fusion Hammer":14,"Red Mask":9,"Art of War":9,"InkBottle":10},{"Happy Flower":64,"Black Blood":23,"Incense Burner":7,"War Paint":9,"Frozen Egg 2":67,"Medical Kit":64,"Burning Blood":0,"Dream Catcher":11,"DollysMirror":7,"Fusion Hammer":55,"Red Mask":29,"Art of War":29,"InkBottle":33}],"InkBottle":[20]},"card_choices":[{"not_picked":["Dark Embrace","Havoc"],"picked":"Bloodletting","floor":1.0},{"not_picked":["Entrench","Thunderclap"],"picked":"Cleave","floor":2.0},{"not_picked":["Thunderclap","Shrug It Off"],"picked":"Clash","floor":7.0},{"not_picked":["Flex","Warcry"],"picked":"Clash","floor":12.0},{"not_picked":["Warcry","Wild Strike"],"picked":"Flex","floor":13.0},{"not_picked":["Heavy Blade","Bloodletting"],"picked":"Reckless Charge","floor":14.0},{"not_picked":["Exhume","Impervious"],"picked":"Double Tap","floor":16.0},{"not_picked":["Bloodletting","Sword Boomerang"],"picked":"Cleave","floor":18.0},{"not_picked":["Cleave","True Grit"],"picked":"Clash","floor":21.0},{"not_picked":["True Grit","Clothesline","Second Wind"],"picked":"SKIP","floor":25.0},{"not_picked":["Reckless Charge","Blood for Blood+1"],"picked":"Heavy Blade","floor":28.0},{"not_picked":["Pommel Strike","Shrug It Off","Iron Wave"],"picked":"SKIP","floor":30.0},{"not_picked":["Armaments+1","Searing Blow"],"picked":"Headbutt+1","floor":31.0},{"not_picked":["Armaments","Burning Pact+1","Iron Wave"],"picked":"SKIP","floor":35.0},{"not_picked":["Combust","Hemokinesis","Sword Boomerang"],"picked":"SKIP","floor":36.0},{"not_picked":["Pummel","Perfected Strike"],"picked":"Rampage+1","floor":39.0},{"not_picked":["Fire Breathing+1","Pommel Strike+1"],"picked":"Anger+1","floor":40.0},{"not_picked":["Hemokinesis+1","Thunderclap+1"],"picked":"Heavy Blade","floor":42.0},{"not_picked":["Violence","Panacea"],"picked":"Dark Shackles","floor":47.0},{"not_picked":["Combust+1","Shrug It Off"],"picked":"Inflame+1","floor":48.0},{"not_picked":["Wild Strike+1","Infernal Blade+1"],"picked":"Flex+1","floor":49.0}],"player_experience":606417,"relics_obtained":[{"floor":4.0,"key":"Incense Burner"},{"floor":9.0,"key":"War Paint"},{"floor":12.0,"key":"Dream Catcher"},{"floor":21.0,"key":"Red Mask"},{"floor":22.0,"key":"Art of War"},{"floor":26.0,"key":"InkBottle"},{"floor":43.0,"key":"Frozen Egg 2"}],"event_choices":[{"cards_removed":["Defend_R"],"damage_healed":0.0,"max_hp_gain":0.0,"max_hp_loss":0.0,"gold_gain":0.0,"event_name":"Golden Wing","player_choice":"Card Removal","floor":5.0,"gold_loss":0.0,"damage_taken":7.0},{"damage_healed":0.0,"max_hp_gain":0.0,"max_hp_loss":0.0,"gold_gain":0.0,"event_name":"The Library","player_choice":"Read","floor":19.0,"gold_loss":0.0,"damage_taken":0.0,"cards_obtained":["Spot Weakness"]},{"damage_healed":0.0,"max_hp_gain":0.0,"max_hp_loss":0.0,"gold_gain":0.0,"event_name":"Drug Dealer","player_choice":"Obtain J.A.X.","floor":20.0,"gold_loss":0.0,"damage_taken":0.0,"cards_obtained":["J.A.X."]},{"damage_healed":0.0,"max_hp_gain":0.0,"max_hp_loss":0.0,"gold_gain":0.0,"event_name":"Masked Bandits","player_choice":"Fought Bandits","floor":21.0,"gold_loss":0.0,"damage_taken":0.0},{"damage_healed":0.0,"max_hp_gain":0.0,"max_hp_loss":40.0,"gold_gain":0.0,"event_name":"Ghosts","player_choice":"Became a Ghost","floor":24.0,"gold_loss":0.0,"damage_taken":0.0,"cards_obtained":["Ghostly","Ghostly","Ghostly","Ghostly","Ghostly"]},{"damage_healed":0.0,"max_hp_gain":0.0,"max_hp_loss":0.0,"gold_gain":0.0,"event_name":"NoteForYourself","player_choice":"Ignored","floor":37.0,"gold_loss":0.0,"damage_taken":0.0},{"cards_removed":["Strike_R"],"damage_healed":0.0,"max_hp_gain":0.0,"max_hp_loss":0.0,"gold_gain":0.0,"event_name":"Falling","player_choice":"Removed Attack","floor":44.0,"gold_loss":0.0,"damage_taken":0.0},{"damage_healed":0.0,"max_hp_gain":0.0,"max_hp_loss":2.0,"gold_gain":0.0,"event_name":"Winding Halls","player_choice":"Max HP","floor":46.0,"gold_loss":0.0,"damage_taken":0.0},{"damage_healed":0.0,"max_hp_gain":0.0,"max_hp_loss":0.0,"gold_gain":0.0,"event_name":"SensoryStone","player_choice":"Memory 1","floor":47.0,"gold_loss":0.0,"damage_taken":0.0}],"is_beta":false,"boss_relics":[{"not_picked":["Cursed Key","Runic Cube"],"picked":"Black Blood"},{"not_picked":["Pandora\u0027s Box","Philosopher\u0027s Stone"],"picked":"Fusion Hammer"}],"items_purged_floors":[3,38],"is_endless":false,"potions_floor_spawned":[1,12,14,28,31,33],"ascension_level":0}}