{"host":"sian7qp8a9pc9xwd","time":1610320972,"event":{"mods":["BaseMod","Lobotomy","Minty Spire (QoL Compilation)","StSLib"],"gold_per_floor":[114,114,128,203,218,218,230,230,277,9,28,28,48,48,48,152,152,171,187,187,249,370,370,399,399,450,500,526,526,540,553,553,656,656,671,721,733,783,783,783],"floor_reached":39,"playtime":27457,"items_purged":["Strike_B"],"score":479,"play_id":"7c8afae4-4748-42da-97e3-9098bfe444ba","local_time":"20210110182252","is_ascension_mode":true,"campfire_choices":[{"data":"Zap","floor":6.0,"key":"SMITH"},{"data":"Dualcast","floor":8.0,"key":"SMITH"},{"data":"Beam Cell","floor":12.0,"key":"SMITH"},{"data":"Fission","floor":15.0,"key":"SMITH"},{"data":"Gash","floor":23.0,"key":"SMITH"},{"data":"Scrape","floor":25.0,"key":"SMITH"},{"data":"Gash","floor":29.0,"key":"SMITH"},{"data":"Core Surge","floor":32,"key":"SMITH"}],"circlet_count":0,"master_deck":["Strike_B","Strike_B","Strike_B","Defend_B","Defend_B","Defend_B","Defend_B","Zap+1","Dualcast+1","VoidDream","DreamingCurrent","Ball Lightning","Bloodbath","Gash+1","BeautyBeast","LittleHelper","Beam Cell+1","Fission+1","OldLady","FieryBird","Glacier+1","OSAHOGD","Cold Snap","UniverseFragment","Scrape+1","Gash+1","LongBird","Core Surge+1","HappyTeddy","CENSORED","Buffer","SilentOrchestra","Defragment+1","Scarecrow","Ball Lightning"],"relics":["Cracked Core","CogitoBucket","RabbitCall","Boot","ClockworkSouvenir","Odd Mushroom","Omamori","Sozu","SkinProphecy","SsserpentHead","Mummified Hand","Anchor","Bronze Scales","Dream Catcher","AspirationHeart","Calling Bell","Blood Vial","Gremlin Horn","CaptainsWheel","HonorFeather"],"acts_visited":["Exordium","TheCity","TheBeyond"],"potions_floor_usage":[39],"damage_taken":[{"damage":0.0,"enemies":"Small Slimes","floor":1.0,"turns":2.0},{"damage":0.0,"enemies":"2 Louse","floor":3.0,"turns":2.0},{"damage":7.0,"enemies":"Jaw Worm","floor":5.0,"turns":4.0},{"damage":4.0,"enemies":"Red Slaver","floor":7.0,"turns":3.0},{"damage":16.0,"enemies":"Exordium Thugs","floor":11.0,"turns":4.0},{"damage":10.0,"enemies":"The Mushroom Lair","floor":13.0,"turns":3.0},{"damage":22.0,"enemies":"Slime Boss","floor":16.0,"turns":9.0},{"damage":18.0,"enemies":"2 Thieves","floor":18.0,"turns":4.0},{"damage":17.0,"enemies":"Chosen","floor":19.0,"turns":8.0},{"damage":26.0,"enemies":"Snake Plant","floor":21.0,"turns":6.0},{"damage":36.0,"enemies":"Book of Stabbing","floor":24.0,"turns":7.0},{"damage":34.0,"enemies":"Gremlin Leader","floor":28.0,"turns":10.0},{"damage":47,"enemies":"Chosen and Byrds","floor":30,"turns":8},{"damage":20,"enemies":"Centurion and Healer","floor":31,"turns":4},{"damage":59,"enemies":"Collector","floor":33,"turns":14},{"damage":0,"enemies":"3 Shapes","floor":35,"turns":3},{"damage":6,"enemies":"3 Darklings","floor":37,"turns":6},{"damage":370,"enemies":"Jaw Worm Horde","floor":39,"turns":35}],"seed_played":"308035589235791483","potions_obtained":[{"floor":3.0,"key":"SteroidPotion"},{"floor":7.0,"key":"SkillPotion"},{"floor":16.0,"key":"EssenceOfDarkness"}],"is_trial":false,"path_per_floor":["M","?","M","?","M","R","M","R","T","$","M","R","?","?","R","B",null,"M","M","?","M","T","R","E","R","T","?","E","R","M","M","R","B",null,"M","?","M","?","M"],"character_chosen":"DEFECT","items_purchased":["ClockworkSouvenir","FocusPotion"],"campfire_rested":0,"item_purchase_floors":[10,10],"current_hp_per_floor":[75,80,80,69,80,80,77,77,77,77,77,77,80,62,62,80,80,75,81,81,84,84,84,70,70,70,70,86,86,78,79,79,103,106,108,108,110,110,66,66],"gold":783,"neow_bonus":"","is_daily":false,"chose_seed":false,"campfire_upgraded":8,"win_rate":0.0,"timestamp":1610320972,"path_taken":["M","?","M","?","M","R","M","R","T","$","M","R","?","?","R","BOSS","M","M","?","?","?","R","E","R","T","?","E","R","M","M","R","BOSS","M","?","M","?","M"],"items_purchased_type":["Relic","Potion"],"build_version":"2020-12-22","purchased_purges":1,"victory":false,"max_hp_per_floor":[75,80,80,80,80,80,80,80,80,80,80,80,80,80,80,80,80,80,82,82,84,84,84,86,86,86,86,88,88,102,104,104,106,106,108,108,110,110,94,94],"card_choices":[{"not_picked":["MHz","Laetitia","Scorched"],"picked":"Singing Bowl","floor":1.0},{"not_picked":["PunishingBird","FairyFestival"],"picked":"VoidDream","floor":1.0},{"not_picked":["Steam","Turbo","Leap"],"picked":"SKIP","floor":1.0},{"not_picked":["BigBird","OldLady"],"picked":"DreamingCurrent","floor":3.0},{"not_picked":["Sunder","Scrape"],"picked":"Ball Lightning","floor":3.0},{"not_picked":["BigBird","WallGazer"],"picked":"Bloodbath","floor":5.0},{"not_picked":["Turbo","Melter"],"picked":"Gash","floor":5.0},{"not_picked":["SpiderBud","MeatLantern"],"picked":"BeautyBeast","floor":7.0},{"not_picked":["Double Energy","Redo","Recycle"],"picked":"SKIP","floor":7.0},{"not_picked":["Scorched","FairyFestival","PunishingBird"],"picked":"Singing Bowl","floor":11.0},{"not_picked":["Rudolta","PunishingBird"],"picked":"LittleHelper","floor":11.0},{"not_picked":["Barrage","Amplify"],"picked":"Beam Cell","floor":11.0},{"not_picked":["Conserve Battery","Cold Snap"],"picked":"Fission","floor":13.0},{"not_picked":["QueenBee","HeroicMonk"],"picked":"OldLady","floor":16.0},{"not_picked":["QueenBee","SpiderBud"],"picked":"FieryBird","floor":18.0},{"not_picked":["Aggregate","Fusion"],"picked":"Glacier+1","floor":18.0},{"not_picked":["LittlePrince","FairyFestival","SpiderBud"],"picked":"Singing Bowl","floor":19.0},{"not_picked":["Wellcheers","WhitesApple"],"picked":"OSAHOGD","floor":19.0},{"not_picked":["Undo","Stack"],"picked":"Cold Snap","floor":19.0},{"not_picked":["Chaos+1","Storm","Hologram+1"],"picked":"SKIP","floor":21.0},{"not_picked":["FairyFestival","BlackArmy","Wellcheers"],"picked":"Singing Bowl","floor":24.0},{"not_picked":["MeatLantern","Laetitia"],"picked":"UniverseFragment","floor":24.0},{"not_picked":["Undo","Consume"],"picked":"Scrape","floor":24.0},{"not_picked":["Yin","Porccubus"],"picked":"LongBird","floor":28.0},{"not_picked":["Cold Snap","Reprogram"],"picked":"Core Surge","floor":28.0},{"not_picked":["Woodsman","GalaxyChild"],"picked":"HappyTeddy","floor":30},{"not_picked":["Streamline+1","Fusion","Barrage"],"picked":"SKIP","floor":30},{"not_picked":["Freischutz","Funeral"],"picked":"CENSORED","floor":31},{"not_picked":["Rebound","Beam Cell","Rainbow"],"picked":"SKIP","floor":31},{"not_picked":["Rudolta","LittlePrince","Funeral"],"picked":"Singing Bowl","floor":33},{"not_picked":["Machine Learning","Creative AI"],"picked":"Buffer","floor":33},{"not_picked":["SingingMachine","Scarecrow"],"picked":"SilentOrchestra","floor":35},{"not_picked":["Melter+1","Rebound+1"],"picked":"Defragment","floor":35},{"not_picked":["NakedNest","Murderer"],"picked":"Scarecrow","floor":37},{"not_picked":["Compile Driver","Hello World"],"picked":"Ball Lightning","floor":37}],"player_experience":674006,"relics_obtained":[{"floor":9.0,"key":"Boot"},{"floor":13.0,"key":"Odd Mushroom"},{"floor":22.0,"key":"Mummified Hand"},{"floor":24.0,"key":"Anchor"},{"floor":26.0,"key":"Bronze Scales"},{"floor":28.0,"key":"Dream Catcher"},{"floor":34,"key":"Blood Vial"},{"floor":34,"key":"Gremlin Horn"},{"floor":34,"key":"CaptainsWheel"}],"event_choices":[{"damage_healed":0.0,"max_hp_gain":5.0,"max_hp_loss":0.0,"gold_gain":0.0,"event_name":"Big Fish","player_choice":"Donut","floor":2.0,"gold_loss":0.0,"damage_taken":0.0},{"damage_healed":0.0,"max_hp_gain":0.0,"max_hp_loss":0.0,"gold_gain":75.0,"event_name":"World of Goop","player_choice":"Gather Gold","floor":4.0,"gold_loss":0.0,"damage_taken":11.0},{"damage_healed":0.0,"max_hp_gain":0.0,"max_hp_loss":0.0,"gold_gain":0.0,"event_name":"Mushrooms","player_choice":"Fought Mushrooms","floor":13.0,"gold_loss":0.0,"damage_taken":0.0},{"damage_healed":0.0,"max_hp_gain":0.0,"max_hp_loss":0.0,"gold_gain":0.0,"event_name":"Scrap Ooze","player_choice":"Success","floor":14.0,"gold_loss":0.0,"damage_taken":18.0,"relics_obtained":["Omamori"]},{"damage_healed":0.0,"max_hp_gain":0.0,"max_hp_loss":0.0,"gold_gain":0.0,"event_name":"FaceTrader","player_choice":"Trade","floor":20.0,"gold_loss":0.0,"damage_taken":0.0,"relics_obtained":["SsserpentHead"]},{"damage_healed":0.0,"max_hp_gain":0.0,"max_hp_loss":0.0,"gold_gain":0.0,"event_name":"The Library","player_choice":"Read","floor":27.0,"gold_loss":0.0,"damage_taken":0.0,"cards_obtained":["Gash"]},{"damage_healed":0,"gold_gain":0,"player_choice":"Ignored","damage_taken":0,"max_hp_gain":0,"max_hp_loss":0,"event_name":"Tomb of Lord Red Mask","floor":36,"gold_loss":0},{"damage_healed":0,"gold_gain":0,"player_choice":"Upgraded","damage_taken":0,"max_hp_gain":0,"max_hp_loss":0,"event_name":"Upgrade Shrine","floor":38,"gold_loss":0,"cards_upgraded":["Defragment"]}],"is_beta":false,"boss_relics":[{"not_picked":["Inserter","Nuclear Battery"],"picked":"Sozu"},{"not_picked":["Fusion Hammer","Cursed Key"],"picked":"Calling Bell"}],"items_purged_floors":[10],"is_endless":false,"potions_floor_spawned":[3,7,16,18,19,24],"killed_by":"Jaw Worm Horde","ascension_level":1}}