{"host":"o7j6aatxjwpw1421","time":1610292101,"event":{"mods":["2.2 Compatiblity","AchievementEnabler","BaseMod","Colored Map","DeckTracker","Highlight Path","Keyboard Shortcuts","Minty Spire (QoL Compilation)","Permanent Neow","Quick Restart","StSLib","SuperFastMode","everything is the same but u backflip on backflip"],"gold_per_floor":[359,379,379,398,29,29,43,43,43,84,84,84,97,138,138,234,234,249,249,77,77,95,95,139,162,187,208,208,208,208,208,208,306,306,331,231,231,250,273,273,294,314,388,411,432,254,254,293,293,293,293],"floor_reached":52,"playtime":5218,"items_purged":["Injury","Glass Knife","Corpse Explosion"],"score":1999,"play_id":"636fdb5c-6588-4825-bca4-ece92285c73e","local_time":"20210111002141","is_ascension_mode":true,"campfire_choices":[{"data":"Apotheosis","floor":6.0,"key":"SMITH"},{"data":"Die Die Die","floor":8.0,"key":"SMITH"},{"floor":12.0,"key":"REST"},{"floor":15.0,"key":"DIG"},{"floor":23.0,"key":"REST"},{"floor":28.0,"key":"REST"},{"floor":30.0,"key":"DIG"},{"floor":32.0,"key":"DIG"},{"floor":40.0,"key":"DIG"},{"floor":49,"key":"DIG"}],"circlet_count":0,"master_deck":["AscendersBane","Survivor","Neutralize","Die Die Die+1","Deadly Poison","Apotheosis+1","Footwork","Well Laid Plans","Grand Finale","Tools of the Trade","Outmaneuver","Burst","Acrobatics","Deflect","Footwork","Terror+1","PiercingWail+1","Tactician+1","Dagger Throw","Escape Plan","Ghostly","Ghostly","Ghostly","Malaise","Prepared+1","Backflip","Blur+1"],"relics":["Ring of the Snake","Golden Idol","HornCleat","Shovel","Pen Nib","Tiny Chest","Pandora\u0027s Box","Bag of Preparation","Calipers","War Paint","Gremlin Horn","Sundial","MealTicket","HoveringKite","Blood Vial","Ornamental Fan","Gambling Chip","Bottled Tornado","Art of War"],"acts_visited":["Exordium","TheCity","TheBeyond"],"potions_floor_usage":[50],"damage_taken":[{"damage":0.0,"enemies":"Cultist","floor":1.0,"turns":4.0},{"damage":3.0,"enemies":"Small Slimes","floor":2.0,"turns":5.0},{"damage":1.0,"enemies":"2 Louse","floor":4.0,"turns":3.0},{"damage":3.0,"enemies":"Looter","floor":7.0,"turns":4.0},{"damage":9.0,"enemies":"Gremlin Nob","floor":10.0,"turns":4.0},{"damage":0.0,"enemies":"Exordium Wildlife","floor":13.0,"turns":2.0},{"damage":0.0,"enemies":"Lagavulin","floor":14.0,"turns":7.0},{"damage":32.0,"enemies":"Hexaghost","floor":16.0,"turns":15.0},{"damage":17.0,"enemies":"3 Byrds","floor":18.0,"turns":3.0},{"damage":22.0,"enemies":"Spheric Guardian","floor":22.0,"turns":4.0},{"damage":0.0,"enemies":"Gremlin Leader","floor":24.0,"turns":3.0},{"damage":18.0,"enemies":"Chosen and Byrds","floor":25.0,"turns":6.0},{"damage":0.0,"enemies":"Centurion and Healer","floor":27.0,"turns":3.0},{"damage":2.0,"enemies":"Automaton","floor":33.0,"turns":7.0},{"damage":3.0,"enemies":"3 Darklings","floor":35.0,"turns":3.0},{"damage":1.0,"enemies":"Orb Walker","floor":38.0,"turns":5.0},{"damage":3.0,"enemies":"Writhing Mass","floor":39.0,"turns":7.0},{"damage":13.0,"enemies":"Maw","floor":41.0,"turns":6.0},{"damage":3.0,"enemies":"Jaw Worm Horde","floor":42.0,"turns":4.0},{"damage":1,"enemies":"Transient","floor":44,"turns":6},{"damage":0,"enemies":"Maw","floor":45,"turns":7},{"damage":0,"enemies":"Nemesis","floor":48,"turns":7},{"damage":4,"enemies":"Time Eater","floor":50,"turns":13},{"damage":17,"enemies":"Awakened One","floor":51,"turns":10}],"seed_played":"4094887360796398414","potions_obtained":[{"floor":1.0,"key":"SteroidPotion"},{"floor":14.0,"key":"Strength Potion"},{"floor":16.0,"key":"FairyPotion"},{"floor":24.0,"key":"Block Potion"},{"floor":25.0,"key":"Regen Potion"}],"is_trial":false,"path_per_floor":["M","M","?","M","$","R","M","R","T","E","?","R","M","E","R","B",null,"M","?","$","?","M","R","E","M","T","M","R","T","R","?","R","B",null,"M","$","?","M","M","R","M","M","T","M","M","$","T","E","R","B","B",null],"character_chosen":"THE_SILENT","items_purchased":["Apotheosis","Footwork","Bag of Preparation","Dexterity Potion"],"campfire_rested":3,"item_purchase_floors":[5,5,20,46],"current_hp_per_floor":[44,41,41,40,40,40,37,37,37,28,28,47,47,47,47,15,53,36,36,36,36,14,33,33,15,15,15,34,34,34,33,33,31,33,30,33,33,32,29,29,30,29,29,30,32,33,33,33,33,29,14],"gold":293,"neow_bonus":"TWO_FIFTY_GOLD","is_daily":false,"chose_seed":false,"campfire_upgraded":2,"win_rate":0.0,"timestamp":1610292101,"path_taken":["M","?","?","M","$","R","M","R","T","E","?","R","M","E","R","BOSS","M","?","$","?","M","R","E","?","T","M","R","?","R","?","R","BOSS","M","$","?","?","M","R","M","M","T","M","M","$","?","E","R","BOSS","BOSS"],"items_purchased_type":["Card","Card","Relic","Potion"],"build_version":"2020-12-22","purchased_purges":3,"victory":true,"max_hp_per_floor":[66,66,66,66,66,66,66,66,66,66,66,66,66,66,66,66,66,66,66,66,66,66,66,66,66,66,66,66,66,66,33,33,33,33,33,33,33,33,33,33,33,33,33,33,33,33,33,33,33,33,33],"card_choices":[{"not_picked":["Eviscerate","Acrobatics","Sucker Punch"],"picked":"SKIP","floor":1.0},{"not_picked":["Quick Slash","Backflip"],"picked":"Die Die Die","floor":2.0},{"not_picked":["Backflip","Infinite Blades"],"picked":"Deadly Poison","floor":4.0},{"not_picked":["Footwork","Heel Hook","Underhanded Strike"],"picked":"SKIP","floor":7.0},{"not_picked":["Dodge and Roll","Bane","Endless Agony"],"picked":"SKIP","floor":10.0},{"not_picked":["Bane","Dash"],"picked":"Well Laid Plans","floor":13.0},{"not_picked":["Underhanded Strike","Bullet Time","All Out Attack"],"picked":"SKIP","floor":14.0},{"not_picked":["Tools of the Trade","Malaise"],"picked":"Grand Finale","floor":16.0},{"not_picked":["Outmaneuver","Underhanded Strike","Crippling Poison"],"picked":"SKIP","floor":18.0},{"not_picked":["Dagger Throw","Concentrate"],"picked":"PiercingWail+1","floor":22.0},{"not_picked":["Bane","Setup"],"picked":"Tactician","floor":24.0},{"not_picked":["Calculated Gamble","Catalyst"],"picked":"Dagger Throw","floor":25.0},{"not_picked":["Heel Hook","Cloak And Dagger"],"picked":"Escape Plan","floor":27.0},{"not_picked":["Doppelganger","Phantasmal Killer"],"picked":"Malaise","floor":33.0},{"not_picked":["Outmaneuver","Backflip"],"picked":"Prepared+1","floor":35.0},{"not_picked":["Escape Plan","Flying Knee+1"],"picked":"Backflip","floor":38.0},{"not_picked":["Caltrops","Dash","Masterful Stab"],"picked":"SKIP","floor":39.0},{"not_picked":["Bane","Poisoned Stab","Catalyst"],"picked":"SKIP","floor":41.0},{"not_picked":["All Out Attack","Quick Slash+1","Choke"],"picked":"SKIP","floor":42.0},{"not_picked":["Cloak And Dagger","Deadly Poison"],"picked":"Blur+1","floor":44},{"not_picked":["Infinite Blades","Poisoned Stab","Riddle With Holes"],"picked":"SKIP","floor":45},{"not_picked":["Predator","Quick Slash+1","Masterful Stab"],"picked":"SKIP","floor":48}],"player_experience":487842,"relics_obtained":[{"floor":9.0,"key":"HornCleat"},{"floor":10.0,"key":"Shovel"},{"floor":14.0,"key":"Pen Nib"},{"floor":15.0,"key":"Tiny Chest"},{"floor":24.0,"key":"Calipers"},{"floor":26.0,"key":"War Paint"},{"floor":29.0,"key":"Gremlin Horn"},{"floor":30.0,"key":"Sundial"},{"floor":32.0,"key":"MealTicket"},{"floor":40.0,"key":"Blood Vial"},{"floor":43.0,"key":"Ornamental Fan"},{"floor":47,"key":"Gambling Chip"},{"floor":48,"key":"Bottled Tornado"},{"floor":49,"key":"Art of War"}],"event_choices":[{"damage_healed":0.0,"max_hp_gain":0.0,"max_hp_loss":0.0,"gold_gain":0.0,"event_name":"Golden Idol","player_choice":"Take Wound","floor":3.0,"gold_loss":0.0,"damage_taken":0.0,"relics_obtained":["Golden Idol"],"cards_obtained":["Injury"]},{"cards_removed":["Strike_G"],"damage_healed":0.0,"max_hp_gain":0.0,"max_hp_loss":0.0,"gold_gain":0.0,"event_name":"Living Wall","player_choice":"Forget","floor":11.0,"gold_loss":0.0,"damage_taken":0.0},{"damage_healed":0.0,"max_hp_gain":0.0,"max_hp_loss":0.0,"gold_gain":0.0,"cards_transformed":["Concentrate","Concentrate"],"event_name":"Drug Dealer","player_choice":"Became Test Subject","floor":19.0,"gold_loss":0.0,"damage_taken":0.0,"cards_obtained":["Terror","Corpse Explosion"]},{"damage_healed":0.0,"max_hp_gain":0.0,"max_hp_loss":0.0,"gold_gain":0.0,"event_name":"Lab","player_choice":"Got Potions","floor":21.0,"gold_loss":0.0,"damage_taken":0.0},{"damage_healed":0.0,"max_hp_gain":0.0,"max_hp_loss":33.0,"gold_gain":0.0,"event_name":"Ghosts","player_choice":"Became a Ghost","floor":31.0,"gold_loss":0.0,"damage_taken":0.0,"cards_obtained":["Ghostly","Ghostly","Ghostly"]},{"damage_healed":0.0,"max_hp_gain":0.0,"max_hp_loss":0.0,"gold_gain":0.0,"event_name":"SecretPortal","player_choice":"Ignored","floor":37.0,"gold_loss":0.0,"damage_taken":0.0}],"is_beta":false,"boss_relics":[{"not_picked":["Ring of the Serpent","Astrolabe"],"picked":"Pandora\u0027s Box"},{"not_picked":["Runic Pyramid","Runic Dome"],"picked":"HoveringKite"}],"items_purged_floors":[5,36,46],"is_endless":false,"potions_floor_spawned":[1,14,16,18,24,25,27,35,38,39,48],"ascension_level":20}}