{"host":"Connor","time":1610253253,"event":{"mods":["Aspiration","BaseMod","Downfall","Hubris","Marisa????????","Minty Spire (QoL Compilation)","Replay The Spire","StSLib","The Cursed","The Jungle","The Servant 0.9.4"],"gold_per_floor":[117,117,27,38,48,48,75,75,75,75,75],"floor_reached":10,"playtime":261,"items_purged":[],"score":112,"play_id":"53d35a01-f726-44e9-aad5-b5e070460ce8","local_time":"20210109203413","is_ascension_mode":true,"campfire_choices":[{"floor":6,"key":"RECALL"},{"data":"Bouncing Flask","floor":8,"key":"SMITH"}],"circlet_count":0,"master_deck":["AscendersBane","Strike_G","Strike_G","Strike_G","Strike_G","Strike_G","Defend_G","Defend_G","Defend_G","Defend_G","Defend_G","Survivor","Neutralize","CurseOfTheBell","Bouncing Flask+1","Finesse","Distraction","PiercingWail","Unload"],"relics":["Calling Bell","Tiny Chest","FossilizedHelix","hubris:DeckOfHolding","Sundial","aspiration:VileToxins"],"acts_visited":["Exordium"],"potions_floor_usage":[2,4,4,10],"damage_taken":[{"damage":0,"enemies":"2 Louse","floor":1,"turns":2},{"damage":0,"enemies":"Cultist","floor":4,"turns":4},{"damage":0,"enemies":"Jaw Worm","floor":5,"turns":4},{"damage":24,"enemies":"Lagavulin","floor":7,"turns":9},{"damage":40,"enemies":"Gremlin Nob","floor":10,"turns":4}],"seed_played":"1876036934397445105","potions_obtained":[{"floor":2,"key":"EssenceOfSteel"},{"floor":2,"key":"Fruit Juice"},{"floor":2,"key":"Poison Potion"},{"floor":7,"key":"Venom Potion"}],"is_trial":false,"path_per_floor":["M","?","$","M","M","R","E","R","T","E"],"character_chosen":"THE_SILENT","items_purchased":["Finesse"],"campfire_rested":0,"item_purchase_floors":[3],"current_hp_per_floor":[59,64,64,64,64,64,40,40,40,0,0],"gold":75,"neow_bonus":"BOSS_RELIC","is_daily":false,"chose_seed":false,"campfire_upgraded":1,"win_rate":0.0,"timestamp":1610253253,"path_taken":["M","?","$","?","M","R","E","R","T","E"],"items_purchased_type":["Card"],"build_version":"2020-12-18","purchased_purges":0,"victory":false,"max_hp_per_floor":[66,71,71,71,71,71,71,71,71,71,71],"card_choices":[{"not_picked":["hubris:TrickCloak","Deflect"],"picked":"Bouncing Flask","floor":1},{"not_picked":["Terror","Acrobatics"],"picked":"Distraction","floor":4},{"not_picked":["Dagger Spray","Caltrops"],"picked":"PiercingWail","floor":5},{"not_picked":["PiercingWail","Slice"],"picked":"Unload","floor":7}],"player_experience":582037,"relics_obtained":[{"floor":0,"key":"Tiny Chest"},{"floor":0,"key":"FossilizedHelix"},{"floor":0,"key":"hubris:DeckOfHolding"},{"floor":7,"key":"Sundial"},{"floor":9,"key":"aspiration:VileToxins"}],"event_choices":[{"damage_healed":0,"gold_gain":0,"player_choice":"Got Potions","damage_taken":0,"max_hp_gain":0,"max_hp_loss":0,"event_name":"Lab","floor":2,"gold_loss":0}],"is_beta":true,"boss_relics":[],"items_purged_floors":[],"is_endless":false,"potions_floor_spawned":[7],"killed_by":"Gremlin Nob","ascension_level":14}}