{"host":"091y6d77ht7dl3wb","time":1610293795,"event":{"mods":["AchievementEnabler","BaseMod","Colored Map","Hermit","Minty Spire (QoL Compilation)","Rare Cards Sparkle","StSLib"],"gold_per_floor":[112,112,128,145,105,135,135,9,9,9,0,15,41,41,41,138,138,153,153,163,163,78,78,0,0,0,0,71,81,81,95,95,190,190,210,260,1,1,19,51,51,77,102,114,114,114,124,48,48,48],"floor_reached":51,"playtime":1923,"items_purged":[],"score":749,"play_id":"d37c7052-5538-43ac-a13d-f80a4d4f2059","local_time":"20210111004955","is_ascension_mode":false,"campfire_choices":[{"floor":7,"key":"REST"},{"data":"Dagger Spray","floor":10,"key":"SMITH"},{"floor":15,"key":"REST"},{"floor":23,"key":"REST"},{"data":"Blade Dance","floor":25,"key":"SMITH"},{"data":"Dagger Spray","floor":27,"key":"SMITH"},{"data":"Storm of Steel","floor":30,"key":"SMITH"},{"data":"Neutralize","floor":32,"key":"SMITH"},{"data":"Adrenaline","floor":46,"key":"SMITH"},{"data":"Slice","floor":49,"key":"SMITH"}],"circlet_count":0,"master_deck":["Strike_G","Strike_G","Strike_G","Defend_G","Defend_G","Defend_G","Defend_G","Defend_G","Survivor","Neutralize+1","Deflect","PiercingWail","Storm of Steel+1","Footwork+1","Dagger Spray+1","Accuracy+1","Dagger Spray+1","Slice+1","Acrobatics","Skewer","After Image+1","Outmaneuver+1","Blade Dance+1","Backflip","Slice+1","Adrenaline+1","Flechettes+1","Leg Sweep+1","Infinite Blades+1","Envenom+1","Endless Agony+1","Cloak And Dagger+1","Blade Dance+1","Choke+1"],"relics":["SlaversCollar","Frozen Egg 2","White Beast Statue","Odd Mushroom","Runic Pyramid","Mummified Hand","Eternal Feather","Molten Egg 2","WristBlade","CaptainsWheel","Toxic Egg 2","WingedGreaves","Pear","Happy Flower"],"acts_visited":["Exordium","TheCity","TheBeyond"],"potions_floor_usage":[6,6,16,16,33,33,40,42,44,44,50,50,50],"damage_taken":[{"damage":1,"enemies":"Cultist","floor":1,"turns":5},{"damage":0,"enemies":"Small Slimes","floor":3,"turns":5},{"damage":0,"enemies":"2 Louse","floor":4,"turns":4},{"damage":31,"enemies":"3 Sentries","floor":6,"turns":10},{"damage":0,"enemies":"Looter","floor":11,"turns":4},{"damage":11,"enemies":"Blue Slaver","floor":12,"turns":6},{"damage":19,"enemies":"The Mushroom Lair","floor":13,"turns":4},{"damage":9,"enemies":"The Guardian","floor":16,"turns":12},{"damage":10,"enemies":"Spheric Guardian","floor":18,"turns":4},{"damage":3,"enemies":"Chosen","floor":20,"turns":6},{"damage":2,"enemies":"Snake Plant","floor":29,"turns":5},{"damage":19,"enemies":"Sentry and Sphere","floor":31,"turns":6},{"damage":14,"enemies":"Champ","floor":33,"turns":15},{"damage":6,"enemies":"Orb Walker","floor":35,"turns":2},{"damage":5,"enemies":"Mind Bloom Boss Battle","floor":36,"turns":7},{"damage":0,"enemies":"3 Darklings","floor":39,"turns":4},{"damage":4,"enemies":"Nemesis","floor":40,"turns":5},{"damage":1,"enemies":"Giant Head","floor":42,"turns":6},{"damage":0,"enemies":"Transient","floor":44,"turns":5},{"damage":0,"enemies":"Sphere and 2 Shapes","floor":47,"turns":4},{"damage":68,"enemies":"Time Eater","floor":50,"turns":11}],"seed_played":"-6099102768208234236","potions_obtained":[{"floor":4,"key":"FearPotion"},{"floor":5,"key":"Weak Potion"},{"floor":5,"key":"CultistPotion"},{"floor":11,"key":"SpeedPotion"},{"floor":12,"key":"Strength Potion"},{"floor":16,"key":"Explosive Potion"},{"floor":18,"key":"DistilledChaos"},{"floor":20,"key":"Dexterity Potion"},{"floor":33,"key":"EntropicBrew"},{"floor":35,"key":"SteroidPotion"},{"floor":40,"key":"SpeedPotion"},{"floor":42,"key":"EssenceOfSteel"},{"floor":44,"key":"Fire Potion"},{"floor":47,"key":"CunningPotion"}],"is_trial":false,"path_per_floor":["M","?","M","M","?","E","R","$","T","R","M","M","?","?","R","B",null,"M","?","M","?","?","R","?","R","T","R","T","M","R","M","R","B",null,"M","?","$","$","M","E","?","E","T","M","?","R","M","$","R","B",null],"character_chosen":"THE_SILENT","items_purchased":["Dagger Spray","Accuracy+1","Toxic Egg 2","Choke+1"],"campfire_rested":3,"item_purchase_floors":[8,8,37,48],"current_hp_per_floor":[69,69,69,69,69,38,59,59,59,59,59,48,29,29,50,41,70,60,60,57,44,44,66,66,66,66,75,75,73,75,56,71,57,75,69,64,64,64,64,60,60,69,69,69,69,85,85,85,85,17],"gold":48,"neow_bonus":"BOSS_RELIC","is_daily":false,"chose_seed":false,"campfire_upgraded":7,"win_rate":0.0,"timestamp":1610293795,"path_taken":["M","?","?","M","?","E","R","$","T","R","?","M","?","?","R","BOSS","M","?","M","?","?","R","?","R","T","R","?","?","R","M","R","BOSS","M","?","?","$","M","E","?","E","T","?","?","R","M","$","R","BOSS"],"items_purchased_type":["Card","Card","Relic","Card"],"build_version":"2020-12-22","purchased_purges":0,"victory":true,"max_hp_per_floor":[70,70,70,70,70,70,70,70,70,70,70,70,70,70,70,70,70,70,70,70,75,75,75,75,75,75,75,75,75,75,75,75,75,75,75,75,75,75,75,75,75,85,85,85,85,85,85,85,85,85],"card_choices":[{"not_picked":["Sucker Punch","Heel Hook"],"picked":"Deflect","floor":1},{"not_picked":["Deflect","Calculated Gamble"],"picked":"PiercingWail","floor":3},{"not_picked":["Underhanded Strike","Blur"],"picked":"Storm of Steel","floor":4},{"not_picked":["Blade Dance","Eviscerate"],"picked":"Footwork+1","floor":6},{"not_picked":["Bane","Bouncing Flask"],"picked":"Dagger Spray","floor":11},{"not_picked":["Flying Knee","Sucker Punch"],"picked":"Slice","floor":12},{"not_picked":["Leg Sweep","Masterful Stab"],"picked":"Acrobatics","floor":13},{"not_picked":["Bullet Time","Doppelganger"],"picked":"After Image+1","floor":16},{"not_picked":["Well Laid Plans+1","Underhanded Strike+1"],"picked":"Outmaneuver+1","floor":18},{"not_picked":["Slice+1","Choke"],"picked":"Blade Dance","floor":20},{"not_picked":["Prepared","All Out Attack+1"],"picked":"Backflip","floor":29},{"not_picked":["Reflex","Dodge and Roll"],"picked":"Slice+1","floor":31},{"not_picked":["Die Die Die+1","Glass Knife+1"],"picked":"Adrenaline","floor":33},{"not_picked":["Prepared+1","Acrobatics"],"picked":"Flechettes+1","floor":35},{"not_picked":["Concentrate","Predator+1"],"picked":"Leg Sweep+1","floor":36},{"not_picked":["Noxious Fumes+1","Dagger Spray+1"],"picked":"Infinite Blades+1","floor":39},{"not_picked":["Dagger Spray+1","Poisoned Stab+1"],"picked":"Envenom+1","floor":40},{"not_picked":["Acrobatics+1","Night Terror+1"],"picked":"Endless Agony+1","floor":42},{"not_picked":["Underhanded Strike+1","Dodge and Roll+1"],"picked":"Cloak And Dagger+1","floor":44},{"not_picked":["Noxious Fumes+1","Acrobatics+1"],"picked":"Blade Dance+1","floor":47}],"player_experience":211142,"relics_obtained":[{"floor":6,"key":"Frozen Egg 2"},{"floor":9,"key":"White Beast Statue"},{"floor":13,"key":"Odd Mushroom"},{"floor":26,"key":"Eternal Feather"},{"floor":28,"key":"Molten Egg 2"},{"floor":36,"key":"CaptainsWheel"},{"floor":40,"key":"WingedGreaves"},{"floor":42,"key":"Pear"},{"floor":43,"key":"Happy Flower"}],"event_choices":[{"cards_removed":["Strike_G"],"damage_healed":0,"gold_gain":0,"player_choice":"Took Card","damage_taken":0,"max_hp_gain":0,"max_hp_loss":0,"event_name":"NoteForYourself","floor":2,"gold_loss":0,"cards_obtained":["Strike_B"]},{"damage_healed":0,"gold_gain":0,"player_choice":"Bought 3 Potions","damage_taken":0,"max_hp_gain":0,"max_hp_loss":0,"event_name":"The Woman in Blue","floor":5,"gold_loss":0},{"damage_healed":0,"gold_gain":0,"player_choice":"Fought Mushrooms","damage_taken":0,"max_hp_gain":0,"max_hp_loss":0,"event_name":"Mushrooms","floor":13,"gold_loss":0},{"damage_healed":0,"gold_gain":0,"cards_transformed":["Strike_B"],"player_choice":"Change","damage_taken":0,"max_hp_gain":0,"max_hp_loss":0,"event_name":"Living Wall","floor":14,"gold_loss":0,"cards_obtained":["Skewer"]},{"damage_healed":0,"gold_gain":0,"player_choice":"Ignored","damage_taken":0,"max_hp_gain":0,"max_hp_loss":0,"event_name":"Ghosts","floor":19,"gold_loss":0},{"damage_healed":0,"gold_gain":0,"player_choice":"Shed Blood","damage_taken":18,"max_hp_gain":5,"max_hp_loss":0,"event_name":"Forgotten Altar","floor":21,"gold_loss":0},{"damage_healed":0,"gold_gain":0,"player_choice":"Obtained Relic","damage_taken":0,"relics_obtained":["Mummified Hand"],"max_hp_gain":0,"max_hp_loss":0,"event_name":"Addict","floor":22,"gold_loss":85},{"damage_healed":0,"gold_gain":0,"player_choice":"Paid Fearfully","damage_taken":0,"max_hp_gain":0,"max_hp_loss":0,"event_name":"Masked Bandits","floor":24,"gold_loss":78},{"damage_healed":0,"gold_gain":0,"player_choice":"Fight","damage_taken":0,"max_hp_gain":0,"max_hp_loss":0,"event_name":"MindBloom","floor":36,"gold_loss":0},{"damage_healed":0,"gold_gain":0,"player_choice":"Ignored","damage_taken":0,"max_hp_gain":0,"max_hp_loss":0,"event_name":"SecretPortal","floor":41,"gold_loss":0},{"cards_removed":["Strike_G"],"damage_healed":0,"gold_gain":0,"player_choice":"Removed Attack","damage_taken":0,"max_hp_gain":0,"max_hp_loss":0,"event_name":"Falling","floor":45,"gold_loss":0}],"is_beta":false,"boss_relics":[{"not_picked":["Coffee Dripper","HoveringKite"],"picked":"Runic Pyramid"},{"not_picked":["Empty Cage","Velvet Choker"],"picked":"WristBlade"}],"items_purged_floors":[],"is_endless":false,"potions_floor_spawned":[4,11,12,13,16,18,20,29,31,33,35,36,39,40,42,44,47],"ascension_level":0}}