{"host":"7po9pgh86bqe2blc","time":1610302407,"event":{"mods":["BaseMod","ChefMod","Colored Map","Colored Powertips","Hermit","Koishi","Minty Spire (QoL Compilation)","StSLib","The Cursed","The Disciple","The Hierophant","The Runesmith"],"gold_per_floor":[109,129,146,165,177,177,187,187,235,235,235,235,250,105,105,209,209,227,243,261,261,278,278,40,51,51,70,70,70],"floor_reached":28,"playtime":3984,"items_purged":["chefmod:Strike","chefmod:Strike"],"score":241,"play_id":"1547da4d-2bbc-41c0-93a2-a896eafdef61","local_time":"20210110191327","is_ascension_mode":false,"campfire_choices":[{"data":"chefmod:OrderUp","floor":6,"key":"SMITH"},{"data":"chefmod:QuickThaw","floor":8,"key":"SMITH"},{"data":"chefmod:OrderUp","floor":11,"key":"SMITH"},{"floor":15,"key":"REST"},{"data":"chefmod:TwoForOne","floor":23,"key":"SMITH"}],"circlet_count":0,"master_deck":["chefmod:Strike","chefmod:Strike","chefmod:Defend","chefmod:Defend","chefmod:Defend","chefmod:QuickThaw+1","chefmod:TodaysSpecial","chefmod:RisingDough","chefmod:ZaruSoba","chefmod:OrderUp+1","chefmod:AlooGobi+1","chefmod:OrderUp+1","chefmod:Leftovers","chefmod:TonkotsuRamen","chefmod:TwoForOne+1","chefmod:FiveAlarmChili","chefmod:HotSoup","chefmod:AlooGobi","chefmod:FreezeSolid"],"relics":["chefmod:TrustyPot","chefmod:RollingPin","SlaversCollar","chefmod:WoodenSpoon","Membership Card","Bottled Flame"],"acts_visited":["Exordium","TheCity"],"potions_floor_usage":[28,28,28],"damage_taken":[{"damage":5,"enemies":"Small Slimes","floor":1,"turns":4},{"damage":0,"enemies":"2 Louse","floor":2,"turns":4},{"damage":3,"enemies":"Cultist","floor":3,"turns":3},{"damage":20,"enemies":"Exordium Thugs","floor":4,"turns":6},{"damage":16,"enemies":"Lots of Slimes","floor":5,"turns":5},{"damage":20,"enemies":"Gremlin Gang","floor":7,"turns":6},{"damage":1,"enemies":"2 Fungi Beasts","floor":13,"turns":4},{"damage":14,"enemies":"Slime Boss","floor":16,"turns":10},{"damage":0,"enemies":"Chosen","floor":18,"turns":8},{"damage":16,"enemies":"3 Byrds","floor":19,"turns":6},{"damage":4,"enemies":"Centurion and Healer","floor":20,"turns":6},{"damage":14,"enemies":"3 Cultists","floor":22,"turns":6},{"damage":3,"enemies":"Snecko","floor":25,"turns":5},{"damage":19,"enemies":"Centurion and Healer","floor":27,"turns":8},{"damage":22,"enemies":"Gremlin Leader","floor":28,"turns":4}],"seed_played":"-8942845000977743761","potions_obtained":[{"floor":4,"key":"LiquidBronze"},{"floor":7,"key":"BlessingOfTheForge"},{"floor":13,"key":"Fire Potion"},{"floor":25,"key":"Fire Potion"}],"is_trial":false,"path_per_floor":["M","M","M","M","M","R","M","R","T","?","R","?","M","$","R","B",null,"M","M","M","?","M","R","$","M","T","M","E"],"character_chosen":"THE_CHEF","items_purchased":["chefmod:TonkotsuRamen","Membership Card","chefmod:FreezeSolid"],"campfire_rested":1,"item_purchase_floors":[14,24,24],"current_hp_per_floor":[71,71,68,48,32,32,12,12,12,12,12,12,11,11,33,19,76,76,60,56,56,42,42,42,39,39,20,0,0],"gold":70,"neow_bonus":"ONE_RANDOM_RARE_CARD","is_daily":false,"chose_seed":false,"campfire_upgraded":4,"win_rate":0.0,"timestamp":1610302407,"path_taken":["M","M","M","M","M","R","M","R","T","?","R","?","M","$","R","BOSS","M","M","M","?","M","R","$","M","T","?","E"],"items_purchased_type":["Card","Relic","Card"],"build_version":"2020-12-13","purchased_purges":2,"victory":false,"max_hp_per_floor":[76,76,76,76,76,76,76,76,76,76,76,76,76,76,76,76,76,76,76,76,76,76,76,76,76,76,76,76,76],"card_choices":[{"not_picked":["chefmod:ColdSteel","chefmod:IcePick"],"picked":"chefmod:ZaruSoba","floor":1},{"not_picked":["chefmod:FryPan","chefmod:HotSoup","chefmod:Julienne"],"picked":"SKIP","floor":2},{"not_picked":["chefmod:DimSum","chefmod:FireUp","chefmod:Fillet"],"picked":"SKIP","floor":3},{"not_picked":["chefmod:CleanHouse","chefmod:ZaruSoba","chefmod:KnifeFlurry"],"picked":"SKIP","floor":4},{"not_picked":["chefmod:Granita","chefmod:DinoKale"],"picked":"chefmod:OrderUp","floor":5},{"not_picked":["chefmod:SliceAndDice","chefmod:BaoBuns"],"picked":"chefmod:AlooGobi","floor":7},{"not_picked":["chefmod:Fillet","chefmod:VegetableTart"],"picked":"chefmod:Leftovers","floor":13},{"not_picked":["chefmod:BananaSplit","chefmod:CandyBowl"],"picked":"chefmod:TwoForOne","floor":16},{"not_picked":["chefmod:Gelato","chefmod:KnifeFlurry","chefmod:FireUp+1"],"picked":"SKIP","floor":18},{"not_picked":["chefmod:Defrost","chefmod:Granita+1"],"picked":"chefmod:FiveAlarmChili","floor":19},{"not_picked":["chefmod:GroceryDelivery","chefmod:Escargot"],"picked":"chefmod:HotSoup","floor":20},{"not_picked":["chefmod:Granita+1","chefmod:GroceryDelivery"],"picked":"chefmod:AlooGobi","floor":22},{"not_picked":["chefmod:IcePick","chefmod:Fillet","chefmod:BleedOut"],"picked":"SKIP","floor":25},{"not_picked":["chefmod:VegetableTart","chefmod:Defrost+1","chefmod:CuttingBoard"],"picked":"SKIP","floor":27}],"player_experience":353714,"relics_obtained":[{"floor":9,"key":"chefmod:RollingPin"},{"floor":26,"key":"Bottled Flame"}],"event_choices":[{"damage_healed":0,"gold_gain":0,"cards_transformed":["chefmod:Strike"],"player_choice":"Change","damage_taken":0,"max_hp_gain":0,"max_hp_loss":0,"event_name":"Living Wall","floor":10,"gold_loss":0,"cards_obtained":["chefmod:OrderUp"]},{"damage_healed":0,"gold_gain":0,"player_choice":"Forge","damage_taken":0,"max_hp_gain":0,"max_hp_loss":0,"event_name":"Accursed Blacksmith","floor":12,"gold_loss":0,"cards_upgraded":["chefmod:AlooGobi"]},{"damage_healed":0,"gold_gain":0,"player_choice":"Gave Potion","damage_taken":0,"relics_obtained":["chefmod:WoodenSpoon"],"max_hp_gain":0,"max_hp_loss":0,"event_name":"WeMeetAgain","floor":21,"gold_loss":0}],"is_beta":false,"boss_relics":[{"not_picked":["Runic Pyramid","SacredBark"],"picked":"SlaversCollar"}],"items_purged_floors":[14,24],"is_endless":false,"potions_floor_spawned":[4,7,13,16,19,20,25],"killed_by":"Gremlin Leader","ascension_level":0}}