{"host":"ig7tc0uedzltt2sr","time":1610260038,"event":{"mods":["BaseMod","Better Twitch Integration","Block Reminder","Colored Map","Colored Powertips","Communication Mod","Current Relic Mod","GifTheSpireLib","HexUI Lib","Minty Spire (QoL Compilation)","Quick Restart","Random Character Button","Rare Cards Sparkle","Relic Sorter","Relic Stats","Slay the Relics Exporter","StSLib","SuperFastMode","Synergy Search","Twitch Decklist","Twitch Utils","everything is the same but u backflip on backflip","slay the spire mod where everything is the same but ironclad has a cowboy hat"],"gold_per_floor":[109,123,123,123,136,136,151,151,176,176,176],"floor_reached":10,"playtime":30,"items_purged":[],"score":58,"play_id":"e41dcb23-3be3-4f4d-a107-5c670f806e28","local_time":"20210109222718","is_ascension_mode":false,"campfire_choices":[{"data":"Strike_R","floor":6,"key":"SMITH"},{"data":"Bash","floor":8,"key":"SMITH"}],"circlet_count":0,"master_deck":["Strike_R+1","Strike_R","Strike_R","Strike_R","Strike_R","Defend_R","Defend_R","Defend_R","Defend_R","Bash+1"],"relics":["Burning Blood","NeowsBlessing","Bag of Preparation"],"acts_visited":["Exordium"],"potions_floor_usage":[],"damage_taken":[{"damage":0,"enemies":"2 Louse","floor":1,"turns":1},{"damage":0,"enemies":"Jaw Worm","floor":2,"turns":1},{"damage":0,"enemies":"Cultist","floor":5,"turns":1},{"damage":43,"enemies":"Blue Slaver","floor":7,"turns":5},{"damage":54,"enemies":"Lagavulin","floor":10,"turns":5}],"seed_played":"-4316962140591331727","potions_obtained":[{"floor":7,"key":"GamblersBrew"}],"is_trial":false,"path_per_floor":["M","M","$","?","M","R","M","R","T","E"],"character_chosen":"IRONCLAD","items_purchased":[],"campfire_rested":0,"item_purchase_floors":[],"current_hp_per_floor":[80,80,80,80,80,80,43,43,43,0,0],"gold":176,"neow_bonus":"THREE_ENEMY_KILL","is_daily":false,"chose_seed":false,"campfire_upgraded":2,"win_rate":0.0,"timestamp":1610260038,"path_taken":["M","M","$","?","M","R","M","R","T","E"],"items_purchased_type":[],"build_version":"2020-12-22","purchased_purges":0,"victory":false,"max_hp_per_floor":[80,80,80,80,80,80,80,80,80,80,80],"relic_stats":{"counters":[5,13],"Bag of Preparation":[2],"obtain_stats":[{"NeowsBlessing":0,"Bag of Preparation":9,"Burning Blood":0},{"NeowsBlessing":0,"Bag of Preparation":4,"Burning Blood":0},{"NeowsBlessing":0,"Bag of Preparation":8,"Burning Blood":0}],"Burning Blood":6},"card_choices":[{"not_picked":["Perfected Strike","Entrench","Pommel Strike"],"picked":"SKIP","floor":1},{"not_picked":["Whirlwind","Heavy Blade","Warcry"],"picked":"SKIP","floor":2},{"not_picked":["Rage","Perfected Strike","Blood for Blood"],"picked":"SKIP","floor":5},{"not_picked":["Iron Wave","Body Slam","Heavy Blade"],"picked":"SKIP","floor":7}],"player_experience":1496519,"relics_obtained":[{"floor":9,"key":"Bag of Preparation"}],"event_choices":[{"damage_healed":0,"gold_gain":0,"player_choice":"Ignored","damage_taken":0,"max_hp_gain":0,"max_hp_loss":0,"event_name":"Liars Game","floor":4,"gold_loss":0}],"is_beta":false,"boss_relics":[],"items_purged_floors":[],"is_endless":false,"potions_floor_spawned":[7],"killed_by":"Lagavulin","ascension_level":0}}