{"host":"sxnl403xm2xmiyj1","time":1610281415,"event":{"mods":["BaseMod","Colored Map","Keyboard Shortcuts","Lobotomy","Minty Spire (QoL Compilation)","Quick Restart","StSLib","SuperFastMode"],"gold_per_floor":[112,131,131,142,40,40,40,68,68,68,81,81,93,125,125,125,125],"floor_reached":16,"playtime":471,"items_purged":[],"score":165,"play_id":"0b70fbe9-c4a0-4390-991f-7bf77bcdc455","local_time":"20210110212335","is_ascension_mode":true,"campfire_choices":[],"circlet_count":0,"master_deck":["AscendersBane","SpecialBullet","SpecialBullet","SpecialBullet","SpecialBullet","SpecialBullet","SpecialBullet","SpecialBullet","SpecialBullet","InformationCode","SecurityCode","WelfareCode","Mimicry+1","SpiderBud","CherryBlossom+1","DisciplinaryCode","SoundOfStar","GreenStem","Gaze","UniverseFragment","OldLady","Reverberation","OSAHOGD","Soda","SoundOfStar","RecordCode"],"relics":["CogitoBucket","Omamori","Meat on the Bone","TreeSap","Blue Candle"],"acts_visited":["Exordium"],"potions_floor_usage":[],"damage_taken":[{"damage":0.0,"enemies":"Small Slimes","floor":1.0,"turns":2.0},{"damage":6.0,"enemies":"Cultist","floor":2.0,"turns":3.0},{"damage":19.0,"enemies":"Jaw Worm","floor":4.0,"turns":3.0},{"damage":24.0,"enemies":"3 Sentries","floor":8.0,"turns":4.0},{"damage":12.0,"enemies":"Large Slime","floor":11.0,"turns":5.0},{"damage":28.0,"enemies":"Blue Slaver","floor":13.0,"turns":6.0},{"damage":18,"enemies":"Gremlin Nob","floor":14,"turns":4},{"damage":48,"enemies":"Hexaghost","floor":16,"turns":5}],"seed_played":"-3606870418227730669","potions_obtained":[{"floor":2.0,"key":"Explosive Potion"},{"floor":11.0,"key":"DistilledChaos"},{"floor":14,"key":"SkillPotion"}],"is_trial":false,"path_per_floor":["M","M","?","M","$","R","?","E","T","R","M","R","M","E","R","B"],"character_chosen":"Angela","items_purchased":["GreenStem","Gaze"],"campfire_rested":0,"item_purchase_floors":[5,5],"current_hp_per_floor":[63,63,50,39,39,39,39,23,23,23,35,35,31,48,48,0,0],"gold":125,"neow_bonus":"THREE_RARE_CARDS","is_daily":false,"chose_seed":false,"campfire_upgraded":0,"win_rate":0.0,"timestamp":1610281415,"path_taken":["M","M","?","M","$","R","?","E","T","R","M","R","M","E","R","BOSS"],"items_purchased_type":["Card","Card"],"build_version":"2020-12-22","purchased_purges":0,"victory":false,"max_hp_per_floor":[63,63,63,63,63,63,63,63,63,63,67,67,71,71,71,71,71],"card_choices":[{"not_picked":["Adoration","SoundOfStar"],"picked":"Mimicry","floor":0.0},{"not_picked":["Porccubus","CrumblingArmor"],"picked":"SpiderBud","floor":1.0},{"not_picked":["Penitence","Hypocrisy"],"picked":"SKIP","floor":1.0},{"not_picked":["Penitence","Hypocrisy"],"picked":"SKIP","floor":1.0},{"not_picked":["Penitence"],"picked":"CherryBlossom","floor":2.0},{"not_picked":["VoidDream","CrumblingArmor"],"picked":"Bloodbath","floor":4.0},{"not_picked":["Amita"],"picked":"SoundOfStar","floor":4.0},{"not_picked":["HeroicMonk","Rudolta"],"picked":"UniverseFragment","floor":8.0},{"not_picked":["FeatherOfHonor","SwordSharpenedByTears"],"picked":"SKIP","floor":8.0},{"not_picked":["Bloodbath","VoidDream"],"picked":"OldLady","floor":11.0},{"not_picked":["SolemnVow"],"picked":"Reverberation","floor":11.0},{"not_picked":["LongBird","FairyFestival"],"picked":"OSAHOGD","floor":13.0},{"not_picked":["BlackSwan_ego"],"picked":"Soda","floor":13.0},{"not_picked":["Logging"],"picked":"SoundOfStar","floor":14}],"player_experience":223744,"relics_obtained":[{"floor":8.0,"key":"Omamori"},{"floor":9.0,"key":"Meat on the Bone"},{"floor":14,"key":"Blue Candle"}],"event_choices":[{"damage_healed":0.0,"max_hp_gain":0.0,"max_hp_loss":0.0,"gold_gain":0.0,"event_name":"Shining Light","player_choice":"Entered Light","floor":3.0,"gold_loss":0.0,"damage_taken":13.0,"cards_upgraded":["CherryBlossom","Mimicry"]},{"cards_removed":["Bloodbath"],"damage_healed":0.0,"max_hp_gain":0.0,"max_hp_loss":0.0,"gold_gain":0.0,"event_name":"Purifier","player_choice":"Purged","floor":7.0,"gold_loss":0.0,"damage_taken":0.0}],"is_beta":false,"boss_relics":[],"items_purged_floors":[],"is_endless":false,"potions_floor_spawned":[2,11,14],"killed_by":"Hexaghost","ascension_level":10}}