{"host":"skr63qsdfgeey3it","time":1610313488,"event":{"mods":["BaseMod","Colored Map","Minty Spire (QoL Compilation)","Replay The Spire","Spicy Shops","StSLib"],"gold_per_floor":[117,117,117,130,144,144,144,144,144,144,163,188,18,50,50,148,148,167,167,185,37,55,55,130,147,147,177,452,452,452],"floor_reached":29,"playtime":1248,"items_purged":[],"score":400,"play_id":"7e58a34a-b850-45c3-9c9f-6df44af860a9","local_time":"20210110151808","is_ascension_mode":true,"campfire_choices":[{"data":"Chaos","floor":6,"key":"SMITH"},{"data":"Zap","floor":10,"key":"SMITH"},{"data":"Apotheosis","floor":15,"key":"SMITH"}],"circlet_count":0,"master_deck":["Strike_B","Strike_B","Strike_B","Defend_B","Defend_B","Defend_B","Defend_B","Zap+1","Dualcast","Chaos+1","Capacitor","Melter","BootSequence","Chill","Apotheosis+1","Conserve Battery","Electrodynamics","Pot Of Greed","Pot Of Greed","Redo","Barrage","Conserve Battery","Regret"],"relics":["Cracked Core","NeowsBlessing","Orichalcum","Chameleon Ring","MealTicket","InkBottle","Nuclear Battery","Grinning Jar","Solar Panel","Replay:Antivirus Software"],"acts_visited":["Exordium","TheCity"],"potions_floor_usage":[12,14,20,22,27,29,29],"damage_taken":[{"damage":0,"enemies":"2 Louse","floor":1,"turns":1},{"damage":0,"enemies":"Jaw Worm","floor":4,"turns":1},{"damage":0,"enemies":"Cultist","floor":5,"turns":1},{"damage":0,"enemies":"Large Slime","floor":11,"turns":6},{"damage":0,"enemies":"3 Sentries","floor":12,"turns":11},{"damage":24,"enemies":"Gremlin Nob","floor":14,"turns":5},{"damage":2,"enemies":"The Guardian","floor":16,"turns":9},{"damage":26,"enemies":"Shell Parasite","floor":18,"turns":6},{"damage":6,"enemies":"2 Thieves","floor":20,"turns":4},{"damage":0,"enemies":"3 Cultists","floor":22,"turns":3},{"damage":5,"enemies":"Centurion and Healer","floor":25,"turns":6},{"damage":27,"enemies":"Replay:Snechameleon","floor":27,"turns":6},{"damage":23,"enemies":"Slavers","floor":29,"turns":2}],"seed_played":"-4122981725179996794","potions_obtained":[{"floor":1,"key":"Elixir"},{"floor":11,"key":"PowerPotion"},{"floor":12,"key":"DuplicationPotion"},{"floor":18,"key":"FocusPotion"},{"floor":22,"key":"Fruit Juice"},{"floor":23,"key":"AttackPotion"},{"floor":23,"key":"Weak Potion"},{"floor":25,"key":"Elixir"}],"is_trial":false,"path_per_floor":["M","?","?","M","M","R","?","?","T","R","M","E","$","E","R","B",null,"M","?","M","$","M","R","?","M","T","E","?","E"],"character_chosen":"DEFECT","items_purchased":["Apotheosis","Grinning Jar"],"campfire_rested":0,"item_purchase_floors":[13,21],"current_hp_per_floor":[68,61,61,61,61,61,61,61,61,61,61,61,75,51,51,49,69,43,43,37,52,59,59,51,46,46,23,23,0,0],"gold":452,"neow_bonus":"THREE_ENEMY_KILL","is_daily":false,"chose_seed":false,"campfire_upgraded":3,"win_rate":0.0,"timestamp":1610313488,"path_taken":["M","?","?","?","M","R","?","?","T","R","?","E","$","E","R","BOSS","M","?","M","$","M","R","?","?","T","E","?","E"],"items_purchased_type":["Card","Relic"],"build_version":"2020-12-22","purchased_purges":0,"victory":false,"max_hp_per_floor":[75,75,75,75,75,75,75,75,75,75,75,75,75,75,75,75,75,75,75,75,75,82,82,82,82,82,82,82,82,82],"card_choices":[{"not_picked":["Beam Cell","Turbo"],"picked":"Chaos","floor":1},{"not_picked":["Gash","Conserve Battery"],"picked":"Capacitor","floor":4},{"not_picked":["Coolheaded","Storm"],"picked":"Melter","floor":5},{"not_picked":["Coolheaded","Hologram"],"picked":"Chill","floor":11},{"not_picked":["ReplayTheSpireMod:System Scan","ReplaySolidLightProjector","Coolheaded"],"picked":"SKIP","floor":12},{"not_picked":["Barrage","Panic Button"],"picked":"Conserve Battery","floor":14},{"not_picked":["Multi-Cast","Amplify"],"picked":"Electrodynamics","floor":16},{"not_picked":["Turbo","Cold Snap","Stack"],"picked":"SKIP","floor":18},{"not_picked":["Gash","ReplayTheSpireMod:Omega Cannon","Steam"],"picked":"SKIP","floor":20},{"not_picked":["Stack","Go for the Eyes"],"picked":"Redo","floor":22},{"not_picked":["Leap","Glacier"],"picked":"Barrage","floor":25},{"not_picked":["ReplayTheSpireMod:Repulse","FTL"],"picked":"Conserve Battery","floor":27}],"player_experience":737213,"relics_obtained":[{"floor":9,"key":"Chameleon Ring"},{"floor":12,"key":"MealTicket"},{"floor":14,"key":"InkBottle"},{"floor":26,"key":"Solar Panel"},{"floor":27,"key":"Replay:Antivirus Software"}],"event_choices":[{"cards_removed":["Strike_B"],"damage_healed":0,"gold_gain":0,"player_choice":"Card Removal","damage_taken":7,"max_hp_gain":0,"max_hp_loss":0,"event_name":"Golden Wing","floor":2,"gold_loss":0},{"damage_healed":0,"gold_gain":0,"player_choice":"Gave Potion","damage_taken":0,"relics_obtained":["Orichalcum"],"max_hp_gain":0,"max_hp_loss":0,"event_name":"WeMeetAgain","floor":3,"gold_loss":0},{"damage_healed":0,"gold_gain":0,"player_choice":"1 cards matched","damage_taken":0,"max_hp_gain":0,"max_hp_loss":0,"event_name":"Match and Keep!","floor":8,"gold_loss":0,"cards_obtained":["BootSequence"]},{"damage_healed":0,"gold_gain":75,"player_choice":"Touch","damage_taken":8,"max_hp_gain":0,"max_hp_loss":0,"event_name":"FaceTrader","floor":24,"gold_loss":0},{"damage_healed":0,"gold_gain":275,"player_choice":"Desecrate","damage_taken":0,"max_hp_gain":0,"max_hp_loss":0,"event_name":"Golden Shrine","floor":28,"gold_loss":0,"cards_obtained":["Regret"]}],"is_beta":false,"boss_relics":[{"not_picked":["Busted Crown","Snecko Eye"],"picked":"Nuclear Battery"}],"items_purged_floors":[],"is_endless":false,"potions_floor_spawned":[1,11,12,18,22,25],"killed_by":"Slavers","ascension_level":9}}