{"host":"2nhpogk5xa0u9xre","time":1610275079,"event":{"mods":["Aspiration","BaseMod","Colored Powertips","Googly Eyes","Hubris","Infinite Spire","Minty Spire (QoL Compilation)","Rare Cards Sparkle","Replay The Spire","StSLib","The Construct","The Hayseed","The Hierophant","The Runesmith","The Senshi","everything is the same but u backflip on backflip"],"gold_per_floor":[115,115,128,180,355,355,80,80,105,117,129,168,180,220,232,244,244],"floor_reached":16,"playtime":532,"items_purged":["Doubt"],"score":94,"play_id":"9d4d7c3d-fe7a-4ffd-b205-4433ce439153","local_time":"20210110053759","is_ascension_mode":false,"campfire_choices":[{"data":"theSenshi:CrisisMakeUp","floor":6,"key":"SMITH"},{"floor":11,"key":"REST"},{"data":"theSenshi:RoseThrow","floor":13,"key":"SMITH"},{"data":"theSenshi:SaturnsMystery","floor":15,"key":"SMITH"}],"circlet_count":0,"master_deck":["theSenshi:SailorKick","theSenshi:SailorKick","theSenshi:SailorKick","theSenshi:SailorBlock","theSenshi:SailorBlock","theSenshi:SailorBlock","theSenshi:RoseThrow+1","theSenshi:MoonPrismPowerMakeUp+1","theSenshi:CrisisMakeUp+1","theSenshi:SteeledNerves+1","theSenshi:LateForSchool","theSenshi:LateForSchool","Voices","theSenshi:SaturnsMystery+1"],"relics":["theSenshi:TransformationBroochRelic","Centennial Puzzle","theSenshi:RoseRelic","ReplayTheSpireMod:Ring of Collecting","Ring of Peace","MawBank","Ring of Fury","Ancient Tea Set","Counterbalance"],"acts_visited":["Exordium"],"potions_floor_usage":[16],"damage_taken":[{"damage":0,"enemies":"Cultist","floor":1,"turns":4},{"damage":2,"enemies":"Jaw Worm","floor":3,"turns":6},{"damage":1,"enemies":"Lagavulin","floor":14,"turns":9},{"damage":87,"enemies":"Fading Forest","floor":16,"turns":9}],"seed_played":"-4238665048748226769","potions_obtained":[{"floor":14,"key":"SpeedPotion"}],"is_trial":false,"path_per_floor":["M","?","M","T","?","R","$","?","T","?","R","T","R","E","R","B"],"character_chosen":"THE_SENSHI","items_purchased":["theSenshi:RoseRelic","theSenshi:LateForSchool"],"campfire_rested":1,"item_purchase_floors":[7,7],"current_hp_per_floor":[68,61,59,59,59,59,59,59,59,45,65,65,65,64,64,0,0],"gold":244,"neow_bonus":"TRANSFORM_TWO_CARDS","is_daily":false,"chose_seed":false,"campfire_upgraded":3,"win_rate":0.0,"timestamp":1610275079,"path_taken":["M","?","M","?","?","R","$","?","T","?","R","?","R","E","R","BOSS"],"items_purchased_type":["Relic","Card"],"build_version":"2020-12-22","purchased_purges":1,"victory":false,"max_hp_per_floor":[68,68,68,68,68,68,68,68,68,68,68,68,68,68,68,68,68],"card_choices":[{"not_picked":["theSenshi:HesSoDreamy","theSenshi:SupersonicWaves"],"picked":"theSenshi:SteeledNerves","floor":1},{"not_picked":["theSenshi:MoonsReflection","theSenshi:SchoolBag"],"picked":"theSenshi:LateForSchool","floor":3},{"not_picked":["theSenshi:MoonCrisisMakeUp","theSenshi:TuxedoSmokingBomber"],"picked":"theSenshi:SaturnsMystery","floor":14}],"player_experience":228783,"relics_obtained":[{"floor":4,"key":"Centennial Puzzle"},{"floor":8,"key":"ReplayTheSpireMod:Ring of Collecting"},{"floor":9,"key":"Ring of Peace"},{"floor":9,"key":"MawBank"},{"floor":12,"key":"Ring of Fury"},{"floor":12,"key":"Ancient Tea Set"},{"floor":14,"key":"Counterbalance"}],"event_choices":[{"cards_removed":["theSenshi:HesSoDreamy"],"damage_healed":0,"gold_gain":0,"player_choice":"Card Removal","damage_taken":7,"max_hp_gain":0,"max_hp_loss":0,"event_name":"Golden Wing","floor":2,"gold_loss":0},{"damage_healed":0,"gold_gain":175,"player_choice":"AGREE","damage_taken":0,"max_hp_gain":0,"max_hp_loss":0,"event_name":"Liars Game","floor":5,"gold_loss":0,"cards_obtained":["Doubt"]},{"damage_healed":0,"gold_gain":0,"player_choice":"Entered Light","damage_taken":14,"max_hp_gain":0,"max_hp_loss":0,"event_name":"Shining Light","floor":10,"gold_loss":0,"cards_upgraded":["theSenshi:MoonPrismPowerMakeUp","theSenshi:SteeledNerves"]}],"is_beta":false,"boss_relics":[],"items_purged_floors":[7],"is_endless":false,"potions_floor_spawned":[14],"killed_by":"Fading Forest","ascension_level":0}}