{"host":"058erotkld4bsq33","time":1610268199,"event":{"mods":["BaseMod","Better Third Choice","Colored Powertips","Curses Come First","Dark Map","Minty Spire (QoL Compilation)","Quick Restart","Rare Cards Sparkle","Relic Stats","StSLib","UnlockEverythingMod"],"gold_per_floor":[109,109,32,50,63,63,96,96,119,145,145,145,145,9,9,110,110,124,141,141,56,56,56,69,69,69,81,11,11,26,43,43,145,145,165,9,23,37,37,37,63,63,63,79,79,79],"floor_reached":45,"playtime":3058,"items_purged":[],"score":451,"play_id":"b20cba50-1214-427e-a0dc-e4b64e530ebc","local_time":"20210110004319","is_ascension_mode":false,"campfire_choices":[{"data":"Infinite Blades","floor":6.0,"key":"SMITH"},{"data":"Sucker Punch","floor":8.0,"key":"SMITH"},{"data":"Dodge and Roll","floor":13.0,"key":"SMITH"},{"floor":15.0,"key":"REST"},{"data":"Terror","floor":23.0,"key":"SMITH"},{"data":"Finesse","floor":25.0,"key":"SMITH"},{"floor":29.0,"key":"REST"},{"floor":32.0,"key":"REST"},{"floor":40.0,"key":"REST"},{"floor":42,"key":"REST"}],"circlet_count":0,"master_deck":["Strike_G","Strike_G","Strike_G","Strike_G","Strike_G","Defend_G","Defend_G","Defend_G+1","Defend_G","Defend_G+1","Survivor","Neutralize+1","Infinite Blades+1","Sucker Punch+1","PiercingWail","Slice","Dodge and Roll+1","Finesse+1","Corpse Explosion","CurseOfTheBell","Catalyst+1","Terror+1","Deflect+1","Wraith Form v2","Dark Shackles","Sucker Punch","Flying Knee+1","Adrenaline","Dagger Spray+1","The Bomb","Predator+1","Backstab+1","Dodge and Roll+1","Backstab"],"relics":["Ring of the Snake","War Paint","Bronze Scales","Art of War","Juzu Bracelet","Calling Bell","Centennial Puzzle","The Courier","The Specimen","Shuriken","Paper Crane","SlaversCollar","Lantern","Ice Cream"],"acts_visited":["Exordium","TheCity","TheBeyond"],"potions_floor_usage":[41],"damage_taken":[{"damage":0.0,"enemies":"Cultist","floor":1.0,"turns":4.0},{"damage":0.0,"enemies":"2 Louse","floor":4.0,"turns":3.0},{"damage":0.0,"enemies":"Jaw Worm","floor":5.0,"turns":4.0},{"damage":23.0,"enemies":"3 Sentries","floor":7.0,"turns":8.0},{"damage":6.0,"enemies":"Gremlin Nob","floor":10.0,"turns":4.0},{"damage":23.0,"enemies":"The Guardian","floor":16.0,"turns":13.0},{"damage":0.0,"enemies":"Chosen","floor":18.0,"turns":6.0},{"damage":14.0,"enemies":"2 Thieves","floor":19.0,"turns":3.0},{"damage":10.0,"enemies":"Snake Plant","floor":24.0,"turns":5.0},{"damage":2.0,"enemies":"Centurion and Healer","floor":27.0,"turns":6.0},{"damage":7.0,"enemies":"3 Cultists","floor":30.0,"turns":3.0},{"damage":15.0,"enemies":"Sentry and Sphere","floor":31.0,"turns":5.0},{"damage":56.0,"enemies":"Collector","floor":33.0,"turns":9.0},{"damage":7.0,"enemies":"Orb Walker","floor":35.0,"turns":4.0},{"damage":19.0,"enemies":"3 Shapes","floor":37.0,"turns":3.0},{"damage":9.0,"enemies":"3 Darklings","floor":38.0,"turns":3.0},{"damage":32,"enemies":"Giant Head","floor":41,"turns":9},{"damage":0,"enemies":"4 Shapes","floor":44,"turns":6}],"seed_played":"1840625680530182738","potions_obtained":[{"floor":5.0,"key":"ColorlessPotion"},{"floor":24.0,"key":"Explosive Potion"},{"floor":27.0,"key":"SteroidPotion"},{"floor":31.0,"key":"DistilledChaos"},{"floor":38.0,"key":"Weak Potion"}],"is_trial":false,"path_per_floor":["M","?","?","M","M","R","E","R","T","E","?","?","R","$","R","B",null,"M","M","?","?","?","R","M","R","T","M","$","R","M","M","R","B",null,"M","$","M","M","$","R","E","R","T","M","?"],"character_chosen":"THE_SILENT","items_purchased":["Finesse","ColorlessPotion","Dark Shackles","The Bomb"],"campfire_rested":5,"item_purchase_floors":[14,14,28,36],"current_hp_per_floor":[70,75,75,75,75,75,52,52,52,46,46,46,46,46,68,45,75,75,61,61,61,61,61,51,51,51,49,49,71,64,49,71,15,75,68,68,49,40,40,62,30,52,52,52,52,52],"gold":79,"neow_bonus":"UPGRADE_CARD","is_daily":false,"chose_seed":false,"campfire_upgraded":5,"win_rate":0.0,"timestamp":1610268199,"path_taken":["M","?","?","?","M","R","E","R","T","E","?","?","R","$","R","BOSS","M","M","?","?","?","R","M","R","T","M","$","R","M","M","R","BOSS","M","$","M","M","?","R","E","R","T","M","?"],"items_purchased_type":["Card","Potion","Card","Card"],"build_version":"2020-12-22","purchased_purges":0,"victory":false,"max_hp_per_floor":[70,75,75,75,75,75,75,75,75,75,75,75,75,75,75,75,75,75,75,75,75,75,75,75,75,75,75,75,75,75,75,75,75,75,75,75,75,75,75,75,75,75,75,75,75,75],"relic_stats":{"Centennial Puzzle":[30],"counters":[18,98],"Shuriken":[23],"Bronze Scales":[210],"Art of War":[5],"Juzu Bracelet":1,"War Paint":["Defend_G","Defend_G"],"obtain_stats":[{"Ice Cream":43,"Lantern":41,"The Specimen":17,"The Courier":17,"Juzu Bracelet":10,"War Paint":3,"Paper Crane":26,"Calling Bell":17,"SlaversCollar":34,"Centennial Puzzle":17,"Shuriken":21,"Bronze Scales":7,"Art of War":9,"Ring of the Snake":0},{"Ice Cream":17,"Lantern":17,"The Specimen":6,"The Courier":6,"Juzu Bracelet":5,"War Paint":1,"Paper Crane":9,"Calling Bell":6,"SlaversCollar":13,"Centennial Puzzle":6,"Shuriken":8,"Bronze Scales":4,"Art of War":4,"Ring of the Snake":0},{"Ice Cream":92,"Lantern":92,"The Specimen":36,"The Courier":36,"Juzu Bracelet":23,"War Paint":4,"Paper Crane":50,"Calling Bell":36,"SlaversCollar":73,"Centennial Puzzle":36,"Shuriken":45,"Bronze Scales":19,"Art of War":19,"Ring of the Snake":0}],"Ring of the Snake":[36]},"card_choices":[{"not_picked":["Flying Knee","Bouncing Flask"],"picked":"Infinite Blades","floor":1.0},{"not_picked":["Tactician","Underhanded Strike"],"picked":"Sucker Punch","floor":4.0},{"not_picked":["Leg Sweep","Blade Dance"],"picked":"PiercingWail","floor":5.0},{"not_picked":["Finisher","Concentrate"],"picked":"Slice","floor":7.0},{"not_picked":["Flying Knee","Envenom"],"picked":"Dodge and Roll","floor":10.0},{"not_picked":["Doppelganger","Unload"],"picked":"Corpse Explosion","floor":16.0},{"not_picked":["Leg Sweep+1","Sucker Punch"],"picked":"Catalyst","floor":18.0},{"not_picked":["Dagger Spray+1","Deflect"],"picked":"Terror","floor":19.0},{"not_picked":["Outmaneuver","Setup+1"],"picked":"Deflect+1","floor":24.0},{"not_picked":["Finisher","PiercingWail"],"picked":"Wraith Form v2","floor":27.0},{"not_picked":["Acrobatics+1","Quick Slash"],"picked":"Sucker Punch","floor":30.0},{"not_picked":["Concentrate","Underhanded Strike+1"],"picked":"Flying Knee+1","floor":31.0},{"not_picked":["Bullet Time","Malaise"],"picked":"Adrenaline","floor":33.0},{"not_picked":["Bane","Prepared"],"picked":"Dagger Spray+1","floor":35.0},{"not_picked":["Dodge and Roll","Cloak And Dagger+1"],"picked":"Predator+1","floor":37.0},{"not_picked":["PiercingWail","Slice"],"picked":"Backstab+1","floor":38.0},{"not_picked":["Flying Knee","Dagger Spray"],"picked":"Dodge and Roll+1","floor":41},{"not_picked":["Reflex+1","Deflect+1"],"picked":"Backstab","floor":44}],"player_experience":106683,"relics_obtained":[{"floor":7.0,"key":"Bronze Scales"},{"floor":9.0,"key":"Art of War"},{"floor":10.0,"key":"Juzu Bracelet"},{"floor":17.0,"key":"Centennial Puzzle"},{"floor":17.0,"key":"The Courier"},{"floor":17.0,"key":"The Specimen"},{"floor":26.0,"key":"Paper Crane"},{"floor":41,"key":"Lantern"},{"floor":43,"key":"Ice Cream"}],"event_choices":[{"damage_healed":0.0,"max_hp_gain":5.0,"max_hp_loss":0.0,"gold_gain":0.0,"event_name":"Big Fish","player_choice":"Donut","floor":2.0,"gold_loss":0.0,"damage_taken":0.0},{"damage_healed":0.0,"max_hp_gain":0.0,"max_hp_loss":0.0,"gold_gain":0.0,"event_name":"WeMeetAgain","player_choice":"Paid Gold","floor":3.0,"gold_loss":77.0,"damage_taken":0.0,"relics_obtained":["War Paint"]},{"damage_healed":0.0,"max_hp_gain":0.0,"max_hp_loss":0.0,"gold_gain":0.0,"event_name":"Dead Adventurer","player_choice":"Searched \u00270\u0027 times","floor":11.0,"gold_loss":0.0,"damage_taken":0.0},{"damage_healed":0.0,"max_hp_gain":0.0,"max_hp_loss":0.0,"gold_gain":0.0,"event_name":"Upgrade Shrine","player_choice":"Ignored","floor":12.0,"gold_loss":0.0,"damage_taken":0.0},{"damage_healed":0.0,"max_hp_gain":0.0,"max_hp_loss":0.0,"gold_gain":0.0,"event_name":"Accursed Blacksmith","player_choice":"Forge","floor":20.0,"gold_loss":0.0,"damage_taken":0.0,"cards_upgraded":["Catalyst"]},{"damage_healed":0.0,"max_hp_gain":0.0,"max_hp_loss":0.0,"gold_gain":0.0,"event_name":"Addict","player_choice":"Obtained Relic","floor":21.0,"gold_loss":85.0,"damage_taken":0.0,"relics_obtained":["Shuriken"]},{"damage_healed":0.0,"max_hp_gain":0.0,"max_hp_loss":0.0,"gold_gain":0.0,"event_name":"FaceTrader","player_choice":"Leave","floor":22.0,"gold_loss":0.0,"damage_taken":0.0}],"is_beta":false,"boss_relics":[{"not_picked":["Astrolabe","Empty Cage"],"picked":"Calling Bell"},{"not_picked":["Pandora\u0027s Box","Cursed Key"],"picked":"SlaversCollar"}],"items_purged_floors":[],"is_endless":false,"potions_floor_spawned":[5,7,24,27,31,38,41],"ascension_level":0}}