{"host":"sum4dy402bbv9y4o","time":1610238427,"event":{"mods":["Aspiration","BaseMod","Conspire","Highlight Path","Minty Spire (QoL Compilation)","StSLib"],"gold_per_floor":[116,31,47,17,0,31,41,41,88,114,114,114],"floor_reached":11,"playtime":257,"items_purged":[],"score":142,"play_id":"76db3e59-53fb-4d86-9fb8-49d0d36503f1","local_time":"20210110032707","is_ascension_mode":true,"campfire_choices":[{"data":"Eruption","floor":8,"key":"SMITH"}],"circlet_count":0,"master_deck":["AscendersBane","Strike_P","Strike_P","Strike_P","Strike_P","Defend_P","Defend_P","Defend_P","Defend_P+1","Eruption+1","Vigilance","Devotion","SashWhip","Tantrum","ForeignInfluence","Consecrate","Protect+1","EmptyFist","DeceiveReality"],"relics":["PureWater","conspire:Dentures","War Paint","Odd Mushroom"],"acts_visited":["Exordium"],"potions_floor_usage":[],"damage_taken":[{"damage":0,"enemies":"2 Louse","floor":1,"turns":2},{"damage":0,"enemies":"Small Slimes","floor":3,"turns":2},{"damage":30,"enemies":"3 Sentries","floor":6,"turns":4},{"damage":0,"enemies":"Cultist","floor":7,"turns":2},{"damage":2,"enemies":"The Mushroom Lair","floor":10,"turns":3},{"damage":38,"enemies":"Lagavulin","floor":11,"turns":4}],"seed_played":"1966600174681079706","potions_obtained":[{"floor":1,"key":"Ancient Potion"}],"is_trial":false,"path_per_floor":["M","$","M","$","?","E","M","R","T","?","E"],"character_chosen":"WATCHER","items_purchased":["Tantrum","Consecrate"],"campfire_rested":0,"item_purchase_floors":[2,4],"current_hp_per_floor":[61,61,61,61,61,31,31,31,31,29,0,0],"gold":114,"neow_bonus":"ONE_RANDOM_RARE_CARD","is_daily":false,"chose_seed":false,"campfire_upgraded":1,"win_rate":0.0,"timestamp":1610238427,"path_taken":["M","$","M","$","?","E","M","R","T","?","E"],"items_purchased_type":["Card","Card"],"build_version":"2020-12-22","purchased_purges":0,"victory":false,"max_hp_per_floor":[68,68,68,68,68,68,68,68,68,68,68,68],"card_choices":[{"not_picked":["WreathOfFlame","Consecrate"],"picked":"SashWhip","floor":1},{"not_picked":["Crescendo","PathToVictory"],"picked":"ForeignInfluence","floor":3},{"not_picked":["PathToVictory","ReachHeaven"],"picked":"Protect","floor":6},{"not_picked":["Weave","DeceiveReality"],"picked":"EmptyFist","floor":7},{"not_picked":["FlyingSleeves","ForeignInfluence"],"picked":"DeceiveReality","floor":10}],"player_experience":2921051,"relics_obtained":[{"floor":6,"key":"conspire:Dentures"},{"floor":9,"key":"War Paint"},{"floor":10,"key":"Odd Mushroom"}],"event_choices":[{"damage_healed":0,"gold_gain":0,"player_choice":"Left Gold","damage_taken":0,"max_hp_gain":0,"max_hp_loss":0,"event_name":"World of Goop","floor":5,"gold_loss":17},{"damage_healed":0,"gold_gain":0,"player_choice":"Fought Mushrooms","damage_taken":0,"max_hp_gain":0,"max_hp_loss":0,"event_name":"Mushrooms","floor":10,"gold_loss":0}],"is_beta":false,"boss_relics":[],"items_purged_floors":[],"is_endless":false,"potions_floor_spawned":[1],"killed_by":"Lagavulin","ascension_level":20}}