{"host":"3qkmyeoym75lj4wn","time":1610307665,"event":{"mods":["2.2 Compatiblity","BaseMod","Block Reminder","Colored Powertips","Highlight Path","Minty Spire (QoL Compilation)","Permanent Neow","Potion Indicator Mod","Rare Cards Sparkle","Relic Stats","StSLib","Unceasing Turn Reminder"],"gold_per_floor":[114,17,17,32,47,77,77,107,132,147,162,116,131,161,161,161,161],"floor_reached":16,"playtime":489,"items_purged":[],"score":172,"play_id":"a8d5f28b-5af5-43c4-89f3-3a20babadb3a","local_time":"20210110194105","daily_mods":["Specialized","Diverse","Night Terrors"],"is_ascension_mode":false,"campfire_choices":[{"data":"Eruption","floor":7,"key":"SMITH"},{"data":"Consecrate","floor":15,"key":"SMITH"}],"circlet_count":0,"master_deck":["Strike_P","Strike_P","Strike_P","Strike_P","Defend_P","Defend_P","Defend_P","Defend_P","Eruption+1","Vigilance","Accuracy","Accuracy","Accuracy","Accuracy","Finisher","Dramatic Entrance","Footwork","Noxious Fumes","Consecrate+1"],"relics":["PureWater","Mummified Hand","Pear","Strawberry","Boot"],"acts_visited":["Exordium"],"potions_floor_usage":[6,8,14,16],"damage_taken":[{"damage":0,"enemies":"2 Louse","floor":1,"turns":2},{"damage":0,"enemies":"Cultist","floor":4,"turns":3},{"damage":2,"enemies":"Small Slimes","floor":5,"turns":2},{"damage":12,"enemies":"Lagavulin","floor":6,"turns":7},{"damage":22,"enemies":"Gremlin Nob","floor":8,"turns":4},{"damage":6,"enemies":"2 Fungi Beasts","floor":10,"turns":3},{"damage":12,"enemies":"3 Louse","floor":11,"turns":2},{"damage":5,"enemies":"Blue Slaver","floor":13,"turns":2},{"damage":3,"enemies":"3 Sentries","floor":14,"turns":4},{"damage":42,"enemies":"Slime Boss","floor":16,"turns":6}],"seed_played":"-956745095108410897","potions_obtained":[{"floor":1,"key":"Fire Potion"},{"floor":6,"key":"SkillPotion"},{"floor":11,"key":"Dexterity Potion"},{"floor":13,"key":"Explosive Potion"},{"floor":14,"key":"Weak Potion"}],"is_trial":false,"path_per_floor":["M","$","?","M","M","E","R","E","T","M","M","?","M","E","R","B"],"character_chosen":"WATCHER","items_purchased":["Dramatic Entrance"],"campfire_rested":0,"item_purchase_floors":[2],"current_hp_per_floor":[72,72,72,72,70,58,58,46,53,47,35,35,30,27,27,0,0],"gold":161,"neow_bonus":"","is_daily":true,"chose_seed":false,"campfire_upgraded":2,"win_rate":0.0,"timestamp":1610307665,"path_taken":["M","$","?","?","M","E","R","E","T","M","M","?","M","E","R","BOSS"],"items_purchased_type":["Card"],"build_version":"2020-12-22","purchased_purges":0,"victory":false,"max_hp_per_floor":[72,72,72,72,72,72,72,82,89,89,89,89,89,89,89,89,89],"relic_stats":{"counters":[10,35],"Mummified Hand":[27],"Boot":[0],"obtain_stats":[{"Pear":8,"Mummified Hand":6,"Strawberry":9,"PureWater":0,"Boot":14},{"Pear":5,"Mummified Hand":4,"Strawberry":5,"PureWater":0,"Boot":9},{"Pear":18,"Mummified Hand":14,"Strawberry":18,"PureWater":0,"Boot":29}]},"card_choices":[{"not_picked":["Flechettes","Clothesline"],"picked":"Finisher","floor":1},{"not_picked":["Bane","Perfected Strike"],"picked":"Footwork","floor":4},{"not_picked":["Halt","Conserve Battery","Wild Strike"],"picked":"SKIP","floor":5},{"not_picked":["SashWhip","EmptyBody","Intimidate"],"picked":"SKIP","floor":6},{"not_picked":["ReachHeaven","Underhanded Strike"],"picked":"Noxious Fumes","floor":8},{"not_picked":["Prostrate","FollowUp","Riddle With Holes"],"picked":"SKIP","floor":10},{"not_picked":["Worship","Doom and Gloom","Reckless Charge"],"picked":"SKIP","floor":11},{"not_picked":["Buffer","Meditate"],"picked":"Consecrate","floor":13},{"not_picked":["FlyingSleeves","Setup","PathToVictory"],"picked":"SKIP","floor":14}],"player_experience":1669151,"relics_obtained":[{"floor":6,"key":"Mummified Hand"},{"floor":8,"key":"Pear"},{"floor":9,"key":"Strawberry"},{"floor":14,"key":"Boot"}],"event_choices":[{"cards_removed":["Accuracy"],"damage_healed":0,"gold_gain":0,"player_choice":"Offered Uncommon","damage_taken":0,"max_hp_gain":0,"max_hp_loss":0,"event_name":"Bonfire Elementals","floor":3,"gold_loss":0},{"damage_healed":0,"gold_gain":0,"player_choice":"Left Gold","damage_taken":0,"max_hp_gain":0,"max_hp_loss":0,"event_name":"World of Goop","floor":12,"gold_loss":46}],"is_beta":false,"boss_relics":[],"items_purged_floors":[],"is_endless":false,"potions_floor_spawned":[1,6,11,13,14],"killed_by":"Slime Boss","ascension_level":0}}