{"host":"qc8h4lvnd2c314ki","time":1610289464,"event":{"mods":["AchievementEnabler","Act Like it!","BaseMod","Better Note","Better Third Choice","Curses Come First","Dota2Spire","Evolution","Friendly Minions","GifTheSpireLib","Highlight Path","Minty Spire (QoL Compilation)","Prisma Mod","Random Character Button","Robot Space Explorer","Spicy Shops","StSLib","The Blue Laboratory","The Marked","¡¾ÒÅÎï¿¨ÅÆ¡¿REMEMod"],"gold_per_floor":[114,129,14,29,44,44,44,44,69,84,84,114,129,144,144,244,244,259,274,289,304,304,304,54,54,79,91,118,145,157,184,196,308,320,347,374,386,413,440,452,509,96,96,126,126,144,144,144,144],"floor_reached":48,"playtime":2301,"items_purged":["PrismaMod:ChloeCommonAOEAttack","PrismaMod:ChloeCommonAOEAttack","PrismaMod:ChloeCommonDefend","PrismaMod:ChloeCommonDefend"],"score":541,"play_id":"484420c5-317e-4097-ab11-e510559136e3","local_time":"20210110223744","daily_mods":["Specialized","Green Cards","Night Terrors"],"is_ascension_mode":false,"campfire_choices":[{"data":"PrismaMod:ChloeRhongomyniad","floor":6.0,"key":"SMITH"},{"data":"PrismaMod:ChloeBetterTracePools","floor":8.0,"key":"SMITH"},{"data":"PrismaMod:ChloeCaladbolg","floor":11.0,"key":"SMITH"},{"data":"PrismaMod:ChloeMordred","floor":15.0,"key":"SMITH"},{"data":"PrismaMod:ChloeCheapAttack","floor":23.0,"key":"SMITH"},{"data":"PrismaMod:ChloeCheapAttackTwo","floor":25.0,"key":"SMITH"},{"data":"PrismaMod:ChloeExhaustThree","floor":32.0,"key":"SMITH"},{"data":"Enlightenment","floor":40.0,"key":"SMITH"},{"data":"PrismaMod:ChloeCheapDefend","floor":45,"key":"SMITH"}],"circlet_count":0,"master_deck":["PrismaMod:ChloeCheapAttack+1","PrismaMod:ChloeCheapDefend+1","Master of Strategy","PrismaMod:ChloeGaeBolg","PrismaMod:ChloeGaeBolg","PrismaMod:ChloeGaeBolg","PrismaMod:ChloeGaeBolg","PrismaMod:ChloeGaeBolg","PrismaMod:ChloeExhaustOne","PrismaMod:ChloeRhongomyniad+1","PrismaMod:ChloeBetterTracePools+1","PrismaMod:ChloeMaid","PrismaMod:ChloeCaladbolg+1","PrismaMod:ChloeMordred+1","PrismaMod:ChloeCheapAttackTwo+1","PrismaMod:ChloeCarnivalDefend","CurseOfTheBell","PrismaMod:ChloeRuleBreaker","PrismaMod:ChloeExcalibur+1","PrismaMod:ChloeExhaustThree+1","PrismaMod:ChloeCaladbolg+1","PrismaMod:ChloeCheapAttackTwo+1","PrismaMod:ChloeDiscardRecovery+1","Enlightenment+1","PrismaMod:ChloeCheapDefendTwo+1","PrismaMod:ChloeCheapDefendTwo+1","Madness","Madness"],"relics":["PrismaMod:PrismaTraceOn","EVO:Axolotl","REME_ComplimentaryCards","Anchor","Dota2Spire:MonkeyKingBar","Calling Bell","Dota2Spire:Vanguard","Eternal Feather","WingedGreaves","Strange Spoon","MawBank","Enchiridion","Astrolabe","Peace Pipe","CeramicFish","Blood Vial","Question Card"],"acts_visited":["Exordium","TheCity","TheBeyond"],"potions_floor_usage":[44],"damage_taken":[{"damage":0.0,"enemies":"2 Louse","floor":1.0,"turns":2.0},{"damage":0.0,"enemies":"Cultist","floor":2.0,"turns":2.0},{"damage":0.0,"enemies":"Small Slimes","floor":4.0,"turns":2.0},{"damage":1.0,"enemies":"2 Fungi Beasts","floor":5.0,"turns":3.0},{"damage":0.0,"enemies":"3 Louse","floor":10.0,"turns":1.0},{"damage":19.0,"enemies":"Lagavulin","floor":12.0,"turns":6.0},{"damage":0.0,"enemies":"Blue Slaver","floor":13.0,"turns":1.0},{"damage":0.0,"enemies":"Exordium Thugs","floor":14.0,"turns":2.0},{"damage":0.0,"enemies":"Slime Boss","floor":16.0,"turns":3.0},{"damage":0.0,"enemies":"2 Thieves","floor":18.0,"turns":2.0},{"damage":0.0,"enemies":"Chosen","floor":19.0,"turns":3.0},{"damage":0.0,"enemies":"Snake Plant","floor":20.0,"turns":2.0},{"damage":0.0,"enemies":"Cultist and Chosen","floor":21.0,"turns":3.0},{"damage":0.0,"enemies":"Centurion and Healer","floor":28.0,"turns":2.0},{"damage":0.0,"enemies":"Snake Plant","floor":29.0,"turns":3.0},{"damage":11.0,"enemies":"Snecko","floor":31.0,"turns":4.0},{"damage":21.0,"enemies":"Champ","floor":33.0,"turns":5.0},{"damage":0.0,"enemies":"Orb Walker","floor":35.0,"turns":3.0},{"damage":0.0,"enemies":"3 Shapes","floor":36.0,"turns":1.0},{"damage":0.0,"enemies":"Jaw Worm Horde","floor":38.0,"turns":3.0},{"damage":3.0,"enemies":"Transient","floor":39.0,"turns":5.0},{"damage":35.0,"enemies":"2 Orb Walkers","floor":41.0,"turns":5.0},{"damage":36,"enemies":"Nemesis","floor":44,"turns":5},{"damage":18,"enemies":"Spire Growth","floor":48,"turns":2}],"seed_played":"-956745095108410897","potions_obtained":[{"floor":1.0,"key":"Dota2Spire:Clarity"},{"floor":4.0,"key":"blueLaboratory:TrueEctoplasm"},{"floor":5.0,"key":"Weak Potion"},{"floor":44,"key":"Dota2Spire:Clarity"}],"is_trial":false,"path_per_floor":["M","M","$","M","M","R","?","R","T","M","R","E","M","M","R","B",null,"M","M","M","M","?","R","$","R","T","?","M","M","?","M","R","B",null,"M","M","?","M","M","R","?","$","T","E","R","?","$","M"],"character_chosen":"CHLOE","items_purchased":["PrismaMod:ChloeBetterTracePools","Strange Spoon","CeramicFish"],"campfire_rested":0,"item_purchase_floors":[3,24,42],"current_hp_per_floor":[75,75,75,75,74,74,75,75,75,75,75,56,56,56,56,56,75,75,75,75,75,75,75,75,75,75,75,75,75,59,48,63,42,75,75,75,75,75,72,75,40,40,40,6,21,12,12,0,0],"gold":144,"neow_bonus":"","is_daily":true,"chose_seed":false,"campfire_upgraded":9,"win_rate":0.0,"timestamp":1610289464,"path_taken":["M","M","$","M","M","R","?","R","T","M","R","E","?","M","R","BOSS","M","M","M","M","?","R","$","R","T","?","M","M","?","M","R","BOSS","M","M","?","M","M","R","?","$","T","E","R","?","?","?"],"items_purchased_type":["Card","Relic","Relic"],"build_version":"2020-12-22","purchased_purges":4,"victory":false,"max_hp_per_floor":[75,75,75,75,75,75,75,75,75,75,75,75,75,75,75,75,75,75,75,75,75,75,75,75,75,75,75,75,75,75,75,75,75,75,75,75,75,75,75,75,75,75,75,75,75,75,75,75,75],"card_choices":[{"not_picked":["PrismaMod:ChloeDiscardRecovery","PrismaMod:ChloeUncommonAOEAttack"],"picked":"PrismaMod:ChloeExhaustOne","floor":1.0},{"not_picked":["PrismaMod:ChloeCommonAOEAttack","PrismaMod:ChloeExhaustOne"],"picked":"PrismaMod:ChloeRhongomyniad","floor":2.0},{"not_picked":["PrismaMod:ChloeDemonicTutor","PrismaMod:ChloeUncommonAOEAttack"],"picked":"PrismaMod:ChloeMaid","floor":4.0},{"not_picked":["PrismaMod:ChloeCheapAttack","PrismaMod:ChloeCheapDefend"],"picked":"PrismaMod:ChloeCaladbolg","floor":5.0},{"not_picked":["PrismaMod:ChloeDemonicTutor","PrismaMod:ChloeExhaustTwo","PrismaMod:ChloeUncommonAOEAttack"],"picked":"SKIP","floor":10.0},{"not_picked":["PrismaMod:ChloeRitsuka","PrismaMod:ChloeDiscardRecovery"],"picked":"PrismaMod:ChloeMordred","floor":12.0},{"not_picked":["PrismaMod:ChloeUncommonAOEAttack","PrismaMod:ChloeCaladbolg"],"picked":"PrismaMod:ChloeCheapAttackTwo","floor":13.0},{"not_picked":["PrismaMod:ChloeCaladbolg","PrismaMod:ChloeCheapDefend","PrismaMod:ChloeCommonAOEAttack"],"picked":"SKIP","floor":14.0},{"not_picked":["PrismaMod:ChloeReshuffleDiscard","PrismaMod:ChloeDoubleRelicSpeed"],"picked":"PrismaMod:ChloeCarnivalDefend","floor":16.0},{"not_picked":["PrismaMod:ChloeChristmas","PrismaMod:ChloeDiscardRecovery","PrismaMod:ChloeCheapAttack"],"picked":"SKIP","floor":18.0},{"not_picked":["PrismaMod:ChloeCheapAttack","PrismaMod:ChloeBetterTracePools+1","PrismaMod:ChloeCommonAOEAttack+1"],"picked":"SKIP","floor":19.0},{"not_picked":["PrismaMod:ChloeCheapAttackTwo+1","PrismaMod:ChloeCommonAOEAttack"],"picked":"PrismaMod:ChloeRuleBreaker","floor":20.0},{"not_picked":["PrismaMod:ChloeRhongomyniad","PrismaMod:ChloeUncommonAOEAttack"],"picked":"PrismaMod:ChloeExcalibur+1","floor":21.0},{"not_picked":["PrismaMod:ChloeChristmas","PrismaMod:ChloeCheapAttack","PrismaMod:ChloeExhaustTwo+1"],"picked":"SKIP","floor":28.0},{"not_picked":["PrismaMod:ChloeDiscardRecovery","PrismaMod:ChloeExhaustOne","PrismaMod:ChloeCheapAttack"],"picked":"SKIP","floor":29.0},{"not_picked":["PrismaMod:ChloeCommonAOEAttack+1","PrismaMod:ChloeGaeBolg","PrismaMod:ChloeCheapDefend"],"picked":"SKIP","floor":31.0},{"not_picked":["PrismaMod:ChloeCaladbolg+1","PrismaMod:ChloeCheapAttackTwo","PrismaMod:ChloeCommonAOEAttack"],"picked":"SKIP","floor":35.0},{"not_picked":["PrismaMod:ChloeBetterTracePools","PrismaMod:ChloeMordred","PrismaMod:ChloeDiscardRecovery+1"],"picked":"SKIP","floor":36.0},{"not_picked":["Panacea","PanicButton"],"picked":"Enlightenment","floor":37.0},{"not_picked":["PrismaMod:ChloeUncommonDefend","PrismaMod:ChloeCheapDefend+1"],"picked":"PrismaMod:ChloeCheapDefendTwo+1","floor":38.0},{"not_picked":["PrismaMod:ChloeUncommonDefend+1","PrismaMod:ChloeCommonAOEAttack","PrismaMod:ChloeCheapAttackTwo+1"],"picked":"SKIP","floor":39.0},{"not_picked":["PrismaMod:ChloeCheapDefend+1","PrismaMod:ChloeEyeOfTheEuryale"],"picked":"PrismaMod:ChloeCheapDefendTwo+1","floor":41.0},{"not_picked":["PrismaMod:ChloeDiscardRecovery+1","PrismaMod:ChloeUncommonAOEAttack","PrismaMod:ChloeExhaustOne+1"],"picked":"SKIP","floor":44}],"player_experience":517143,"relics_obtained":[{"floor":9.0,"key":"Anchor"},{"floor":12.0,"key":"Dota2Spire:MonkeyKingBar"},{"floor":17.0,"key":"Dota2Spire:Vanguard"},{"floor":17.0,"key":"Eternal Feather"},{"floor":17.0,"key":"WingedGreaves"},{"floor":26.0,"key":"MawBank"},{"floor":30.0,"key":"Enchiridion"},{"floor":41.0,"key":"Peace Pipe"},{"floor":43.0,"key":"Blood Vial"},{"floor":44,"key":"Question Card"}],"event_choices":[{"cards_removed":["PrismaMod:ChloeCommonAOEAttack"],"damage_healed":5.0,"max_hp_gain":0.0,"max_hp_loss":0.0,"gold_gain":0.0,"event_name":"Bonfire Elementals","player_choice":"Offered Common","floor":7.0,"gold_loss":0.0,"damage_taken":0.0},{"cards_removed":["PrismaMod:ChloeCommonAOEAttack"],"damage_healed":5.0,"max_hp_gain":0.0,"max_hp_loss":0.0,"gold_gain":0.0,"event_name":"Bonfire Elementals","player_choice":"Offered Special","floor":7.0,"gold_loss":0.0,"damage_taken":0.0},{"cards_removed":["PrismaMod:ChloeCommonAOEAttack"],"damage_healed":0.0,"max_hp_gain":0.0,"max_hp_loss":0.0,"gold_gain":0.0,"event_name":"betterThird:BetterWriting","player_choice":"Elegance","floor":22.0,"gold_loss":0.0,"damage_taken":0.0},{"damage_healed":0.0,"max_hp_gain":0.0,"max_hp_loss":0.0,"gold_gain":0.0,"cards_transformed":["PrismaMod:ChloeCommonAttack","PrismaMod:ChloeCommonDefend"],"event_name":"Drug Dealer","player_choice":"Became Test Subject","floor":27.0,"gold_loss":0.0,"damage_taken":0.0,"cards_obtained":["PrismaMod:ChloeUncommonDefend","PrismaMod:ChloeExhaustThree"]},{"damage_healed":0.0,"max_hp_gain":0.0,"max_hp_loss":0.0,"gold_gain":0.0,"event_name":"Cursed Tome","player_choice":"Obtained Book","floor":30.0,"gold_loss":0.0,"damage_taken":16.0},{"damage_healed":0.0,"max_hp_gain":0.0,"max_hp_loss":0.0,"gold_gain":0.0,"event_name":"SensoryStone","player_choice":"Memory 1","floor":37.0,"gold_loss":0.0,"damage_taken":0.0},{"damage_healed":0.0,"max_hp_gain":0.0,"max_hp_loss":0.0,"gold_gain":0.0,"event_name":"Mysterious Sphere","player_choice":"Fight","floor":41.0,"gold_loss":0.0,"damage_taken":0.0},{"damage_healed":0,"gold_gain":0,"player_choice":"Embrace Madness","damage_taken":9,"max_hp_gain":0,"max_hp_loss":0,"event_name":"Winding Halls","floor":46,"gold_loss":0,"cards_obtained":["Madness","Madness"]}],"is_beta":false,"boss_relics":[{"not_picked":["Runic Dome","Runic Pyramid"],"picked":"Calling Bell"},{"not_picked":["Snecko Eye","SlaversCollar"],"picked":"Astrolabe"}],"items_purged_floors":[3,24,42,42],"is_endless":false,"potions_floor_spawned":[1,4,5,12,14,20,21,28,31,35,36,41,44],"killed_by":"Spire Growth","ascension_level":0}}