{"host":"amnup8uv961nil3y","time":1610292108,"event":{"mods":["Act Like it!","Aspiration","BaseMod","Bestiary","Better Altar","Better Match","Better Sensory Stone","Better Synergies","Better Third Choice","Block Reminder","Challenge The Spire","Colored Map","Colored Powertips","Colorless Booster Pack","Conspire","DeckTracker","Disable Question Mark Monsters","Elementarium","Energized Spire","Evolution","GifTheSpireLib","Halation","HexUI Lib","Highlight Path","Hubris","Infinite Spire","Lotus Mark","Menagerie","Minty Spire (QoL Compilation)","Pale of the Ancients","Potion Indicator Mod","Quarter Circle Forward PUNCH!","RatMod","Relic Stats","Replay The Spire","Reworked Bosses","Shop Mod","Small Relic Pack","Spicy Shops","Spikes Relics","StSLib","Stuff the Spire","Swap Starting Deck Mod","Trackpad","Useless Jewels Mod","Wandering Minibosses","vexMod"],"gold_per_floor":[117,174,274,285,298,329,46,73,73,98,98,123,139,149,149,252,252,269,269,269,269,279,279,309,328,353,202,202,220,220,252,252,349,349,364,364,379,394,444,469,483,509,509,509,542,554,213,213,213,213],"floor_reached":51,"playtime":6784,"items_purged":["Writhe"],"score":1335,"play_id":"f852497f-36ac-434d-89d2-79ed5e6f902d","local_time":"20210110152148","is_ascension_mode":true,"campfire_choices":[{"data":"Armaments","floor":11.0,"key":"SMITH"},{"floor":15.0,"key":"DIG"},{"data":"Chrysalis","floor":23.0,"key":"SMITH"},{"data":"Metallicize","floor":28.0,"key":"SMITH"},{"data":"infinitespire:Collect","floor":32.0,"key":"SMITH"},{"data":"Seeing Red","floor":44.0,"key":"SMITH"},{"data":"Armaments","floor":49,"key":"SMITH"}],"circlet_count":0,"master_deck":["Carnage","Carnage","Carnage","Carnage","Ghostly Armor","Ghostly Armor","Ghostly Armor","Ghostly Armor","Ghostly Armor","Feel No Pain","Iron Wave","Clash","Barricade+1","Metallicize+1","Chrysalis+1","Armaments+1","StuffTheSpire:Slingshot","Seeing Red","Berserk","Warcry","hubris:StunningStrike","infinitespire:Collect+1","Exhume","Exhume","Pommel Strike","Body Slam","Warcry+1","Dark Embrace+1","True Grit+1","Seeing Red+1","BarbarianYell+1","ReplayTheSpireMod:LeadingStrike+1","Armaments+1"],"relics":["Burning Blood","EVO:Axolotl","aspiration:AnachronicSnailShell","hubris:BottledRain","infinitespire:EmpoweringShard","Replay:Bottled Flurry","trackpad:BottledAnger","RollingBoulder","conspire:RoyalGoblet","Replay:Blank Codex","rat:ZhonyasHourglass","Smiling Mask","Black Blood","ReplayTheSpireMod:Lightbulb","CosmicIsotope","wanderingMiniBosses:AbyssPearl","vexMod:RedPlottingStone","StuffTheSpire:RubySignet","SpikesRelics:DaevaFist","infinitespire:CheckeredPen","CherryCoatedStake","MerchantsRug","StuffTheSpire:Wildfire","relicPack:OneForAll"],"acts_visited":["Exordium","TheCity","TheBeyond"],"potions_floor_usage":[50],"damage_taken":[{"damage":0.0,"enemies":"Small Slimes","floor":1.0,"turns":4.0},{"damage":3.0,"enemies":"conspire:RoseBush","floor":4.0,"turns":2.0},{"damage":0.0,"enemies":"Cultist","floor":5.0,"turns":5.0},{"damage":0.0,"enemies":"Replay:BlueRogue","floor":6.0,"turns":8.0},{"damage":0.0,"enemies":"3 Sentries","floor":8.0,"turns":7.0},{"damage":1.0,"enemies":"Replay:BlueRogue","floor":10.0,"turns":8.0},{"damage":0.0,"enemies":"3 Sentries","floor":12.0,"turns":10.0},{"damage":6.0,"enemies":"Exordium Thugs","floor":13.0,"turns":7.0},{"damage":0.0,"enemies":"conspire:2 RoseBushes","floor":14.0,"turns":4.0},{"damage":20.0,"enemies":"Hexaghost","floor":16.0,"turns":9.0},{"damage":0.0,"enemies":"Chosen","floor":18.0,"turns":4.0},{"damage":20.0,"enemies":"3 Byrds","floor":22.0,"turns":9.0},{"damage":9.0,"enemies":"Gremlin Leader","floor":24.0,"turns":9.0},{"damage":11.0,"enemies":"Centurion and Healer","floor":25.0,"turns":10.0},{"damage":1.0,"enemies":"Snecko","floor":29.0,"turns":8.0},{"damage":0.0,"enemies":"Replay:Snechameleon","floor":31.0,"turns":6.0},{"damage":13.0,"enemies":"hubris:MusketHawk","floor":33.0,"turns":9.0},{"damage":15.0,"enemies":"3 Darklings","floor":35.0,"turns":9.0},{"damage":0.0,"enemies":"Orb Walker","floor":37.0,"turns":3.0},{"damage":0.0,"enemies":"Transient","floor":38.0,"turns":7.0},{"damage":1.0,"enemies":"Mind Bloom Boss Battle","floor":39.0,"turns":5.0},{"damage":13.0,"enemies":"R_Hoarder","floor":40.0,"turns":6.0},{"damage":7.0,"enemies":"3 Darklings","floor":41.0,"turns":6.0},{"damage":0.0,"enemies":"Giant Head","floor":42.0,"turns":5.0},{"damage":6,"enemies":"Reptomancer","floor":45,"turns":4},{"damage":3,"enemies":"Jaw Worm Horde","floor":46,"turns":3},{"damage":34,"enemies":"Time Eater","floor":50,"turns":11}],"seed_played":"-4318182920099493011","potions_obtained":[{"floor":6.0,"key":"BloodPotion"},{"floor":10.0,"key":"Swift Potion"},{"floor":12.0,"key":"Elixir"},{"floor":13.0,"key":"Swift Potion"},{"floor":22.0,"key":"Dexterity Potion"},{"floor":31.0,"key":"Regen Potion"},{"floor":37.0,"key":"Weak Potion"},{"floor":38.0,"key":"FairyPotion"},{"floor":42.0,"key":"Reflective Coating"}],"is_trial":false,"path_per_floor":["M","?","?","M","M","E","$","E","T","E","R","E","M","M","R_BF","B",null,"M","?","?","$","M","R","E","M","T","$","R","M","AVR","E","R","B",null,"M","?","M","M","?","E","M","E","T","R","E","M","$","?","R","B",null],"character_chosen":"IRONCLAD","items_purchased":["Metallicize","Chrysalis","hubris:StunningStrike","MerchantsRug","StuffTheSpire:Wildfire","Armaments"],"campfire_rested":0,"item_purchase_floors":[7,7,27,47,47,47],"current_hp_per_floor":[60,60,60,60,60,60,60,60,60,60,60,60,60,60,60,46,57,60,44,44,44,30,30,27,37,37,37,37,42,42,60,60,60,60,60,60,60,60,60,60,60,60,60,60,60,60,60,60,60,48],"gold":213,"neow_bonus":"","is_daily":false,"chose_seed":false,"campfire_upgraded":6,"win_rate":0.0,"timestamp":1610292108,"path_taken":["M","?","?","M","?","E","?","E","T","E","R","E","M","M","R_BF","BOSS","M","?","?","?","M","R","E","M","T","$","R","M","AVR","E","R","BOSS","M","?","M","M","?","E","M","E","T","R","E","M","$","?","R","BOSS"],"items_purchased_type":["Card","Card","Card","Relic","Relic","Card"],"build_version":"2020-12-22","purchased_purges":1,"victory":true,"max_hp_per_floor":[60,60,60,60,60,60,60,60,60,60,60,60,60,60,60,60,60,60,60,60,60,60,60,60,60,60,60,60,60,60,60,60,60,60,60,60,60,60,60,60,60,60,60,60,60,60,60,60,60,60],"relic_stats":{"counters":[27,178],"Black Blood":133,"Smiling Mask":25,"obtain_stats":[{"conspire:RoyalGoblet":17,"Black Blood":30,"wanderingMiniBosses:AbyssPearl":38,"EVO:Axolotl":0,"Smiling Mask":30,"Burning Blood":0,"relicPack:OneForAll":48,"aspiration:AnachronicSnailShell":6,"vexMod:RedPlottingStone":39,"RollingBoulder":15,"Replay:Bottled Flurry":10,"trackpad:BottledAnger":12,"Replay:Blank Codex":19,"MerchantsRug":47,"CherryCoatedStake":45,"trackpad:SappingStone":26,"StuffTheSpire:Wildfire":47,"infinitespire:CheckeredPen":43,"rat:ZhonyasHourglass":24,"infinitespire:EmpoweringShard":9,"CosmicIsotope":34,"StuffTheSpire:RubySignet":40,"SpikesRelics:DaevaFist":42,"ReplayTheSpireMod:Lightbulb":31,"hubris:BottledRain":8},{"conspire:RoyalGoblet":10,"Black Blood":15,"wanderingMiniBosses:AbyssPearl":20,"EVO:Axolotl":0,"Smiling Mask":15,"Burning Blood":0,"relicPack:OneForAll":26,"aspiration:AnachronicSnailShell":4,"vexMod:RedPlottingStone":21,"RollingBoulder":9,"Replay:Bottled Flurry":6,"trackpad:BottledAnger":7,"Replay:Blank Codex":11,"MerchantsRug":26,"CherryCoatedStake":25,"trackpad:SappingStone":14,"StuffTheSpire:Wildfire":26,"infinitespire:CheckeredPen":24,"rat:ZhonyasHourglass":13,"infinitespire:EmpoweringShard":5,"CosmicIsotope":17,"StuffTheSpire:RubySignet":22,"SpikesRelics:DaevaFist":24,"ReplayTheSpireMod:Lightbulb":16,"hubris:BottledRain":5},{"conspire:RoyalGoblet":64,"Black Blood":104,"wanderingMiniBosses:AbyssPearl":138,"EVO:Axolotl":0,"Smiling Mask":104,"Burning Blood":0,"relicPack:OneForAll":167,"aspiration:AnachronicSnailShell":19,"vexMod:RedPlottingStone":143,"RollingBoulder":55,"Replay:Bottled Flurry":34,"trackpad:BottledAnger":44,"Replay:Blank Codex":68,"MerchantsRug":167,"CherryCoatedStake":164,"trackpad:SappingStone":96,"StuffTheSpire:Wildfire":167,"infinitespire:CheckeredPen":160,"rat:ZhonyasHourglass":86,"infinitespire:EmpoweringShard":26,"CosmicIsotope":119,"StuffTheSpire:RubySignet":149,"SpikesRelics:DaevaFist":160,"ReplayTheSpireMod:Lightbulb":110,"hubris:BottledRain":26}],"Burning Blood":133},"card_choices":[{"not_picked":["Anger","Second Wind","Burning Pact"],"picked":"SKIP","floor":1.0},{"not_picked":["Shrug It Off","Thunderclap"],"picked":"Iron Wave","floor":4.0},{"not_picked":["ReplayTheSpireMod:Limb From Limb","Combust"],"picked":"Clash","floor":5.0},{"not_picked":["ReplayTheSpireMod:Corrosion Curse","Havoc"],"picked":"Barricade","floor":6.0},{"not_picked":["Flex","Cleave","Combust"],"picked":"SKIP","floor":8.0},{"not_picked":["Dark Embrace","hubris:StunningStrike"],"picked":"Armaments","floor":10.0},{"not_picked":["Run Through","Body Slam"],"picked":"StuffTheSpire:Slingshot","floor":12.0},{"not_picked":["Shrug It Off","Clothesline","Anger"],"picked":"Seeing Red","floor":13.0},{"not_picked":["StuffTheSpire:RagingBull","Hemokinesis","Clothesline","Anger"],"picked":"SKIP","floor":14.0},{"not_picked":["Demon Form","Immolate","Anger"],"picked":"Berserk","floor":16.0},{"not_picked":["Sever Soul","Clash","Anger"],"picked":"Warcry","floor":18.0},{"not_picked":["Spot Weakness","Thunderclap","Iron Wave","Anger"],"picked":"SKIP","floor":22.0},{"not_picked":["rat:Execute","Iron Wave","conspire:Charge+1","Anger"],"picked":"SKIP","floor":24.0},{"not_picked":["Spot Weakness","Clash+1","hubris:ReadiedAction","Anger"],"picked":"SKIP","floor":25.0},{"not_picked":["True Grit","Flex","StuffTheSpire:RagingBull+1","Anger"],"picked":"SKIP","floor":29.0},{"not_picked":["Shrug It Off","Clash","Anger"],"picked":"Exhume","floor":31.0},{"not_picked":["Demonic Infusion","Eclipse","Anger+1"],"picked":"Exhume","floor":33.0},{"not_picked":["Thunderclap+1","Body Slam","Anger"],"picked":"Pommel Strike","floor":35.0},{"not_picked":["Perfected Strike","Cleave+1","Body Slam","Anger"],"picked":"SKIP","floor":37.0},{"not_picked":["Perfected Strike","Cleave+1","Anger"],"picked":"Body Slam","floor":37.0},{"not_picked":["Immolate","Flex+1","Anger+1"],"picked":"Warcry+1","floor":38.0},{"not_picked":["Flex+1","StuffTheSpire:Resist","Anger"],"picked":"Dark Embrace+1","floor":39.0},{"not_picked":["Thunderclap","Twin Strike+1","StuffTheSpire:Incineration","Anger+1"],"picked":"SKIP","floor":40.0},{"not_picked":["ReplayTheSpireMod:Limb From Limb","Reckless Charge+1","Anger"],"picked":"True Grit+1","floor":41.0},{"not_picked":["Rupture","Brutality","Anger+1"],"picked":"Seeing Red","floor":42.0},{"not_picked":["Dropkick","Rage+1","Anger+1"],"picked":"BarbarianYell+1","floor":45},{"not_picked":["StuffTheSpire:Slingshot+1","Pommel Strike","Anger+1"],"picked":"ReplayTheSpireMod:LeadingStrike+1","floor":46}],"player_experience":293646,"relics_obtained":[{"floor":6.0,"key":"aspiration:AnachronicSnailShell"},{"floor":8.0,"key":"hubris:BottledRain"},{"floor":9.0,"key":"infinitespire:EmpoweringShard"},{"floor":10.0,"key":"Replay:Bottled Flurry"},{"floor":12.0,"key":"trackpad:BottledAnger"},{"floor":15.0,"key":"RollingBoulder"},{"floor":19.0,"key":"Replay:Blank Codex"},{"floor":24.0,"key":"rat:ZhonyasHourglass"},{"floor":26.0,"key":"trackpad:SappingStone"},{"floor":31.0,"key":"ReplayTheSpireMod:Lightbulb"},{"floor":38.0,"key":"wanderingMiniBosses:AbyssPearl"},{"floor":39.0,"key":"vexMod:RedPlottingStone"},{"floor":40.0,"key":"StuffTheSpire:RubySignet"},{"floor":42.0,"key":"SpikesRelics:DaevaFist"},{"floor":43.0,"key":"infinitespire:CheckeredPen"},{"floor":45,"key":"CherryCoatedStake"}],"event_choices":[{"damage_healed":0.0,"max_hp_gain":0.0,"max_hp_loss":0.0,"gold_gain":57.0,"event_name":"Golden Wing","player_choice":"Gained Gold","floor":2.0,"gold_loss":0.0,"damage_taken":0.0},{"damage_healed":0.0,"max_hp_gain":0.0,"max_hp_loss":0.0,"gold_gain":100.0,"event_name":"Golden Shrine","player_choice":"Pray","floor":3.0,"gold_loss":0.0,"damage_taken":0.0},{"damage_healed":0.0,"max_hp_gain":0.0,"max_hp_loss":0.0,"gold_gain":0.0,"event_name":"Cursed Tome","player_choice":"Obtained Book","floor":19.0,"gold_loss":0.0,"damage_taken":16.0},{"damage_healed":0.0,"max_hp_gain":0.0,"max_hp_loss":0.0,"gold_gain":0.0,"event_name":"conspire:Investor","player_choice":"Leave","floor":36.0,"gold_loss":0.0,"damage_taken":0.0},{"damage_healed":0.0,"max_hp_gain":0.0,"max_hp_loss":0.0,"gold_gain":0.0,"event_name":"MindBloom","player_choice":"Fight","floor":39.0,"gold_loss":0.0,"damage_taken":0.0}],"is_beta":false,"boss_relics":[{"not_picked":["Kintsugi","halation:HeavySnake"],"picked":"conspire:RoyalGoblet"},{"not_picked":["hubris:VirtuousBlindfold","vexMod:MysteryBossChallenge"],"picked":"CosmicIsotope"}],"items_purged_floors":[47],"is_endless":false,"potions_floor_spawned":[6,10,12,13,22,31,37,38,42,45],"ascension_level":5}}