{"host":"m5bsg12zcyqnofur","time":1610318990,"event":{"mods":["BaseMod","BetterRewards","Colored Powertips","Downfall","Highlight Path","Minty Spire (QoL Compilation)","Quick Restart","Replay The Spire","Shop Mod","StSLib"],"gold_per_floor":[109,57,76,96,116,145,145,156,156,56,82,102,112,127,127,226,226,246,264,264,283,90,90,122,122,145,145,145],"floor_reached":27,"playtime":1445,"items_purged":["Bash","Strike_R","Strike_R"],"score":382,"play_id":"6c89de1e-19cb-4580-aed1-cfece78d2877","local_time":"20210110164950","is_ascension_mode":true,"campfire_choices":[{"floor":7,"key":"REST"},{"floor":15,"key":"REST"},{"floor":23,"key":"RECALL"},{"floor":25,"key":"REST"}],"circlet_count":0,"master_deck":["Strike_R","Strike_R","Defend_R","Defend_R","Defend_R","Inflame+1","Rampage+1","Pommel Strike","Perfected Strike","Cleave","Barricade+1","Twin Strike","Twin Strike","Armaments+1","Twin Strike","Berserk+1","Seeing Red+1","Dark Embrace+1","Shrug It Off+1"],"relics":["Burning Blood","Frozen Egg 2","Blue Candle","Oddly Smooth Stone","Toxic Egg 2","Boot","Ring of Chaos","Replay:PocketPolymizer"],"acts_visited":["TheCity"],"potions_floor_usage":[6,6,13,14,21,24,27],"damage_taken":[{"damage":10,"enemies":"Small Slimes","floor":1,"turns":3},{"damage":0,"enemies":"2 Louse","floor":3,"turns":2},{"damage":4,"enemies":"Jaw Worm","floor":4,"turns":3},{"damage":14,"enemies":"Blue Slaver","floor":5,"turns":4},{"damage":26,"enemies":"Gremlin Nob","floor":6,"turns":3},{"damage":18,"enemies":"2 Fungi Beasts","floor":8,"turns":3},{"damage":24,"enemies":"Lagavulin","floor":11,"turns":7},{"damage":0,"enemies":"Large Slime","floor":12,"turns":3},{"damage":8,"enemies":"Blue Slaver","floor":13,"turns":3},{"damage":0,"enemies":"Gremlin Gang","floor":14,"turns":2},{"damage":14,"enemies":"Slime Boss","floor":16,"turns":8},{"damage":27,"enemies":"2 Thieves","floor":18,"turns":4},{"damage":3,"enemies":"3 Byrds","floor":19,"turns":4},{"damage":32,"enemies":"Sentry and Sphere","floor":21,"turns":4},{"damage":30,"enemies":"Replay:Snechameleon","floor":24,"turns":7},{"damage":39,"enemies":"Book of Stabbing","floor":27,"turns":4}],"seed_played":"-7425134426378938042","potions_obtained":[{"floor":3,"key":"FearPotion"},{"floor":5,"key":"Death Potion"},{"floor":8,"key":"Reflective Coating"},{"floor":11,"key":"Explosive Potion"},{"floor":12,"key":"Adrenaline Potion"},{"floor":16,"key":"ColorlessPotion"},{"floor":24,"key":"PowerPotion"}],"is_trial":false,"path_per_floor":["M","$","M","M","M","E","R","M","T","$","E","M","M","M","R","B",null,"M","M","?","M","$","R","E","R","T","E"],"character_chosen":"IRONCLAD","items_purchased":["Frozen Egg 2","Inflame+1","Blue Candle","Rampage+1","Perfected Strike","Dark Embrace+1"],"campfire_rested":3,"item_purchase_floors":[0,0,0,0,2,22],"current_hp_per_floor":[34,34,40,42,34,14,38,26,26,26,8,14,12,18,42,34,80,59,62,62,36,36,36,12,36,36,0,0],"gold":145,"neow_bonus":"","is_daily":false,"chose_seed":false,"campfire_upgraded":0,"win_rate":0.0,"timestamp":1610318990,"path_taken":["M","$","M","M","M","E","R","M","T","$","E","M","M","M","R","BOSS","M","M","?","M","$","R","E","R","T","E"],"items_purchased_type":["Relic","Card","Relic","Card","Card","Card"],"build_version":"2020-12-22","purchased_purges":3,"victory":false,"max_hp_per_floor":[80,80,80,80,80,80,80,80,80,80,80,80,80,80,80,80,80,80,80,80,80,80,80,80,80,80,80,80],"card_choices":[{"not_picked":["ReplayTheSpireMod:Strike From Hell","Sword Boomerang"],"picked":"Pommel Strike","floor":1},{"not_picked":["Intimidate","Warcry"],"picked":"Cleave","floor":3},{"not_picked":["Sword Boomerang","Warcry"],"picked":"Barricade+1","floor":4},{"not_picked":["Headbutt","Run Through","Armaments"],"picked":"SKIP","floor":5},{"not_picked":["Blood for Blood","Massacre"],"picked":"Twin Strike","floor":6},{"not_picked":["Warcry","Headbutt"],"picked":"Twin Strike","floor":8},{"not_picked":["Battle Trance+1","Headbutt"],"picked":"Armaments+1","floor":11},{"not_picked":["Clothesline","Twin Strike","Anger"],"picked":"SKIP","floor":12},{"not_picked":["Flex+1","ReplayTheSpireMod:Corrosion Curse+1","Pommel Strike"],"picked":"SKIP","floor":13},{"not_picked":["Clothesline","Anger"],"picked":"Twin Strike","floor":14},{"not_picked":["Limit Break+1","Replay:Many Hands+1"],"picked":"Berserk+1","floor":16},{"not_picked":["Power Through+1","Headbutt+1","Armaments+1"],"picked":"SKIP","floor":18},{"not_picked":["True Grit+1","Clash","Defy Death+1"],"picked":"SKIP","floor":19},{"not_picked":["Thunderclap","Replay:Undeath\u0027s Touch"],"picked":"Seeing Red+1","floor":21},{"not_picked":["Barricade+1","Armaments+1","Sever Soul+1"],"picked":"SKIP","floor":24}],"player_experience":155561,"relics_obtained":[{"floor":6,"key":"Oddly Smooth Stone"},{"floor":9,"key":"Toxic Egg 2"},{"floor":11,"key":"Boot"},{"floor":24,"key":"Replay:PocketPolymizer"}],"event_choices":[{"cards_removed":["Strike_R"],"damage_healed":0,"gold_gain":0,"player_choice":"Elegance","damage_taken":0,"max_hp_gain":0,"max_hp_loss":0,"event_name":"Back to Basics","floor":20,"gold_loss":0}],"is_beta":false,"boss_relics":[{"not_picked":["Electric Blood","Runic Cube"],"picked":"Ring of Chaos"}],"items_purged_floors":[0,10,22],"is_endless":false,"potions_floor_spawned":[3,5,8,11,12,16,24],"killed_by":"Book of Stabbing","ascension_level":2}}