{"host":"kw4o7b3ro2ktmmbe","time":1610274173,"event":{"mods":["BaseMod","Evolution","Minty Spire (QoL Compilation)","StSLib","The Gatherer"],"gold_per_floor":[115,115,132,132,151,151,166,166,193,210,210,222,239,255,255,350,350,370,222,137,155,167,167,167,167,167],"floor_reached":24,"playtime":1683,"items_purged":[],"score":202,"play_id":"a5a0209b-9a9c-480b-9601-9aa9d41675bb","local_time":"20210110232253","is_ascension_mode":true,"metric_token":337,"campfire_choices":[{"data":"Gatherer:FlowerWhip+1","floor":6.0,"key":"SMITH"},{"data":"Gatherer:BalancedGrowth","floor":11.0,"key":"SMITH"},{"data":"Gatherer:FlowerWhip+2","floor":15.0,"key":"SMITH"},{"data":"Gatherer:BlackTea","floor":23.0,"key":"SMITH"}],"circlet_count":0,"master_deck":["Gatherer:Strike_Gatherer","Gatherer:Strike_Gatherer","Gatherer:Strike_Gatherer","Gatherer:Strike_Gatherer","Gatherer:Strike_Gatherer","Gatherer:Defend_Gatherer","Gatherer:Defend_Gatherer","Gatherer:Defend_Gatherer","Gatherer:Defend_Gatherer","Gatherer:Defend_Gatherer","Gatherer:FlowerWhip+3","CurseOfTheBell","Gatherer:BalancedGrowth+1","Gatherer:RecoveryHerb","Gatherer:BalancedGrowth","Gatherer:BlackTea+1","Gatherer:QuickSynthesis"],"relics":["EVO:Axolotl","Calling Bell","Oddly Smooth Stone","Meat on the Bone","Unceasing Top","Pen Nib","Black Star","Toolbox","Happy Flower"],"acts_visited":["Exordium","TheCity"],"potions_floor_usage":[],"damage_taken":[{"damage":0.0,"enemies":"Jaw Worm","floor":1.0,"turns":4.0},{"damage":4.0,"enemies":"Small Slimes","floor":3.0,"turns":4.0},{"damage":3.0,"enemies":"Cultist","floor":5.0,"turns":4.0},{"damage":15.0,"enemies":"Gremlin Gang","floor":7.0,"turns":7.0},{"damage":10.0,"enemies":"Exordium Wildlife","floor":10.0,"turns":4.0},{"damage":0.0,"enemies":"3 Louse","floor":12.0,"turns":4.0},{"damage":4.0,"enemies":"Gremlin Gang","floor":13.0,"turns":6.0},{"damage":4.0,"enemies":"Looter","floor":14.0,"turns":4.0},{"damage":74.0,"enemies":"Hexaghost","floor":16.0,"turns":13.0},{"damage":4.0,"enemies":"Chosen","floor":18.0,"turns":4.0},{"damage":20.0,"enemies":"2 Thieves","floor":21.0,"turns":3.0},{"damage":12.0,"enemies":"Snake Plant","floor":22.0,"turns":6.0},{"damage":41,"enemies":"Slavers","floor":24,"turns":3}],"seed_played":"4500528887962525153","potions_obtained":[{"floor":3.0,"key":"SteroidPotion"},{"floor":5.0,"key":"Swift Potion"},{"floor":10.0,"key":"FairyPotion"},{"floor":13.0,"key":"GamblersBrew"},{"floor":16.0,"key":"Weak Potion"}],"is_trial":false,"path_per_floor":["M","?","M","?","M","R","M","?","T","M","R","M","M","M","R","B",null,"M","$","?","M","M","R","E"],"character_chosen":"THE_GATHERER","items_purchased":["Toolbox"],"campfire_rested":0,"item_purchase_floors":[19],"current_hp_per_floor":[72,65,61,61,58,58,43,43,43,45,45,48,47,46,46,13,72,69,69,69,49,41,41,0,0,0],"gold":167,"neow_bonus":"BOSS_RELIC","is_daily":false,"chose_seed":false,"campfire_upgraded":4,"win_rate":0.0,"timestamp":1610274173,"path_taken":["M","?","M","?","M","R","M","?","T","M","R","?","?","M","R","BOSS","M","$","?","M","M","R","E"],"items_purchased_type":["Relic"],"build_version":"2020-12-22","purchased_purges":0,"victory":false,"max_hp_per_floor":[72,72,72,72,72,72,72,72,72,72,72,72,72,72,72,72,72,72,72,72,72,72,72,72,72,72],"card_choices":[{"not_picked":["Gatherer:TreeGrowth","Gatherer:FragileHammer"],"picked":"Gatherer:BalancedGrowth","floor":1.0},{"not_picked":["Gatherer:AromaProtection","Gatherer:Nutrients","Gatherer:TacticalStrike"],"picked":"SKIP","floor":3.0},{"not_picked":["Gatherer:OddSpoils","Gatherer:Enchant","Gatherer:FragileHammer"],"picked":"SKIP","floor":5.0},{"not_picked":["Gatherer:AcidicSpray","Gatherer:DrugPower"],"picked":"Gatherer:RecoveryHerb","floor":7.0},{"not_picked":["Gatherer:FlowerFalling","Gatherer:Snatch"],"picked":"Gatherer:BalancedGrowth","floor":10.0},{"not_picked":["Gatherer:BigPouch","Gatherer:GatherMaterial","Gatherer:AromaProtection"],"picked":"SKIP","floor":12.0},{"not_picked":["Gatherer:ScherryThrow","Gatherer:Frenzy","Gatherer:Duplicator"],"picked":"SKIP","floor":13.0},{"not_picked":["Gatherer:FlowerFalling","Gatherer:WoolGloves","Gatherer:AcidicSpray"],"picked":"SKIP","floor":14.0},{"not_picked":["Gatherer:StoneFence","Gatherer:Photoscythe"],"picked":"Gatherer:BlackTea","floor":16.0},{"not_picked":["Gatherer:TreeGrowth","Gatherer:TacticalStrike+1","Gatherer:BambuSword"],"picked":"SKIP","floor":18.0},{"not_picked":["Gatherer:SaveValuables","Gatherer:Frenzy","Gatherer:Duplicator"],"picked":"SKIP","floor":21.0},{"not_picked":["Gatherer:TacticalStrike+1","Gatherer:Frenzy"],"picked":"Gatherer:QuickSynthesis","floor":22.0}],"player_experience":1811653,"relics_obtained":[{"floor":0.0,"key":"Oddly Smooth Stone"},{"floor":0.0,"key":"Meat on the Bone"},{"floor":0.0,"key":"Unceasing Top"},{"floor":9.0,"key":"Pen Nib"}],"event_choices":[{"cards_removed":["Gatherer:Centralize"],"damage_healed":0.0,"max_hp_gain":0.0,"max_hp_loss":0.0,"gold_gain":0.0,"event_name":"Golden Wing","player_choice":"Card Removal","floor":2.0,"gold_loss":0.0,"damage_taken":7.0},{"damage_healed":0.0,"max_hp_gain":0.0,"max_hp_loss":0.0,"gold_gain":0.0,"event_name":"Living Wall","player_choice":"Grow","floor":4.0,"gold_loss":0.0,"damage_taken":0.0,"cards_upgraded":["Gatherer:FlowerWhip"]},{"damage_healed":0.0,"max_hp_gain":0.0,"max_hp_loss":0.0,"gold_gain":0.0,"event_name":"Gatherer:BottleCollector","player_choice":"Ignored","floor":8.0,"gold_loss":0.0,"damage_taken":0.0},{"damage_healed":0.0,"max_hp_gain":0.0,"max_hp_loss":0.0,"gold_gain":0.0,"event_name":"Addict","player_choice":"Obtained Relic","floor":20.0,"gold_loss":85.0,"damage_taken":0.0,"relics_obtained":["Happy Flower"]}],"is_beta":false,"boss_relics":[{"not_picked":["Busted Crown","Sozu"],"picked":"Black Star"}],"items_purged_floors":[],"is_endless":false,"potions_floor_spawned":[3,5,10,13,16],"killed_by":"Slavers","ascension_level":1}}