{"host":"kh6fvhxn285ncg0o","time":1610261151,"event":{"mods":["Act Like it!","BaseMod","Colored Map","Friendly Minions","Keyboard Shortcuts","Minty Spire (QoL Compilation)","Quick Restart","Relic Stats","StSLib","SuperFastMode"],"gold_per_floor":[113,113,123,8,8,43,43,68,68,78,153,153,178,191,191,270,270,287,287,307,319,319,319,347,364,364,397,397,397],"floor_reached":28,"playtime":578,"items_purged":["Strike_R"],"score":602,"play_id":"882ff302-82e1-474c-b398-7f9b109b6e68","local_time":"20210110154551","is_ascension_mode":true,"campfire_choices":[{"floor":7.0,"key":"REST"},{"floor":12.0,"key":"REST"},{"data":"Fire Breathing","floor":15.0,"key":"SMITH"},{"data":"Power Through","floor":23.0,"key":"SMITH"}],"circlet_count":0,"master_deck":["AscendersBane","Strike_R","Strike_R","Strike_R","Defend_R","Defend_R","Defend_R+1","Defend_R+1","Bash","Fire Breathing+1","Feel No Pain","Second Wind","Dark Embrace","Power Through+1","Immolate","Disarm","Evolve","Body Slam"],"relics":["Burning Blood","NeowsBlessing","StrikeDummy","Potion Belt","Ice Cream","Strawberry","Dream Catcher","Runic Dome","Darkstone Periapt","Matryoshka"],"acts_visited":["Exordium","TheCity"],"potions_floor_usage":[],"damage_taken":[{"damage":0.0,"enemies":"Jaw Worm","floor":1.0,"turns":1.0},{"damage":0.0,"enemies":"2 Louse","floor":3.0,"turns":1.0},{"damage":0.0,"enemies":"3 Sentries","floor":6.0,"turns":2.0},{"damage":31.0,"enemies":"Lagavulin","floor":8.0,"turns":7.0},{"damage":0.0,"enemies":"Small Slimes","floor":10.0,"turns":3.0},{"damage":7.0,"enemies":"3 Sentries","floor":13.0,"turns":5.0},{"damage":8.0,"enemies":"Blue Slaver","floor":14.0,"turns":4.0},{"damage":36.0,"enemies":"Hexaghost","floor":16.0,"turns":11.0},{"damage":0.0,"enemies":"Chosen","floor":18.0,"turns":4.0},{"damage":0.0,"enemies":"3 Byrds","floor":20.0,"turns":4.0},{"damage":2.0,"enemies":"Centurion and Healer","floor":21.0,"turns":5.0},{"damage":19.0,"enemies":"Gremlin Leader","floor":24.0,"turns":7.0},{"damage":1.0,"enemies":"Cultist and Chosen","floor":25.0,"turns":5.0},{"damage":41,"enemies":"Book of Stabbing","floor":27,"turns":7},{"damage":19,"enemies":"Chosen and Byrds","floor":28,"turns":2}],"seed_played":"-3526746541742630199","potions_obtained":[{"floor":3.0,"key":"FearPotion"},{"floor":13.0,"key":"SteroidPotion"},{"floor":16.0,"key":"Energy Potion"},{"floor":18.0,"key":"Block Potion"},{"floor":20.0,"key":"Fire Potion"},{"floor":21.0,"key":"BlessingOfTheForge"}],"is_trial":false,"path_per_floor":["M","?","M","$","?","E","R","E","T","M","?","R","E","M","R","B",null,"M","?","M","M","?","R","E","M","T","E","M"],"character_chosen":"IRONCLAD","items_purchased":["Feel No Pain"],"campfire_rested":2,"item_purchase_floors":[4],"current_hp_per_floor":[74,29,35,35,12,18,40,15,22,28,17,41,40,38,38,8,64,70,46,52,56,56,56,43,48,48,13,0,0],"gold":397,"neow_bonus":"THREE_ENEMY_KILL","is_daily":false,"chose_seed":false,"campfire_upgraded":2,"win_rate":0.0,"timestamp":1610261151,"path_taken":["M","?","M","$","?","E","R","E","T","M","?","R","E","M","R","BOSS","M","?","M","M","?","R","E","M","T","E","?"],"items_purchased_type":["Card"],"build_version":"2020-12-22","purchased_purges":1,"victory":false,"max_hp_per_floor":[75,75,75,75,75,75,75,75,82,82,82,82,82,82,82,82,82,82,87,87,87,87,87,87,87,87,87,87,87],"relic_stats":{"Darkstone Periapt":0,"Dream Catcher":0,"counters":[15,68],"obtain_stats":[{"Potion Belt":6,"Ice Cream":8,"Darkstone Periapt":24,"Runic Dome":17,"Dream Catcher":13,"Matryoshka":27,"NeowsBlessing":0,"Strawberry":9,"StrikeDummy":2,"Burning Blood":0},{"Potion Belt":3,"Ice Cream":4,"Darkstone Periapt":12,"Runic Dome":8,"Dream Catcher":6,"Matryoshka":14,"NeowsBlessing":0,"Strawberry":4,"StrikeDummy":1,"Burning Blood":0},{"Potion Belt":4,"Ice Cream":11,"Darkstone Periapt":54,"Runic Dome":34,"Dream Catcher":19,"Matryoshka":66,"NeowsBlessing":0,"Strawberry":11,"StrikeDummy":1,"Burning Blood":0}],"Burning Blood":84},"card_choices":[{"not_picked":["Thunderclap","Searing Blow","Bloodletting"],"picked":"SKIP","floor":1.0},{"not_picked":["Cleave","Iron Wave"],"picked":"Fire Breathing","floor":3.0},{"not_picked":["Blood for Blood","Thunderclap"],"picked":"Second Wind","floor":6.0},{"not_picked":["Twin Strike","Havoc"],"picked":"Dark Embrace","floor":8.0},{"not_picked":["Headbutt","Thunderclap","Cleave"],"picked":"SKIP","floor":13.0},{"not_picked":["Pummel","True Grit"],"picked":"Power Through","floor":14.0},{"not_picked":["Double Tap","Limit Break"],"picked":"Immolate","floor":16.0},{"not_picked":["Sword Boomerang","Dark Embrace","True Grit"],"picked":"SKIP","floor":18.0},{"not_picked":["Pummel","Carnage"],"picked":"Disarm","floor":20.0},{"not_picked":["Clash+1","Armaments","Ghostly Armor"],"picked":"SKIP","floor":24.0},{"not_picked":["Perfected Strike","Warcry"],"picked":"Evolve","floor":25.0},{"not_picked":["Immolate","Headbutt"],"picked":"Body Slam","floor":27}],"player_experience":3406135,"relics_obtained":[{"floor":6.0,"key":"Potion Belt"},{"floor":8.0,"key":"Ice Cream"},{"floor":9.0,"key":"Strawberry"},{"floor":13.0,"key":"Dream Catcher"},{"floor":24.0,"key":"Darkstone Periapt"},{"floor":27,"key":"Matryoshka"}],"event_choices":[{"damage_healed":0.0,"max_hp_gain":0.0,"max_hp_loss":0.0,"gold_gain":0.0,"event_name":"Scrap Ooze","player_choice":"Success","floor":2.0,"gold_loss":0.0,"damage_taken":45.0,"relics_obtained":["StrikeDummy"]},{"damage_healed":0.0,"max_hp_gain":0.0,"max_hp_loss":0.0,"gold_gain":0.0,"event_name":"Shining Light","player_choice":"Entered Light","floor":5.0,"gold_loss":0.0,"damage_taken":23.0,"cards_upgraded":["Defend_R","Defend_R"]},{"damage_healed":0.0,"max_hp_gain":0.0,"max_hp_loss":0.0,"gold_gain":75.0,"event_name":"World of Goop","player_choice":"Gather Gold","floor":11.0,"gold_loss":0.0,"damage_taken":11.0},{"damage_healed":0.0,"max_hp_gain":5.0,"max_hp_loss":0.0,"gold_gain":0.0,"event_name":"Forgotten Altar","player_choice":"Shed Blood","floor":19.0,"gold_loss":0.0,"damage_taken":29.0},{"cards_removed":["Strike_R"],"damage_healed":0.0,"max_hp_gain":0.0,"max_hp_loss":0.0,"gold_gain":0.0,"event_name":"Purifier","player_choice":"Purged","floor":22.0,"gold_loss":0.0,"damage_taken":0.0}],"is_beta":false,"boss_relics":[{"not_picked":["Sozu","Busted Crown"],"picked":"Runic Dome"}],"items_purged_floors":[4],"is_endless":false,"potions_floor_spawned":[3,13,16,18,20,21],"killed_by":"Chosen and Byrds","ascension_level":20}}