{"host":"c6u7e77myxvw4d0m","time":1610314839,"event":{"mods":["AchievementEnabler","BaseMod","Bestiary","Colored Map","Colored Powertips","Minty Spire (QoL Compilation)","Rare Cards Sparkle","Relic Stats","everything is the same but u backflip on backflip"],"gold_per_floor":[116,116,216,226,244,244,5,40,40,215,215,228,239,249,249,354,354,368,40,53,53,0,0,0],"floor_reached":23,"playtime":2022,"items_purged":["Storm of Steel"],"score":295,"play_id":"1bc43dd4-5c97-4170-9362-84b19ff252db","local_time":"20210110234039","is_ascension_mode":true,"campfire_choices":[{"data":"Neutralize","floor":6.0,"key":"SMITH"},{"data":"Caltrops","floor":15.0,"key":"SMITH"}],"circlet_count":0,"master_deck":["AscendersBane","Strike_G","Strike_G","Strike_G","Strike_G","Strike_G","Defend_G","Defend_G","Defend_G","Defend_G","Defend_G","Survivor","Neutralize+1","Tactician","Finisher","Dagger Throw","Leg Sweep","Infinite Blades","Poisoned Stab","Dodge and Roll","Backflip","Caltrops+1","Corpse Explosion","Concentrate+1","Footwork","Slice","Skewer","Noxious Fumes","Deadly Poison"],"relics":["Ring of the Snake","Snake Skull","Membership Card","Oddly Smooth Stone","Pantograph","Spirit Poop","Black Star","Shuriken","Torii"],"acts_visited":["Exordium","TheCity"],"potions_floor_usage":[],"damage_taken":[{"damage":6.0,"enemies":"Cultist","floor":1.0,"turns":4.0},{"damage":0.0,"enemies":"2 Louse","floor":4.0,"turns":4.0},{"damage":6.0,"enemies":"Small Slimes","floor":5.0,"turns":4.0},{"damage":8.0,"enemies":"3 Sentries","floor":8.0,"turns":9.0},{"damage":0.0,"enemies":"Looter","floor":12.0,"turns":4.0},{"damage":8.0,"enemies":"Exordium Thugs","floor":13.0,"turns":5.0},{"damage":0.0,"enemies":"Blue Slaver","floor":14.0,"turns":3.0},{"damage":24.0,"enemies":"Hexaghost","floor":16.0,"turns":12.0},{"damage":4.0,"enemies":"2 Thieves","floor":18.0,"turns":4.0},{"damage":18,"enemies":"3 Byrds","floor":20,"turns":4},{"damage":69,"enemies":"Gremlin Leader","floor":23,"turns":5}],"seed_played":"5034876686695558928","potions_obtained":[{"floor":5.0,"key":"DistilledChaos"},{"floor":8.0,"key":"Ancient Potion"},{"floor":12.0,"key":"SteroidPotion"},{"floor":16.0,"key":"FairyPotion"}],"is_trial":false,"path_per_floor":["M","?","?","M","M","R","$","E","T","?","?","M","M","M","R","B",null,"M","$","M","?","$","E"],"character_chosen":"THE_SILENT","items_purchased":["Membership Card","Leg Sweep","Infinite Blades","Shuriken","Footwork","Slice","Torii","Noxious Fumes","Deadly Poison"],"campfire_rested":0,"item_purchase_floors":[7,7,7,19,19,19,19,22,22],"current_hp_per_floor":[57,45,45,45,39,39,39,31,31,31,31,31,23,23,23,24,59,55,55,37,37,37,0,0],"gold":0,"neow_bonus":"ONE_RANDOM_RARE_CARD","is_daily":false,"chose_seed":false,"campfire_upgraded":2,"win_rate":0.0,"timestamp":1610314839,"path_taken":["M","?","?","M","?","R","$","E","T","?","?","M","?","M","R","BOSS","M","$","M","?","?","E"],"items_purchased_type":["Relic","Card","Card","Relic","Card","Card","Relic","Card","Card"],"build_version":"2020-12-22","purchased_purges":1,"victory":false,"max_hp_per_floor":[70,70,70,70,70,70,70,70,70,70,70,70,70,70,70,70,70,70,70,70,70,70,70,70],"relic_stats":{"Torii":3,"counters":[11,58],"Shuriken":[4],"Pantograph":25,"Snake Skull":[20],"Black Star":0,"obtain_stats":[{"Torii":19,"Shuriken":19,"Pantograph":9,"Oddly Smooth Stone":8,"Spirit Poop":11,"Snake Skull":2,"Black Star":17,"Membership Card":7,"Ring of the Snake":0},{"Torii":9,"Shuriken":9,"Pantograph":4,"Oddly Smooth Stone":4,"Spirit Poop":4,"Snake Skull":1,"Black Star":8,"Membership Card":3,"Ring of the Snake":0},{"Torii":49,"Shuriken":49,"Pantograph":21,"Oddly Smooth Stone":21,"Spirit Poop":21,"Snake Skull":4,"Black Star":45,"Membership Card":12,"Ring of the Snake":0}],"Ring of the Snake":[22]},"card_choices":[{"not_picked":["Outmaneuver","Backflip"],"picked":"Tactician","floor":1.0},{"not_picked":["Endless Agony","Sucker Punch"],"picked":"Finisher","floor":4.0},{"not_picked":["Deflect","Acrobatics"],"picked":"Dagger Throw","floor":5.0},{"not_picked":["Concentrate","Bane"],"picked":"Poisoned Stab","floor":8.0},{"not_picked":["Leg Sweep","Poisoned Stab"],"picked":"Dodge and Roll","floor":12.0},{"not_picked":["Choke","Outmaneuver"],"picked":"Backflip","floor":13.0},{"not_picked":["Blur","Deadly Poison"],"picked":"Caltrops","floor":14.0},{"not_picked":["Doppelganger","A Thousand Cuts"],"picked":"Corpse Explosion","floor":16.0},{"not_picked":["Riddle With Holes","Heel Hook"],"picked":"Concentrate+1","floor":18.0},{"not_picked":["Deflect","Quick Slash"],"picked":"Skewer","floor":20}],"player_experience":315995,"relics_obtained":[{"floor":8.0,"key":"Oddly Smooth Stone"},{"floor":9.0,"key":"Pantograph"}],"event_choices":[{"damage_healed":0.0,"max_hp_gain":0.0,"max_hp_loss":0.0,"gold_gain":0.0,"event_name":"Scrap Ooze","player_choice":"Success","floor":2.0,"gold_loss":0.0,"damage_taken":12.0,"relics_obtained":["Snake Skull"]},{"damage_healed":0.0,"max_hp_gain":0.0,"max_hp_loss":0.0,"gold_gain":100.0,"event_name":"Golden Shrine","player_choice":"Pray","floor":3.0,"gold_loss":0.0,"damage_taken":0.0},{"damage_healed":0.0,"max_hp_gain":0.0,"max_hp_loss":0.0,"gold_gain":175.0,"event_name":"Liars Game","player_choice":"AGREE","floor":10.0,"gold_loss":0.0,"damage_taken":0.0,"cards_obtained":["Doubt"]},{"cards_removed":["Doubt"],"damage_healed":0.0,"max_hp_gain":0.0,"max_hp_loss":0.0,"gold_gain":0.0,"event_name":"Bonfire Elementals","player_choice":"Offered Curse","floor":11.0,"gold_loss":0.0,"damage_taken":0.0,"relics_obtained":["Spirit Poop"]},{"damage_healed":0,"gold_gain":0,"player_choice":"Ignored","damage_taken":0,"max_hp_gain":0,"max_hp_loss":0,"event_name":"N\u0027loth","floor":21,"gold_loss":0}],"is_beta":false,"boss_relics":[{"not_picked":["Astrolabe","Ectoplasm"],"picked":"Black Star"}],"items_purged_floors":[7],"is_endless":false,"potions_floor_spawned":[5,8,12,16,18],"killed_by":"Gremlin Leader","ascension_level":11}}