{"host":"skvwuvqqk8x6jusd","time":1610304642,"event":{"mods":["AchievementEnabler","BaseMod","Colored Map","Colored Powertips","Highlight Path","Minty Spire (QoL Compilation)","Relic Stats","Slay-I"],"gold_per_floor":[209,309,53,72,83,83,33,44,44,44,44,44,61,96,96,195,195,210,58,58,21,120,120,20,47,47,47,47,65,65,65,65,65,65],"floor_reached":33,"playtime":864,"items_purged":["Defend_R","Defend_R"],"score":284,"play_id":"d96322f2-3d20-4102-b392-9255c522bd58","local_time":"20210110185042","is_ascension_mode":false,"campfire_choices":[{"data":"Clash","floor":6.0,"key":"SMITH"},{"data":"Bash","floor":11.0,"key":"SMITH"},{"data":"Flex","floor":15.0,"key":"SMITH"},{"data":"Ghostly","floor":23.0,"key":"SMITH"},{"data":"Whirlwind","floor":27.0,"key":"SMITH"},{"floor":32.0,"key":"REST"}],"circlet_count":0,"master_deck":["Strike_R","Strike_R","Strike_R","Strike_R","Strike_R","Defend_R","Defend_R","Bash+1","Rampage","Anger","Carnage","Clash+1","Flex+1","Anger","Limit Break","Ghostly+1","Ghostly","Ghostly","Ghostly","Ghostly","Battle Trance","Whirlwind+1","Rupture+1"],"relics":["Burning Blood","Bag of Preparation","Bottled Flame","Blood Vial","Runic Cube","Red Skull","Toxic Egg 2","Frozen Egg 2","Bird Faced Urn"],"acts_visited":["Exordium","TheCity"],"potions_floor_usage":[33,33],"damage_taken":[{"damage":6.0,"enemies":"2 Louse","floor":1.0,"turns":3.0},{"damage":0.0,"enemies":"Cultist","floor":4.0,"turns":2.0},{"damage":11.0,"enemies":"Jaw Worm","floor":5.0,"turns":2.0},{"damage":0.0,"enemies":"Large Slime","floor":8.0,"turns":3.0},{"damage":1.0,"enemies":"3 Louse","floor":13.0,"turns":2.0},{"damage":8.0,"enemies":"3 Sentries","floor":14.0,"turns":4.0},{"damage":64.0,"enemies":"The Guardian","floor":16.0,"turns":7.0},{"damage":19.0,"enemies":"Shell Parasite","floor":18.0,"turns":3.0},{"damage":10.0,"enemies":"Gremlin Leader","floor":25.0,"turns":6.0},{"damage":19.0,"enemies":"Colosseum Slavers","floor":28.0,"turns":5.0},{"damage":5.0,"enemies":"2 Thieves","floor":29.0,"turns":4.0},{"damage":54,"enemies":"Automaton","floor":33,"turns":6}],"seed_played":"324057443117616615","potions_obtained":[{"floor":1.0,"key":"EssenceOfSteel"},{"floor":13.0,"key":"Explosive Potion"},{"floor":25.0,"key":"Weak Potion"},{"floor":29.0,"key":"LiquidMemories"}],"is_trial":false,"path_per_floor":["M","?","$","M","M","R","$","M","T","$","R","$","M","E","R","B",null,"M","$","?","$","?","R","$","E","T","R","?","M","$","T","R","B"],"character_chosen":"IRONCLAD","items_purchased":["Anger","Bag of Preparation","Flex","Red Skull","Battle Trance"],"campfire_rested":1,"item_purchase_floors":[3,3,7,19,21],"current_hp_per_floor":[80,80,80,80,75,75,75,80,80,80,80,80,80,78,78,22,80,67,67,40,40,40,40,40,36,36,36,25,28,28,28,40,0,0],"gold":65,"neow_bonus":"HUNDRED_GOLD","is_daily":false,"chose_seed":false,"campfire_upgraded":5,"win_rate":0.0,"timestamp":1610304642,"path_taken":["M","?","?","M","?","R","$","M","T","?","R","$","?","E","R","BOSS","M","?","?","$","?","R","?","E","T","R","?","M","?","?","R","BOSS"],"items_purchased_type":["Card","Relic","Card","Relic","Card"],"build_version":"2020-12-22","purchased_purges":2,"victory":false,"max_hp_per_floor":[80,80,80,80,80,80,80,80,80,80,80,80,80,80,80,80,80,80,80,40,40,40,40,40,40,40,40,40,40,40,40,40,40,40],"relic_stats":{"Blood Vial":6,"counters":[12,47],"Bird Faced Urn":[0],"Bag of Preparation":[22],"obtain_stats":[{"Blood Vial":14,"Bottled Flame":9,"Bird Faced Urn":31,"Bag of Preparation":3,"Toxic Egg 2":25,"Frozen Egg 2":26,"Burning Blood":0,"Red Skull":19,"Runic Cube":17},{"Blood Vial":6,"Bottled Flame":4,"Bird Faced Urn":11,"Bag of Preparation":1,"Toxic Egg 2":9,"Frozen Egg 2":9,"Burning Blood":0,"Red Skull":8,"Runic Cube":7},{"Blood Vial":16,"Bottled Flame":10,"Bird Faced Urn":41,"Bag of Preparation":3,"Toxic Egg 2":32,"Frozen Egg 2":32,"Burning Blood":0,"Red Skull":26,"Runic Cube":23}],"Burning Blood":54,"Runic Cube":[33]},"card_choices":[{"not_picked":["Pommel Strike","Thunderclap"],"picked":"Rampage","floor":1.0},{"not_picked":["Rampage","Dropkick"],"picked":"Carnage","floor":4.0},{"not_picked":["Cleave","Infernal Blade"],"picked":"Clash","floor":5.0},{"not_picked":["Clothesline","Pommel Strike"],"picked":"Anger","floor":8.0},{"not_picked":["Armaments","Warcry","Clothesline"],"picked":"SKIP","floor":13.0},{"not_picked":["Fiend Fire","Reaper","Body Slam"],"picked":"SKIP","floor":14.0},{"not_picked":["Brutality","Demon Form"],"picked":"Limit Break","floor":16.0},{"not_picked":["Uppercut","Iron Wave","Thunderclap"],"picked":"SKIP","floor":18.0},{"not_picked":["Hemokinesis","Dropkick+1"],"picked":"Whirlwind","floor":25.0},{"not_picked":["Hemokinesis+1","Power Through+1"],"picked":"Rupture+1","floor":29.0}],"player_experience":603282,"relics_obtained":[{"floor":9.0,"key":"Bottled Flame"},{"floor":14.0,"key":"Blood Vial"},{"floor":25.0,"key":"Toxic Egg 2"},{"floor":26.0,"key":"Frozen Egg 2"},{"floor":31.0,"key":"Bird Faced Urn"}],"event_choices":[{"damage_healed":0.0,"max_hp_gain":0.0,"max_hp_loss":0.0,"gold_gain":100.0,"event_name":"Golden Shrine","player_choice":"Pray","floor":2.0,"gold_loss":0.0,"damage_taken":0.0},{"damage_healed":0.0,"max_hp_gain":0.0,"max_hp_loss":40.0,"gold_gain":0.0,"event_name":"Ghosts","player_choice":"Became a Ghost","floor":20.0,"gold_loss":0.0,"damage_taken":0.0,"cards_obtained":["Ghostly","Ghostly","Ghostly","Ghostly","Ghostly"]},{"damage_healed":0.0,"max_hp_gain":0.0,"max_hp_loss":0.0,"gold_gain":99.0,"event_name":"Nest","player_choice":"Stole From Cult","floor":22.0,"gold_loss":0.0,"damage_taken":0.0},{"damage_healed":0.0,"max_hp_gain":0.0,"max_hp_loss":0.0,"gold_gain":0.0,"event_name":"Colosseum","player_choice":"Fight","floor":28.0,"gold_loss":0.0,"damage_taken":0.0},{"damage_healed":0.0,"max_hp_gain":0.0,"max_hp_loss":0.0,"gold_gain":0.0,"event_name":"Colosseum","player_choice":"Fled From Nobs","floor":28.0,"gold_loss":0.0,"damage_taken":0.0}],"is_beta":false,"boss_relics":[{"not_picked":["Philosopher\u0027s Stone","Astrolabe"],"picked":"Runic Cube"}],"items_purged_floors":[3,24],"is_endless":false,"potions_floor_spawned":[1,13,25,29],"killed_by":"Automaton","ascension_level":0}}