{"host":"8c7ixdz8x9d2d2wv","time":1610315525,"event":{"mods":["BaseMod","BetterRewards","Colored Map","Curses Come First","Highlight Path","Minty Spire (QoL Compilation)","Quick Restart","Rare Cards Sparkle","StSLib"],"gold_per_floor":[115,190,208,223,239,239,239,303,303,478,428,206,206,217,217,217,217],"floor_reached":16,"playtime":712,"items_purged":["Defend_G"],"score":90,"play_id":"d1e99df7-d6e8-43c8-b555-dca39214d56a","local_time":"20210110225205","is_ascension_mode":false,"campfire_choices":[{"data":"Cloak And Dagger","floor":6,"key":"SMITH"},{"data":"Bouncing Flask","floor":15,"key":"SMITH"}],"circlet_count":0,"master_deck":["Strike_G","Strike_G","Strike_G","Defend_G","Defend_G","Defend_G","Defend_G","Survivor","Neutralize","Backflip","Backflip","Cloak And Dagger+1","Bouncing Flask+1"],"relics":["Ring of the Snake","Dead Branch","The Specimen","Snake Skull"],"acts_visited":["Exordium"],"potions_floor_usage":[8,16,16],"damage_taken":[{"damage":1,"enemies":"Jaw Worm","floor":1,"turns":7},{"damage":0,"enemies":"Small Slimes","floor":3,"turns":6},{"damage":0,"enemies":"2 Louse","floor":4,"turns":4},{"damage":3,"enemies":"2 Fungi Beasts","floor":5,"turns":6},{"damage":0,"enemies":"Gremlin Nob","floor":8,"turns":2},{"damage":0,"enemies":"Looter","floor":14,"turns":2},{"damage":36,"enemies":"Slime Boss","floor":16,"turns":7}],"seed_played":"4393890673409258093","potions_obtained":[{"floor":1,"key":"CunningPotion"},{"floor":8,"key":"LiquidBronze"},{"floor":14,"key":"EssenceOfSteel"}],"is_trial":false,"path_per_floor":["M","?","M","M","M","R","?","?","T","?","?","$","?","M","R","B"],"character_chosen":"THE_SILENT","items_purchased":["Snake Skull"],"campfire_rested":0,"item_purchase_floors":[12],"current_hp_per_floor":[69,58,58,58,55,55,43,43,43,43,43,43,36,36,36,0,0],"gold":217,"neow_bonus":"REMOVE_CARD","is_daily":false,"chose_seed":false,"campfire_upgraded":2,"win_rate":0.0,"timestamp":1610315525,"path_taken":["M","?","M","M","M","R","?","?","T","?","?","$","?","M","R","BOSS"],"items_purchased_type":["Relic"],"build_version":"2020-12-22","purchased_purges":1,"victory":false,"max_hp_per_floor":[70,70,70,70,70,70,70,70,70,70,70,70,70,70,70,70,70],"card_choices":[{"not_picked":["Acrobatics","All Out Attack"],"picked":"Backflip","floor":1},{"not_picked":["Underhanded Strike","Predator"],"picked":"Backflip","floor":3},{"not_picked":["Bane","Masterful Stab"],"picked":"Cloak And Dagger","floor":4},{"not_picked":["Blade Dance","Backstab"],"picked":"Bouncing Flask","floor":5},{"not_picked":["Eviscerate","Calculated Gamble","Backflip"],"picked":"SKIP","floor":14}],"player_experience":635822,"relics_obtained":[],"event_choices":[{"damage_healed":0,"gold_gain":75,"player_choice":"Gather Gold","damage_taken":11,"max_hp_gain":0,"max_hp_loss":0,"event_name":"World of Goop","floor":2,"gold_loss":0},{"damage_healed":0,"gold_gain":0,"player_choice":"Success","damage_taken":12,"relics_obtained":["Dead Branch"],"max_hp_gain":0,"max_hp_loss":0,"event_name":"Scrap Ooze","floor":7,"gold_loss":0},{"damage_healed":0,"gold_gain":0,"player_choice":"Searched \u00272\u0027 times","damage_taken":0,"relics_obtained":["The Specimen"],"max_hp_gain":0,"max_hp_loss":0,"event_name":"Dead Adventurer","floor":8,"gold_loss":0},{"damage_healed":0,"gold_gain":175,"player_choice":"AGREE","damage_taken":0,"max_hp_gain":0,"max_hp_loss":0,"event_name":"Liars Game","floor":10,"gold_loss":0,"cards_obtained":["Doubt"]},{"cards_removed":["Doubt"],"damage_healed":0,"gold_gain":0,"player_choice":"Card Removal","damage_taken":0,"max_hp_gain":0,"max_hp_loss":0,"event_name":"The Cleric","floor":11,"gold_loss":50},{"cards_removed":["Strike_G"],"damage_healed":0,"gold_gain":0,"player_choice":"Card Removal","damage_taken":7,"max_hp_gain":0,"max_hp_loss":0,"event_name":"Golden Wing","floor":13,"gold_loss":0}],"is_beta":false,"boss_relics":[],"items_purged_floors":[12],"is_endless":false,"potions_floor_spawned":[1,8,14],"killed_by":"Slime Boss","ascension_level":0}}