{"host":"q206iib20se9i6w7","time":1610260724,"event":{"mods":["AchievementEnabler","BaseMod","Block Reminder","Colored Map","Colored Powertips","Highlight Path","Key Reminder","Minty Spire (QoL Compilation)","Quick Restart","Random Character Button","Relic Stats","StSLib","SuperFastMode","Unceasing Turn Reminder"],"gold_per_floor":[118,138,158,108,125,159,159,192,192,222,222,222,232,72,72,177,177,187,202,202,202,212,241,241,259,259,274,292,292,7,7,7,7,7],"floor_reached":33,"playtime":1716,"items_purged":["Strike_B","Cold Snap"],"score":344,"play_id":"8fe1f4fd-8d01-462d-887d-0432d9b5fc3f","local_time":"20210110003844","is_ascension_mode":true,"campfire_choices":[{"data":"Sunder","floor":7.0,"key":"SMITH"},{"data":"Dualcast","floor":12.0,"key":"SMITH"},{"data":"Zap","floor":15.0,"key":"SMITH"},{"data":"Fission","floor":24.0,"key":"SMITH"},{"floor":29,"key":"REST"},{"data":"Fission","floor":32,"key":"SMITH"}],"circlet_count":1,"master_deck":["Defend_B","Defend_B","Zap+1","Dualcast+1","Streamline","Sunder+1","Coolheaded","Auto Shields","Cold Snap","Biased Cognition","Impatience","Fission+1","Skim+1","Amplify+1","Skim+1","Glacier+1","Steam Power+1","Cold Snap+1","Turbo+1","Blizzard+1","Recycle","Fission+1"],"relics":["Cracked Core","NeowsBlessing","Omamori","Orichalcum","Ornamental Fan","Du-Vu Doll","Astrolabe","Nilry\u0027s Codex","Girya","Circlet","Medical Kit"],"acts_visited":[],"potions_floor_usage":[],"damage_taken":[{"damage":0.0,"enemies":"2 Louse","floor":1.0,"turns":1.0},{"damage":0.0,"enemies":"Small Slimes","floor":2.0,"turns":1.0},{"damage":0.0,"enemies":"Cultist","floor":3.0,"turns":1.0},{"damage":14.0,"enemies":"Exordium Thugs","floor":5.0,"turns":6.0},{"damage":5.0,"enemies":"Lagavulin","floor":6.0,"turns":7.0},{"damage":7.0,"enemies":"3 Sentries","floor":8.0,"turns":9.0},{"damage":8.0,"enemies":"Gremlin Nob","floor":10.0,"turns":3.0},{"damage":4.0,"enemies":"Red Slaver","floor":13.0,"turns":3.0},{"damage":34.0,"enemies":"Hexaghost","floor":16.0,"turns":13.0},{"damage":20.0,"enemies":"3 Byrds","floor":18.0,"turns":4.0},{"damage":0.0,"enemies":"Spheric Guardian","floor":19.0,"turns":6.0},{"damage":7.0,"enemies":"Shelled Parasite and Fungi","floor":22.0,"turns":9.0},{"damage":18.0,"enemies":"Slavers","floor":23.0,"turns":5.0},{"damage":10.0,"enemies":"Snecko","floor":25.0,"turns":5.0},{"damage":6.0,"enemies":"Snake Plant","floor":27.0,"turns":3.0},{"damage":11,"enemies":"Centurion and Healer","floor":28,"turns":7},{"damage":43,"enemies":"Collector","floor":33,"turns":3}],"seed_played":"-8318863555787318404","potions_obtained":[{"floor":2.0,"key":"Regen Potion"},{"floor":5.0,"key":"AttackPotion"},{"floor":6.0,"key":"DuplicationPotion"},{"floor":10.0,"key":"Regen Potion"},{"floor":13.0,"key":"PotionOfCapacity"},{"floor":19.0,"key":"Weak Potion"},{"floor":23.0,"key":"SteroidPotion"},{"floor":25.0,"key":"Strength Potion"},{"floor":28,"key":"EssenceOfDarkness"}],"is_trial":false,"path_per_floor":["M","M","M","?","M","E","R","E","T","E","?","R","M","$","R","B",null,"M","M","?","?","M","E","R","M","T","M","M","R","$","?","R","B"],"character_chosen":"DEFECT","items_purchased":["Impatience","Recycle","Medical Kit"],"campfire_rested":1,"item_purchase_floors":[14,30,30],"current_hp_per_floor":[75,75,75,75,61,56,56,49,49,41,46,46,42,42,42,23,80,60,60,44,44,37,33,33,23,23,17,6,30,30,30,30,0,0],"gold":7,"neow_bonus":"THREE_ENEMY_KILL","is_daily":false,"chose_seed":false,"campfire_upgraded":5,"win_rate":0.0,"timestamp":1610260724,"path_taken":["M","M","M","?","M","E","R","E","T","E","?","R","M","$","R","BOSS","M","M","?","?","M","E","R","M","T","?","M","R","$","?","R","BOSS"],"items_purchased_type":["Card","Card","Relic"],"build_version":"2020-12-22","purchased_purges":2,"victory":false,"max_hp_per_floor":[75,75,75,75,75,75,75,75,75,75,80,80,80,80,80,80,80,80,80,80,80,80,80,80,80,80,80,80,80,80,80,80,80,80],"relic_stats":{"counters":[2,10],"Ornamental Fan":[8],"Astrolabe":[],"Orichalcum":[12],"Medical Kit":[0],"obtain_stats":[{"Du-Vu Doll":0,"Girya":0,"NeowsBlessing":0,"Ornamental Fan":0,"Nilry\u0027s Codex":0,"Astrolabe":0,"Circlet":0,"Omamori":0,"Orichalcum":0,"Cracked Core":0,"Medical Kit":30},{"Du-Vu Doll":0,"Girya":0,"NeowsBlessing":0,"Ornamental Fan":0,"Nilry\u0027s Codex":0,"Astrolabe":0,"Circlet":0,"Omamori":0,"Orichalcum":0,"Cracked Core":0,"Medical Kit":1},{"Du-Vu Doll":0,"Girya":0,"NeowsBlessing":0,"Ornamental Fan":0,"Nilry\u0027s Codex":0,"Astrolabe":0,"Circlet":0,"Omamori":0,"Orichalcum":0,"Cracked Core":0,"Medical Kit":7}]},"card_choices":[{"not_picked":["Turbo","Conserve Battery"],"picked":"Streamline","floor":1.0},{"not_picked":["BootSequence","Barrage"],"picked":"Sunder","floor":2.0},{"not_picked":["Force Field","Hologram"],"picked":"Coolheaded","floor":3.0},{"not_picked":["Barrage","Redo"],"picked":"Auto Shields","floor":5.0},{"not_picked":["Doom and Gloom","Tempest"],"picked":"Cold Snap","floor":6.0},{"not_picked":["Multi-Cast","All For One"],"picked":"Cold Snap","floor":8.0},{"not_picked":["White Noise","Hologram"],"picked":"Biased Cognition","floor":10.0},{"not_picked":["Chill","Rebound","Steam Power"],"picked":"SKIP","floor":13.0},{"not_picked":["Meteor Strike","Rainbow"],"picked":"Fission","floor":16.0},{"not_picked":["Tempest","Coolheaded+1"],"picked":"Glacier+1","floor":18.0},{"not_picked":["Streamline","Sweeping Beam","Rebound"],"picked":"SKIP","floor":19.0},{"not_picked":["Conserve Battery","Barrage"],"picked":"Steam Power+1","floor":22.0},{"not_picked":["Streamline","Go for the Eyes+1"],"picked":"Cold Snap+1","floor":23.0},{"not_picked":["BootSequence","Stack"],"picked":"Turbo+1","floor":25.0},{"not_picked":["Sweeping Beam","Sunder","Stack"],"picked":"SKIP","floor":27},{"not_picked":["Double Energy","Lockon"],"picked":"Blizzard+1","floor":28}],"player_experience":218104,"relics_obtained":[{"floor":6.0,"key":"Omamori"},{"floor":8.0,"key":"Orichalcum"},{"floor":9.0,"key":"Ornamental Fan"},{"floor":10.0,"key":"Du-Vu Doll"},{"floor":20.0,"key":"Nilry\u0027s Codex"},{"floor":23.0,"key":"Girya"}],"event_choices":[{"cards_removed":["Strike_B"],"damage_healed":0.0,"max_hp_gain":0.0,"max_hp_loss":0.0,"gold_gain":0.0,"event_name":"The Cleric","player_choice":"Card Removal","floor":4.0,"gold_loss":50.0,"damage_taken":0.0},{"damage_healed":0.0,"max_hp_gain":5.0,"max_hp_loss":0.0,"gold_gain":0.0,"event_name":"Big Fish","player_choice":"Donut","floor":11.0,"gold_loss":0.0,"damage_taken":0.0},{"damage_healed":0.0,"max_hp_gain":0.0,"max_hp_loss":0.0,"gold_gain":0.0,"event_name":"Cursed Tome","player_choice":"Obtained Book","floor":20.0,"gold_loss":0.0,"damage_taken":16.0},{"cards_removed":["Defend_B"],"damage_healed":0.0,"max_hp_gain":0.0,"max_hp_loss":0.0,"gold_gain":0.0,"event_name":"Purifier","player_choice":"Purged","floor":21.0,"gold_loss":0.0,"damage_taken":0.0},{"damage_healed":0,"gold_gain":0,"player_choice":"1 cards matched","damage_taken":0,"max_hp_gain":0,"max_hp_loss":0,"event_name":"Match and Keep!","floor":31,"gold_loss":0,"cards_obtained":["Fission"]}],"is_beta":false,"boss_relics":[{"not_picked":["Empty Cage","Runic Dome"],"picked":"Astrolabe"}],"items_purged_floors":[14,30],"is_endless":false,"potions_floor_spawned":[2,5,6,10,13,19,23,25,28],"killed_by":"Collector","ascension_level":4}}