{"host":"ve4jblr3b80flk7t","time":1610298381,"event":{"mods":["Act Like it!","BaseMod","CapriCore","Marisa£®ÏF”Í°°ƒß¿Ì…≥£©","Minty Spire (QoL Compilation)","Prisma Mod","Reimu£®≤©¿ˆ¡È√Œ£©","Remilia_Scarlet Moed£®¿Ÿ√◊¿Ú—«°§Àπø®¿◊Ãÿ£©3.3.5","Remilia£®¿Ÿ√◊¿Ú—«£©","StSLib","The Servant 0.9.4","UnlockEverythingMod","Youmu£®ªÍ∆«—˝√Œ£©","ÛÙª÷∏ƒœ"],"gold_per_floor":[118,118,131,143,93,93,93],"floor_reached":6,"playtime":319,"items_purged":[],"score":36,"play_id":"b38d3b23-564c-4fbe-a1c9-c1d6815d1b82","local_time":"20210111010621","is_ascension_mode":false,"campfire_choices":[],"circlet_count":0,"master_deck":["RemiliaMod:Scratch","RemiliaMod:Scratch","RemiliaMod:Defend","RemiliaMod:Defend","RemiliaMod:Defend","RemiliaMod:Defend","RemiliaMod:CNLCSZL","RemiliaMod:CAattack","RemiliaMod:CPFWZL","RemiliaMod:CPFPDLL","RemiliaMod:CMABianfuzhen"],"relics":["RemiliaMod:RXiangDui","RemiliaMod:RFkXt","RemiliaMod:RWYXT","Juzu Bracelet","NeowsBlessing"],"acts_visited":["Exordium"],"potions_floor_usage":[],"damage_taken":[{"damage":0,"enemies":"2 Louse","floor":1,"turns":1},{"damage":0,"enemies":"Cultist","floor":3,"turns":1},{"damage":0,"enemies":"Jaw Worm","floor":4,"turns":1},{"damage":5,"enemies":"Lagavulin","floor":6,"turns":5}],"seed_played":"-4406573366680171664","potions_obtained":[{"floor":1,"key":"Energy Potion"}],"is_trial":false,"path_per_floor":["M","?","M","M","?","E"],"character_chosen":"Remilia_Scarlet_Modee","items_purchased":[],"campfire_rested":0,"item_purchase_floors":[],"current_hp_per_floor":[75,75,75,75,75,70,70],"gold":93,"neow_bonus":"THREE_ENEMY_KILL","is_daily":false,"chose_seed":false,"campfire_upgraded":0,"win_rate":0.0,"timestamp":1610298381,"path_taken":["M","?","M","M","?","E"],"items_purchased_type":[],"build_version":"2020-12-22","purchased_purges":0,"victory":false,"max_hp_per_floor":[75,75,75,75,75,75,75],"card_choices":[{"not_picked":["RemiliaMod:CDB","RemiliaMod:CJNYSFZ"],"picked":"RemiliaMod:CPFWZL","floor":1},{"not_picked":["RemiliaMod:CFxAttack","RemiliaMod:CJNMJFZ"],"picked":"RemiliaMod:CPFPDLL","floor":3},{"not_picked":["RemiliaMod:CJNMJFZ","RemiliaMod:CJNYSFZ"],"picked":"RemiliaMod:CMABianfuzhen","floor":4}],"player_experience":43958,"relics_obtained":[],"event_choices":[{"cards_removed":["RemiliaMod:Scratch"],"damage_healed":0,"gold_gain":0,"player_choice":"Purged","damage_taken":0,"max_hp_gain":0,"max_hp_loss":0,"event_name":"Purifier","floor":2,"gold_loss":0},{"cards_removed":["RemiliaMod:Scratch"],"damage_healed":0,"gold_gain":0,"player_choice":"Card Removal","damage_taken":0,"max_hp_gain":0,"max_hp_loss":0,"event_name":"The Cleric","floor":5,"gold_loss":50}],"is_beta":false,"boss_relics":[],"items_purged_floors":[],"is_endless":false,"potions_floor_spawned":[1],"killed_by":"Lagavulin","ascension_level":0}}