{"host":"ds3v42j7tpaaz1mg","time":1610240985,"event":{"mods":["AchievementEnabler","Aspiration","BaseMod","Bestiary","Better Altar","Better Note","Better Sensory Stone","BetterRewards","Block Reminder","Colored Powertips","Conspire","Downfall","Energized Spire","Halation","Hermit","Highlight Path","Hubris","Infinite Spire","Jorbs\u0027s Wanderer Trilogy","Minty Spire (QoL Compilation)","Relic Stats","Replay The Spire","StSLib","The Elementalist","The Servant 0.9.4","vexMod"],"gold_per_floor":[114,114,22,35,35,69,69,69,95,95,131,55,55,74,74,205,205,219,45,70,70,85,116,116,155,224,224,224],"floor_reached":27,"playtime":1206,"items_purged":[],"score":467,"play_id":"5c2415cc-abd6-402e-b141-7ce308b828a8","local_time":"20210109200945","is_ascension_mode":true,"campfire_choices":[{"floor":7,"key":"REST"},{"data":"expansioncontent:DecasProtection","floor":10,"key":"SMITH"},{"floor":15,"key":"REST"},{"floor":24,"key":"REST"}],"circlet_count":0,"master_deck":["Strike_G","Strike_G","Strike_G","Strike_G","Strike_G","Defend_G","Defend_G","Defend_G","Defend_G","Defend_G","Survivor","Neutralize","Footwork","Sucker Punch","expansioncontent:DecasProtection+1","PiercingWail","PiercingWail","Blur","Infinite Blades","Glass Knife","Quick Slash","Noxious Fumes","Noxious Fumes","Hidden Blade","Catalyst","PiercingWail","Noxious Fumes"],"relics":["Ring of the Snake","Replay:Wax Seal","TwistedFunnel","halation:PinkSoulGem","Golden Idol","ReplayTheSpireMod:Ninjato","The Courier","vexMod:MemoryStick","aspiration:SeaSaltIceCream","Mummified Hand","halation:EternalFortune","energizedSpire:SpiderWeb","hubris:PeanutButter","Bag of Preparation","Juzu Bracelet","hubris:Metronome"],"acts_visited":["Exordium","TheCity"],"potions_floor_usage":[6,16,20,22,25,27],"damage_taken":[{"damage":0,"enemies":"Cultist","floor":1,"turns":4},{"damage":0,"enemies":"Small Slimes","floor":4,"turns":3},{"damage":6,"enemies":"3 Sentries","floor":6,"turns":5},{"damage":44,"enemies":"Gremlin Nob","floor":11,"turns":6},{"damage":4,"enemies":"Jaw Worm","floor":12,"turns":5},{"damage":0,"enemies":"Looter","floor":14,"turns":1},{"damage":14,"enemies":"The Guardian","floor":16,"turns":15},{"damage":7,"enemies":"2 Thieves","floor":18,"turns":4},{"damage":0,"enemies":"3 Byrds","floor":20,"turns":4},{"damage":15,"enemies":"Sentry and Sphere","floor":22,"turns":7},{"damage":19,"enemies":"Replay:Snechameleon","floor":23,"turns":6},{"damage":12,"enemies":"Gremlin Leader","floor":25,"turns":6},{"damage":35,"enemies":"Nightmare","floor":27,"turns":6}],"seed_played":"-7306485428984184916","potions_obtained":[{"floor":4,"key":"Explosive Potion"},{"floor":14,"key":"hexamod:EctoCoolerPotion"},{"floor":16,"key":"Venom Potion"},{"floor":18,"key":"Fire Potion"},{"floor":25,"key":"champ:CounterPotion"}],"is_trial":false,"path_per_floor":["M","?","$","M","?","E","R","T","T","R","E","M","?","M","R","B",null,"M","$","M","?","M","E","R","E","T","NM"],"character_chosen":"THE_SILENT","items_purchased":["Replay:Wax Seal","TwistedFunnel","Footwork","expansioncontent:DecasProtection","Noxious Fumes","Noxious Fumes","Strength Potion","Hidden Blade"],"campfire_rested":3,"item_purchase_floors":[0,0,0,3,19,19,19,19],"current_hp_per_floor":[63,63,63,63,46,40,61,61,61,61,17,13,16,16,37,23,61,54,54,57,57,42,23,45,33,33,0,0],"gold":224,"neow_bonus":"","is_daily":false,"chose_seed":false,"campfire_upgraded":1,"win_rate":0.0,"timestamp":1610240985,"path_taken":["M","?","$","M","?","E","R","?","T","R","E","M","?","M","R","BOSS","M","$","M","?","M","E","R","E","T","NM"],"items_purchased_type":["Relic","Relic","Card","Card","Card","Card","Potion","Card"],"build_version":"2020-12-22","purchased_purges":0,"victory":false,"max_hp_per_floor":[70,70,70,70,70,70,70,70,70,70,70,70,73,73,73,73,73,73,73,76,76,76,76,76,76,76,76,76],"relic_stats":{"counters":[22,125],"Golden Idol":107,"Mummified Hand":[34],"Bag of Preparation":[4],"Juzu Bracelet":0,"obtain_stats":[{"TwistedFunnel":0,"hubris:MobiusCoin":13,"vexMod:MemoryStick":9,"hubris:Metronome":26,"ReplayTheSpireMod:Ninjato":6,"Golden Idol":4,"The Courier":8,"Bag of Preparation":23,"Juzu Bracelet":25,"aspiration:SeaSaltIceCream":11,"energizedSpire:SpiderWeb":17,"Blood Vial":9,"Mummified Hand":11,"halation:EternalFortune":13,"hubris:PeanutButter":21,"Replay:Wax Seal":0,"halation:PinkSoulGem":2,"hubris:OldNail":10,"Ring of the Snake":0},{"TwistedFunnel":9,"hubris:MobiusCoin":7,"vexMod:MemoryStick":12,"hubris:Metronome":21,"ReplayTheSpireMod:Ninjato":12,"Golden Idol":1,"The Courier":12,"Bag of Preparation":20,"Juzu Bracelet":21,"aspiration:SeaSaltIceCream":13,"energizedSpire:SpiderWeb":16,"Blood Vial":4,"Mummified Hand":13,"halation:EternalFortune":14,"hubris:PeanutButter":18,"Replay:Wax Seal":9,"halation:PinkSoulGem":10,"hubris:OldNail":5,"Ring of the Snake":0},{"TwistedFunnel":53,"hubris:MobiusCoin":38,"vexMod:MemoryStick":65,"hubris:Metronome":119,"ReplayTheSpireMod:Ninjato":65,"Golden Idol":4,"The Courier":65,"Bag of Preparation":113,"Juzu Bracelet":119,"aspiration:SeaSaltIceCream":71,"energizedSpire:SpiderWeb":92,"Blood Vial":20,"Mummified Hand":71,"halation:EternalFortune":76,"hubris:PeanutButter":100,"Replay:Wax Seal":53,"halation:PinkSoulGem":57,"hubris:OldNail":25,"Ring of the Snake":0}],"Ring of the Snake":[44]},"card_choices":[{"not_picked":["Slice","Concentrate"],"picked":"Sucker Punch","floor":1},{"not_picked":["Endless Agony","Bane"],"picked":"PiercingWail","floor":4},{"not_picked":["ReplayTheSpireMod:Scrap Shanks","ReplayTheSpireMod:Exploit Weakness","Slice"],"picked":"SKIP","floor":6},{"not_picked":["hubris:Counter","Cloak And Dagger"],"picked":"PiercingWail","floor":11},{"not_picked":["Flying Knee","Tactician"],"picked":"Blur","floor":12},{"not_picked":["Tactician","Sucker Punch"],"picked":"Infinite Blades","floor":14},{"not_picked":["Venomology","Phantasmal Killer"],"picked":"Glass Knife","floor":16},{"not_picked":["Tactician","hubris:SlightOfHand+1"],"picked":"Quick Slash","floor":18},{"not_picked":["Hidden Blade","Dodge and Roll"],"picked":"Catalyst","floor":20},{"not_picked":["Dagger Throw+1","Underhanded Strike"],"picked":"PiercingWail","floor":22},{"not_picked":["hubris:Counter","Tools of the Trade","Blur+1"],"picked":"SKIP","floor":23},{"not_picked":["Blur+1","Concentrate"],"picked":"Noxious Fumes","floor":25}],"player_experience":602358,"relics_obtained":[{"floor":6,"key":"ReplayTheSpireMod:Ninjato"},{"floor":8,"key":"The Courier"},{"floor":9,"key":"vexMod:MemoryStick"},{"floor":11,"key":"aspiration:SeaSaltIceCream"},{"floor":20,"key":"halation:EternalFortune"},{"floor":21,"key":"hubris:PeanutButter"},{"floor":23,"key":"Bag of Preparation"},{"floor":25,"key":"Juzu Bracelet"},{"floor":26,"key":"hubris:Metronome"}],"event_choices":[{"damage_healed":0,"gold_gain":0,"player_choice":"Take Damage","damage_taken":17,"relics_obtained":["Golden Idol"],"max_hp_gain":0,"max_hp_loss":0,"event_name":"Golden Idol","floor":5,"gold_loss":0},{"damage_healed":0,"gold_gain":0,"player_choice":"Relic","damage_taken":0,"max_hp_gain":0,"max_hp_loss":0,"event_name":"Wheel of Change","floor":21,"gold_loss":0}],"is_beta":false,"boss_relics":[{"not_picked":["ReplayTheSpireMod:DimensionalGlitch","energizedSpire:OgreHead"],"picked":"energizedSpire:SpiderWeb"}],"items_purged_floors":[],"is_endless":false,"potions_floor_spawned":[4,14,16,18,25],"killed_by":"Nightmare","ascension_level":6}}