{"host":"640uue19m79c7wbt","time":1610251261,"event":{"mods":["BaseMod","Colored Map","Googly Eyes","Highlight Path","Minty Spire (QoL Compilation)","Quick Restart","StSLib"],"gold_per_floor":[112,112,112,131,154,154,167,167,219,38,53,117,157,181,181,304,304,325,250,250,200,223,223,239,283,283,319,343,358,457,27,27,27,27],"floor_reached":33,"playtime":1172,"items_purged":["Strike_G"],"score":416,"play_id":"4f6dc7e4-e171-48f3-a021-888a1c7e9cfc","local_time":"20210109230101","is_ascension_mode":true,"campfire_choices":[{"data":"Predator","floor":6,"key":"SMITH"},{"data":"Concentrate","floor":8,"key":"SMITH"},{"floor":15,"key":"REST"},{"floor":23,"key":"REST"},{"floor":32,"key":"REST"}],"circlet_count":0,"master_deck":["Strike_G","Strike_G","Strike_G+1","Defend_G","Defend_G","Defend_G","Defend_G","Defend_G","Survivor","Neutralize","Dash","Concentrate+1","Predator+1","Underhanded Strike","Bullet Time","Riddle With Holes","Reflex","Blade Dance","PiercingWail","Noxious Fumes","Venomology","Terror+1","Dagger Throw+1","Acrobatics","Eviscerate","Crippling Poison","Eviscerate+1","Well Laid Plans","Glass Knife","Enlightenment"],"relics":["Ring of the Snake","NeowsBlessing","Golden Idol","Centennial Puzzle","Smiling Mask","Nunchaku","SlaversCollar","Enchiridion","Lantern","Tiny Chest","Blue Candle","Pen Nib"],"acts_visited":["Exordium","TheCity"],"potions_floor_usage":[12,12,16,16,18,22,22,25,25,28,29,29,33],"damage_taken":[{"damage":0,"enemies":"2 Louse","floor":1,"turns":1},{"damage":0,"enemies":"Jaw Worm","floor":4,"turns":1},{"damage":0,"enemies":"Cultist","floor":5,"turns":1},{"damage":3,"enemies":"Exordium Wildlife","floor":7,"turns":3},{"damage":2,"enemies":"3 Louse","floor":11,"turns":3},{"damage":0,"enemies":"Gremlin Nob","floor":12,"turns":2},{"damage":10,"enemies":"Lagavulin","floor":13,"turns":5},{"damage":0,"enemies":"Large Slime","floor":14,"turns":3},{"damage":11,"enemies":"Slime Boss","floor":16,"turns":8},{"damage":3,"enemies":"Chosen","floor":18,"turns":5},{"damage":22,"enemies":"2 Thieves","floor":22,"turns":4},{"damage":6,"enemies":"Shelled Parasite and Fungi","floor":24,"turns":4},{"damage":34,"enemies":"Gremlin Leader","floor":25,"turns":4},{"damage":19,"enemies":"Slavers","floor":27,"turns":5},{"damage":3,"enemies":"Cultist and Chosen","floor":28,"turns":4},{"damage":21,"enemies":"Snake Plant","floor":29,"turns":3},{"damage":46,"enemies":"Champ","floor":33,"turns":5}],"seed_played":"2713313874126313308","potions_obtained":[{"floor":1,"key":"Strength Potion"},{"floor":7,"key":"Fire Potion"},{"floor":11,"key":"FearPotion"},{"floor":13,"key":"Weak Potion"},{"floor":14,"key":"FairyPotion"},{"floor":18,"key":"FearPotion"},{"floor":24,"key":"DistilledChaos"},{"floor":27,"key":"Fire Potion"},{"floor":28,"key":"DistilledChaos"}],"is_trial":false,"path_per_floor":["M","?","?","M","M","R","M","R","T","$","M","?","E","M","R","B",null,"M","?","?","?","M","R","M","E","T","E","M","M","?","$","R","B"],"character_chosen":"THE_SILENT","items_purchased":["Bullet Time","Riddle With Holes","Well Laid Plans","Pen Nib","Glass Knife","Enlightenment"],"campfire_rested":3,"item_purchase_floors":[10,10,31,31,31,31],"current_hp_per_floor":[63,46,46,46,46,46,43,43,43,43,41,41,31,31,52,41,63,60,60,44,44,22,43,37,3,3,11,8,13,13,13,34,0,0],"gold":27,"neow_bonus":"THREE_ENEMY_KILL","is_daily":false,"chose_seed":false,"campfire_upgraded":2,"win_rate":0.0,"timestamp":1610251261,"path_taken":["M","?","?","M","?","R","M","R","T","$","M","?","E","M","R","BOSS","M","?","?","?","?","R","M","E","T","E","M","M","?","$","R","BOSS"],"items_purchased_type":["Card","Card","Card","Relic","Card","Card"],"build_version":"2020-12-22","purchased_purges":1,"victory":false,"max_hp_per_floor":[70,70,70,70,70,70,70,70,70,70,70,70,70,70,70,70,70,70,70,70,70,70,70,70,70,70,70,70,70,70,70,70,70,70],"card_choices":[{"not_picked":["Terror","Quick Slash"],"picked":"Dash","floor":1},{"not_picked":["Quick Slash","Slice"],"picked":"Concentrate","floor":4},{"not_picked":["Well Laid Plans","Poisoned Stab"],"picked":"Predator","floor":5},{"not_picked":["Outmaneuver","Reflex"],"picked":"Underhanded Strike","floor":7},{"not_picked":["Deflect","Deadly Poison"],"picked":"Reflex","floor":11},{"not_picked":["Slice","Dagger Spray"],"picked":"Blade Dance","floor":12},{"not_picked":["Distraction","Deadly Poison"],"picked":"PiercingWail","floor":13},{"not_picked":["Dodge and Roll","PiercingWail"],"picked":"Noxious Fumes","floor":14},{"not_picked":["Grand Finale","Storm of Steel"],"picked":"Venomology","floor":16},{"not_picked":["PiercingWail","Bouncing Flask+1"],"picked":"Terror+1","floor":18},{"not_picked":["Sucker Punch+1","Dodge and Roll"],"picked":"Dagger Throw+1","floor":22},{"not_picked":["Dodge and Roll","Quick Slash"],"picked":"Acrobatics","floor":24},{"not_picked":["Riddle With Holes","Bane+1"],"picked":"Eviscerate","floor":25},{"not_picked":["Catalyst+1","Prepared","All Out Attack"],"picked":"SKIP","floor":27},{"not_picked":["Cloak And Dagger","Infinite Blades+1"],"picked":"Crippling Poison","floor":28},{"not_picked":["Deflect+1","Heel Hook+1"],"picked":"Eviscerate+1","floor":29}],"player_experience":580173,"relics_obtained":[{"floor":9,"key":"Centennial Puzzle"},{"floor":12,"key":"Smiling Mask"},{"floor":13,"key":"Nunchaku"},{"floor":20,"key":"Enchiridion"},{"floor":25,"key":"Lantern"},{"floor":26,"key":"Tiny Chest"},{"floor":27,"key":"Blue Candle"}],"event_choices":[{"damage_healed":0,"gold_gain":0,"player_choice":"Take Damage","damage_taken":17,"relics_obtained":["Golden Idol"],"max_hp_gain":0,"max_hp_loss":0,"event_name":"Golden Idol","floor":2,"gold_loss":0},{"damage_healed":0,"gold_gain":0,"player_choice":"Upgraded","damage_taken":0,"max_hp_gain":0,"max_hp_loss":0,"event_name":"Upgrade Shrine","floor":3,"gold_loss":0,"cards_upgraded":["Strike_G"]},{"damage_healed":0,"gold_gain":30,"player_choice":"Searched \u00273\u0027 times","damage_taken":0,"max_hp_gain":0,"max_hp_loss":0,"event_name":"Dead Adventurer","floor":12,"gold_loss":0},{"cards_removed":["Strike_G"],"damage_healed":0,"gold_gain":0,"player_choice":"Gave Gold","damage_taken":0,"max_hp_gain":0,"max_hp_loss":0,"event_name":"Beggar","floor":19,"gold_loss":75},{"damage_healed":0,"gold_gain":0,"player_choice":"Obtained Book","damage_taken":16,"max_hp_gain":0,"max_hp_loss":0,"event_name":"Cursed Tome","floor":20,"gold_loss":0},{"damage_healed":0,"gold_gain":0,"player_choice":"Bet on Owner","damage_taken":0,"max_hp_gain":0,"max_hp_loss":0,"event_name":"The Joust","floor":21,"gold_loss":50},{"damage_healed":0,"gold_gain":99,"player_choice":"Stole From Cult","damage_taken":0,"max_hp_gain":0,"max_hp_loss":0,"event_name":"Nest","floor":30,"gold_loss":0}],"is_beta":false,"boss_relics":[{"not_picked":["Coffee Dripper","HoveringKite"],"picked":"SlaversCollar"}],"items_purged_floors":[31],"is_endless":false,"potions_floor_spawned":[1,7,11,13,14,18,24,27,28],"killed_by":"Champ","ascension_level":9}}