{"host":"9tzam4717zt8ei1o","time":1610280567,"event":{"mods":["BaseMod","Colored Map","Keyboard Shortcuts","Minty Spire (QoL Compilation)","Quick Restart","StSLib","SuperFastMode"],"gold_per_floor":[118,118,132,282,43,77,97,123,123,153,153,179,40,72,72,72,72],"floor_reached":16,"playtime":306,"items_purged":["Doubt","Strike_G"],"score":302,"play_id":"086ec331-991d-4b6f-9e6a-76ab8b4b12fa","local_time":"20210110210927","is_ascension_mode":true,"campfire_choices":[{"floor":11.0,"key":"REST"},{"data":"Noxious Fumes","floor":15,"key":"SMITH"}],"circlet_count":0,"master_deck":["AscendersBane","Strike_G","Strike_G","Strike_G","Defend_G","Defend_G","Defend_G","Defend_G","Defend_G","Survivor","Neutralize","Predator","Terror","Noxious Fumes+1","Escape Plan","Flechettes","Leg Sweep"],"relics":["Ring of the Snake","NeowsBlessing","Ginger","HornCleat","Pantograph","Thread and Needle","Centennial Puzzle"],"acts_visited":["Exordium"],"potions_floor_usage":[12],"damage_taken":[{"damage":0.0,"enemies":"Jaw Worm","floor":1.0,"turns":1.0},{"damage":0.0,"enemies":"Small Slimes","floor":3.0,"turns":1.0},{"damage":0.0,"enemies":"Gremlin Nob","floor":6.0,"turns":1.0},{"damage":0.0,"enemies":"2 Louse","floor":7.0,"turns":2.0},{"damage":34.0,"enemies":"3 Sentries","floor":8.0,"turns":11.0},{"damage":24,"enemies":"Gremlin Nob","floor":12,"turns":4},{"damage":6,"enemies":"3 Sentries","floor":14,"turns":8},{"damage":34,"enemies":"Slime Boss","floor":16,"turns":9}],"seed_played":"-7808092535664970755","potions_obtained":[{"floor":3.0,"key":"SpeedPotion"}],"is_trial":false,"path_per_floor":["M","?","M","?","$","E","M","E","T","?","R","E","$","E","R","B"],"character_chosen":"THE_SILENT","items_purchased":["Noxious Fumes","DuplicationPotion","Leg Sweep"],"campfire_rested":1,"item_purchase_floors":[5,5,13],"current_hp_per_floor":[59,52,52,52,52,52,52,18,18,18,37,13,13,7,7,0,0],"gold":72,"neow_bonus":"THREE_ENEMY_KILL","is_daily":false,"chose_seed":false,"campfire_upgraded":1,"win_rate":0.0,"timestamp":1610280567,"path_taken":["M","?","M","?","$","E","M","E","T","?","R","E","$","E","R","BOSS"],"items_purchased_type":["Card","Potion","Card"],"build_version":"2020-12-22","purchased_purges":2,"victory":false,"max_hp_per_floor":[66,66,66,66,66,66,66,66,66,66,66,66,66,66,66,66,66],"card_choices":[{"not_picked":["Deadly Poison","Concentrate"],"picked":"Predator","floor":1.0},{"not_picked":["Bane","Quick Slash"],"picked":"Terror","floor":3.0},{"not_picked":["Deadly Poison","Distraction"],"picked":"Escape Plan","floor":6.0},{"not_picked":["Concentrate","Dash","Slice"],"picked":"SKIP","floor":7.0},{"not_picked":["Cloak And Dagger","Outmaneuver","Reflex"],"picked":"SKIP","floor":8.0},{"not_picked":["Blade Dance","Well Laid Plans"],"picked":"Flechettes","floor":12},{"not_picked":["Expertise","Cloak And Dagger","Choke"],"picked":"SKIP","floor":14}],"player_experience":176919,"relics_obtained":[{"floor":6.0,"key":"Ginger"},{"floor":8.0,"key":"HornCleat"},{"floor":9.0,"key":"Pantograph"},{"floor":12,"key":"Thread and Needle"},{"floor":14,"key":"Centennial Puzzle"}],"event_choices":[{"cards_removed":["Strike_G"],"damage_healed":0.0,"max_hp_gain":0.0,"max_hp_loss":0.0,"gold_gain":0.0,"event_name":"Golden Wing","player_choice":"Card Removal","floor":2.0,"gold_loss":0.0,"damage_taken":7.0},{"damage_healed":0.0,"max_hp_gain":0.0,"max_hp_loss":0.0,"gold_gain":150.0,"event_name":"Liars Game","player_choice":"AGREE","floor":4.0,"gold_loss":0.0,"damage_taken":0.0,"cards_obtained":["Doubt"]},{"damage_healed":0.0,"max_hp_gain":0.0,"max_hp_loss":0.0,"gold_gain":30.0,"event_name":"Dead Adventurer","player_choice":"Searched \u00271\u0027 times","floor":10.0,"gold_loss":0.0,"damage_taken":0.0}],"is_beta":false,"boss_relics":[],"items_purged_floors":[5,13],"is_endless":false,"potions_floor_spawned":[3],"killed_by":"Slime Boss","ascension_level":20}}