{"host":"yhgs8ag4i0fjf5cm","time":1610293991,"event":{"mods":["Aspiration","BaseMod","Beaked The Cultist","BetterRewards","Conspire","HornydragonMod","Hubris","Infinite Spire","Marisa????????","Minty Spire (QoL Compilation)","Quick Restart","Replay The Spire","Robot Space Explorer","Shop Mod","Spikes Relics","StSLib","The Animator","The Construct","The Necromancer","The Servant 0.9.4"],"gold_per_floor":[114,114,129,144,144,174,174,204,229,244,259,274,289,319,319,419,419,434,434,434,434,449,449,464,479,504,504,204,219,249,249,249],"floor_reached":31,"playtime":1588,"items_purged":[],"score":379,"play_id":"657b8c8b-8081-45e7-a9df-8e07eeb8eda2","local_time":"20210110165311","daily_mods":["Specialized","Green Cards","Night Terrors"],"is_ascension_mode":false,"campfire_choices":[{"data":"RobotSpaceExplorer:PlasmaMissile","floor":7,"key":"SMITH"},{"data":"RobotSpaceExplorer:Comet","floor":23,"key":"SMITH"},{"data":"RobotSpaceExplorer:Comet","floor":27,"key":"SMITH"}],"circlet_count":0,"master_deck":["RobotSpaceExplorer:Strike","RobotSpaceExplorer:Strike","RobotSpaceExplorer:Strike","RobotSpaceExplorer:Strike","RobotSpaceExplorer:Defend","RobotSpaceExplorer:Defend","RobotSpaceExplorer:Defend","RobotSpaceExplorer:Scan","RobotSpaceExplorer:MiniLasers","RobotSpaceExplorer:DroneSwarm+1","RobotSpaceExplorer:DroneSwarm","RobotSpaceExplorer:DroneSwarm","RobotSpaceExplorer:DroneSwarm","RobotSpaceExplorer:DroneSwarm","RobotSpaceExplorer:PlasmaMissile+1","RobotSpaceExplorer:GearShield","RobotSpaceExplorer:Jetpack","RobotSpaceExplorer:MiniDrones","RobotSpaceExplorer:Counterblock","RobotSpaceExplorer:JunkDive","RobotSpaceExplorer:ScrapMissile+1","RobotSpaceExplorer:Comet+1","RobotSpaceExplorer:PlasmaMissile+1","RobotSpaceExplorer:FranticSearch","RobotSpaceExplorer:Comet+1","BootSequence","AsteroidBelt","IllusionStar","construct:Analyze","infinitespire:Starlight","animator:Millim+1"],"relics":["RobotSpaceExplorer:RoboCore","infinitespire:FocusingShard","conspire:DecoderRing","Bag of Marbles","MiniBlackHole","CosmicIsotope","PrismaticShard","Oddly Smooth Stone","RobotSpaceExplorer:FoglandsKnife","hubris:HerbalPaste","aspiration:TomeofQuesting"],"acts_visited":["Exordium","TheCity"],"potions_floor_usage":[18,31,31],"damage_taken":[{"damage":0,"enemies":"Small Slimes","floor":1,"turns":3},{"damage":0,"enemies":"Cultist","floor":3,"turns":4},{"damage":0,"enemies":"conspire:RoseBush","floor":4,"turns":3},{"damage":6,"enemies":"Lagavulin","floor":6,"turns":7},{"damage":4,"enemies":"Gremlin Nob","floor":8,"turns":5},{"damage":4,"enemies":"Looter","floor":10,"turns":4},{"damage":3,"enemies":"2 Fungi Beasts","floor":11,"turns":3},{"damage":0,"enemies":"3 Louse","floor":12,"turns":2},{"damage":3,"enemies":"Blue Slaver","floor":13,"turns":4},{"damage":3,"enemies":"Replay:BlueRogue","floor":14,"turns":6},{"damage":1,"enemies":"Fading Forest","floor":16,"turns":11},{"damage":0,"enemies":"Shell Parasite","floor":18,"turns":6},{"damage":14,"enemies":"conspire:FuzzyDice","floor":22,"turns":4},{"damage":9,"enemies":"3 Cultists","floor":24,"turns":4},{"damage":5,"enemies":"Snake Plant","floor":25,"turns":5},{"damage":0,"enemies":"Cultist and Chosen","floor":29,"turns":5},{"damage":2,"enemies":"Nightmare","floor":30,"turns":7},{"damage":66,"enemies":"hubris:Merchant","floor":31,"turns":7}],"seed_played":"-956745095108410897","potions_obtained":[{"floor":1,"key":"SteroidPotion"},{"floor":4,"key":"Adrenaline Potion"},{"floor":10,"key":"Block Potion"},{"floor":12,"key":"Energy Potion"},{"floor":24,"key":"ColorlessPotion"}],"is_trial":false,"path_per_floor":["M","$","M","M","?","E","R","E","T","M","M","M","M","E","R","B",null,"M","?","?","?","M","R","M","M","T","R","$","M","NM","$"],"character_chosen":"RobotSpaceExplorer","items_purchased":["RobotSpaceExplorer:FoglandsKnife","hubris:HerbalPaste"],"campfire_rested":0,"item_purchase_floors":[28,28],"current_hp_per_floor":[75,75,75,75,75,69,69,65,65,61,58,58,55,52,52,59,75,75,67,67,67,53,53,44,39,39,39,39,45,49,0,0],"gold":249,"neow_bonus":"","is_daily":true,"chose_seed":false,"campfire_upgraded":3,"win_rate":0.0,"timestamp":1610293991,"path_taken":["M","$","M","M","?","E","R","E","T","?","M","M","M","E","R","BOSS","M","?","?","?","M","R","M","M","T","R","?","M","NM","$"],"items_purchased_type":["Relic","Relic"],"build_version":"2020-12-22","purchased_purges":0,"victory":false,"max_hp_per_floor":[75,75,75,75,75,75,75,75,75,75,75,75,75,75,75,75,75,75,75,75,75,75,75,75,75,75,75,75,75,75,75,75],"card_choices":[{"not_picked":["RobotSpaceExplorer:FreezingShield","RobotSpaceExplorer:Electropulse"],"picked":"RobotSpaceExplorer:PlasmaMissile","floor":1},{"not_picked":["RobotSpaceExplorer:MiniBoosters","RobotSpaceExplorer:FrostMissile"],"picked":"RobotSpaceExplorer:GearShield","floor":3},{"not_picked":["RobotSpaceExplorer:RigExplosive","RobotSpaceExplorer:ShovelStrike"],"picked":"RobotSpaceExplorer:Jetpack","floor":4},{"not_picked":["RobotSpaceExplorer:Electroshield","RobotSpaceExplorer:SurgingStrike"],"picked":"RobotSpaceExplorer:MiniDrones","floor":6},{"not_picked":["RobotSpaceExplorer:SurgingShield","RobotSpaceExplorer:PlasmaMissile","RobotSpaceExplorer:Blitz"],"picked":"SKIP","floor":8},{"not_picked":["RobotSpaceExplorer:StunGrenade","RobotSpaceExplorer:Ammunition"],"picked":"RobotSpaceExplorer:Wormhole","floor":10},{"not_picked":["RobotSpaceExplorer:SlimeMissile","RobotSpaceExplorer:SurgingShield"],"picked":"RobotSpaceExplorer:Counterblock","floor":11},{"not_picked":["RobotSpaceExplorer:SurgingStrike","RobotSpaceExplorer:ShovelStrike"],"picked":"RobotSpaceExplorer:JunkDive","floor":12},{"not_picked":["RobotSpaceExplorer:GlueShot","RobotSpaceExplorer:BigMissile","RobotSpaceExplorer:SurgingStrike"],"picked":"SKIP","floor":13},{"not_picked":["RobotSpaceExplorer:FrostMissile","RobotSpaceExplorer:ChargingLaser"],"picked":"RobotSpaceExplorer:ScrapMissile","floor":14},{"not_picked":["RobotSpaceExplorer:ChargingLaser","RobotSpaceExplorer:Arsenal"],"picked":"RobotSpaceExplorer:Comet","floor":16},{"not_picked":["RobotSpaceExplorer:FranticSearch","RobotSpaceExplorer:Electropulse"],"picked":"RobotSpaceExplorer:PlasmaMissile","floor":18},{"not_picked":["RobotSpaceExplorer:MiniDrones","RobotSpaceExplorer:DoubleFind+1"],"picked":"RobotSpaceExplorer:FranticSearch","floor":19},{"not_picked":["Searing Blow","animator:Jibril"],"picked":"BootSequence","floor":22},{"not_picked":["RobotSpaceExplorer:FrostMissile+1","Guppy"],"picked":"AsteroidBelt","floor":24},{"not_picked":["CardReborn","beaked:Redirect+1"],"picked":"IllusionStar","floor":25},{"not_picked":["RobotSpaceExplorer:MetalStrike","Yeast"],"picked":"construct:Analyze","floor":29},{"not_picked":["infinitespire:UltimateForm","infinitespire:SealOfDarkness+"],"picked":"infinitespire:Starlight","floor":30},{"not_picked":["beaked:TuckingFeathers","animator:Chung"],"picked":"animator:Millim+1","floor":30}],"player_experience":467110,"relics_obtained":[{"floor":6,"key":"infinitespire:FocusingShard"},{"floor":8,"key":"conspire:DecoderRing"},{"floor":9,"key":"Bag of Marbles"},{"floor":14,"key":"MiniBlackHole"},{"floor":19,"key":"PrismaticShard"},{"floor":26,"key":"Oddly Smooth Stone"},{"floor":30,"key":"aspiration:TomeofQuesting"}],"event_choices":[{"damage_healed":0,"gold_gain":0,"player_choice":"Upgraded","damage_taken":0,"max_hp_gain":0,"max_hp_loss":0,"event_name":"Upgrade Shrine","floor":5,"gold_loss":0,"cards_upgraded":["RobotSpaceExplorer:DroneSwarm"]},{"damage_healed":0,"gold_gain":0,"player_choice":"Grow","damage_taken":0,"max_hp_gain":0,"max_hp_loss":0,"event_name":"Living Wall","floor":15,"gold_loss":0,"cards_upgraded":["RobotSpaceExplorer:ScrapMissile"]},{"damage_healed":0,"gold_gain":0,"player_choice":"Read","damage_taken":0,"max_hp_gain":0,"max_hp_loss":0,"event_name":"The Library","floor":20,"gold_loss":0,"cards_obtained":["RobotSpaceExplorer:Comet"]}],"is_beta":false,"boss_relics":[{"not_picked":["Tiny House","Ring of Chaos"],"picked":"CosmicIsotope"}],"items_purged_floors":[],"is_endless":false,"potions_floor_spawned":[1,4,10,11,12,14,24,25],"killed_by":"hubris:Merchant","ascension_level":0}}