{"host":"1zulhgfop6judopi","time":1610309498,"event":{"mods":["2.2 Compatiblity","Act Like it!","Aspiration","BaseMod","Beaked The Cultist","Better Altar","Better Match","Better Note","Better Sensory Stone","Better Skull","Better Synergies","Better Third Choice","Card Forge","Communication Mod","Conspire","Defuse TimeMaze Blight","Displayed Cursed Tome","Downfall","Elementarium","Friendly Minions","GifTheSpireLib","GungeonMod","Halation","HexUI Lib","Hubris","Humility","Hyrulean Relics","Infinite Spire","Ironclad Rager","Marked Mod","Menagerie","Minty Spire (QoL Compilation)","MostiFishMod","Quick Restart","Relic Filter","Relic Sorter","Replay The Spire","SacredBarkPlus","Small Relic Pack","Spicy Shops","Spikes Relics","Spire Exporter","StSLib","Stuff the Spire","Synergy Search","The Bladedancer","The Blue Laboratory","The Factory","Trackpad","Transform Curses","Uncapped","UnlockEverythingMod","Virulent Crown","vexMod"],"gold_per_floor":[116,127,140,159,175,175,186,186,186,196,209,222,241,251,251,322,322,341,361,375,375,389,416,416,416,416,457,457,487,87744,87753,87753,87846,87846,87865,87865,81199,81208,81222,81280,81280,81280,81280,81343,81387,81387,81387,81287,81287,81368,81454,81454,81471,81501,81510,81625,81625,81625],"floor_reached":57,"playtime":2335,"items_purged":[],"score":2671,"play_id":"4db68bdb-4ce9-4be8-83b7-e9729d2e5546","local_time":"20210110151138","daily_mods":["Vintage","Diverse","Heirloom","Time Dilation","Flight","Elite Swarm","Lethality"],"is_ascension_mode":true,"campfire_choices":[{"data":"blademaster:RagingBlow","floor":6.0,"key":"SMITH"},{"data":"blademaster:HighVoltage","floor":8.0,"key":"SMITH"},{"floor":15.0,"key":"REST"},{"data":"conspire:Banana","floor":24.0,"key":"SMITH"},{"data":"Eruption","floor":25.0,"key":"SMITH"},{"data":"conspire:NecroticWound","floor":32.0,"key":"PURGE"},{"data":"Seek","floor":46,"key":"SMITH"},{"data":"blademaster:WindSlash","floor":47,"key":"SMITH"},{"data":"StuffTheSpire:Incineration","floor":49,"key":"SMITH"}],"circlet_count":0,"master_deck":["blademaster:Strike","blademaster:Strike","blademaster:Strike+4","blademaster:Strike","blademaster:Defend","blademaster:Defend","blademaster:RagingBlow+1","Seek+1","Eruption+1","Vigilance+1","conspire:Banana+1","LessonLearned+1","infinitespire:FutureSight+1","hubris:DuctTapeCard","StuffTheSpire:Incineration+1","champ:PerfectForm+1","infinitespire:DeathsTouch","Pot Of Greed+1","Pot Of Greed+1"],"relics":["blademaster:DancersAmulet","DemoMod:LamentConfigurum","infinitespire:Eraser","Replay:Accelerometer","DemoMod:PartiallyEatenCheese","DemoMod:Bottle","hubris:DeckOfHolding","DemoMod:PoisonVial","StuffTheSpire:NeowsTribute","Hammer of Thor","Seething Fire","Anvil of the Gods","DaveBox","SentryEyes","champ:DuelingGlove","DemoMod:GlassGuonStoneRelic","vexMod:MemoryStick","SynthV:TestCard","conspire:TopHat","hubris:OldNail","DemoMod:WhiteGuonStone","vexMod:ScavengeHelm","Rawhide","halation:BlackBeret","hubris:64BitClover","Replay:Bottled Eggs","expansioncontent:StudyCardRelic","aspiration:TomeofQuesting","Replay:Bandana","Oddly Smooth Stone","Ginger","Replay:Wax Seal","StuffTheSpire:CocoNut","halation:SwordOfLegend","Replay:Mystery Machine","The Courier","trackpad:SappingStone","SynthV:C4","CeramicFish","hubris:DisguiseKit","Mango","Anchor","DemoMod:PinkGuonStone","MiniBlackHole","halation:Toothbrush","Replay:Ringing Soul","InkBottle","Centennial Puzzle","vexMod:BarristanHead","White Beast Statue","Orichalcum","Peace Pipe","Meat on the Bone","StuffTheSpire:RubySignet","ReplayTheSpireMod:Ninjato","MealTicket","StuffTheSpire:Gunfinga","halation:IllGainedPizza","beaked:ShinyBauble","StuffTheSpire:HistoryBook","Bag of Preparation","conspire:GiftBox","Akabeko","Blue Doll","Bronze Scales","Prayer Wheel","ImprovedEquipment","Kunai","vexMod:PlasmaPancake","ReplayTheSpireMod:CursedCoin","Darkstone Periapt","Snack Pack","trackpad:IceCube","StuffTheSpire:EmeraldSignet","Pet Ghost","Matryoshka","StuffTheSpire:SapphireSignet","StuffTheSpire:Experiment12","infinitespire:Golems Mask","PreservedInsect","Replay:Rubber Ducky","sneckomod:BlankCard","infinitespire:ShieldingShard","infinitespire:Broken Mirror","ReplayFunnel","aspiration:Lifesprig","StuffTheSpire:Barrel","Frozen Egg 2","Dream Catcher","trackpad:ByrdCharm","Boot","hubris:PeanutButter","Pen Nib","trackpad:Mousetrap","DaCapo","Blue Candle","BrokenLever","aspiration:FrozenJewel","War Paint","aspiration:ChemicalBlood","halation:PromiseList","infinitespire:CheckeredPen","Replay:Baseball","hubris:TenFootPole","infinitespire:Joker Card","Ancient Tea Set","hubris:DuctTape","Simple Rune","infinitespire:PuzzleCube","Black Star","Bag of Marbles","StuffTheSpire:GreaterSneckoEye","Snecko Heart","trackpad:ByrdBGone","SpikesRelics:DaevaFist","champ:DeflectingBracers","Juzu Bracelet","Strawberry","halation:AfternoonTea","StuffTheSpire:Mouthbags","Letter Opener","aspiration:StickyExplosives_weak","Blood Vial","trackpad:GuardianSpirit","trackpad:CultistFigurine","Happy Flower","Whetstone","ReplayTheSpireMod:Lightbulb","StuffTheSpire:PointBlank","trackpad:AdjectivePendant","Sundial","Vajra","vexMod:FocusSash","trackpad:PetRock","Shuriken","Toy Ornithopter","Nunchaku","infinitespire:Bottled Soul","aspiration:FetidBarrel","Regal Pillow","RetroEgg","trackpad:PocketGalaxy","Omamori","aspiration:EmptySkull","Gremlin Horn","hexamod:BolsterEngine","vexMod:HeadHunter","hubris:CrystalStatue","StuffTheSpire:GrapeVine","aspiration:HummingbirdHeart","DemoMod:ChaffGrenade","relicPack:DarknessArmor","BirthdayGift-Icosahedron","Pear","StuffTheSpire:Wildfire","aspiration:StickyExplosives","vexMod:InvisibilityCloak","Calipers","trackpad:Compendium","trackpad:BottledShadow","aspiration:DefectSkillbook","StuffTheSpire:OldFever","Du-Vu Doll","Grinning Jar"],"acts_visited":["Exordium","TheCity","TheBeyond","Exordium"],"potions_floor_usage":[],"damage_taken":[{"damage":0.0,"enemies":"Small Slimes","floor":1.0,"turns":1.0},{"damage":0.0,"enemies":"Cultist","floor":2.0,"turns":1.0},{"damage":0.0,"enemies":"Jaw Worm","floor":3.0,"turns":1.0},{"damage":0.0,"enemies":"Red Slaver","floor":4.0,"turns":1.0},{"damage":0.0,"enemies":"2 Fungi Beasts","floor":5.0,"turns":1.0},{"damage":0.0,"enemies":"Exordium Thugs","floor":7.0,"turns":1.0},{"damage":0.0,"enemies":"Red Slaver","floor":10.0,"turns":1.0},{"damage":0.0,"enemies":"Gremlin Gang","floor":11.0,"turns":1.0},{"damage":0.0,"enemies":"Blue Slaver","floor":12.0,"turns":1.0},{"damage":0.0,"enemies":"Lots of Slimes","floor":13.0,"turns":1.0},{"damage":0.0,"enemies":"Large Slime","floor":14.0,"turns":1.0},{"damage":0.0,"enemies":"Slime Boss","floor":16.0,"turns":1.0},{"damage":0.0,"enemies":"Spheric Guardian","floor":18.0,"turns":1.0},{"damage":0.0,"enemies":"2 Thieves","floor":19.0,"turns":1.0},{"damage":0.0,"enemies":"Cultist and Chosen","floor":20.0,"turns":1.0},{"damage":0.0,"enemies":"3 Cultists","floor":22.0,"turns":1.0},{"damage":0.0,"enemies":"Nightmare","floor":23.0,"turns":1.0},{"damage":0.0,"enemies":"Slavers","floor":27.0,"turns":2.0},{"damage":0.0,"enemies":"Sentry and Sphere","floor":29.0,"turns":2.0},{"damage":0.0,"enemies":"conspire:MysteriousRune","floor":33.0,"turns":1.0},{"damage":0,"enemies":"3 Darklings","floor":35,"turns":1},{"damage":0,"enemies":"Orb Walker","floor":39,"turns":1},{"damage":0,"enemies":"Giant Head","floor":40,"turns":1},{"damage":0,"enemies":"2 Orb Walkers","floor":44,"turns":1},{"damage":0,"enemies":"Nightmare","floor":45,"turns":1},{"damage":0,"enemies":"conspire:OrnateMirror","floor":50,"turns":1},{"damage":0,"enemies":"infinitespire:MassOfShapes","floor":51,"turns":1},{"damage":0,"enemies":"Jaw Worm","floor":53,"turns":1}],"seed_played":"6759839192347943637","potions_obtained":[{"floor":1.0,"key":"Energy Potion"},{"floor":19.0,"key":"champ:CounterPotion"},{"floor":27.0,"key":"blueLaboratory:FruitPunch"},{"floor":33.0,"key":"blueLaboratory:PyrophylliteBrew"},{"floor":35,"key":"blueLaboratory:AbyssPotion"}],"is_trial":true,"path_per_floor":["M","M","M","M","M","R","M","R","T","M","M","M","M","M","R","B",null,"M","M","M","AVR","M","NM","R","R","T","E","?","M","$","?","R","B",null,"M","?","$","?","M","E","$","$","T","?","NM","R","R","NS","R","B","B",null,"M","?","$","?","$"],"character_chosen":"THE_BLADEMASTER","items_purchased":["trackpad:SappingStone","SynthV:C4","StuffTheSpire:NeowsTribute","CeramicFish","hubris:DisguiseKit","Mango","Anchor","DemoMod:PinkGuonStone","MiniBlackHole","halation:Toothbrush","Replay:Ringing Soul","InkBottle","Centennial Puzzle","vexMod:BarristanHead","White Beast Statue","Orichalcum","Peace Pipe","Meat on the Bone","StuffTheSpire:RubySignet","DemoMod:PoisonVial","ReplayTheSpireMod:Ninjato","MealTicket","StuffTheSpire:Gunfinga","halation:IllGainedPizza","beaked:ShinyBauble","StuffTheSpire:HistoryBook","Bag of Preparation","conspire:GiftBox","Akabeko","Blue Doll","Bronze Scales","Prayer Wheel","ImprovedEquipment","Kunai","vexMod:PlasmaPancake","ReplayTheSpireMod:CursedCoin","Darkstone Periapt","hubris:DeckOfHolding","Snack Pack","trackpad:IceCube","StuffTheSpire:EmeraldSignet","Pet Ghost","Matryoshka","StuffTheSpire:SapphireSignet","StuffTheSpire:Experiment12","infinitespire:Golems Mask","PreservedInsect","Replay:Rubber Ducky","sneckomod:BlankCard","infinitespire:ShieldingShard","infinitespire:Broken Mirror","ReplayFunnel","aspiration:Lifesprig","StuffTheSpire:Barrel","Frozen Egg 2","Dream Catcher","trackpad:ByrdCharm","DemoMod:Bottle","Boot","hubris:PeanutButter","Pen Nib","trackpad:Mousetrap","DaCapo","Blue Candle","BrokenLever","aspiration:FrozenJewel","War Paint","aspiration:ChemicalBlood","halation:PromiseList","infinitespire:CheckeredPen","Replay:Baseball","hubris:TenFootPole","infinitespire:Joker Card","Ancient Tea Set","hubris:DuctTape","Simple Rune","infinitespire:PuzzleCube","vexMod:BerryBomb","trackpad:ByrdBGone","SpikesRelics:DaevaFist","champ:DeflectingBracers","Juzu Bracelet","Strawberry","halation:AfternoonTea","StuffTheSpire:Mouthbags","Letter Opener","aspiration:StickyExplosives_weak","DemoMod:PartiallyEatenCheese","Blood Vial","trackpad:GuardianSpirit","trackpad:CultistFigurine","Happy Flower","Whetstone","ReplayTheSpireMod:Lightbulb","StuffTheSpire:PointBlank","trackpad:AdjectivePendant","Sundial","Vajra","vexMod:FocusSash","Replay:Accelerometer","trackpad:PetRock","Shuriken","Toy Ornithopter","Nunchaku","infinitespire:Bottled Soul","aspiration:FetidBarrel","Regal Pillow","RetroEgg","trackpad:PocketGalaxy","Omamori","aspiration:EmptySkull","Gremlin Horn","DemoMod:WeirdEgg","vexMod:HeadHunter","hubris:CrystalStatue","StuffTheSpire:GrapeVine","infinitespire:Eraser","aspiration:HummingbirdHeart","DemoMod:ChaffGrenade","relicPack:DarknessArmor","BirthdayGift-Icosahedron"],"campfire_rested":1,"item_purchase_floors":[30,30,30,30,30,30,30,30,30,30,30,30,30,30,30,30,30,30,30,30,30,30,30,30,30,30,30,30,30,30,30,30,30,30,30,30,30,30,30,30,30,30,30,30,30,30,30,30,30,30,30,30,30,30,30,30,30,30,30,30,30,30,30,30,30,30,30,30,30,30,30,30,30,30,30,30,30,30,37,37,37,37,37,37,37,37,37,37,37,37,37,37,37,37,37,37,37,37,37,37,37,37,37,37,37,37,37,37,37,37,37,37,37,37,37,37,37,37,37,37,37],"current_hp_per_floor":[64,64,64,64,64,64,64,64,64,64,64,64,64,64,71,71,71,71,71,71,71,71,71,71,71,78,80,80,84,120,123,125,128,128,130,115,143,149,151,166,166,166,166,169,171,171,171,177,177,181,185,185,185,185,188,191,191,191],"gold":81625,"neow_bonus":"","is_daily":false,"chose_seed":false,"campfire_upgraded":7,"win_rate":0.0,"timestamp":1610309498,"path_taken":["M","M","M","M","M","R","M","R","T","M","M","M","M","M","R","BOSS","M","M","M","AVR","M","NM","R","R","T","E","?","?","$","?","R","BOSS","M","?","?","?","M","E","$","$","T","?","NM","R","R","NS","R","BOSS","BOSS","M","?","$","?","$"],"items_purchased_type":["Relic","Relic","Relic","Relic","Relic","Relic","Relic","Relic","Relic","Relic","Relic","Relic","Relic","Relic","Relic","Relic","Relic","Relic","Relic","Relic","Relic","Relic","Relic","Relic","Relic","Relic","Relic","Relic","Relic","Relic","Relic","Relic","Relic","Relic","Relic","Relic","Relic","Relic","Relic","Relic","Relic","Relic","Relic","Relic","Relic","Relic","Relic","Relic","Relic","Relic","Relic","Relic","Relic","Relic","Relic","Relic","Relic","Relic","Relic","Relic","Relic","Relic","Relic","Relic","Relic","Relic","Relic","Relic","Relic","Relic","Relic","Relic","Relic","Relic","Relic","Relic","Relic","Relic","Relic","Relic","Relic","Relic","Relic","Relic","Relic","Relic","Relic","Relic","Relic","Relic","Relic","Relic","Relic","Relic","Relic","Relic","Relic","Relic","Relic","Relic","Relic","Relic","Relic","Relic","Relic","Relic","Relic","Relic","Relic","Relic","Relic","Relic","Relic","Relic","Relic","Relic","Relic","Relic","Relic","Relic","Relic"],"build_version":"2020-12-22","purchased_purges":0,"victory":false,"max_hp_per_floor":[71,71,71,71,71,71,71,71,71,71,71,71,71,71,71,71,71,71,71,71,71,71,71,71,71,78,80,80,84,120,123,126,128,128,130,130,143,149,151,166,166,166,166,169,171,171,171,177,177,181,185,185,185,185,188,191,191,191],"card_choices":[{"not_picked":["Slimebound:Overexert","beaked:WildInstinct","Bullet Time","MostiFishMod:StarHerder"],"picked":"Seek","floor":16.0},{"not_picked":["Slimebound:MinionMaster","champ:CrownThrow","MarkedMod:NorthStar","MostiFishMod:Disappear","Storm of Steel"],"picked":"SKIP","floor":23.0},{"not_picked":["MostiFishMod:VineMother","MostiFishMod:Hijack","MostiFishMod:StarWish","MostiFishMod:FireWorks"],"picked":"LessonLearned","floor":27.0},{"not_picked":["A Thousand Cuts+1","DemoMod:Desperate","Tools of the Trade+1","sneckomod:UnknownRarePower+1","Echo Form"],"picked":"champ:PerfectForm+1","floor":40},{"not_picked":["blademaster:CloudOfSteel","blademaster:StanceMastery","blademaster:RollingTyphoon"],"picked":"SKIP","floor":40},{"not_picked":["Prostrate","Beam Cell+1","ICR:YinYang+1","StuffTheSpire:ClusterCrunch","JustLucky+1"],"picked":"conspire:SharedLibrary","floor":44},{"not_picked":["blademaster:HighVoltage","blademaster:RollingTyphoon","blademaster:Flash"],"picked":"SKIP","floor":45},{"not_picked":["ReplayTheSpireMod:From All Sides","beaked:AwakenedForm+1","After Image+1","blademaster:FuryOfTheElements","MostiFishMod:WingOfPhoenix+1","hubris:SpecializedCircuitry"],"picked":"SKIP","floor":45},{"not_picked":["infinitespire:Punishment","ReplayTheSpireMod:Black Plague"],"picked":"infinitespire:DeathsTouch","floor":55}],"player_experience":192303,"relics_obtained":[{"floor":1.0,"key":"vexMod:MemoryStick"},{"floor":1.0,"key":"blademaster:ComboEveryTurnPerk"},{"floor":1.0,"key":"SynthV:TestCard"},{"floor":2.0,"key":"conspire:TopHat"},{"floor":2.0,"key":"blademaster:WindChargePerk"},{"floor":3.0,"key":"hubris:OldNail"},{"floor":3.0,"key":"blademaster:BleedingLaceratePerk"},{"floor":4.0,"key":"blademaster:StrongPerk"},{"floor":4.0,"key":"DemoMod:WhiteGuonStone"},{"floor":5.0,"key":"vexMod:ScavengeHelm"},{"floor":5.0,"key":"blademaster:StanceHealPerk"},{"floor":7.0,"key":"blademaster:LightningChargePerk"},{"floor":9.0,"key":"Rawhide"},{"floor":10.0,"key":"halation:BlackBeret"},{"floor":10.0,"key":"blademaster:RandomBladePerk"},{"floor":11.0,"key":"hubris:64BitClover"},{"floor":11.0,"key":"blademaster:FinisherDrawCardPerk"},{"floor":12.0,"key":"blademaster:FuryEveryTurnPerk"},{"floor":13.0,"key":"blademaster:BonusFuryPerk"},{"floor":14.0,"key":"blademaster:RandomStancePerk"},{"floor":14.0,"key":"Replay:Bottled Eggs"},{"floor":18.0,"key":"aspiration:TomeofQuesting"},{"floor":18.0,"key":"blademaster:OnAttackedChargePerk"},{"floor":19.0,"key":"blademaster:DextrousPerk"},{"floor":19.0,"key":"Replay:Bandana"},{"floor":20.0,"key":"blademaster:BonusComboPerk"},{"floor":20.0,"key":"Oddly Smooth Stone"},{"floor":22.0,"key":"blademaster:BleedingMoreDamagePerk"},{"floor":22.0,"key":"Replay:Wax Seal"},{"floor":26.0,"key":"StuffTheSpire:CocoNut"},{"floor":27.0,"key":"halation:SwordOfLegend"},{"floor":29.0,"key":"Replay:Mystery Machine"},{"floor":35,"key":"Bag of Marbles"},{"floor":36,"key":"StuffTheSpire:GreaterSneckoEye"},{"floor":39,"key":"DemoMod:LamentConfigurum"},{"floor":40,"key":"Pear"},{"floor":40,"key":"StuffTheSpire:Wildfire"},{"floor":43,"key":"aspiration:StickyExplosives"},{"floor":43,"key":"vexMod:InvisibilityCloak"},{"floor":44,"key":"Calipers"},{"floor":45,"key":"trackpad:Compendium"},{"floor":45,"key":"trackpad:BottledShadow"},{"floor":53,"key":"StuffTheSpire:OldFever"},{"floor":56,"key":"Du-Vu Doll"},{"floor":56,"key":"Grinning Jar"}],"event_choices":[{"damage_healed":0.0,"max_hp_gain":0.0,"max_hp_loss":0.0,"gold_gain":0.0,"cards_transformed":["blademaster:HighVoltage"],"event_name":"Transmorgrifier","player_choice":"Transformed","floor":28.0,"gold_loss":0.0,"damage_taken":0.0,"cards_obtained":["ReplayTheSpireMod:RavenHex"]},{"cards_removed":["conspire:Banana"],"damage_healed":0.0,"max_hp_gain":0.0,"max_hp_loss":0.0,"gold_gain":0.0,"event_name":"betterNote:BetterNote","player_choice":"Take \u0026 Give","floor":31.0,"gold_loss":0.0,"damage_taken":0.0,"cards_obtained":["infinitespire:FutureSight"]},{"damage_healed":0,"gold_gain":0,"cards_transformed":["ReplayTheSpireMod:RavenHex"],"player_choice":"Transformed","damage_taken":0,"max_hp_gain":0,"max_hp_loss":0,"event_name":"Transmorgrifier","floor":38,"gold_loss":0,"cards_obtained":["StuffTheSpire:Incineration"]},{"damage_healed":0,"gold_gain":0,"player_choice":"Fight","damage_taken":0,"max_hp_gain":0,"max_hp_loss":0,"event_name":"Mysterious Sphere","floor":44,"gold_loss":0},{"damage_healed":0,"gold_gain":30,"player_choice":"Searched \u00271\u0027 times","damage_taken":0,"max_hp_gain":0,"max_hp_loss":0,"event_name":"Dead Adventurer","floor":54,"gold_loss":0}],"is_beta":false,"boss_relics":[{"not_picked":["ExusiaiGun","BloodWine"],"picked":"expansioncontent:StudyCardRelic"},{"not_picked":["EE1DDrone","Replay:Ancient Bell"],"picked":"Black Star"},{"not_picked":["aspiration:PoetsPen","StuffTheSpire:RunicConfusion"],"picked":"aspiration:DefectSkillbook"}],"items_purged_floors":[],"is_endless":true,"potions_floor_spawned":[1,4,10,11,12,14,16,19,23,27,33,35,39,40,44,45,50,51,53],"ascension_level":20}}