{"host":"b7j598ve05halrwk","time":1610252093,"event":{"mods":["2.2 Compatiblity","BaseMod","Block Reminder","DeckTracker","Minty Spire (QoL Compilation)","Relic Stats","Slay the Relics Exporter","StSLib","ojb\u0027s Better Paths Mod","ojb\u0027s Info Mod"],"gold_per_floor":[111,111,128,128,138,138,163,88,111,143,163,193,193,193,193,265,265,282,104,104,121,121,150,150,161,207,248,260,288,328,351,363,451,463,494,520,532,544,328,354,354,102,153,183,202,215,242,289,289,289,289,289,289,37,72,72,72],"floor_reached":56,"playtime":4849,"items_purged":["Strike_B","Strike_B"],"score":2222,"play_id":"012793fe-b9a8-484c-9864-c31ce9476caf","local_time":"20210109231453","is_ascension_mode":true,"campfire_choices":[{"data":"Sweeping Beam","floor":6.0,"key":"SMITH"},{"data":"Sunder","floor":13.0,"key":"SMITH"},{"data":"Leap","floor":15.0,"key":"SMITH"},{"data":"Biased Cognition","floor":24.0,"key":"SMITH"},{"data":"Coolheaded","floor":32.0,"key":"SMITH"},{"data":"Ghostly","floor":41,"key":"SMITH"},{"floor":49,"key":"RECALL"},{"data":"Capacitor","floor":53,"key":"SMITH"}],"circlet_count":0,"master_deck":["AscendersBane","Defend_B","Defend_B","Defend_B","Zap","Dualcast","Ball Lightning","Sweeping Beam+1","Rip and Tear","Core Surge","Leap+1","Undo","Biased Cognition+1","Undo","Capacitor+1","Storm","Fusion","Defragment","Ghostly","Ghostly+1","Ghostly","Coolheaded+1","Self Repair","Coolheaded","Go for the Eyes+1","White Noise","Machine Learning","Hologram+1","Auto Shields+1","Reinforced Body","Ghostly+1","White Noise","Multi-Cast","Aggregate","Core Surge","Doom and Gloom","Cold Snap+1"],"relics":["SlaversCollar","Potion Belt","Anchor","Symbiotic Virus","TungstenRod","Velvet Choker","Pantograph","MawBank","Cables","Gambling Chip","Mummified Hand","Nuclear Battery","Du-Vu Doll","DollysMirror","Gremlin Horn","Question Card","Turnip","Centennial Puzzle","Happy Flower"],"acts_visited":["Exordium","TheCity","TheBeyond","TheEnding"],"potions_floor_usage":[40,40,47,56,56,56],"damage_taken":[{"damage":11.0,"enemies":"2 Louse","floor":1.0,"turns":3.0},{"damage":2.0,"enemies":"Jaw Worm","floor":3.0,"turns":4.0},{"damage":1.0,"enemies":"Cultist","floor":5.0,"turns":4.0},{"damage":5.0,"enemies":"3 Sentries","floor":7.0,"turns":4.0},{"damage":13.0,"enemies":"Gremlin Nob","floor":10.0,"turns":3.0},{"damage":0.0,"enemies":"Gremlin Gang","floor":11.0,"turns":2.0},{"damage":15.0,"enemies":"Lagavulin","floor":12.0,"turns":5.0},{"damage":0.0,"enemies":"Lagavulin Event","floor":14.0,"turns":2.0},{"damage":20.0,"enemies":"Hexaghost","floor":16.0,"turns":9.0},{"damage":15.0,"enemies":"Shell Parasite","floor":18.0,"turns":5.0},{"damage":8.0,"enemies":"Chosen","floor":21.0,"turns":4.0},{"damage":0.0,"enemies":"Gremlin Leader","floor":23.0,"turns":5.0},{"damage":0.0,"enemies":"Centurion and Healer","floor":25.0,"turns":6.0},{"damage":7.0,"enemies":"Slavers","floor":27.0,"turns":5.0},{"damage":0.0,"enemies":"Chosen and Byrds","floor":29.0,"turns":5.0},{"damage":0.0,"enemies":"Gremlin Leader","floor":30.0,"turns":4.0},{"damage":0.0,"enemies":"3 Cultists","floor":31.0,"turns":3.0},{"damage":11.0,"enemies":"Collector","floor":33.0,"turns":8.0},{"damage":14.0,"enemies":"3 Darklings","floor":35.0,"turns":5.0},{"damage":0.0,"enemies":"Orb Walker","floor":36.0,"turns":4.0},{"damage":33,"enemies":"Reptomancer","floor":40,"turns":6},{"damage":0,"enemies":"Nemesis","floor":44,"turns":7},{"damage":0,"enemies":"Sphere and 2 Shapes","floor":45,"turns":3},{"damage":0,"enemies":"Writhing Mass","floor":46,"turns":6},{"damage":0,"enemies":"Reptomancer","floor":47,"turns":6},{"damage":22,"enemies":"2 Orb Walkers","floor":48,"turns":5},{"damage":8,"enemies":"Donu and Deca","floor":50,"turns":13},{"damage":5,"enemies":"Awakened One","floor":51,"turns":22},{"damage":45,"enemies":"Shield and Spear","floor":55,"turns":7},{"damage":36,"enemies":"The Heart","floor":56,"turns":11}],"seed_played":"-8547458448006857532","potions_obtained":[{"floor":3.0,"key":"SmokeBomb"},{"floor":5.0,"key":"BlessingOfTheForge"},{"floor":12.0,"key":"Fruit Juice"},{"floor":16.0,"key":"Dexterity Potion"},{"floor":23.0,"key":"PotionOfCapacity"},{"floor":25.0,"key":"FocusPotion"},{"floor":27.0,"key":"SpeedPotion"},{"floor":29.0,"key":"AttackPotion"},{"floor":31.0,"key":"Explosive Potion"},{"floor":44,"key":"AttackPotion"},{"floor":45,"key":"ColorlessPotion"},{"floor":46,"key":"Dexterity Potion"}],"is_trial":false,"path_per_floor":["M","?","M","?","M","R","E","$","T","E","M","E","R","?","R","B",null,"M","$","?","M","?","E","R","M","T","E","T","M","E","M","R","B",null,"M","M","?","?","$","E","R","$","T","E","M","M","E","?","R","B","B",null,"R","$","E","B"],"character_chosen":"DEFECT","items_purchased":["Capacitor","Fruit Juice","Fruit Juice","Reinforced Body","DollysMirror","Centennial Puzzle","Doom and Gloom"],"campfire_rested":0,"item_purchase_floors":[19,39,39,42,42,54,54],"current_hp_per_floor":[53,46,44,67,66,66,61,61,61,48,48,33,33,33,33,13,57,42,42,42,34,34,34,34,34,34,32,32,39,39,40,40,36,39,32,39,38,38,38,22,22,22,22,29,29,29,36,14,14,38,48,48,48,48,10,0,0],"gold":72,"neow_bonus":"BOSS_RELIC","is_daily":false,"chose_seed":false,"campfire_upgraded":7,"win_rate":0.0,"timestamp":1610252093,"path_taken":["M","?","M","?","M","R","E","$","T","E","M","E","R","?","R","BOSS","M","$","?","M","?","E","R","M","T","E","?","M","E","?","R","BOSS","M","?","?","?","$","E","R","$","T","E","M","M","E","?","R","BOSS","BOSS","R","$","E","BOSS"],"items_purchased_type":["Card","Potion","Potion","Card","Relic","Relic","Card"],"build_version":"2020-12-22","purchased_purges":2,"victory":false,"max_hp_per_floor":[71,71,71,71,71,71,71,71,71,71,71,71,71,71,71,71,71,71,71,71,71,35,35,35,35,35,40,40,40,40,40,40,40,40,40,40,38,38,38,48,48,48,48,48,48,48,48,48,48,48,48,48,48,48,48,48,48],"relic_stats":{"Gremlin Horn":[10,10],"Happy Flower":[3],"counters":[30,176],"MawBank":156,"Question Card":2,"Cables":[120,27,28,50,15],"Centennial Puzzle":[6],"Mummified Hand":[113],"Pantograph":60,"Gambling Chip":[53],"Turnip":[2],"obtain_stats":[{"Potion Belt":7,"Gremlin Horn":44,"Happy Flower":55,"Velvet Choker":17,"MawBank":26,"Question Card":47,"Cables":27,"Nuclear Battery":34,"Du-Vu Doll":40,"SlaversCollar":0,"Anchor":9,"Centennial Puzzle":54,"Mummified Hand":30,"DollysMirror":42,"Pantograph":23,"Gambling Chip":28,"Turnip":48,"Cracked Core":0,"Symbiotic Virus":10,"TungstenRod":12},{"Potion Belt":4,"Gremlin Horn":22,"Happy Flower":29,"Velvet Choker":9,"MawBank":13,"Question Card":25,"Cables":14,"Nuclear Battery":18,"Du-Vu Doll":21,"SlaversCollar":0,"Anchor":4,"Centennial Puzzle":28,"Mummified Hand":16,"DollysMirror":21,"Pantograph":12,"Gambling Chip":14,"Turnip":26,"Cracked Core":0,"Symbiotic Virus":5,"TungstenRod":7},{"Potion Belt":15,"Gremlin Horn":103,"Happy Flower":165,"Velvet Choker":36,"MawBank":56,"Question Card":118,"Cables":61,"Nuclear Battery":81,"Du-Vu Doll":96,"SlaversCollar":0,"Anchor":15,"Centennial Puzzle":158,"Mummified Hand":70,"DollysMirror":96,"Pantograph":50,"Gambling Chip":61,"Turnip":123,"Cracked Core":0,"Symbiotic Virus":18,"TungstenRod":25}],"TungstenRod":63},"card_choices":[{"not_picked":["Go for the Eyes","Cold Snap"],"picked":"Ball Lightning","floor":1.0},{"not_picked":["Redo","Hologram"],"picked":"Sweeping Beam","floor":3.0},{"not_picked":["Barrage","Tempest"],"picked":"Rip and Tear","floor":5.0},{"not_picked":["Blizzard","Beam Cell"],"picked":"Sunder","floor":7.0},{"not_picked":["Steam Power","Fusion"],"picked":"Core Surge","floor":10.0},{"not_picked":["Force Field","Chill"],"picked":"Leap","floor":11.0},{"not_picked":["Hologram","Storm"],"picked":"Undo","floor":12.0},{"not_picked":["Reboot","Buffer"],"picked":"Biased Cognition","floor":16.0},{"not_picked":["Redo","Gash"],"picked":"Undo","floor":18.0},{"not_picked":["Barrage","Ball Lightning"],"picked":"Defragment","floor":21.0},{"not_picked":["Compile Driver","Streamline","Leap"],"picked":"SKIP","floor":23.0},{"not_picked":["Compile Driver","Streamline","Leap"],"picked":"SKIP","floor":23.0},{"not_picked":["Consume","Steam"],"picked":"Coolheaded","floor":25.0},{"not_picked":["Redo","Buffer"],"picked":"Self Repair","floor":27.0},{"not_picked":["Ball Lightning","Rebound+1"],"picked":"Coolheaded","floor":29.0},{"not_picked":["Redo","Hyperbeam"],"picked":"Go for the Eyes+1","floor":30.0},{"not_picked":["Stack","Steam+1"],"picked":"White Noise","floor":31.0},{"not_picked":["Buffer","Fission"],"picked":"Machine Learning","floor":33.0},{"not_picked":["Leap","Streamline","Sweeping Beam+1"],"picked":"SKIP","floor":35.0},{"not_picked":["Cold Snap+1","Steam"],"picked":"Hologram+1","floor":36.0},{"not_picked":["Gash","Go for the Eyes"],"picked":"Auto Shields+1","floor":40},{"not_picked":["Redo","Leap+1"],"picked":"White Noise","floor":44},{"not_picked":["Streamline","Consume"],"picked":"Multi-Cast","floor":45},{"not_picked":["Chaos","Conserve Battery"],"picked":"Aggregate","floor":46},{"not_picked":["Sunder","Leap","Compile Driver"],"picked":"SKIP","floor":47},{"not_picked":["Turbo+1","Compile Driver","Scrape"],"picked":"Core Surge","floor":48},{"not_picked":["Heatsinks","Ball Lightning","Turbo"],"picked":"Cold Snap+1","floor":55}],"player_experience":892240,"relics_obtained":[{"floor":7.0,"key":"Potion Belt"},{"floor":9.0,"key":"Anchor"},{"floor":10.0,"key":"Symbiotic Virus"},{"floor":12.0,"key":"TungstenRod"},{"floor":23.0,"key":"Pantograph"},{"floor":26.0,"key":"MawBank"},{"floor":27.0,"key":"Cables"},{"floor":28.0,"key":"Gambling Chip"},{"floor":30.0,"key":"Mummified Hand"},{"floor":40,"key":"Du-Vu Doll"},{"floor":44,"key":"Gremlin Horn"},{"floor":47,"key":"Question Card"},{"floor":48,"key":"Turnip"},{"floor":55,"key":"Happy Flower"}],"event_choices":[{"cards_removed":["Strike_B"],"damage_healed":0.0,"max_hp_gain":0.0,"max_hp_loss":0.0,"gold_gain":0.0,"event_name":"Golden Wing","player_choice":"Card Removal","floor":2.0,"gold_loss":0.0,"damage_taken":7.0},{"damage_healed":23.0,"max_hp_gain":0.0,"max_hp_loss":0.0,"gold_gain":0.0,"event_name":"Big Fish","player_choice":"Banana","floor":4.0,"gold_loss":0.0,"damage_taken":0.0},{"damage_healed":0.0,"max_hp_gain":0.0,"max_hp_loss":0.0,"gold_gain":0.0,"event_name":"Dead Adventurer","player_choice":"Searched \u00271\u0027 times","floor":14.0,"gold_loss":0.0,"damage_taken":0.0},{"damage_healed":0.0,"max_hp_gain":0.0,"max_hp_loss":0.0,"gold_gain":0.0,"cards_transformed":["Strike_B","Defend_B"],"event_name":"Drug Dealer","player_choice":"Became Test Subject","floor":20.0,"gold_loss":0.0,"damage_taken":0.0,"cards_obtained":["Storm","Fusion"]},{"damage_healed":0.0,"max_hp_gain":0.0,"max_hp_loss":36.0,"gold_gain":0.0,"event_name":"Ghosts","player_choice":"Became a Ghost","floor":22.0,"gold_loss":0.0,"damage_taken":0.0,"cards_obtained":["Ghostly","Ghostly","Ghostly"]},{"damage_healed":0.0,"max_hp_gain":0.0,"max_hp_loss":2.0,"gold_gain":0.0,"event_name":"Winding Halls","player_choice":"Max HP","floor":37.0,"gold_loss":0.0,"damage_taken":0.0},{"cards_removed":["Sunder"],"damage_healed":0.0,"max_hp_gain":0.0,"max_hp_loss":0.0,"gold_gain":0.0,"event_name":"Falling","player_choice":"Removed Attack","floor":38.0,"gold_loss":0.0,"damage_taken":0.0},{"damage_healed":0,"gold_gain":0,"player_choice":"Fight","damage_taken":0,"max_hp_gain":0,"max_hp_loss":0,"event_name":"Mysterious Sphere","floor":48,"gold_loss":0}],"is_beta":false,"boss_relics":[{"not_picked":["Calling Bell","SacredBark"],"picked":"Velvet Choker"},{"not_picked":["Philosopher\u0027s Stone","Runic Dome"],"picked":"Nuclear Battery"}],"items_purged_floors":[8,19],"is_endless":false,"potions_floor_spawned":[3,5,12,16,23,25,27,29,31,44,45,46],"killed_by":"The Heart","ascension_level":20}}