{"host":"Qube","time":1610244117,"event":{"mods":["AchievementEnabler","BaseMod","Colored Map","Colored Powertips","Minty Spire (QoL Compilation)","Quick Restart","Random Character Button","StSLib"],"gold_per_floor":[113,113,263,263,281,325,325,366,393,412,450,450,490,513,513,606,606,622,647,647,647],"floor_reached":20,"playtime":1016,"items_purged":[],"score":443,"play_id":"7f0a6aae-f253-4830-8ed8-639c46500777","local_time":"20210109180157","is_ascension_mode":true,"campfire_choices":[{"floor":7,"key":"REST"},{"floor":12,"key":"REST"},{"floor":15,"key":"REST"}],"circlet_count":0,"master_deck":["AscendersBane","Strike_B","Strike_B","Strike_B","Strike_B","Defend_B","Defend_B","Defend_B","Defend_B","Zap+1","Dualcast","FTL","Doubt","Cold Snap","Cold Snap","Barrage","Hologram","Core Surge","Core Surge+1","Go for the Eyes+1","Ball Lightning+1","Fission","Auto Shields"],"relics":["Cracked Core","NeowsBlessing","Golden Idol","Boot","Dream Catcher","Centennial Puzzle","Art of War","Molten Egg 2","Black Star"],"acts_visited":["Exordium","TheCity"],"potions_floor_usage":[8,11,13,14],"damage_taken":[{"damage":0.0,"enemies":"Jaw Worm","floor":1.0,"turns":1.0},{"damage":0,"enemies":"Cultist","floor":5,"turns":1},{"damage":0,"enemies":"3 Sentries","floor":6,"turns":1},{"damage":29,"enemies":"Lagavulin","floor":8,"turns":8},{"damage":3,"enemies":"2 Louse","floor":10,"turns":2},{"damage":47,"enemies":"Gremlin Nob","floor":11,"turns":4},{"damage":17,"enemies":"3 Sentries","floor":13,"turns":8},{"damage":0,"enemies":"2 Fungi Beasts","floor":14,"turns":3},{"damage":46,"enemies":"Slime Boss","floor":16,"turns":11},{"damage":28,"enemies":"2 Thieves","floor":18,"turns":4},{"damage":14,"enemies":"Chosen","floor":19,"turns":4},{"damage":0,"enemies":"Sentry and Sphere","floor":20,"turns":2}],"seed_played":"3038044394519018071","potions_obtained":[{"floor":5,"key":"Regen Potion"},{"floor":6,"key":"Regen Potion"},{"floor":10,"key":"Regen Potion"},{"floor":13,"key":"SteroidPotion"},{"floor":16,"key":"Ancient Potion"},{"floor":18,"key":"Weak Potion"}],"is_trial":false,"path_per_floor":["M","?","?","?","M","E","R","E","T","M","E","R","E","M","R","B",null,"M","M","M"],"character_chosen":"DEFECT","items_purchased":[],"campfire_rested":3,"item_purchase_floors":[],"current_hp_per_floor":[64,64,64,40,40,40,61,47,47,44,9,30,28,28,49,3,54,26,12,12,12],"gold":647,"neow_bonus":"THREE_ENEMY_KILL","is_daily":false,"chose_seed":false,"campfire_upgraded":0,"win_rate":0.0,"timestamp":1610244117,"path_taken":["M","?","?","?","?","E","R","E","T","M","E","R","E","M","R","BOSS","M","?","M"],"items_purchased_type":[],"build_version":"2020-12-18","purchased_purges":0,"victory":false,"max_hp_per_floor":[71,71,71,71,71,71,71,71,71,71,71,71,71,71,71,71,71,71,71,71,71],"card_choices":[{"not_picked":["Conserve Battery","Steam"],"picked":"FTL","floor":1.0},{"not_picked":["Hologram","Ball Lightning"],"picked":"Cold Snap","floor":5},{"not_picked":["Rebound","Conserve Battery","Steam"],"picked":"SKIP","floor":6},{"not_picked":["Lockon","Reboot"],"picked":"Cold Snap","floor":8},{"not_picked":["Compile Driver","Recycle"],"picked":"Barrage","floor":10},{"not_picked":["Rip and Tear","Steam"],"picked":"Hologram","floor":11},{"not_picked":["Conserve Battery","Undo"],"picked":"Core Surge","floor":12},{"not_picked":["Loop","Static Discharge"],"picked":"Core Surge+1","floor":13},{"not_picked":["Steam","Redo"],"picked":"Go for the Eyes+1","floor":14},{"not_picked":["Capacitor","Turbo"],"picked":"Ball Lightning+1","floor":15},{"not_picked":["Creative AI","Meteor Strike+1"],"picked":"Fission","floor":16},{"not_picked":["Steam","Conserve Battery","Turbo"],"picked":"SKIP","floor":18},{"not_picked":["Rebound+1","Lockon+1"],"picked":"Auto Shields","floor":19}],"player_experience":870016,"relics_obtained":[{"floor":6,"key":"Boot"},{"floor":8,"key":"Dream Catcher"},{"floor":9,"key":"Centennial Puzzle"},{"floor":11,"key":"Art of War"},{"floor":13,"key":"Molten Egg 2"}],"event_choices":[{"damage_healed":0,"gold_gain":0,"player_choice":"Grow","damage_taken":0,"max_hp_gain":0,"max_hp_loss":0,"event_name":"Living Wall","floor":2,"gold_loss":0,"cards_upgraded":["Zap"]},{"damage_healed":0,"gold_gain":150,"player_choice":"AGREE","damage_taken":0,"max_hp_gain":0,"max_hp_loss":0,"event_name":"Liars Game","floor":3,"gold_loss":0,"cards_obtained":["Doubt"]},{"damage_healed":0,"gold_gain":0,"player_choice":"Take Damage","damage_taken":24,"relics_obtained":["Golden Idol"],"max_hp_gain":0,"max_hp_loss":0,"event_name":"Golden Idol","floor":4,"gold_loss":0}],"is_beta":true,"boss_relics":[{"not_picked":["SacredBark","Sozu"],"picked":"Black Star"}],"items_purged_floors":[],"is_endless":false,"potions_floor_spawned":[5,6,10,13,16,18],"killed_by":"Sentry and Sphere","ascension_level":19}}