{"host":"2i0myh7fqij2ti1z","time":1610294626,"event":{"mods":["Aspiration","BaseMod","Better Third Choice","Colored Powertips","FoggyMod","GifTheSpireLib","Highlight Path","Minty Spire (QoL Compilation)","Permanent Neow","Quick Restart","Random Character Button","Random Character Mod","Relic Sorter","Replay The Spire","Shop Mod","Spicy Shops","StSLib","Stuff the Spire","Transform Curses","Wandering Minibosses","vexMod","óô»ðÖ¸ÄÏ"],"gold_per_floor":[116,191,191,210,27,59,55,55,55,77,245,345,48,79,167,270,270,1020,1031,682,781,756,285,285,10,64,113,113,140,150,150,196,295,295,308,358,1049,1049,1067,583,618,618,618,252,277,300,300,179,362,362],"floor_reached":51,"playtime":2266,"items_purged":["Pain","Rampage","Injury","Defend_R","Pain","Ghostly Armor","Defend_R","Defend_R+1","StuffTheSpire:Perfection","Defend_R+1","Decay","Parasite","Doubt","Barricade"],"score":1041,"play_id":"7a2b1f8a-20c8-4eed-b14e-8417433d5e58","local_time":"20210111000346","is_ascension_mode":true,"campfire_choices":[],"circlet_count":0,"master_deck":["Strike_R+3","Strike_R+3","Strike_R+3","Strike_R+3","Strike_R+3","Bash","Feed+1","StuffTheSpire:Innocence","Recycle+1","Sentinel+1","StuffTheSpire:Vigor","Parasite","StuffTheSpire:Vigor","StuffTheSpire:Brawn","Double Energy","StuffTheSpire:BrainWave"],"relics":["Burning Blood","aspiration:DSix","WarpedTongs","ReplayTheSpireMod:Lightbulb","Simple Rune","Replay:Bottled Eggs","Molten Egg 2","Replay:Multitool","Odd Mushroom","StuffTheSpire:ForceGauntlet","StuffTheSpire:Expresso","Happy Flower","vexMod:Cooldron","Frozen Eye","vexMod:NewClearReactor","wanderingMiniBosses:MasterThiefsPresence","vexMod:InvisibilityCloak","Replay:Mystery Machine","PreservedInsect","Potion Belt","Replay:Kaleidoscope","StuffTheSpire:Saxophone","Singing Bowl","Ginger","aspiration:DefectSkillbook","Pocketwatch","vexMod:RedPlottingStone","vexMod:PaidLearning","aspiration:ChemicalBlood","Ring of Fury","ReplayTheSpireMod:Ring of Exchange","Snack Pack","Membership Card","aspiration:Lifesprig","Prayer Wheel","Bag of Marbles","StuffTheSpire:SapphireSignet","Iron Hammer","vexMod:CursedCompass"],"acts_visited":["Exordium","TheCity","TheBeyond"],"potions_floor_usage":[18,18,18,18,50],"damage_taken":[{"damage":12,"enemies":"Jaw Worm","floor":1,"turns":3},{"damage":12,"enemies":"2 Louse","floor":4,"turns":2},{"damage":15,"enemies":"Gremlin Nob","floor":6,"turns":4},{"damage":22,"enemies":"The Mushroom Lair","floor":10,"turns":4},{"damage":0,"enemies":"Lagavulin","floor":14,"turns":3},{"damage":14,"enemies":"The Guardian","floor":16,"turns":6},{"damage":0,"enemies":"3 Byrds","floor":18,"turns":5},{"damage":0,"enemies":"2 Thieves","floor":19,"turns":2},{"damage":6,"enemies":"Book of Stabbing","floor":29,"turns":2},{"damage":6,"enemies":"Cultist and Chosen","floor":30,"turns":2},{"damage":3,"enemies":"Collector","floor":33,"turns":3},{"damage":2,"enemies":"3 Shapes","floor":35,"turns":2},{"damage":0,"enemies":"Mind Bloom Boss Battle","floor":36,"turns":2},{"damage":0,"enemies":"Orb Walker","floor":39,"turns":2},{"damage":16,"enemies":"R_Hoarder","floor":41,"turns":4},{"damage":0,"enemies":"Giant Head","floor":45,"turns":2},{"damage":34,"enemies":"Time Eater","floor":50,"turns":6}],"seed_played":"-9022077001800414530","potions_obtained":[{"floor":4,"key":"Explosive Potion"},{"floor":6,"key":"FearPotion"},{"floor":16,"key":"EntropicBrew"},{"floor":18,"key":"EntropicBrew"},{"floor":19,"key":"EntropicBrew"},{"floor":29,"key":"EntropicBrew"},{"floor":38,"key":"FearPotion"},{"floor":50,"key":"EntropicBrew"}],"is_trial":false,"path_per_floor":["M","?","?","M","$","E","R","?","T","?","$","?","R","E","R","B",null,"M","M","$","?","?","R","?","R","T","$","?","E","M","?","R","B",null,"M","?","$","?","M","R","E","?","T","$","E","T","?","?","R","B",null],"character_chosen":"IRONCLAD","items_purchased":["Rampage","Simple Rune","Replay:Bottled Eggs","Ghostly Armor","StuffTheSpire:ForceGauntlet","StuffTheSpire:Expresso","vexMod:Cooldron","Frozen Eye","ReplayFunnel","vexMod:InvisibilityCloak","Replay:Mystery Machine","Potion Belt","StuffTheSpire:Saxophone","Singing Bowl","Ginger","vexMod:RedPlottingStone","Sentinel+1","vexMod:PaidLearning","Membership Card","aspiration:Lifesprig","Iron Hammer","vexMod:CursedCompass"],"campfire_rested":0,"item_purchase_floors":[5,7,7,11,13,13,15,15,20,23,25,27,32,32,32,37,40,40,44,44,49,49],"current_hp_per_floor":[74,63,63,57,57,48,48,48,48,32,32,32,32,38,38,30,80,84,88,88,88,88,88,88,88,88,88,88,92,96,96,96,102,102,106,112,112,112,118,115,111,111,111,111,125,125,113,113,113,93],"gold":362,"neow_bonus":"DSIX","is_daily":false,"chose_seed":false,"campfire_upgraded":0,"win_rate":0.0,"timestamp":1610294626,"path_taken":["M","?","?","?","$","E","R","?","T","?","$","?","R","E","R","BOSS","M","?","$","?","?","R","?","R","T","$","?","E","?","?","R","BOSS","M","?","$","?","?","R","E","?","T","$","E","?","?","?","R","BOSS"],"items_purchased_type":["Card","Relic","Relic","Card","Relic","Relic","Relic","Relic","Relic","Relic","Relic","Relic","Relic","Relic","Relic","Relic","Card","Relic","Relic","Relic","Relic","Relic"],"build_version":"2020-12-22","purchased_purges":14,"victory":true,"max_hp_per_floor":[80,80,80,80,80,80,80,80,80,80,80,80,80,80,80,80,80,84,88,88,88,88,88,88,88,88,88,88,92,96,96,96,102,102,106,112,112,112,118,115,121,121,121,121,125,125,113,113,113,113],"card_choices":[{"not_picked":["Twin Strike","Anger","Heavy Blade"],"picked":"SKIP","floor":1},{"not_picked":["Sentinel","Anger","True Grit"],"picked":"SKIP","floor":4},{"not_picked":["Twin Strike","Cleave","Thunderclap"],"picked":"SKIP","floor":6},{"not_picked":["Headbutt+1","Flex","Anger+1"],"picked":"SKIP","floor":14},{"not_picked":["Exhume","Barricade"],"picked":"Feed+1","floor":16},{"not_picked":["Headbutt+1","Twin Strike+1","Replay:Undeath\u0027s Touch+1"],"picked":"SKIP","floor":18},{"not_picked":["Warcry","Clash+1","Shrug It Off"],"picked":"SKIP","floor":19},{"not_picked":["StuffTheSpire:Rapture","StuffTheSpire:Vigor"],"picked":"StuffTheSpire:Perfection","floor":24},{"not_picked":["Cleave+1","Inflame"],"picked":"Barricade","floor":29},{"not_picked":["Blood for Blood+1","Anger+1","Cleave+1"],"picked":"SKIP","floor":30},{"not_picked":["Bludgeon+1","Impervious","Limit Break"],"picked":"Singing Bowl","floor":33},{"not_picked":["Hemokinesis+1","Armaments+1","ReplayTheSpireMod:Strike From Hell+1"],"picked":"Recycle+1","floor":35},{"not_picked":["ReplayTheSpireMod:GoodbyeWorld+1","Havoc","Ghostly Armor","Hemokinesis+1"],"picked":"Singing Bowl","floor":36},{"not_picked":["Warcry+1","Genetic Algorithm+1","Redo+1","Streamline+1"],"picked":"Singing Bowl","floor":39},{"not_picked":["Clothesline+1","Panic Button+1","Hologram+1","Juggernaut"],"picked":"Singing Bowl","floor":41},{"not_picked":["Heatsinks","Heavy Blade+1","Thunderclap+1"],"picked":"Double Energy","floor":45}],"player_experience":238193,"relics_obtained":[{"floor":6,"key":"ReplayTheSpireMod:Lightbulb"},{"floor":9,"key":"Replay:Multitool"},{"floor":10,"key":"Odd Mushroom"},{"floor":14,"key":"Happy Flower"},{"floor":18,"key":"wanderingMiniBosses:MasterThiefsPresence"},{"floor":26,"key":"PreservedInsect"},{"floor":29,"key":"Replay:Kaleidoscope"},{"floor":36,"key":"Pocketwatch"},{"floor":41,"key":"aspiration:ChemicalBlood"},{"floor":42,"key":"Ring of Fury"},{"floor":42,"key":"ReplayTheSpireMod:Ring of Exchange"},{"floor":43,"key":"Snack Pack"},{"floor":45,"key":"Prayer Wheel"},{"floor":46,"key":"Bag of Marbles"}],"event_choices":[{"damage_healed":0,"gold_gain":75,"player_choice":"Gold","damage_taken":11,"max_hp_gain":0,"max_hp_loss":0,"event_name":"betterThird:BetterGoop","floor":2,"gold_loss":0},{"damage_healed":0,"gold_gain":0,"player_choice":"Rummage","damage_taken":0,"relics_obtained":["WarpedTongs"],"max_hp_gain":0,"max_hp_loss":0,"event_name":"Accursed Blacksmith","floor":3,"gold_loss":0,"cards_obtained":["Pain"]},{"damage_healed":0,"gold_gain":0,"player_choice":"Fought Mushrooms","damage_taken":0,"max_hp_gain":0,"max_hp_loss":0,"event_name":"Mushrooms","floor":10,"gold_loss":0},{"damage_healed":0,"gold_gain":100,"player_choice":"Pray","damage_taken":0,"max_hp_gain":0,"max_hp_loss":0,"event_name":"Golden Shrine","floor":12,"gold_loss":0},{"damage_healed":0,"gold_gain":99,"player_choice":"Steal","damage_taken":0,"max_hp_gain":0,"max_hp_loss":0,"event_name":"betterThird:BetterNest","floor":21,"gold_loss":0},{"damage_healed":0,"gold_gain":0,"player_choice":"Simplicity","damage_taken":0,"max_hp_gain":0,"max_hp_loss":5,"event_name":"betterThird:BetterWriting","floor":28,"gold_loss":0},{"damage_healed":0,"gold_gain":0,"player_choice":"Fight","damage_taken":0,"max_hp_gain":0,"max_hp_loss":0,"event_name":"MindBloom","floor":36,"gold_loss":0},{"damage_healed":0,"gold_gain":0,"player_choice":"Got Potions","damage_taken":0,"max_hp_gain":0,"max_hp_loss":0,"event_name":"Lab","floor":38,"gold_loss":0},{"damage_healed":0,"gold_gain":0,"player_choice":"Paid Gold","damage_taken":0,"relics_obtained":["StuffTheSpire:SapphireSignet"],"max_hp_gain":0,"max_hp_loss":0,"event_name":"WeMeetAgain","floor":48,"gold_loss":121}],"is_beta":false,"boss_relics":[{"not_picked":["Busted Crown","StuffTheSpire:ModemDavis"],"picked":"vexMod:NewClearReactor"},{"not_picked":["ReplayTheSpireMod:DimensionalGlitch","StuffTheSpire:RunicHypercube"],"picked":"aspiration:DefectSkillbook"}],"items_purged_floors":[5,7,11,13,15,20,23,25,25,27,32,40,44,49],"is_endless":false,"potions_floor_spawned":[4,6,16,18,19,29,36,39],"ascension_level":2}}