{"host":"3hmbl3ngp1w6m17c","time":1610294420,"event":{"mods":["ATMod(°¢èªMod)","Arknights The Spire","BaseMod","Colored Powertips","Dota2Spire","KinomotoSakuraMod(Ä¾Ö®±¾Ó£)","Lobotomy","LobotomyExtend","Marisa£¨ìFÓê¡¡Ä§ÀíÉ³£©","Minty Spire (QoL Compilation)","Replay The Spire","StSLib","The Cursed","The Hierophant","Waifu the Spire","Yakumo Yukari mod","¡¾ÒÅÎï¿¨ÅÆ¡¿REMEMod","²ÐÁôÖ®Îï"],"gold_per_floor":[313,328,348,548,548,548,548],"floor_reached":6,"playtime":293,"items_purged":[],"score":36,"play_id":"f33ca0a9-9342-448f-ac07-f0267ba9238a","local_time":"20210111000020","is_ascension_mode":false,"campfire_choices":[],"circlet_count":0,"master_deck":["PlaceholderMod:BaseStrike","PlaceholderMod:BaseStrike","PlaceholderMod:BaseStrike","PlaceholderMod:BaseStrike","PlaceholderMod:BaseStrike","PlaceholderMod:BaseDefend","PlaceholderMod:BaseDefend","PlaceholderMod:BaseDefend","PlaceholderMod:BaseDefend","PlaceholderMod:BaseDefend","PlaceholderMod:Crystal","PlaceholderMod:PoisonWhip","Replay:Sluggish","PlaceholderMod:SeverePoisonStrike","PlaceholderMod:StressReaction","Injury"],"relics":["AT_ATBox","REME_ComplimentaryCards","REME_DemonsWealth","LetterFromLob","Golden Idol"],"acts_visited":["Exordium"],"potions_floor_usage":[],"damage_taken":[{"damage":7,"enemies":"Cultist","floor":1,"turns":4},{"damage":6,"enemies":"2 Louse","floor":2,"turns":2},{"damage":16,"enemies":"Small Slimes","floor":3,"turns":3},{"damage":27,"enemies":"3 Sentries","floor":6,"turns":5}],"seed_played":"3357119248743519562","potions_obtained":[{"floor":5,"key":"Death Potion"},{"floor":5,"key":"Reflective Coating"},{"floor":5,"key":"Languid Potion"}],"is_trial":false,"path_per_floor":["M","M","M","?","?","E"],"character_chosen":"THE_PLACEHOLDER","items_purchased":[],"campfire_rested":0,"item_purchase_floors":[],"current_hp_per_floor":[71,65,49,49,49,22,22],"gold":548,"neow_bonus":"BOSS_RELIC","is_daily":false,"chose_seed":false,"campfire_upgraded":0,"win_rate":0.0,"timestamp":1610294420,"path_taken":["M","?","M","?","?","E"],"items_purchased_type":[],"build_version":"2020-12-22","purchased_purges":0,"victory":false,"max_hp_per_floor":[78,78,78,78,78,78,78],"card_choices":[{"not_picked":["PlaceholderMod:AttackAsDefend","PlaceholderMod:DiffusionChemical","PlaceholderMod:CycleAttack"],"picked":"Replay:Sluggish","floor":1},{"not_picked":["PlaceholderMod:DirectingGroup","PlaceholderMod:PoisonBlast","Sickly"],"picked":"PlaceholderMod:SeverePoisonStrike","floor":2},{"not_picked":["PlaceholderMod:Internalization","PlaceholderMod:SpinBlade","Regret"],"picked":"PlaceholderMod:StressReaction","floor":3}],"player_experience":42121,"relics_obtained":[{"floor":1,"key":"LetterFromLob"}],"event_choices":[{"damage_healed":0,"gold_gain":0,"player_choice":"Take Wound","damage_taken":0,"relics_obtained":["Golden Idol"],"max_hp_gain":0,"max_hp_loss":0,"event_name":"Golden Idol","floor":4,"gold_loss":0,"cards_obtained":["Injury"]},{"damage_healed":0,"gold_gain":0,"player_choice":"Got Potions","damage_taken":0,"max_hp_gain":0,"max_hp_loss":0,"event_name":"Lab","floor":5,"gold_loss":0}],"is_beta":false,"boss_relics":[],"items_purged_floors":[],"is_endless":false,"potions_floor_spawned":[3],"killed_by":"3 Sentries","ascension_level":0}}