{"host":"7eytxr1oawi6r5nr","time":1610313288,"event":{"mods":["BaseMod","Bestiary","Better Third Choice","Curses Come First","Dark Map","Downfall","Gremlin Mod","Hermit","Hubris","Jorbs\u0027s Wanderer Trilogy","Minty Spire (QoL Compilation)","Permanent Neow","Quick Restart","Rare Cards Sparkle","Replay The Spire","Robot Space Explorer","Spicy Shops","StSLib","The Disciple","The Runesmith"],"gold_per_floor":[99,115,133,151,161,161,161,196,215,215,229,10,40,55,75,177,177,102,120,136,153,167,167,167,167,180,195,214,229,429,442,452,551,551,551,571,107,151,163,179,227,241,166,26,26,38,38,102,121,121,121,121],"floor_reached":50,"playtime":6785,"items_purged":["Sickly","Parasite","Regret","Parasite"],"score":518,"play_id":"f6ddb2ae-5866-4c01-be15-3cc6aafcaf87","local_time":"20210110211448","is_ascension_mode":false,"campfire_choices":[{"data":"Guardian:TwinSlam","floor":1.0,"key":"SMITH"},{"data":"Guardian:CurlUp","floor":6.0,"key":"SMITH"},{"floor":10.0,"key":"REST"},{"data":"Guardian:BaubleBeam","floor":18.0,"key":"SMITH"},{"data":"Guardian:ShieldSpikes","floor":25.0,"key":"SMITH"},{"data":"Guardian:SphericShield","floor":35.0,"key":"SMITH"},{"data":"Guardian:SpikerProtocol","floor":43.0,"key":"SMITH"},{"data":"Guardian:RevengeProtocol","floor":47.0,"key":"SMITH"}],"circlet_count":0,"master_deck":["Guardian:Strike_Guardian","Guardian:Strike_Guardian","Guardian:Strike_Guardian","Guardian:Strike_Guardian","Guardian:Defend_Guardian","Guardian:Defend_Guardian","Guardian:Defend_Guardian","Guardian:Defend_Guardian","Guardian:CurlUp+1","Guardian:TwinSlam+1","Guardian:PiercingHide","Guardian:BaubleBeam+1","Guardian:ShieldCharger","Guardian:ShieldSpikes+1","Guardian:ArmoredProtocol","Guardian:SpikerProtocol+1","Guardian:RevengeProtocol+1","Guardian:Recover","Guardian:FloatingOrbs+1","Guardian:Clone","Guardian:WalkerClaw+1","Guardian:SentryBeam","Guardian:RollAttack","Guardian:TemporalShield+1","Guardian:EvasiveProtocol","Guardian:ChargeUp","Guardian:SphericShield+1","Guardian:PrismaticBarrier","Guardian:Gem_Crimson","Guardian:Gem_Lightblue","Guardian:CrystalBeam+1","Guardian:Gem_Cyan","Guardian:PrismaticBeam"],"relics":["Cursed Key","Lantern","ReplayTheSpireMod:Shallot","Chameleon Ring","Ring of Chaos","downfall:HeartBlessingGreen","Mummified Hand","Philosopher\u0027s Stone","OrangePellets","Bronze Scales","PreservedInsect","downfall:HeartBlessingBlue","hubris:Towel"],"acts_visited":["Exordium","TheCity","TheBeyond"],"potions_floor_usage":[50],"damage_taken":[{"damage":1.0,"enemies":"Cultist","floor":2.0,"turns":4.0},{"damage":0.0,"enemies":"Small Slimes","floor":3.0,"turns":3.0},{"damage":0.0,"enemies":"Jaw Worm","floor":4.0,"turns":3.0},{"damage":6.0,"enemies":"Blue Slaver","floor":5.0,"turns":3.0},{"damage":35.0,"enemies":"Lagavulin","floor":8.0,"turns":11.0},{"damage":0.0,"enemies":"Exordium Wildlife","floor":9.0,"turns":4.0},{"damage":0.0,"enemies":"Large Slime","floor":11.0,"turns":5.0},{"damage":0.0,"enemies":"downfall:FleeingMerchant","floor":12.0,"turns":4.0},{"damage":9.0,"enemies":"3 Sentries","floor":13.0,"turns":9.0},{"damage":0.0,"enemies":"Red Slaver","floor":14.0,"turns":3.0},{"damage":0.0,"enemies":"Blue Slaver","floor":15.0,"turns":4.0},{"damage":8.0,"enemies":"downfall:Silent","floor":16.0,"turns":16.0},{"damage":0.0,"enemies":"Spheric Guardian","floor":19.0,"turns":4.0},{"damage":0.0,"enemies":"3 Byrds","floor":20.0,"turns":4.0},{"damage":8.0,"enemies":"Sentry and Sphere","floor":21.0,"turns":6.0},{"damage":0.0,"enemies":"Snake Plant","floor":22.0,"turns":4.0},{"damage":22.0,"enemies":"3 Cultists","floor":26.0,"turns":6.0},{"damage":0.0,"enemies":"Centurion and Healer","floor":27.0,"turns":6.0},{"damage":1.0,"enemies":"Shelled Parasite and Fungi","floor":28.0,"turns":6.0},{"damage":0.0,"enemies":"Sentry and Sphere","floor":29.0,"turns":5.0},{"damage":8.0,"enemies":"Chosen and Byrds","floor":31.0,"turns":5.0},{"damage":0.0,"enemies":"Snecko","floor":32.0,"turns":5.0},{"damage":16.0,"enemies":"downfall:Watcher","floor":33.0,"turns":10.0},{"damage":0.0,"enemies":"3 Darklings","floor":36.0,"turns":5.0},{"damage":0.0,"enemies":"downfall:FleeingMerchant","floor":37.0,"turns":4.0},{"damage":0.0,"enemies":"3 Shapes","floor":39.0,"turns":4.0},{"damage":0.0,"enemies":"Writhing Mass","floor":40.0,"turns":5.0},{"damage":0.0,"enemies":"Spire Growth","floor":42.0,"turns":4.0},{"damage":1.0,"enemies":"downfall:FleeingMerchant","floor":44.0,"turns":4.0},{"damage":8.0,"enemies":"Transient","floor":46.0,"turns":5.0},{"damage":0.0,"enemies":"downfall:FleeingMerchant","floor":48.0,"turns":3.0},{"damage":0.0,"enemies":"Maw","floor":49.0,"turns":6.0},{"damage":95,"enemies":"downfall:Defect","floor":50,"turns":10}],"seed_played":"8806190130043091077","potions_obtained":[{"floor":2.0,"key":"champ:CounterPotion"},{"floor":8.0,"key":"Fire Potion"},{"floor":11.0,"key":"FearPotion"},{"floor":13.0,"key":"PowerPotion"},{"floor":15.0,"key":"Fruit Juice"},{"floor":20.0,"key":"BlessingOfTheForge"},{"floor":38.0,"key":"Fruit Juice"},{"floor":39.0,"key":"Block Potion"},{"floor":46.0,"key":"Swift Potion"},{"floor":49.0,"key":"Guardian:StasisDiscoveryPotion"}],"is_trial":false,"path_per_floor":["R","M","M","M","M","R","T","E","M","R","M","$","E","M","M","B",null,"R","M","M","M","M","?","T","R","M","M","M","M","?","M","M","B",null,"R","M","$","?","M","M","T","M","R","$","?","M","R","?","M","B"],"character_chosen":"GUARDIAN","items_purchased":["Guardian:ArmoredProtocol","Guardian:Gem_Red","OrangePellets","Bronze Scales","Guardian:Gem_Green","Guardian:Gem_Cyan","Guardian:PrismaticBeam"],"campfire_rested":1,"item_purchase_floors":[12,12,37,37,37,48,48],"current_hp_per_floor":[80,79,79,79,73,73,73,38,38,62,62,62,53,53,53,52,87,87,87,87,79,79,79,79,79,57,57,56,56,56,48,48,32,87,87,87,84,63,70,70,70,70,80,79,79,71,71,71,71,0,0,0],"gold":121,"neow_bonus":"BOSS_RELIC","is_daily":false,"chose_seed":false,"campfire_upgraded":7,"win_rate":0.0,"timestamp":1610313288,"path_taken":["R","M","M","M","M","R","T","E","M","R","M","$","E","M","M","BOSS","R","M","M","M","M","?","T","R","?","M","M","?","?","?","M","BOSS","R","M","$","?","M","M","T","M","R","$","?","M","R","?","M","BOSS"],"items_purchased_type":["Card","Card","Relic","Relic","Card","Card","Card"],"build_version":"2020-12-22","purchased_purges":4,"victory":false,"max_hp_per_floor":[80,80,80,80,80,80,80,80,80,80,80,80,80,80,80,87,87,87,87,87,87,87,87,87,87,87,87,87,87,87,87,87,87,87,87,87,84,84,91,91,91,91,101,101,101,101,101,98,98,98,98,98],"card_choices":[{"not_picked":["Guardian:ChargeUp","Guardian:WalkerClaw"],"picked":"Guardian:Gem_Green","floor":2.0},{"not_picked":["Guardian:ChargeCore","Guardian:GuardianWhirl"],"picked":"Guardian:Gem_White","floor":3.0},{"not_picked":["Guardian:Planning","Guardian:Repulse","Guardian:TemporalShield"],"picked":"SKIP","floor":4.0},{"not_picked":["Guardian:CrystalBeam","Guardian:Harden"],"picked":"Guardian:PiercingHide","floor":5.0},{"not_picked":["Guardian:WalkerClaw","Guardian:Incinerate"],"picked":"Guardian:BaubleBeam","floor":8.0},{"not_picked":["Guardian:Gem_Red","Guardian:RefractedBeam"],"picked":"Guardian:ShieldCharger","floor":9.0},{"not_picked":["Guardian:RollAttack","Guardian:Recover"],"picked":"Guardian:ShieldSpikes","floor":11.0},{"not_picked":["Guardian:Gem_Lightblue","Guardian:WalkerClaw"],"picked":"Guardian:Gem_Purple","floor":12.0},{"not_picked":["Guardian:TimeSifter","Guardian:Emergency"],"picked":"Guardian:Gem_Blue","floor":13.0},{"not_picked":["Guardian:VentSteam","Guardian:Suspension"],"picked":"Guardian:Gem_Lightblue","floor":14.0},{"not_picked":["Guardian:ArmoredProtocol","Guardian:WalkerClaw"],"picked":"Guardian:SpikerProtocol","floor":15.0},{"not_picked":["Guardian:ConstructionForm","Guardian:HyperBeam_Guardian"],"picked":"Guardian:RevengeProtocol","floor":16.0},{"not_picked":["Guardian:Suspension+1","Guardian:Gem_Red"],"picked":"Guardian:Recover","floor":19.0},{"not_picked":["Guardian:PrimingBeam","Guardian:PiercingHide"],"picked":"Guardian:FloatingOrbs+1","floor":20.0},{"not_picked":["Guardian:TimeCapacitor+1","Guardian:TemporalShield"],"picked":"Guardian:Clone","floor":21.0},{"not_picked":["Guardian:PiercingHide","Guardian:PrimingBeam+1"],"picked":"Guardian:WalkerClaw+1","floor":22.0},{"not_picked":["Guardian:Suspension","Guardian:Recover+1"],"picked":"Guardian:SentryBeam","floor":26.0},{"not_picked":["Guardian:Recover","Guardian:FloatingOrbs"],"picked":"Guardian:RollAttack","floor":27.0},{"not_picked":["Guardian:FloatingOrbs+1","Guardian:ShieldSpikes"],"picked":"Guardian:TemporalShield+1","floor":28.0},{"not_picked":["Guardian:Suspension","Guardian:ChargeCore+1"],"picked":"Guardian:Gem_Cyan","floor":29.0},{"not_picked":["Guardian:GuardianWhirl+1","Guardian:PiercingHide"],"picked":"Guardian:EvasiveProtocol","floor":31.0},{"not_picked":["Guardian:StasisStrike","Guardian:SentryBeam"],"picked":"Guardian:ChargeUp","floor":32.0},{"not_picked":["Guardian:StasisField","Guardian:Gem_Orange"],"picked":"Guardian:SphericShield","floor":33.0},{"not_picked":["Guardian:ShieldCharger+1","Guardian:Gem_White"],"picked":"Guardian:PrismaticBarrier","floor":36.0},{"not_picked":["Guardian:PiercingHide","Guardian:EvasiveProtocol","Guardian:Repulse+1"],"picked":"SKIP","floor":37.0},{"not_picked":["Guardian:PiercingHide","Guardian:EvasiveProtocol+1"],"picked":"Guardian:Gem_Crimson","floor":38.0},{"not_picked":["Guardian:FastForward","Guardian:Planning","Guardian:TemporalShield+1"],"picked":"SKIP","floor":39.0},{"not_picked":["Guardian:Incinerate","Guardian:ChargeUp"],"picked":"Guardian:Gem_Cyan","floor":40.0},{"not_picked":["Guardian:TemporalStrike","Guardian:DecasProtection","Guardian:Preprogram"],"picked":"SKIP","floor":42.0},{"not_picked":["Guardian:HyperBeam_Guardian","Guardian:PrismaticBeam","Guardian:BronzeOrb"],"picked":"SKIP","floor":44.0},{"not_picked":["Guardian:PrimingBeam+1","Guardian:CrystalBeam"],"picked":"Guardian:Gem_Lightblue","floor":46.0},{"not_picked":["Guardian:VentSteam+1","Guardian:SpikerProtocol"],"picked":"Guardian:CrystalBeam+1","floor":48.0},{"not_picked":["Guardian:BronzeArmor","Guardian:RollAttack","Guardian:StasisStrike"],"picked":"SKIP","floor":49.0}],"player_experience":168749,"relics_obtained":[{"floor":7.0,"key":"Lantern"},{"floor":8.0,"key":"ReplayTheSpireMod:Shallot"},{"floor":13.0,"key":"Chameleon Ring"},{"floor":24.0,"key":"Mummified Hand"},{"floor":38.0,"key":"PreservedInsect"}],"event_choices":[{"damage_healed":0.0,"max_hp_gain":0.0,"max_hp_loss":0.0,"gold_gain":200.0,"event_name":"Wheel of Change","player_choice":"Gold","floor":30.0,"gold_loss":0.0,"damage_taken":0.0}],"is_beta":false,"boss_relics":[{"not_picked":["Honey Jar","Astrolabe"],"picked":"Ring of Chaos"},{"not_picked":["Replay:Drink Me","hubris:Backtick"],"picked":"Philosopher\u0027s Stone"}],"items_purged_floors":[12,37,44,48],"is_endless":false,"potions_floor_spawned":[2,8,11,13,14,15,20,27,28,32,39,40,42,46,49],"killed_by":"downfall:Defect","ascension_level":0}}