{"host":"ay2281dbnlaagij0","time":1610293304,"event":{"mods":["Act Like it!","BaseMod","Colored Map","DeckTracker","Gensokyo","Hallownest","HololiveMod","KomeijiMod","Lobotomy","LobotomyExtend","Marisa£®ÏF”Í°°ƒß¿Ì…≥£©","Minty Spire (QoL Compilation)","Reimu£®≤©¿ˆ¡È√Œ£©","Remilia£®¿Ÿ√◊¿Ú—«£©","Replay The Spire","RumiaBox-¬∂√◊Ê´µƒ…Ò√ÿ∫–◊”","Shop Mod","StSLib","The Administrix","The Bug Knight","The Kombatant","UnlockEverythingMod","Youmu£®ªÍ∆«—˝√Œ£©","Yuyuko","noobMod","°æπ¶ƒ‹Mod°øªÏ„Á÷Æª∑–ﬁ∏¥≤π∂°"],"gold_per_floor":[111,111,186,186,186,215,260,278,305,325,325,350,370,370,370,470,470,483,483,483,497,516,529,529,529,529,563,581,501,501,521,521,621,621,621,621,781,272,286,316,316,231,231,291,322,347,347,392,392,549,549,549,139,205,207,207],"floor_reached":55,"playtime":12796,"items_purged":["CommonCold","Writhe","Injury"],"score":1153,"play_id":"f5343e37-9115-4af5-945f-9947c70c4902","local_time":"20210110234144","is_ascension_mode":true,"campfire_choices":[{"floor":11.0,"key":"RECALL"},{"floor":15.0,"key":"DIG"},{"data":"Strike_R","floor":24.0,"key":"SMITH"},{"data":"Strike_R","floor":32.0,"key":"SMITH"},{"data":"Hallownest:skillCityofTearsMap","floor":41.0,"key":"SMITH"},{"data":"Sword Boomerang","floor":47.0,"key":"SMITH"},{"floor":49.0,"key":"REST"},{"floor":52.0,"key":"REST"}],"circlet_count":1,"master_deck":["Strike_R+1","Strike_R+1","Strike_R+1","Defend_R","Defend_R","Defend_R+1","Bash+1","Sword Boomerang+1","Hallownest:skillCityofTearsMap+1","ReplayTheSpireMod:Splinters","Hallownest:skillKingdomsEdgeMap+1","Sword Boomerang+1"],"relics":["Burning Blood","ice","CogitoBucket","RabbitCall","LetterFromLob","MagicBullet_r","ReplayTheSpireMod:CursedCoin","Pet Ghost","Replay:Rubber Ducky","Pen Nib","ReplayTheSpireMod:TigerMarble","Replay:Drink Me","Orichalcum","Quantum Egg","Bag of Preparation","Replay:Bottled Snecko","AtMidnight","Replay:Ancient Bell","Lantern","Toxic Egg 2","FossilizedHelix","HonorFeather","Hallownest:GodTamersBeastRelic","Bottled Flame","Akabeko","Circlet","Replay:Bandana","Gremlin Food","ReplayTheSpireMod:Spearhead","Incense Burner","Bottled Lightning"],"acts_visited":[],"potions_floor_usage":[],"damage_taken":[{"damage":10.0,"enemies":"2 Louse","floor":1.0,"turns":4.0},{"damage":25.0,"enemies":"Replay:BlueRogue","floor":6.0,"turns":5.0},{"damage":6.0,"enemies":"Jaw Worm","floor":8.0,"turns":2.0},{"damage":0.0,"enemies":"Cultist","floor":10.0,"turns":2.0},{"damage":54.0,"enemies":"3 Sentries","floor":12.0,"turns":7.0},{"damage":19.0,"enemies":"2 Fungi Beasts","floor":13.0,"turns":4.0},{"damage":38.0,"enemies":"Hexaghost","floor":16.0,"turns":4.0},{"damage":0.0,"enemies":"Hallownest:3_Youths","floor":18.0,"turns":3.0},{"damage":0.0,"enemies":"Hallownest:2_Mistakes","floor":19.0,"turns":2.0},{"damage":0.0,"enemies":"Hallownest:monsterMisterMushroom","floor":21.0,"turns":2.0},{"damage":0.0,"enemies":"Hallownest:monsterShrumalOgre","floor":22.0,"turns":3.0},{"damage":9.0,"enemies":"Hallownest:2_Husk_Sentries","floor":23.0,"turns":2.0},{"damage":20.0,"enemies":"Hallownest:Nosk","floor":25.0,"turns":2.0},{"damage":0.0,"enemies":"Hallownest:eliteSoulWarrior","floor":27.0,"turns":2.0},{"damage":0.0,"enemies":"Hallownest:Warrior_and_Youth","floor":28.0,"turns":1.0},{"damage":0.0,"enemies":"Hallownest:monsterMisterMushroom","floor":31.0,"turns":3.0},{"damage":24.0,"enemies":"Hallownest:BossMantisLord","floor":33.0,"turns":3.0},{"damage":0.0,"enemies":"Hallownest:Shield_Heavy","floor":35.0,"turns":2.0},{"damage":20.0,"enemies":"Hallownest:Shield_Heavy","floor":37.0,"turns":2.0},{"damage":0.0,"enemies":"Hallownest:Shield_Heavy","floor":37.0,"turns":2.0},{"damage":0.0,"enemies":"Hallownest:Shield_Heavy","floor":37.0,"turns":3.0},{"damage":0.0,"enemies":"Hallownest:Shield_Heavy","floor":37.0,"turns":2.0},{"damage":0.0,"enemies":"Hallownest:Shield_Heavy","floor":39.0,"turns":2.0},{"damage":15.0,"enemies":"Hallownest:eliteHiveKnight","floor":40.0,"turns":3.0},{"damage":0.0,"enemies":"Hallownest:StalkingDevout","floor":44.0,"turns":2.0},{"damage":20.0,"enemies":"Hallownest:3_Siblings","floor":45.0,"turns":1.0},{"damage":0.0,"enemies":"Hallownest:2_Wandering_and_1_Horned","floor":48.0,"turns":3.0},{"damage":0.0,"enemies":"Hallownest:Radiance","floor":50.0,"turns":3.0},{"damage":0.0,"enemies":"Shield and Spear","floor":54.0,"turns":2.0},{"damage":0,"enemies":"The Heart","floor":55,"turns":3}],"seed_played":"6973550205452555371","potions_obtained":[{"floor":10.0,"key":"Venom Potion"},{"floor":13.0,"key":"SteroidPotion"},{"floor":16.0,"key":"Fire Potion"},{"floor":28.0,"key":"FairyPotion"}],"is_trial":false,"path_per_floor":["M","?","$","?","$","E","T","M","T","M","R","E","M","?","R_BF","B",null,"M","M","?","M","M","M","R","E","T","E","M","?","T","M","R","B",null,"M","?","?","$","M","E","R","?","T","E","M","T","R","M","R","B",null,"R","$","E","B"],"character_chosen":"IRONCLAD","items_purchased":["ReplayTheSpireMod:CursedCoin","Bottled Flame","Akabeko","Incense Burner"],"campfire_rested":2,"item_purchase_floors":[3,38,38,53],"current_hp_per_floor":[76,30,30,30,30,80,80,80,80,81,81,33,20,20,20,61,75,79,82,82,82,85,82,82,68,68,74,80,80,80,86,86,68,95,96,91,95,95,98,89,104,104,104,104,90,90,104,107,107,109,109,109,109,112,112,112],"gold":207,"neow_bonus":"","is_daily":false,"chose_seed":false,"campfire_upgraded":4,"win_rate":0.0,"timestamp":1610293304,"path_taken":["M","?","$","?","$","E","?","M","T","M","R","E","?","?","R_BF","BOSS","M","M","?","M","?","M","R","E","T","E","M","?","?","M","R","BOSS","M","?","?","$","?","E","R","?","T","E","M","?","R","M","R","BOSS","R","$","E","BOSS"],"items_purchased_type":["Relic","Relic","Relic","Relic"],"build_version":"2020-12-22","purchased_purges":3,"victory":false,"max_hp_per_floor":[80,80,80,80,80,80,80,81,81,81,81,88,93,93,93,100,75,79,82,82,82,85,86,86,86,86,87,87,87,87,88,88,95,95,96,91,98,98,98,104,104,104,104,104,104,104,104,107,107,109,109,109,109,112,112,112],"card_choices":[{"not_picked":["Entrench","ReplayTheSpireMod:Strike From Hell","Warcry"],"picked":"SKIP","floor":1.0},{"not_picked":["CherryBlossoms","Variant","Scorched"],"picked":"Singing Bowl","floor":6.0},{"not_picked":["Heavy Blade","Clash","Havoc"],"picked":"SKIP","floor":6.0},{"not_picked":["Shrug It Off","Carnage","Reckless Charge"],"picked":"SKIP","floor":8.0},{"not_picked":["QueenOfHatred","CherryBlossoms","MHz"],"picked":"Singing Bowl","floor":10.0},{"not_picked":["Iron Wave","Blood for Blood","Body Slam"],"picked":"SKIP","floor":10.0},{"not_picked":["Iron Wave","Hemokinesis","Entrench"],"picked":"SKIP","floor":12.0},{"not_picked":["Power Through","Sword Boomerang","Anger"],"picked":"SKIP","floor":13.0},{"not_picked":["Entrench","ReplayReversal","Replay:Undeath\u0027s Touch"],"picked":"SKIP","floor":18.0},{"not_picked":["Replay:Undeath\u0027s Touch","Double Tap"],"picked":"Sword Boomerang+1","floor":19.0},{"not_picked":["Run Through","Barricade","Body Slam"],"picked":"SKIP","floor":21.0},{"not_picked":["Warcry+1","Headbutt","Clash"],"picked":"SKIP","floor":22.0},{"not_picked":["Metallicize","ReplayTheSpireMod:Stacked","Feel No Pain+1"],"picked":"SKIP","floor":23.0},{"not_picked":["Run Through+1","ReplayTheSpireMod:Muscle Training","Rage+1"],"picked":"SKIP","floor":25.0},{"not_picked":["Twin Strike","Battle Trance","Second Wind"],"picked":"SKIP","floor":27.0},{"not_picked":["Dropkick","Headbutt","Havoc+1"],"picked":"SKIP","floor":28.0},{"not_picked":["Seeing Red+1","Iron Wave","Armaments"],"picked":"SKIP","floor":31.0},{"not_picked":["Envy_TH","ReplayTheSpireMod:Restless Dread"],"picked":"ReplayTheSpireMod:Splinters","floor":34.0},{"not_picked":["Gensokyo:AllTheWorldsEvil","Sloth_TH"],"picked":"Injury","floor":34.0},{"not_picked":["Gluttony_TH","AbeCurse"],"picked":"Writhe","floor":34.0},{"not_picked":["Searing Blow","ReplayTheSpireMod:Strike From Hell","Pommel Strike+1"],"picked":"SKIP","floor":39.0},{"not_picked":["Havoc+1","Entrench+1","Hemokinesis"],"picked":"SKIP","floor":40.0},{"not_picked":["Clash","Havoc+1"],"picked":"Sword Boomerang","floor":44.0},{"not_picked":["Reaper","Life Link","Heavy Blade+1"],"picked":"SKIP","floor":45.0},{"not_picked":["ReplayTheSpireMod:Limb From Limb+1","Evolve+1","Flex+1"],"picked":"SKIP","floor":48.0},{"not_picked":["Blood for Blood+1","Fiend Fire","Sever Soul"],"picked":"SKIP","floor":54.0}],"player_experience":44715,"relics_obtained":[{"floor":1.0,"key":"LetterFromLob"},{"floor":6.0,"key":"Pet Ghost"},{"floor":9.0,"key":"Replay:Rubber Ducky"},{"floor":12.0,"key":"Pen Nib"},{"floor":15.0,"key":"ReplayTheSpireMod:TigerMarble"},{"floor":25.0,"key":"Orichalcum"},{"floor":26.0,"key":"Quantum Egg"},{"floor":27.0,"key":"Bag of Preparation"},{"floor":30.0,"key":"Replay:Bottled Snecko"},{"floor":31.0,"key":"AtMidnight"},{"floor":40.0,"key":"Circlet"},{"floor":43.0,"key":"Replay:Bandana"},{"floor":44.0,"key":"Gremlin Food"},{"floor":46.0,"key":"ReplayTheSpireMod:Spearhead"},{"floor":54.0,"key":"Bottled Lightning"}],"event_choices":[{"damage_healed":0.0,"max_hp_gain":0.0,"max_hp_loss":0.0,"gold_gain":0.0,"event_name":"Living Wall","player_choice":"Grow","floor":4.0,"gold_loss":0.0,"damage_taken":0.0,"cards_upgraded":["Bash"]},{"damage_healed":0.0,"max_hp_gain":0.0,"max_hp_loss":0.0,"gold_gain":0.0,"event_name":"The Cleric","player_choice":"Leave","floor":14.0,"gold_loss":0.0,"damage_taken":0.0}],"is_beta":false,"boss_relics":[{"not_picked":["Ectoplasm","Kintsugi"],"picked":"Replay:Drink Me"},{"not_picked":["Empty Cage","Replay:Bronze Core"],"picked":"Replay:Ancient Bell"},{"not_picked":["Potion Belt","Mastiff:ReiMu"],"picked":"Lantern"},{"not_picked":["Replay:WaspNest","Question Card"],"picked":"Toxic Egg 2"},{"not_picked":["Champion Belt","Another Sword"],"picked":"FossilizedHelix"}],"items_purged_floors":[3,38,53],"is_endless":false,"potions_floor_spawned":[10,13,16,18,19,22,25,28,37,37,40,45,50],"killed_by":"The Heart","ascension_level":4}}