{"host":"hfxahm4y1ssattqc","time":1610264829,"event":{"mods":["2.2 Compatiblity","Act Like it!","BaseMod","Beaked The Cultist","BetterRewards","Colored Map","Colored Powertips","Custom Start","Googly Eyes","Halation","Hallownest","Highlight Path","Hubris","Mimic Mod","Minty Spire (QoL Compilation)","Shop Mod","Spikes Relics","StSLib","The Bug Knight","The IronCluck","The Jungle","Unknown Chances","slay the spire mod where everything is the same but ironclad has a cowboy hat"],"gold_per_floor":[109,129,129,204,204,232,232,249,249,249,260,260,260,290,290,394,394,406,424,244,194,194,194,227,227,258,268,468,481,509,424,424,520,520,536,536,536,547,547,581,581,581,607,305,316,335,358,100,100,100,100,100,27,58,58,58],"floor_reached":55,"playtime":2607,"items_purged":[],"score":789,"play_id":"a0d2a7c0-3844-4897-9795-c050fd890f90","local_time":"20210109234709","is_ascension_mode":false,"campfire_choices":[{"data":"HollowMod:ShapeofUnn","floor":7.0,"key":"SMITH"},{"floor":12.0,"key":"REST"},{"floor":15.0,"key":"REST"},{"data":"Apotheosis","floor":23.0,"key":"SMITH"},{"floor":25.0,"key":"RECALL"},{"floor":32.0,"key":"REST"},{"floor":42.0,"key":"REST"},{"floor":49.0,"key":"REST"},{"data":"HollowMod:SlysStrikes","floor":52.0,"key":"SMITH"}],"circlet_count":0,"master_deck":["HollowMod:NailStrikeStart","HollowMod:NailStrikeStart","HollowMod:NailStrikeStart+1","HollowMod:NailStrikeStart","HollowMod:QuickDashStart+1","HollowMod:QuickDashStart+1","HollowMod:QuickDashStart","HollowMod:QuickDashStart","HollowMod:FocusHealStart+1","HollowMod:PogoStrike+1","HollowMod:DashSlash","HollowMod:ShapeofUnn+1","HollowMod:CycloneSlash","HollowMod:SlysStrikes+1","HollowMod:CrystalDash+1","Apotheosis+1","HollowMod:SlysStrikes","HollowMod:GrimmsGift+1","HollowMod:Grubsong+1","HollowMod:SlysStrikes"],"relics":["HollowMod:VesselMask","halation:EternalFortune","BrokenLever","Blood Vial","Matryoshka","Whetstone","hubris:FruitBowl","Singing Bowl","halation:AfternoonTea","beaked:SacredDeck","Mercury Hourglass","halation:TwoAmDonut","Pocketwatch","War Paint","halation:PinkSoulGem","halation:PapillonHeart","Bag of Marbles","RollingBoulder","Anchor","halation:Sosunser","Bronze Scales","Toy Ornithopter","Membership Card","HollowMod:PaleOreRelic","SpikesRelics:DaevaFist","LugNut"],"acts_visited":["Exordium","TheCity","TheBeyond","TheEnding"],"potions_floor_usage":[55],"damage_taken":[{"damage":1.0,"enemies":"2 Louse","floor":1.0,"turns":3.0},{"damage":1.0,"enemies":"Jaw Worm","floor":2.0,"turns":3.0},{"damage":33.0,"enemies":"HollowMod:MossKnight","floor":6.0,"turns":13.0},{"damage":2.0,"enemies":"Cultist","floor":8.0,"turns":4.0},{"damage":0.0,"enemies":"Large Slime","floor":11.0,"turns":5.0},{"damage":4.0,"enemies":"Gremlin Nob","floor":14.0,"turns":3.0},{"damage":86.0,"enemies":"HollowMod:FalseKnight","floor":16.0,"turns":12.0},{"damage":9.0,"enemies":"Chosen","floor":18.0,"turns":5.0},{"damage":6.0,"enemies":"3 Byrds","floor":19.0,"turns":7.0},{"damage":19.0,"enemies":"HollowMod:Nosk","floor":24.0,"turns":10.0},{"damage":16.0,"enemies":"Snake Plant","floor":26.0,"turns":8.0},{"damage":8.0,"enemies":"Snake Plant","floor":27.0,"turns":6.0},{"damage":0.0,"enemies":"Snecko","floor":29.0,"turns":7.0},{"damage":21.0,"enemies":"Slavers","floor":30.0,"turns":6.0},{"damage":39.0,"enemies":"Automaton","floor":33.0,"turns":8.0},{"damage":35.0,"enemies":"3 Darklings","floor":35.0,"turns":5.0},{"damage":16.0,"enemies":"3 Shapes","floor":38.0,"turns":5.0},{"damage":37.0,"enemies":"beaked:SuperParasite","floor":40.0,"turns":11.0},{"damage":38.0,"enemies":"Sphere and 2 Shapes","floor":45.0,"turns":5.0},{"damage":25.0,"enemies":"Maw","floor":46.0,"turns":8.0},{"damage":49.0,"enemies":"Time Eater","floor":50.0,"turns":13.0},{"damage":50,"enemies":"Shield and Spear","floor":54,"turns":8},{"damage":88,"enemies":"The Heart","floor":55,"turns":6}],"seed_played":"-8750578086401890287","potions_obtained":[{"floor":2.0,"key":"Fire Potion"},{"floor":11.0,"key":"SteroidPotion"},{"floor":16.0,"key":"Energy Potion"},{"floor":19.0,"key":"Strength Potion"},{"floor":27.0,"key":"EssenceOfSteel"},{"floor":35.0,"key":"SkillPotion"},{"floor":40.0,"key":"Fruit Juice"}],"is_trial":false,"path_per_floor":["M","M","?","?","?","E","R","M","T","$","M","R","$","E","R","B",null,"M","M","$","?","$","R","E","R","MIM","M","?","M","E","?","R","B",null,"M","?","?","M","?","E","?","R","T","$","M","M","T","$","R","B",null,"R","$","E","B"],"character_chosen":"THE_BUGKNIGHT","items_purchased":["Whetstone","hubris:FruitBowl","Singing Bowl","Apotheosis","halation:Sosunser","Bronze Scales","Membership Card","HollowMod:PaleOreRelic","DuplicationPotion","SpikesRelics:DaevaFist"],"campfire_rested":5,"item_purchase_floors":[10,10,10,20,44,44,48,48,48,53],"current_hp_per_floor":[75,75,78,67,60,37,37,47,47,2,13,37,37,44,69,15,87,78,83,83,83,83,83,78,78,73,70,70,82,69,69,98,73,106,74,74,74,63,63,41,41,72,72,79,60,46,46,46,81,55,118,118,118,71,0,0],"gold":58,"neow_bonus":"UPGRADE_CARD","is_daily":false,"chose_seed":false,"campfire_upgraded":3,"win_rate":0.0,"timestamp":1610264829,"path_taken":["M","M","?","?","?","E","R","M","T","?","M","R","$","E","R","BOSS","M","M","$","?","$","R","E","R","MIM","M","?","?","E","?","R","BOSS","M","?","?","M","?","E","?","R","T","$","M","?","?","$","R","BOSS","R","$","E","BOSS"],"items_purchased_type":["Relic","Relic","Relic","Card","Relic","Relic","Relic","Relic","Potion","Relic"],"build_version":"2020-12-22","purchased_purges":0,"victory":false,"max_hp_per_floor":[75,75,78,78,78,78,78,78,78,78,81,81,81,84,84,87,87,87,90,90,90,90,90,93,93,96,99,99,99,99,99,99,106,106,106,106,106,109,102,105,105,105,105,112,115,118,118,118,118,118,118,118,118,121,121,121],"card_choices":[{"not_picked":["HollowMod:ShadowDash","HollowMod:InfectionAssault"],"picked":"HollowMod:SoulStrike","floor":1.0},{"not_picked":["HollowMod:SiblingsShadow","HollowMod:CornifersMapStart"],"picked":"HollowMod:DashSlash","floor":2.0},{"not_picked":["HollowMod:RecoilStrike","HollowMod:HerrahsAnger"],"picked":"HollowMod:ShapeofUnn","floor":6.0},{"not_picked":["HollowMod:VengefulVoid","HollowMod:SharpenedNail"],"picked":"HollowMod:CycloneSlash","floor":8.0},{"not_picked":["HollowMod:SoulStrike","HollowMod:CloakDash","HollowMod:InfectedCysts"],"picked":"Singing Bowl","floor":11.0},{"not_picked":["HollowMod:MonarchWings","HollowMod:BaldurShell","HollowMod:HornetsHelp"],"picked":"Singing Bowl","floor":14.0},{"not_picked":["HollowMod:HornetsHelp","HollowMod:HerrahsAnger","HollowMod:AwokenDreamNail"],"picked":"Singing Bowl","floor":16.0},{"not_picked":["HollowMod:GreatSlash","HollowMod:FastStrike"],"picked":"HollowMod:CrystalDash+1","floor":18.0},{"not_picked":["HollowMod:FastStrike","HollowMod:ChannelNail","HollowMod:LifebloodCocoon"],"picked":"Singing Bowl","floor":19.0},{"not_picked":["HollowMod:CrystalDash","HollowMod:HowlingWraiths+1","HollowMod:HuntersJournal"],"picked":"Singing Bowl","floor":24.0},{"not_picked":["HollowMod:TaintedHusks","HollowMod:HeavyBlow","HollowMod:WraithStrike"],"picked":"Singing Bowl","floor":26.0},{"not_picked":["HollowMod:SharpenedShadows","HollowMod:InfectionAssault","HollowMod:ShadowDash+1"],"picked":"Singing Bowl","floor":27.0},{"not_picked":["HollowMod:SoulStrike","HollowMod:ShadowDash"],"picked":"HollowMod:SlysStrikes","floor":29.0},{"not_picked":["HollowMod:ChannelNail","HollowMod:VengefulVoid"],"picked":"HollowMod:GrimmsGift+1","floor":30.0},{"not_picked":["HollowMod:MidwifesHunger","HollowMod:ElderbugsWisdom","HollowMod:LordofShades"],"picked":"Singing Bowl","floor":33.0},{"not_picked":["HollowMod:DungDefenderAura","HollowMod:DashSlash+1"],"picked":"HollowMod:Grubsong+1","floor":35.0},{"not_picked":["HollowMod:CloakDash+1","HollowMod:InfectedCysts+1","HollowMod:NewLittleFool"],"picked":"Singing Bowl","floor":38.0},{"not_picked":["HollowMod:GreatSlash","HollowMod:CoiledNail+1","HollowMod:SoulMaster"],"picked":"Singing Bowl","floor":40.0},{"not_picked":["HollowMod:RecoilStrike","HollowMod:LifebloodCocoon+1","HollowMod:FallenFury+1"],"picked":"Singing Bowl","floor":45.0},{"not_picked":["HollowMod:ShadowDash+1","HollowMod:SharpenedShadows+1","HollowMod:TaintedHusks"],"picked":"Singing Bowl","floor":46.0},{"not_picked":["HollowMod:HowlingWraiths","HollowMod:GrimmsGift+1","HollowMod:ShadowDash+1"],"picked":"Singing Bowl","floor":54}],"player_experience":855412,"relics_obtained":[{"floor":6.0,"key":"Blood Vial"},{"floor":9.0,"key":"Matryoshka"},{"floor":14.0,"key":"halation:AfternoonTea"},{"floor":24.0,"key":"Mercury Hourglass"},{"floor":26.0,"key":"halation:TwoAmDonut"},{"floor":30.0,"key":"Pocketwatch"},{"floor":33.0,"key":"halation:EternalFortune"},{"floor":40.0,"key":"Bag of Marbles"},{"floor":43.0,"key":"RollingBoulder"},{"floor":43.0,"key":"Anchor"},{"floor":47.0,"key":"Toy Ornithopter"},{"floor":54,"key":"LugNut"}],"event_choices":[{"damage_healed":0.0,"max_hp_gain":0.0,"max_hp_loss":0.0,"gold_gain":75.0,"event_name":"World of Goop","player_choice":"Gather Gold","floor":4.0,"gold_loss":0.0,"damage_taken":11.0},{"damage_healed":0.0,"max_hp_gain":0.0,"max_hp_loss":0.0,"gold_gain":0.0,"event_name":"Scrap Ooze","player_choice":"Success","floor":5.0,"gold_loss":0.0,"damage_taken":7.0,"relics_obtained":["BrokenLever"]},{"damage_healed":0.0,"max_hp_gain":0.0,"max_hp_loss":0.0,"gold_gain":0.0,"event_name":"The Joust","player_choice":"Bet on Owner","floor":21.0,"gold_loss":50.0,"damage_taken":0.0},{"damage_healed":0.0,"max_hp_gain":0.0,"max_hp_loss":0.0,"gold_gain":200.0,"event_name":"Wheel of Change","player_choice":"Gold","floor":28.0,"gold_loss":0.0,"damage_taken":0.0},{"damage_healed":0.0,"max_hp_gain":0.0,"max_hp_loss":0.0,"gold_gain":0.0,"event_name":"Addict","player_choice":"Obtained Relic","floor":31.0,"gold_loss":85.0,"damage_taken":0.0,"relics_obtained":["War Paint"]},{"cards_removed":["HollowMod:SoulStrike"],"damage_healed":0.0,"max_hp_gain":0.0,"max_hp_loss":0.0,"gold_gain":0.0,"event_name":"Falling","player_choice":"Removed Attack","floor":36.0,"gold_loss":0.0,"damage_taken":0.0},{"damage_healed":0.0,"max_hp_gain":0.0,"max_hp_loss":0.0,"gold_gain":0.0,"event_name":"Match and Keep!","player_choice":"1 cards matched","floor":41.0,"gold_loss":0.0,"damage_taken":0.0,"cards_obtained":["HollowMod:SlysStrikes"]}],"is_beta":false,"boss_relics":[{"not_picked":["Coffee Dripper","hubris:BlackHole"],"picked":"beaked:SacredDeck"},{"not_picked":["CosmicIsotope","halation:HeavySnake","Empty Cage"]}],"items_purged_floors":[],"is_endless":false,"potions_floor_spawned":[2,11,16,19,27,29,35,40,54],"killed_by":"The Heart","ascension_level":0}}