{"host":"y76ypncwubx6puhd","time":1610307594,"event":{"mods":["BaseMod","Bestiary","Better Third Choice","Block Reminder","Colored Powertips","Curses Come First","Downfall","Hermit","Minty Spire (QoL Compilation)","Relic Stats","StSLib"],"gold_per_floor":[118,128,128,144,155,155,172,172,246,279,291,291,15,45,45,149,149,166,265,278,23,42,77,77,95,95,122,134,163,210,237,249,361,373,405,432,495,350,350,383,148,148,228,228,228,1,21,21,21,21],"floor_reached":51,"playtime":5571,"items_purged":[],"score":727,"play_id":"d2d14160-15ed-4bb8-9985-ca73c0575a9b","local_time":"20210111033954","is_ascension_mode":false,"campfire_choices":[{"data":"Reboot","floor":6,"key":"SMITH"},{"data":"Redo","floor":8,"key":"SMITH"},{"floor":12,"key":"REST"},{"data":"Seek","floor":15,"key":"SMITH"},{"floor":24,"key":"REST"},{"floor":32,"key":"REST"},{"floor":45,"key":"REST"},{"floor":49,"key":"REST"}],"circlet_count":0,"master_deck":["Strike_B","Strike_B","Defend_B","Defend_B","Zap","Dualcast","Reboot+1","Coolheaded","Capacitor","Biased Cognition","Conserve Battery","Redo+1","Darkness","Seek+1","Conserve Battery","FTL","Go for the Eyes","BootSequence","Seek","Hologram+1","Electrodynamics+1","Consume+1","Ball Lightning","Beam Cell","The Bomb","Flash of Steel","Ball Lightning+1","Stack","Melter","Redo","Glacier+1","Auto Shields+1","Capacitor","Biased Cognition","Loop+1","Rebound+1","Biased Cognition","Storm","Electrodynamics+1","expansioncontent:AwakenDeath","Master of Strategy","Heatsinks"],"relics":["Cracked Core","Mercury Hourglass","Pocketwatch","Bag of Preparation","Lantern","Astrolabe","Bottled Lightning","MawBank","Torii","Fusion Hammer","Lizard Tail","OrangePellets","Oddly Smooth Stone","DollysMirror","Shuriken","PreservedInsect"],"acts_visited":["Exordium","TheCity","TheBeyond"],"potions_floor_usage":[10,23,33,33],"damage_taken":[{"damage":11,"enemies":"Jaw Worm","floor":1,"turns":2},{"damage":4,"enemies":"Cultist","floor":2,"turns":4},{"damage":0,"enemies":"2 Louse","floor":4,"turns":3},{"damage":11,"enemies":"Exordium Wildlife","floor":5,"turns":5},{"damage":6,"enemies":"Exordium Thugs","floor":7,"turns":4},{"damage":21,"enemies":"Gremlin Nob","floor":10,"turns":4},{"damage":2,"enemies":"Blue Slaver","floor":11,"turns":3},{"damage":7,"enemies":"Lagavulin","floor":14,"turns":5},{"damage":1,"enemies":"Slime Boss","floor":16,"turns":5},{"damage":3,"enemies":"Spheric Guardian","floor":18,"turns":3},{"damage":7,"enemies":"2 Thieves","floor":20,"turns":2},{"damage":16,"enemies":"Snake Plant","floor":22,"turns":3},{"damage":11,"enemies":"Book of Stabbing","floor":23,"turns":3},{"damage":5,"enemies":"3 Cultists","floor":25,"turns":3},{"damage":1,"enemies":"Snecko","floor":27,"turns":3},{"damage":11,"enemies":"Snake Plant","floor":29,"turns":4},{"damage":5,"enemies":"Slavers","floor":30,"turns":3},{"damage":6,"enemies":"Shelled Parasite and Fungi","floor":31,"turns":5},{"damage":1,"enemies":"Champ","floor":33,"turns":8},{"damage":0,"enemies":"Orb Walker","floor":35,"turns":2},{"damage":0,"enemies":"3 Shapes","floor":36,"turns":1},{"damage":1,"enemies":"2 Orb Walkers","floor":37,"turns":2},{"damage":36,"enemies":"Giant Head","floor":40,"turns":7},{"damage":0,"enemies":"3 Darklings","floor":47,"turns":1},{"damage":45,"enemies":"Time Eater","floor":50,"turns":8}],"seed_played":"5598611214505904374","potions_obtained":[{"floor":4,"key":"DistilledChaos"},{"floor":10,"key":"champ:CounterPotion"},{"floor":14,"key":"FairyPotion"},{"floor":22,"key":"champ:CounterPotion"},{"floor":23,"key":"Fire Potion"},{"floor":25,"key":"Energy Potion"},{"floor":33,"key":"FearPotion"},{"floor":35,"key":"Block Potion"},{"floor":40,"key":"BlessingOfTheForge"}],"is_trial":false,"path_per_floor":["M","M","?","M","M","R","M","R","T","E","M","R","$","E","R","B",null,"M","?","M","$","M","E","R","M","T","M","?","M","E","M","R","B",null,"M","M","?","$","?","E","$","?","T","?","R","$","M","?","R","B",null],"character_chosen":"DEFECT","items_purchased":["Bag of Preparation","FTL","Go for the Eyes","Hologram","The Bomb","Flash of Steel","OrangePellets","Storm","DollysMirror","Heatsinks","PreservedInsect"],"campfire_rested":5,"item_purchase_floors":[13,13,13,13,21,21,38,41,41,46,46],"current_hp_per_floor":[64,60,60,60,49,49,43,43,43,22,20,42,42,35,35,34,75,72,72,65,65,49,38,60,55,55,54,40,29,24,18,42,41,80,80,80,79,79,79,43,43,38,38,70,70,70,70,70,70,25],"gold":21,"neow_bonus":"ONE_RANDOM_RARE_CARD","is_daily":false,"chose_seed":false,"campfire_upgraded":3,"win_rate":0.0,"timestamp":1610307594,"path_taken":["M","M","?","M","M","R","M","R","T","E","?","R","?","E","R","BOSS","M","?","M","$","M","E","R","M","T","M","?","M","E","M","R","BOSS","M","M","?","$","?","E","$","?","T","?","R","?","M","?","R","BOSS"],"items_purchased_type":["Relic","Card","Card","Card","Card","Card","Relic","Card","Relic","Card","Relic"],"build_version":"2020-12-22","purchased_purges":0,"victory":true,"max_hp_per_floor":[75,75,75,75,75,75,75,75,75,75,75,75,75,75,75,75,75,75,75,75,75,75,75,75,75,75,75,80,80,80,80,80,80,80,80,80,80,80,80,80,80,80,80,70,70,70,70,70,70,70],"relic_stats":{"OrangePellets":[9],"Lizard Tail":0,"Torii":10,"counters":[25,91],"Shuriken":[0],"Astrolabe":["Hologram","Electrodynamics","Consume"],"PreservedInsect":0,"Bag of Preparation":[36],"MawBank":144,"obtain_stats":[{"Lantern":14,"Torii":30,"Astrolabe":17,"Oddly Smooth Stone":40,"PreservedInsect":46,"Bag of Preparation":13,"MawBank":26,"Mercury Hourglass":9,"OrangePellets":38,"Lizard Tail":37,"DollysMirror":41,"Shuriken":43,"Fusion Hammer":34,"Bottled Lightning":23,"Cracked Core":0,"Pocketwatch":10},{"Lantern":8,"Torii":17,"Astrolabe":9,"Oddly Smooth Stone":23,"PreservedInsect":23,"Bag of Preparation":7,"MawBank":14,"Mercury Hourglass":5,"OrangePellets":22,"Lizard Tail":22,"DollysMirror":23,"Shuriken":23,"Fusion Hammer":19,"Bottled Lightning":13,"Cracked Core":0,"Pocketwatch":6},{"Lantern":30,"Torii":58,"Astrolabe":35,"Oddly Smooth Stone":83,"PreservedInsect":83,"Bag of Preparation":25,"MawBank":49,"Mercury Hourglass":18,"OrangePellets":76,"Lizard Tail":76,"DollysMirror":83,"Shuriken":83,"Fusion Hammer":71,"Bottled Lightning":46,"Cracked Core":0,"Pocketwatch":22}],"Mercury Hourglass":[240],"Pocketwatch":[30]},"card_choices":[{"not_picked":["Sweeping Beam","Self Repair"],"picked":"Coolheaded","floor":1},{"not_picked":["Stack","Reboot"],"picked":"Capacitor","floor":2},{"not_picked":["Leap","Tempest"],"picked":"Conserve Battery","floor":4},{"not_picked":["Self Repair","Gash"],"picked":"Redo","floor":5},{"not_picked":["Doom and Gloom","Cold Snap"],"picked":"Darkness","floor":7},{"not_picked":["Streamline","FTL"],"picked":"Seek","floor":10},{"not_picked":["Sweeping Beam","Chaos"],"picked":"Conserve Battery","floor":11},{"not_picked":["Storm","Blizzard"],"picked":"BootSequence","floor":14},{"not_picked":["Reboot","Machine Learning"],"picked":"Seek","floor":16},{"not_picked":["Reprogram","Chaos"],"picked":"Ball Lightning","floor":18},{"not_picked":["Rebound","Cold Snap+1"],"picked":"Beam Cell","floor":20},{"not_picked":["Conserve Battery","Rebound+1"],"picked":"Ball Lightning+1","floor":22},{"not_picked":["Reinforced Body","Rebound+1"],"picked":"Stack","floor":23},{"not_picked":["Ball Lightning+1","FTL+1"],"picked":"Melter","floor":25},{"not_picked":["Capacitor","Force Field"],"picked":"Redo","floor":27},{"not_picked":["Heatsinks","Force Field"],"picked":"Glacier+1","floor":29},{"not_picked":["Redo+1","Cold Snap"],"picked":"Auto Shields+1","floor":30},{"not_picked":["Rainbow","Leap"],"picked":"Capacitor","floor":31},{"not_picked":["Reboot","Electrodynamics"],"picked":"Biased Cognition","floor":33},{"not_picked":["Undo+1","White Noise+1"],"picked":"Loop+1","floor":35},{"not_picked":["Blizzard","Stack","Redo"],"picked":"SKIP","floor":36},{"not_picked":["Hologram","Coolheaded"],"picked":"Rebound+1","floor":37},{"not_picked":["Melter+1","Go for the Eyes+1"],"picked":"Biased Cognition","floor":40},{"not_picked":["Finesse","expansioncontent:BronzeBeam"],"picked":"expansioncontent:AwakenDeath","floor":42},{"not_picked":["Enlightenment","Thinking Ahead"],"picked":"Master of Strategy","floor":42},{"not_picked":["Stack","Leap","Ball Lightning"],"picked":"SKIP","floor":47}],"player_experience":23140,"relics_obtained":[{"floor":9,"key":"Mercury Hourglass"},{"floor":10,"key":"Pocketwatch"},{"floor":14,"key":"Lantern"},{"floor":23,"key":"Bottled Lightning"},{"floor":26,"key":"MawBank"},{"floor":30,"key":"Torii"},{"floor":37,"key":"Lizard Tail"},{"floor":40,"key":"Oddly Smooth Stone"},{"floor":43,"key":"Shuriken"}],"event_choices":[{"damage_healed":0,"gold_gain":0,"cards_transformed":["Defend_B"],"player_choice":"Transformed","damage_taken":0,"max_hp_gain":0,"max_hp_loss":0,"event_name":"Transmorgrifier","floor":3,"gold_loss":0,"cards_obtained":["Biased Cognition"]},{"damage_healed":0,"gold_gain":99,"player_choice":"Steal","damage_taken":0,"max_hp_gain":0,"max_hp_loss":0,"event_name":"betterThird:BetterNest","floor":19,"gold_loss":0},{"damage_healed":0,"gold_gain":0,"player_choice":"Shed Blood","damage_taken":19,"max_hp_gain":5,"max_hp_loss":0,"event_name":"Forgotten Altar","floor":28,"gold_loss":0},{"damage_healed":0,"gold_gain":0,"player_choice":"Fight","damage_taken":0,"max_hp_gain":0,"max_hp_loss":0,"event_name":"Mysterious Sphere","floor":37,"gold_loss":0},{"damage_healed":0,"gold_gain":0,"player_choice":"Ignored","damage_taken":0,"max_hp_gain":0,"max_hp_loss":0,"event_name":"Tomb of Lord Red Mask","floor":39,"gold_loss":0},{"damage_healed":0,"gold_gain":0,"player_choice":"Memory 2","damage_taken":5,"max_hp_gain":0,"max_hp_loss":0,"event_name":"SensoryStone","floor":42,"gold_loss":0},{"damage_healed":70,"gold_gain":0,"player_choice":"Heal","damage_taken":0,"max_hp_gain":0,"max_hp_loss":10,"event_name":"The Moai Head","floor":44,"gold_loss":0},{"cards_removed":["Hologram"],"damage_healed":0,"gold_gain":0,"player_choice":"Removed Skill","damage_taken":0,"max_hp_gain":0,"max_hp_loss":0,"event_name":"Falling","floor":48,"gold_loss":0}],"is_beta":false,"boss_relics":[{"not_picked":["Snecko Eye","Velvet Choker"],"picked":"Astrolabe"},{"not_picked":["Philosopher\u0027s Stone","Sozu"],"picked":"Fusion Hammer"}],"items_purged_floors":[],"is_endless":false,"potions_floor_spawned":[4,10,14,22,23,25,27,33,35,40,47],"ascension_level":0}}