{"host":"g01l53quoe6lrer0","time":1610269152,"event":{"mods":["2.2 Compatiblity","AchievementEnabler","BaseMod","Colored Map","Highlight Path","Keyboard Shortcuts","Minty Spire (QoL Compilation)","Permanent Neow","StSLib","SuperFastMode","everything is the same but u backflip on backflip"],"gold_per_floor":[17,37,56,331,177,205,215,215,215,215,31,46,76,87,87,87,87],"floor_reached":16,"playtime":484,"items_purged":["Regret","Strike_R"],"score":224,"play_id":"a456ea44-b8bf-4bff-a78f-94d8fe8267af","local_time":"20210110175912","is_ascension_mode":true,"campfire_choices":[{"floor":8.0,"key":"REST"},{"data":"Uppercut","floor":10.0,"key":"SMITH"},{"floor":15.0,"key":"REST"}],"circlet_count":0,"master_deck":["AscendersBane","Strike_R","Strike_R","Strike_R","Strike_R","Defend_R","Defend_R","Defend_R","Defend_R","Bash","Feed","Entrench","Battle Trance","Dual Wield","Uppercut+1","Entrench","Shrug It Off","Reaper","Warcry"],"relics":["Burning Blood","Pear","White Beast Statue","Meat on the Bone"],"acts_visited":["Exordium"],"potions_floor_usage":[16,16],"damage_taken":[{"damage":12.0,"enemies":"Jaw Worm","floor":1.0,"turns":3.0},{"damage":1.0,"enemies":"Cultist","floor":2.0,"turns":3.0},{"damage":0.0,"enemies":"2 Louse","floor":3.0,"turns":4.0},{"damage":50.0,"enemies":"3 Sentries","floor":6.0,"turns":10.0},{"damage":28.0,"enemies":"Large Slime","floor":7.0,"turns":5.0},{"damage":12.0,"enemies":"Blue Slaver","floor":12.0,"turns":4.0},{"damage":48.0,"enemies":"Gremlin Nob","floor":13.0,"turns":5.0},{"damage":20.0,"enemies":"Exordium Wildlife","floor":14.0,"turns":6.0},{"damage":14,"enemies":"The Guardian","floor":16,"turns":7}],"seed_played":"6843317360621530375","potions_obtained":[{"floor":1.0,"key":"DistilledChaos"},{"floor":2.0,"key":"Regen Potion"},{"floor":6.0,"key":"LiquidBronze"},{"floor":13.0,"key":"Block Potion"},{"floor":14.0,"key":"GamblersBrew"}],"is_trial":false,"path_per_floor":["M","M","M","?","$","E","M","R","T","R","$","M","E","M","R","B"],"character_chosen":"IRONCLAD","items_purchased":["Uppercut","Shrug It Off","Dexterity Potion"],"campfire_rested":2,"item_purchase_floors":[5,11,11],"current_hp_per_floor":[62,67,76,76,76,57,35,61,61,61,61,55,13,20,47,39,39],"gold":87,"neow_bonus":"THREE_RARE_CARDS","is_daily":false,"chose_seed":false,"campfire_upgraded":1,"win_rate":0.0,"timestamp":1610269152,"path_taken":["M","M","M","?","$","E","M","R","T","R","?","M","E","M","R","BOSS"],"items_purchased_type":["Card","Card","Potion"],"build_version":"2020-12-22","purchased_purges":2,"victory":false,"max_hp_per_floor":[75,75,78,78,78,88,88,88,88,88,88,88,88,91,91,91,91],"card_choices":[{"not_picked":["Barricade","Limit Break"],"picked":"Feed","floor":0.0},{"not_picked":["Sword Boomerang","Flex"],"picked":"Entrench","floor":1.0},{"not_picked":["Rupture","Heavy Blade"],"picked":"Battle Trance","floor":2.0},{"not_picked":["Twin Strike","Clothesline"],"picked":"Dual Wield","floor":3.0},{"not_picked":["Juggernaut","Dark Embrace"],"picked":"Entrench","floor":6.0},{"not_picked":["True Grit","Clash","Fire Breathing"],"picked":"SKIP","floor":7.0},{"not_picked":["Shockwave","Armaments","Rupture"],"picked":"SKIP","floor":12.0},{"not_picked":["Inflame","Power Through"],"picked":"Reaper","floor":13.0},{"not_picked":["Warcry","Flex","Clothesline"],"picked":"SKIP","floor":14.0},{"not_picked":["Flex","Clothesline"],"picked":"Warcry","floor":14.0}],"player_experience":127198,"relics_obtained":[{"floor":6.0,"key":"Pear"},{"floor":9.0,"key":"White Beast Statue"},{"floor":13.0,"key":"Meat on the Bone"}],"event_choices":[{"damage_healed":0.0,"max_hp_gain":0.0,"max_hp_loss":0.0,"gold_gain":275.0,"event_name":"Golden Shrine","player_choice":"Desecrate","floor":4.0,"gold_loss":0.0,"damage_taken":0.0,"cards_obtained":["Regret"]}],"is_beta":false,"boss_relics":[],"items_purged_floors":[5,11],"is_endless":false,"potions_floor_spawned":[1,2,3,6,12,13,14],"killed_by":"The Guardian","ascension_level":20}}