{"host":"4328iixd8pca51w5","time":1610281361,"event":{"mods":["2.2 Compatiblity","AchievementEnabler","BaseMod","CapriCore","Colored Map","KOR Keyword Fix","Minty Spire (QoL Compilation)","StSLib","The Immortal"],"gold_per_floor":[118,118,118,25,45,45,56,56,79,97,122,140,167,182,182,287,287,306,323,335,335,348,348,348,69,69,85,85,85,99,109,109,210,210,225,236,41,91,103,103,136,160,172,184,206,237,249,281,293,305],"floor_reached":51,"playtime":4098,"items_purged":["MokouMod:Defend","MokouMod:SpontaneousHumanCombustion"],"score":916,"play_id":"4da4ed10-47ce-40e2-800e-25ae2c0f6bee","local_time":"20210110212241","is_ascension_mode":true,"campfire_choices":[{"data":"MokouMod:Sear","floor":6.0,"key":"SMITH"},{"data":"MokouMod:ScorchedEarth","floor":8.0,"key":"SMITH"},{"data":"MokouMod:ResonanceReactor","floor":15.0,"key":"SMITH"},{"data":"MokouMod:SearingShot","floor":24.0,"key":"SMITH"},{"data":"MokouMod:SacredFire","floor":29.0,"key":"SMITH"},{"data":"MokouMod:WarmUp","floor":32.0,"key":"SMITH"},{"data":"MokouMod:BurningDraft","floor":44.0,"key":"SMITH"},{"data":"MokouMod:Scorch","floor":47.0,"key":"SMITH"},{"data":"MokouMod:BurningDraft","floor":49,"key":"SMITH"}],"circlet_count":0,"master_deck":["MokouMod:HeatSpark","MokouMod:BlazingComet","MokouMod:IndiscriminateIgnition","MokouMod:ScorchedEarth+1","MokouMod:Sear+1","MokouMod:AdaptivePyromancy","MokouMod:Overheat","MokouMod:SearingShot+1","MokouMod:ResonanceReactor+1","MokouMod:ScorchingColumn","MokouMod:ExplosiveFlame","CurseOfTheBell","MokouMod:ResoluteFlare","MokouMod:FlareStarter+1","MokouMod:BurningDraft+1","MokouMod:Ember+1","MokouMod:BurningDraft+1","MokouMod:Ventilation","MokouMod:IndiscriminateIgnition+1","MokouMod:SacredFire+1","MokouMod:FlickeringFlame","MokouMod:WarmUp+1","MokouMod:HeartofFire+1","MokouMod:Rebirth","MokouMod:ThermalPressure","MokouMod:Ember","MokouMod:BlazingComet","MokouMod:IcarusDive","MokouMod:BurningDraft+1","MokouMod:TemporalFireSeal","MokouMod:IllusoryBattlefield+1","MokouMod:Scorch+1","MokouMod:ScorchedEarth","MokouMod:ScorchingColumn+1","MokouMod:Scorch+1","MokouMod:Firecracker+1","MokouMod:Singe+1","MokouMod:Scorch+1"],"relics":["MokouMod:PhoenixFeather","Tiny Chest","CultistMask","Strawberry","Smiling Mask","Happy Flower","Calling Bell","Akabeko","Eternal Feather","FossilizedHelix","HornCleat","Bottled Lightning","Pandora\u0027s Box","Gambling Chip","The Courier","MawBank","Thread and Needle"],"acts_visited":["Exordium","TheCity","TheBeyond"],"potions_floor_usage":[50],"damage_taken":[{"damage":3.0,"enemies":"Jaw Worm","floor":1.0,"turns":4.0},{"damage":7.0,"enemies":"Small Slimes","floor":5.0,"turns":3.0},{"damage":1.0,"enemies":"Cultist","floor":7.0,"turns":3.0},{"damage":0.0,"enemies":"3 Louse","floor":10.0,"turns":2.0},{"damage":0.0,"enemies":"Exordium Thugs","floor":12.0,"turns":3.0},{"damage":12.0,"enemies":"Lagavulin","floor":13.0,"turns":5.0},{"damage":9.0,"enemies":"Red Slaver","floor":14.0,"turns":4.0},{"damage":0.0,"enemies":"Slime Boss","floor":16.0,"turns":6.0},{"damage":8.0,"enemies":"Shell Parasite","floor":18.0,"turns":4.0},{"damage":11.0,"enemies":"2 Thieves","floor":19.0,"turns":3.0},{"damage":28.0,"enemies":"Snake Plant","floor":20.0,"turns":3.0},{"damage":24.0,"enemies":"Sentry and Sphere","floor":22.0,"turns":6.0},{"damage":6.0,"enemies":"Centurion and Healer","floor":27.0,"turns":2.0},{"damage":6.0,"enemies":"Cultist and Chosen","floor":30.0,"turns":3.0},{"damage":0.0,"enemies":"Chosen and Byrds","floor":31.0,"turns":3.0},{"damage":9.0,"enemies":"Automaton","floor":33.0,"turns":6.0},{"damage":22.0,"enemies":"3 Darklings","floor":35.0,"turns":3.0},{"damage":9.0,"enemies":"3 Shapes","floor":36.0,"turns":3.0},{"damage":0.0,"enemies":"Mind Bloom Boss Battle","floor":38.0,"turns":4.0},{"damage":0.0,"enemies":"3 Darklings","floor":39.0,"turns":2.0},{"damage":29.0,"enemies":"Nemesis","floor":41.0,"turns":5.0},{"damage":12.0,"enemies":"Transient","floor":42.0,"turns":5.0},{"damage":5.0,"enemies":"Maw","floor":45.0,"turns":6.0},{"damage":1.0,"enemies":"Jaw Worm Horde","floor":46.0,"turns":3.0},{"damage":0,"enemies":"Writhing Mass","floor":48,"turns":4},{"damage":58,"enemies":"Donu and Deca","floor":50,"turns":6}],"seed_played":"550793160344375269","potions_obtained":[{"floor":1.0,"key":"SpeedPotion"},{"floor":12.0,"key":"BlessingOfTheForge"},{"floor":13.0,"key":"PowerPotion"},{"floor":18.0,"key":"FairyPotion"},{"floor":30.0,"key":"AttackPotion"},{"floor":39.0,"key":"LiquidMemories"},{"floor":41.0,"key":"FairyPotion"},{"floor":42.0,"key":"Ancient Potion"}],"is_trial":false,"path_per_floor":["M","?","?","$","M","R","M","R","T","M","T","M","E","M","R","B",null,"M","M","M","?","M","T","R","$","T","M","?","R","M","M","R","B",null,"M","M","$","?","M","T","E","M","T","R","M","M","R","M","R","B",null],"character_chosen":"MKU","items_purchased":["MokouMod:IndiscriminateIgnition","MokouMod:ScorchedEarth","FairyPotion","MokouMod:BurningDraft","MokouMod:Ventilation","MokouMod:Scorch","MokouMod:ScorchedEarth"],"campfire_rested":0,"item_purchase_floors":[4,4,25,25,25,37,37],"current_hp_per_floor":[65,50,50,50,43,43,42,42,49,49,49,49,37,28,28,28,69,61,50,22,22,24,24,36,36,36,30,30,45,39,39,57,48,74,52,43,43,43,43,43,14,2,2,23,18,17,38,38,59,1],"gold":317,"neow_bonus":"RANDOM_COMMON_RELIC","is_daily":false,"chose_seed":false,"campfire_upgraded":9,"win_rate":0.0,"timestamp":1610281361,"path_taken":["M","?","?","$","?","R","M","R","T","M","?","M","E","M","R","BOSS","M","M","M","?","?","?","R","$","T","M","?","R","?","M","R","BOSS","M","M","$","?","M","?","E","M","T","R","M","M","R","M","R","BOSS"],"items_purchased_type":["Card","Card","Potion","Card","Card","Card","Card"],"build_version":"2020-12-22","purchased_purges":2,"victory":true,"max_hp_per_floor":[75,75,75,75,75,75,75,75,82,82,82,82,82,82,82,82,82,82,82,82,82,82,82,82,82,82,82,82,82,82,82,82,82,82,82,82,82,82,82,82,82,82,82,82,82,82,82,82,82,82],"card_choices":[{"not_picked":["MokouMod:Meltdown","MokouMod:ControlledCombustion"],"picked":"MokouMod:BlazingComet","floor":1.0},{"not_picked":["MokouMod:Burn","MokouMod:AdaptivePyromancy"],"picked":"MokouMod:Sear","floor":5.0},{"not_picked":["MokouMod:Firecracker","MokouMod:Stoke"],"picked":"MokouMod:AdaptivePyromancy","floor":7.0},{"not_picked":["MokouMod:BlazingComet","MokouMod:Combust"],"picked":"MokouMod:Overheat","floor":10.0},{"not_picked":["MokouMod:Ember","MokouMod:TemporalFireSeal"],"picked":"MokouMod:SearingShot","floor":12.0},{"not_picked":["MokouMod:BurningDraft","MokouMod:BlazingComet"],"picked":"MokouMod:ResonanceReactor","floor":13.0},{"not_picked":["MokouMod:ThermalPressure","MokouMod:Singe"],"picked":"MokouMod:ScorchingColumn","floor":14.0},{"not_picked":["MokouMod:Rekindle","MokouMod:SearingBlow"],"picked":"MokouMod:ExplosiveFlame","floor":16.0},{"not_picked":["MokouMod:EternalBurstReactor+1","MokouMod:TemporalFireSeal"],"picked":"MokouMod:ResoluteFlare","floor":18.0},{"not_picked":["MokouMod:IllusoryBattlefield","MokouMod:Cataclysm+1"],"picked":"MokouMod:FlareStarter+1","floor":19.0},{"not_picked":["MokouMod:InfernalWave","MokouMod:Sear"],"picked":"MokouMod:BurningDraft+1","floor":20.0},{"not_picked":["MokouMod:ResoluteFlare","MokouMod:EternalBurstReactor"],"picked":"MokouMod:Ember+1","floor":22.0},{"not_picked":["MokouMod:RadiantBlade","MokouMod:FlareStarter+1"],"picked":"MokouMod:IndiscriminateIgnition+1","floor":27.0},{"not_picked":["MokouMod:Ember","MokouMod:BlazingComet"],"picked":"MokouMod:WarmUp","floor":30.0},{"not_picked":["MokouMod:ImperishableFlame","MokouMod:ResoluteFlare"],"picked":"MokouMod:HeartofFire+1","floor":31.0},{"not_picked":["MokouMod:ProfanedFlare","MokouMod:ResonatingAura"],"picked":"MokouMod:Rebirth","floor":33.0},{"not_picked":["MokouMod:HeartofFire","MokouMod:TemporalFireSeal","MokouMod:WarmUp"],"picked":"SKIP","floor":35.0},{"not_picked":["MokouMod:ResonanceReactor+1","MokouMod:UncontrollableSolarReaction+1"],"picked":"MokouMod:IllusoryBattlefield+1","floor":36.0},{"not_picked":["MokouMod:SearingShot+1","MokouMod:ShiftIgnition+1"],"picked":"MokouMod:ScorchingColumn+1","floor":38.0},{"not_picked":["MokouMod:FusionFlare","MokouMod:IndiscriminateIgnition"],"picked":"MokouMod:Scorch+1","floor":39.0},{"not_picked":["MokouMod:CrimsonFlare","MokouMod:HeatFactory+1"],"picked":"MokouMod:Firecracker+1","floor":41.0},{"not_picked":["MokouMod:ResonanceReactor+1","MokouMod:Ember+1"],"picked":"MokouMod:Singe+1","floor":42.0},{"not_picked":["MokouMod:InfernalWave","MokouMod:CrimsonFlare","MokouMod:Sear"],"picked":"SKIP","floor":45.0},{"not_picked":["MokouMod:InfernalWave+1","MokouMod:EternalBurstReactor+1","MokouMod:ScorchingColumn"],"picked":"SKIP","floor":46.0},{"not_picked":["MokouMod:IgnitionBlast","MokouMod:AdaptivePyromancy+1"],"picked":"MokouMod:Scorch+1","floor":48}],"player_experience":198347,"relics_obtained":[{"floor":9.0,"key":"Strawberry"},{"floor":11.0,"key":"Smiling Mask"},{"floor":13.0,"key":"Happy Flower"},{"floor":17.0,"key":"Akabeko"},{"floor":17.0,"key":"Eternal Feather"},{"floor":17.0,"key":"FossilizedHelix"},{"floor":23.0,"key":"HornCleat"},{"floor":26.0,"key":"Bottled Lightning"},{"floor":38.0,"key":"Gambling Chip"},{"floor":40.0,"key":"The Courier"},{"floor":41.0,"key":"MawBank"},{"floor":43.0,"key":"Thread and Needle"}],"event_choices":[{"damage_healed":0.0,"max_hp_gain":0.0,"max_hp_loss":0.0,"gold_gain":0.0,"event_name":"Shining Light","player_choice":"Entered Light","floor":2.0,"gold_loss":0.0,"damage_taken":15.0,"cards_upgraded":["MokouMod:Defend","MokouMod:Strike"]},{"damage_healed":0.0,"max_hp_gain":0.0,"max_hp_loss":0.0,"gold_gain":0.0,"event_name":"FaceTrader","player_choice":"Trade","floor":3.0,"gold_loss":0.0,"damage_taken":0.0,"relics_obtained":["CultistMask"]},{"cards_removed":["MokouMod:Defend"],"damage_healed":0.0,"max_hp_gain":0.0,"max_hp_loss":0.0,"gold_gain":0.0,"event_name":"Bonfire Elementals","player_choice":"Offered Basic","floor":21.0,"gold_loss":0.0,"damage_taken":0.0},{"damage_healed":0.0,"max_hp_gain":0.0,"max_hp_loss":0.0,"gold_gain":0.0,"event_name":"Match and Keep!","player_choice":"2 cards matched","floor":28.0,"gold_loss":0.0,"damage_taken":0.0,"cards_obtained":["MokouMod:SacredFire","MokouMod:FlickeringFlame"]},{"damage_healed":0.0,"max_hp_gain":0.0,"max_hp_loss":0.0,"gold_gain":0.0,"event_name":"MindBloom","player_choice":"Fight","floor":38.0,"gold_loss":0.0,"damage_taken":0.0}],"is_beta":false,"boss_relics":[{"not_picked":["Runic Dome","Snecko Eye"],"picked":"Calling Bell"},{"not_picked":["Busted Crown","Black Star"],"picked":"Pandora\u0027s Box"}],"items_purged_floors":[25,37],"is_endless":false,"potions_floor_spawned":[1,12,13,18,30,39,41,42,45],"ascension_level":6}}