{"host":"2xi35nzst5j6xtbr","time":1610261561,"event":{"mods":["BaseMod","Colored Map","Dota2Spire","Downfall","Minty Spire (QoL Compilation)","StSLib","The Gatherer","The Servant 0.9.4","[地精首领爬塔]The Maniac","【遗物卡牌】REMEMod"],"gold_per_floor":[99,117,117,135,150,150,201,201,219,144,158,172,201,215,235,333,333,333,343,353,366,451,451,451,476,576,17,17,2,2,16,27,122,122,47,57,71,71,71,81,104,132,15,15,15,48,48,48,67,67],"floor_reached":51,"playtime":4760,"items_purged":["Regret","Slimebound:FirmFortitude"],"score":804,"play_id":"71a2bf56-04b4-42cd-af09-a415b4fc5920","local_time":"20210110145241","daily_mods":["SealedDeck","Heirloom","Time Dilation","Flight","downfall:Jewelcrafting","downfall:Lament"],"is_ascension_mode":false,"campfire_choices":[{"floor":6,"key":"RECALL"},{"data":"Guardian:ExploitGems","floor":18,"key":"SMITH"},{"data":"Slimebound:GrowthPunch","floor":23,"key":"SMITH"},{"data":"Slimebound:SplitMire","floor":28,"key":"SMITH"},{"data":"Slimebound:Dissolve","floor":30,"key":"SMITH"},{"data":"Slimebound:SlimeSlap","floor":35,"key":"SMITH"},{"data":"Slimebound:Darklings","floor":45,"key":"SMITH"},{"data":"Slimebound:GoopSpray","floor":47,"key":"SMITH"}],"circlet_count":0,"master_deck":["Guardian:ExploitGems","Guardian:ExploitGems+1","Slimebound:SlimeBarrage+1","Slimebound:FormOfPuddle","Slimebound:SplitLeeching+1","Slimebound:LivingWall+1","Slimebound:MegaLick","Slimebound:Dissolve+1","Slimebound:ServeAndProtect","Slimebound:GrowthPunch+1","Slimebound:SplitMire+1","Slimebound:MegaLick","Slimebound:PressTheAttack","Slimebound:FormOfPuddle","Slimebound:GoopSpray+1","Guardian:Gem_White","Slimebound:AcidTongue","Slimebound:SlimeBarrage","Slimebound:RejuvenatingLick","Slimebound:SplitAcid","Slimebound:DivideAndConquer","Slimebound:OozeBath","Slimebound:SlimeSpikes+1","Slimebound:Replication","Slimebound:SamplingLick+1","REME_BodyOfCthun","Slimebound:SlimeBrawl+1","Slimebound:LeechingTouch","Slimebound:SlimeSlap+1","expansioncontent:BronzeBeam","Slimebound:Repurpose+1","Slimebound:SamplingLick","Slimebound:ProtectTheBoss","REME_HeartOfCthun","Slimebound:Darklings+1","REME_BodyOfCthun"],"relics":["Slimebound:AbsorbEndCombat","REME_ComplimentaryCards","Guardian:PickAxe","NeowsBlessing","Bird Faced Urn","Dota2Spire:Vanguard","downfall:HeartBlessingRed","Dota2Spire:ShadowBlade","Slimebound:TarBlob","Omamori","Dota2Spire:DrumOfEndurance","Strange Spoon","SlaversCollar","downfall:HeartBlessingBlue","Bag of Marbles","CaptainsWheel","Vajra","REME_PuzzleBoxRelic"],"acts_visited":["Exordium","TheCity","TheBeyond"],"potions_floor_usage":[11,13,13,13,16,25,25,33,33,42,42,50],"damage_taken":[{"damage":0,"enemies":"Jaw Worm","floor":2,"turns":1},{"damage":4,"enemies":"Cultist","floor":4,"turns":1},{"damage":4,"enemies":"2 Louse","floor":5,"turns":1},{"damage":7,"enemies":"Large Slime","floor":9,"turns":7},{"damage":4,"enemies":"Exordium Thugs","floor":11,"turns":2},{"damage":11,"enemies":"2 Fungi Beasts","floor":12,"turns":4},{"damage":21,"enemies":"Gremlin Nob","floor":13,"turns":4},{"damage":4,"enemies":"Large Slime","floor":14,"turns":6},{"damage":0,"enemies":"3 Louse","floor":15,"turns":2},{"damage":18,"enemies":"downfall:Watcher","floor":16,"turns":7},{"damage":12,"enemies":"Chosen","floor":19,"turns":4},{"damage":18,"enemies":"Centurion and Healer","floor":20,"turns":6},{"damage":15,"enemies":"3 Cultists","floor":21,"turns":6},{"damage":31,"enemies":"Gremlin Leader","floor":25,"turns":6},{"damage":12,"enemies":"downfall:FleeingMerchant","floor":27,"turns":4},{"damage":18,"enemies":"downfall:FleeingMerchant","floor":29,"turns":4},{"damage":13,"enemies":"Chosen and Byrds","floor":31,"turns":8},{"damage":0,"enemies":"Centurion and Healer","floor":32,"turns":4},{"damage":54,"enemies":"downfall:Ironclad","floor":33,"turns":7},{"damage":13,"enemies":"Orb Walker","floor":36,"turns":4},{"damage":12,"enemies":"3 Shapes","floor":37,"turns":4},{"damage":18,"enemies":"3 Darklings","floor":40,"turns":5},{"damage":26,"enemies":"Nemesis","floor":42,"turns":7},{"damage":18,"enemies":"downfall:FleeingMerchant","floor":43,"turns":2},{"damage":30,"enemies":"Reptomancer","floor":46,"turns":5},{"damage":36,"enemies":"4 Shapes","floor":49,"turns":4},{"damage":30,"enemies":"downfall:Defect","floor":50,"turns":6}],"seed_played":"-8222799897792844927","potions_obtained":[{"floor":4,"key":"GamblersBrew"},{"floor":5,"key":"Fire Potion"},{"floor":9,"key":"FearPotion"},{"floor":11,"key":"Guardian:BlockOnCardUsePotion"},{"floor":14,"key":"Guardian:BlockOnCardUsePotion"},{"floor":16,"key":"Fire Potion"},{"floor":20,"key":"Block Potion"},{"floor":31,"key":"Explosive Potion"},{"floor":32,"key":"Fire Potion"},{"floor":36,"key":"Regen Potion"},{"floor":37,"key":"Dexterity Potion"},{"floor":42,"key":"FearPotion"}],"is_trial":true,"path_per_floor":["R","M","?","M","M","R","T","R","M","R","M","M","E","M","M","B",null,"R","M","M","M","?","R","T","E","?","$","R","$","R","M","M","B",null,"R","M","M","?","?","M","T","E","$","?","R","E","R","?","M","B",null],"character_chosen":"SLIMEBOUND","items_purchased":["Dota2Spire:DrumOfEndurance","REME_BodyOfCthun","Strange Spoon","Slimebound:ProtectTheBoss","Vajra","REME_HeartOfCthun"],"campfire_rested":0,"item_purchase_floors":[27,27,27,43,43,43],"current_hp_per_floor":[60,60,60,60,60,60,60,60,60,60,60,57,45,60,60,52,60,60,60,60,59,47,47,47,46,46,60,60,60,60,56,60,44,60,70,70,70,70,70,70,70,67,70,70,70,70,70,70,60,70],"gold":67,"neow_bonus":"","is_daily":false,"chose_seed":false,"campfire_upgraded":7,"win_rate":0.0,"timestamp":1610261561,"path_taken":["R","M","?","M","M","R","T","R","M","R","M","M","E","M","M","BOSS","R","M","M","M","?","R","T","E","?","$","R","$","R","M","M","BOSS","R","M","M","?","?","M","T","E","$","?","R","E","R","?","M","BOSS"],"items_purchased_type":["Relic","Card","Relic","Card","Relic","Card"],"build_version":"2020-12-22","purchased_purges":2,"victory":true,"max_hp_per_floor":[60,60,60,60,60,60,60,60,60,60,60,60,60,60,60,60,60,60,60,60,60,60,60,60,60,60,60,60,60,60,60,60,60,60,70,70,70,70,70,70,70,70,70,70,70,70,70,70,70,70],"card_choices":[{"not_picked":["Slimebound:ComboTackle","Slimebound:SplitMire"],"picked":"Slimebound:MegaLick","floor":2},{"not_picked":["Slimebound:LeechEnergy","Slimebound:Gluttony"],"picked":"Slimebound:PressTheAttack","floor":4},{"not_picked":["Slimebound:Chomp","Slimebound:FinishingTackle"],"picked":"Slimebound:FormOfPuddle","floor":5},{"not_picked":["Slimebound:LivingWall","Slimebound:DisruptingSlam"],"picked":"Slimebound:GoopSpray","floor":9},{"not_picked":["Slimebound:HauntingLick","Slimebound:GoopTackle"],"picked":"Slimebound:AcidTongue","floor":11},{"not_picked":["Slimebound:RollThrough","Slimebound:FinishingTackle"],"picked":"Slimebound:SlimeBarrage","floor":12},{"not_picked":["Slimebound:OneTwoCombo","Slimebound:ServeAndProtect"],"picked":"Slimebound:RejuvenatingLick","floor":13},{"not_picked":["Slimebound:DivideAndConquer","Slimebound:SplitBruiser"],"picked":"Slimebound:SplitAcid","floor":14},{"not_picked":["Slimebound:LeechEnergy","Slimebound:ComboTackle"],"picked":"Slimebound:DivideAndConquer","floor":15},{"not_picked":["Slimebound:SlimeSlap","Slimebound:MassFeed"],"picked":"Slimebound:OozeBath","floor":16},{"not_picked":["Slimebound:Equalize","Slimebound:PressTheAttack"],"picked":"Slimebound:SlimeSpikes+1","floor":19},{"not_picked":["Slimebound:SplitAcid","Slimebound:GrowthPunch"],"picked":"Slimebound:FirmFortitude","floor":20},{"not_picked":["Slimebound:HauntingLick","Slimebound:Dissolve","Slimebound:SplitLeeching"],"picked":"SKIP","floor":21},{"not_picked":["Slimebound:Equalize","Slimebound:Chomp"],"picked":"Slimebound:Replication","floor":25},{"not_picked":["Slimebound:SlimeSlap","Slimebound:Replication"],"picked":"Slimebound:SamplingLick+1","floor":27},{"not_picked":["Slimebound:OozeBath","Slimebound:FinishingTackle"],"picked":"Slimebound:SlimeBrawl+1","floor":29},{"not_picked":["Slimebound:ComboTackle","Slimebound:SlimeSpikes+1"],"picked":"Slimebound:LeechingTouch","floor":31},{"not_picked":["Slimebound:Replication","Slimebound:AcidTongue","Slimebound:Schlurp"],"picked":"SKIP","floor":32},{"not_picked":["Slimebound:MassRepurpose","Slimebound:OozeBath"],"picked":"Slimebound:SlimeSlap","floor":33},{"not_picked":["Slimebound:ViciousTackle","Slimebound:GoopSpray+1","Slimebound:SplitBruiser+1"],"picked":"SKIP","floor":36},{"not_picked":["Slimebound:SlimeBrawl+1","Slimebound:ServeAndProtect+1","Slimebound:FormOfPuddle+1"],"picked":"SKIP","floor":37},{"not_picked":["expansioncontent:TimeRipple","expansioncontent:ManipulateTime"],"picked":"expansioncontent:BronzeBeam","floor":38},{"not_picked":["Slimebound:ViciousTackle","Slimebound:HauntingLick"],"picked":"Slimebound:Repurpose+1","floor":40},{"not_picked":["Slimebound:LeechingTouch+1","Slimebound:GrowthPunch","Slimebound:PressTheAttack"],"picked":"SKIP","floor":42},{"not_picked":["Slimebound:DisruptingSlam","Slimebound:SlimeBrawl"],"picked":"Slimebound:SamplingLick","floor":43},{"not_picked":["Slimebound:DivideAndConquer","Slimebound:SlimeBarrage+1","Slimebound:TongueLash+1"],"picked":"SKIP","floor":46},{"not_picked":["Slimebound:SlimeBarrage+1","Slimebound:FinishingTackle","Slimebound:SplitBruiser+1"],"picked":"SKIP","floor":49}],"player_experience":100632,"relics_obtained":[{"floor":7,"key":"Dota2Spire:Vanguard"},{"floor":13,"key":"Dota2Spire:ShadowBlade"},{"floor":25,"key":"Omamori"},{"floor":41,"key":"Bag of Marbles"},{"floor":42,"key":"CaptainsWheel"},{"floor":46,"key":"REME_PuzzleBoxRelic"}],"event_choices":[{"cards_removed":["Slimebound:FirmFortitude"],"damage_healed":0,"gold_gain":0,"player_choice":"Purged","damage_taken":0,"max_hp_gain":0,"max_hp_loss":0,"event_name":"Purifier","floor":39,"gold_loss":0},{"damage_healed":0,"gold_gain":0,"player_choice":"Copied","damage_taken":0,"max_hp_gain":0,"max_hp_loss":0,"event_name":"Duplicator","floor":48,"gold_loss":0,"cards_obtained":["REME_BodyOfCthun"]}],"is_beta":false,"boss_relics":[{"not_picked":["SacredBark","Coffee Dripper"],"picked":"Slimebound:TarBlob"},{"not_picked":["Dota2Spire:Bloodstone","Tiny House"],"picked":"SlaversCollar"}],"items_purged_floors":[27,43],"is_endless":false,"potions_floor_spawned":[4,5,9,11,14,16,20,31,32,36,37,42],"ascension_level":0}}