{"host":"qojc688juf5ijsln","time":1610249202,"event":{"mods":["AchievementEnabler","BaseMod","BetterRewards","Colored Powertips","Highlight Path","Minty Spire (QoL Compilation)","Quick Restart","Shop Mod","StSLib"],"gold_per_floor":[119,9,9,84,84,84,110,72,72,88,88,88,102,134,134,235,235,246,246,261,261,277,288,288,288],"floor_reached":24,"playtime":1088,"items_purged":["Strike_B"],"score":267,"play_id":"e1a40e92-f57f-4e4e-8236-711d42d735fe","local_time":"20210110112642","is_ascension_mode":true,"campfire_choices":[{"floor":6,"key":"REST"},{"data":"Consume","floor":12,"key":"SMITH"},{"data":"White Noise","floor":15,"key":"SMITH"}],"circlet_count":0,"master_deck":["Strike_B+1","Strike_B","Strike_B+1","Defend_B","Defend_B","Defend_B","Defend_B","Zap","Dualcast","Consume+1","White Noise+1","Amplify","Cold Snap","Chill","Coolheaded+1","Glacier+1","Creative AI","Amplify+1","Creative AI"],"relics":["Cracked Core","Membership Card","Orrery","Tiny Chest","Runic Capacitor","Toxic Egg 2","Thread and Needle","Cables","Shuriken","Vajra","Busted Crown"],"acts_visited":["Exordium","TheCity"],"potions_floor_usage":[],"damage_taken":[{"damage":6,"enemies":"2 Louse","floor":1,"turns":4},{"damage":17,"enemies":"Lagavulin","floor":7,"turns":6},{"damage":0,"enemies":"Small Slimes","floor":10,"turns":3},{"damage":0,"enemies":"Jaw Worm","floor":13,"turns":13},{"damage":9,"enemies":"Gremlin Nob","floor":14,"turns":4},{"damage":0,"enemies":"Slime Boss","floor":16,"turns":11},{"damage":29,"enemies":"2 Thieves","floor":18,"turns":4},{"damage":21,"enemies":"3 Byrds","floor":20,"turns":4},{"damage":0,"enemies":"Snecko","floor":22,"turns":6},{"damage":2,"enemies":"Chosen and Byrds","floor":23,"turns":5},{"damage":13,"enemies":"Snake Plant","floor":24,"turns":2}],"seed_played":"-523001430327452211","potions_obtained":[{"floor":7,"key":"Strength Potion"},{"floor":14,"key":"Block Potion"},{"floor":16,"key":"Weak Potion"}],"is_trial":false,"path_per_floor":["M","$","?","?","T","R","E","$","T","M","T","R","M","E","R","B",null,"M","?","M","?","M","M","M"],"character_chosen":"DEFECT","items_purchased":["Membership Card","Consume","White Noise","Orrery","Tiny Chest","Runic Capacitor","Chill"],"campfire_rested":1,"item_purchase_floors":[0,0,0,0,0,2,2],"current_hp_per_floor":[69,69,54,43,43,65,48,48,48,48,48,48,48,39,39,39,75,46,32,11,11,11,9,0,0],"gold":288,"neow_bonus":"","is_daily":false,"chose_seed":false,"campfire_upgraded":2,"win_rate":0.0,"timestamp":1610249202,"path_taken":["M","$","?","?","?","R","E","$","T","M","?","R","?","E","R","BOSS","M","?","M","?","M","M","M"],"items_purchased_type":["Relic","Card","Card","Relic","Relic","Relic","Card"],"build_version":"2020-12-22","purchased_purges":1,"victory":false,"max_hp_per_floor":[75,75,75,75,75,75,75,75,75,75,75,75,75,75,75,75,75,75,80,80,80,80,80,80,80],"card_choices":[{"not_picked":["Melter","Aggregate"],"picked":"Amplify","floor":0},{"not_picked":["Sweeping Beam","Leap"],"picked":"Cold Snap","floor":1},{"not_picked":["Hello World","Tempest+1"],"picked":"Coolheaded+1","floor":7},{"not_picked":["Hologram+1","Coolheaded+1"],"picked":"Glacier+1","floor":10},{"not_picked":["Cold Snap","Turbo+1","Gash"],"picked":"SKIP","floor":13},{"not_picked":["Genetic Algorithm+1","Ball Lightning","Sweeping Beam"],"picked":"SKIP","floor":14},{"not_picked":["Electrodynamics","Rainbow+1"],"picked":"Creative AI","floor":16},{"not_picked":["Hologram+1"],"picked":"SKIP","floor":18},{"not_picked":["Go for the Eyes"],"picked":"SKIP","floor":20},{"not_picked":["Gash"],"picked":"SKIP","floor":22},{"not_picked":[],"picked":"Creative AI","floor":23}],"player_experience":133688,"relics_obtained":[{"floor":5,"key":"Toxic Egg 2"},{"floor":7,"key":"Thread and Needle"},{"floor":9,"key":"Cables"},{"floor":11,"key":"Shuriken"},{"floor":14,"key":"Vajra"}],"event_choices":[{"damage_healed":0,"gold_gain":0,"player_choice":"Entered Light","damage_taken":15,"max_hp_gain":0,"max_hp_loss":0,"event_name":"Shining Light","floor":3,"gold_loss":0,"cards_upgraded":["Strike_B","Strike_B"]},{"damage_healed":0,"gold_gain":75,"player_choice":"Gather Gold","damage_taken":11,"max_hp_gain":0,"max_hp_loss":0,"event_name":"World of Goop","floor":4,"gold_loss":0},{"damage_healed":0,"gold_gain":0,"player_choice":"Shed Blood","damage_taken":19,"max_hp_gain":5,"max_hp_loss":0,"event_name":"Forgotten Altar","floor":19,"gold_loss":0},{"damage_healed":0,"gold_gain":0,"player_choice":"Copied","damage_taken":0,"max_hp_gain":0,"max_hp_loss":0,"event_name":"Duplicator","floor":21,"gold_loss":0,"cards_obtained":["Amplify"]}],"is_beta":false,"boss_relics":[{"not_picked":["Fusion Hammer","Runic Pyramid"],"picked":"Busted Crown"}],"items_purged_floors":[8],"is_endless":false,"potions_floor_spawned":[7,14,16,22],"killed_by":"Snake Plant","ascension_level":1}}