{"host":"tw5nadds0x0wro7l","time":1610296671,"event":{"mods":["Aspiration","BaseMod","Better Altar","Better Match","Better Skull","Block Reminder","Card Forge","CatGirl Mod","Conspire","DNKmod","Displayed Cursed Tome","Dota2Spire","Downfall","Energized Spire","Force Act Four","Friendly Minions","Gold Saver","Grow up Mod","GungeonMod","Highlight Path","Hubris","Infinite Spire","Luminous","Minty Spire (QoL Compilation)","Practice Mode","Relic Sorter","Replay The Spire","Spicy Shops","StSLib","The Alterego","The Animator","The Death Knight","The Marked","The Senshi","TheSwordswoman","Transform Curses","Waifu the Spire","WarShipGirlsR/????R mod","vexMod"],"gold_per_floor":[1000,1052,1067,1081,622,656,724,686,721,721,734,749,760,773,787,882,882,882],"floor_reached":17,"playtime":1468,"items_purged":[],"score":319,"play_id":"bd3d472c-f6aa-4237-93e5-83730f844e9b","local_time":"20210110113751","is_ascension_mode":false,"campfire_choices":[{"floor":1,"key":"DIG"},{"floor":10,"key":"RECALL"}],"circlet_count":0,"master_deck":["Poisoned Stab+1","Deflect+1","Flying Knee+1","After Image+1","Bane+1","Atom Bomb+1","Bouncing Flask+1","Burst+1","Catalyst+1","Corpse Explosion+1","Crippling Poison+1","Deadly Poison+1","Draining Mist+1","Envenom+1","Infinite Blades","Neutralize+1","infinitespire:Neurotoxin+1","Noxious Fumes+1","Outmaneuver+1","Replay:Poison Smokescreen+1","conspire:PoisonWeapons+1","Poisoned Stab+1","Riddle With Holes+1","Toxin Wave+1","Poison Darts+1","hubris:Wrath","A Thousand Cuts","Draining Mist"],"relics":["Ring of the Snake","Anvil of the Gods","Seething Fire","Hammer of Thor","Smiling Mask","hubris:DeckOfHolding","Replay:Rubber Ducky","ClockworkSouvenir","Strange Spoon","vexMod:FocusSash","DemoMod:BlueGuonStone","ReplayTheSpireMod:CursedCoin","Question Card","aspiration:FetidBarrel","DemoMod:GlassGuonStoneRelic","Potion Belt","Dota2Spire:RefresherOrb"],"acts_visited":["Exordium","TheCity"],"potions_floor_usage":[],"damage_taken":[{"damage":0,"enemies":"2 Louse","floor":3,"turns":3},{"damage":3,"enemies":"Jaw Worm","floor":4,"turns":2},{"damage":13,"enemies":"downfall:FleeingMerchant","floor":5,"turns":4},{"damage":7,"enemies":"3 Sentries","floor":6,"turns":3},{"damage":6,"enemies":"downfall:FleeingMerchant","floor":8,"turns":4},{"damage":0,"enemies":"Gremlin Nob","floor":9,"turns":2},{"damage":0,"enemies":"Cultist","floor":11,"turns":2},{"damage":0,"enemies":"Exordium Thugs","floor":12,"turns":3},{"damage":0,"enemies":"Looter","floor":13,"turns":2},{"damage":0,"enemies":"Exordium Wildlife","floor":14,"turns":2},{"damage":0,"enemies":"Large Slime","floor":15,"turns":2},{"damage":0,"enemies":"Fading Forest","floor":16,"turns":8}],"seed_played":"-1291675535852207260","potions_obtained":[{"floor":6,"key":"Strength Potion"},{"floor":9,"key":"CunningPotion"},{"floor":11,"key":"SpeedPotion"},{"floor":13,"key":"FearPotion"},{"floor":14,"key":"GamblersBrew"}],"is_trial":false,"path_per_floor":["R","?","M","M","$","E","T","$","E","R","M","M","M","M","M","B",null],"character_chosen":"THE_SILENT","items_purchased":["Replay:Rubber Ducky","ClockworkSouvenir","Strange Spoon","ReplayTheSpireMod:CursedCoin","Question Card","aspiration:FetidBarrel"],"campfire_rested":0,"item_purchase_floors":[5,5,5,8,8,8],"current_hp_per_floor":[130,140,150,157,154,157,167,171,181,191,201,211,221,231,241,261,280,280],"gold":882,"neow_bonus":"TEN_PERCENT_HP_BONUS","is_daily":false,"chose_seed":false,"campfire_upgraded":0,"win_rate":0.0,"timestamp":1610296671,"path_taken":["R","?","M","M","?","E","T","$","E","R","M","?","M","M","M","BOSS"],"items_purchased_type":["Relic","Relic","Relic","Relic","Relic","Relic"],"build_version":"2020-12-22","purchased_purges":0,"victory":false,"max_hp_per_floor":[130,140,150,160,170,180,190,200,210,220,230,240,250,260,270,280,280,280],"card_choices":[{"not_picked":["Acrobatics","Reflex"],"picked":"Poisoned Stab","floor":2},{"not_picked":["Skewer","Blade Dance"],"picked":"Deflect","floor":2},{"not_picked":["Dagger Throw","Poisoned Stab"],"picked":"Flying Knee","floor":3},{"not_picked":["conspire:DoublingDagger","Distraction","hubris:SlightOfHand"],"picked":"SKIP","floor":4},{"not_picked":["ReplayTheSpireMod:Speed Training","Calculated Gamble","Glass Knife"],"picked":"SKIP","floor":5},{"not_picked":["Dagger Throw","Poisoned Stab","Heel Hook"],"picked":"SKIP","floor":6},{"not_picked":["Blade Dance","Night Terror","Endless Agony"],"picked":"SKIP","floor":8},{"not_picked":["Unload","Poisoned Stab","ReplayTheSpireMod:The Works","Deflect"],"picked":"SKIP","floor":9},{"not_picked":["Unload","Poisoned Stab","ReplayTheSpireMod:The Works","Deflect"],"picked":"SKIP","floor":9},{"not_picked":["Hidden Blade","Dodge and Roll","Quick Slash"],"picked":"A Thousand Cuts","floor":11},{"not_picked":["Infinite Blades","Predator","hubris:Counter","Sucker Punch"],"picked":"SKIP","floor":12},{"not_picked":["Riddle With Holes","Slice","Backstab","Venomology"],"picked":"SKIP","floor":13},{"not_picked":["Quick Slash","Calculated Gamble","Expertise"],"picked":"Draining Mist","floor":14},{"not_picked":["Acrobatics","Blade Dance","Sucker Punch","Bullet Time"],"picked":"SKIP","floor":15}],"player_experience":93769,"relics_obtained":[{"floor":1,"key":"Smiling Mask"},{"floor":2,"key":"hubris:DeckOfHolding"},{"floor":6,"key":"vexMod:FocusSash"},{"floor":7,"key":"DemoMod:BlueGuonStone"},{"floor":9,"key":"Potion Belt"}],"event_choices":[],"is_beta":false,"boss_relics":[{"not_picked":["energizedSpire:NeverEndingSparkler","vexMod:ImprovementManual"],"picked":"Dota2Spire:RefresherOrb"}],"items_purged_floors":[],"is_endless":false,"potions_floor_spawned":[6,9,11,13,14,16],"ascension_level":0}}