{"host":"ukx402utdi8v8522","time":1610242421,"event":{"mods":["AchievementEnabler","BaseMod","Colored Map","Downfall","Minty Spire (QoL Compilation)","StSLib"],"gold_per_floor":[114,114,114,127,145,145,173,173,199,228,257,271,72,147,147,221,221,233,233,200,200,217,259,259,259,259],"floor_reached":25,"playtime":1058,"items_purged":["Strike_R"],"score":389,"play_id":"4d316379-c094-436d-a7c0-5801a7bdbebf","local_time":"20210110123341","is_ascension_mode":true,"campfire_choices":[{"data":"Cleave","floor":6,"key":"SMITH"},{"floor":8,"key":"REST"},{"data":"Rampage","floor":15,"key":"SMITH"},{"data":"True Grit","floor":24,"key":"SMITH"}],"circlet_count":0,"master_deck":["AscendersBane","Strike_R","Strike_R","Strike_R","Strike_R","Defend_R+1","Defend_R","Defend_R","Defend_R+1","Bash","Cleave+1","Twin Strike","Shockwave","Rampage+1","True Grit+1","expansioncontent:DefensiveStance","Feel No Pain","Feed","Metallicize","Spot Weakness"],"relics":["Burning Blood","Dream Catcher","Lantern","Eternal Feather","Odd Mushroom","Pantograph","Coffee Dripper","CeramicFish"],"acts_visited":["Exordium","TheCity"],"potions_floor_usage":[10,16,23],"damage_taken":[{"damage":10,"enemies":"2 Louse","floor":1,"turns":4},{"damage":7,"enemies":"Small Slimes","floor":4,"turns":4},{"damage":7,"enemies":"Jaw Worm","floor":5,"turns":3},{"damage":44,"enemies":"Lagavulin","floor":7,"turns":7},{"damage":9,"enemies":"Gremlin Nob","floor":10,"turns":4},{"damage":18,"enemies":"The Mushroom Lair","floor":11,"turns":3},{"damage":2,"enemies":"Red Slaver","floor":12,"turns":3},{"damage":10,"enemies":"The Guardian","floor":16,"turns":12},{"damage":27,"enemies":"Spheric Guardian","floor":18,"turns":10},{"damage":17,"enemies":"2 Thieves","floor":20,"turns":5},{"damage":2,"enemies":"Shelled Parasite and Fungi","floor":22,"turns":6},{"damage":74,"enemies":"Book of Stabbing","floor":23,"turns":8},{"damage":36,"enemies":"Gremlin Leader","floor":25,"turns":7}],"seed_played":"-723263889046833021","potions_obtained":[{"floor":1,"key":"Swift Potion"},{"floor":5,"key":"Swift Potion"},{"floor":10,"key":"Guardian:BlockOnCardUsePotion"},{"floor":22,"key":"LiquidMemories"}],"is_trial":false,"path_per_floor":["M","?","?","M","M","R","E","R","T","E","?","M","$","T","R","B",null,"M","?","M","?","M","E","R","E"],"character_chosen":"IRONCLAD","items_purchased":["expansioncontent:DefensiveStance","Feel No Pain"],"campfire_rested":1,"item_purchase_floors":[13,13],"current_hp_per_floor":[71,71,55,54,53,53,15,39,39,36,24,28,28,28,37,58,76,55,39,28,87,90,22,34,0,0],"gold":259,"neow_bonus":"TEN_PERCENT_HP_BONUS","is_daily":false,"chose_seed":false,"campfire_upgraded":3,"win_rate":0.0,"timestamp":1610242421,"path_taken":["M","?","?","M","M","R","E","R","T","E","?","?","$","?","R","BOSS","M","?","M","?","?","E","R","E"],"items_purchased_type":["Card","Card"],"build_version":"2020-12-22","purchased_purges":1,"victory":false,"max_hp_per_floor":[82,82,82,82,82,82,82,82,82,82,82,82,82,82,82,82,82,82,87,87,87,90,90,90,90,90],"card_choices":[{"not_picked":["Perfected Strike","Havoc"],"picked":"Seeing Red","floor":1},{"not_picked":["Wild Strike","Iron Wave"],"picked":"Cleave","floor":4},{"not_picked":["Headbutt","Heavy Blade"],"picked":"Twin Strike","floor":5},{"not_picked":["Bludgeon","Thunderclap"],"picked":"Shockwave","floor":7},{"not_picked":["Clash","True Grit"],"picked":"Rampage","floor":8},{"not_picked":["Clash","Hemokinesis","Body Slam"],"picked":"SKIP","floor":10},{"not_picked":["Feel No Pain","Rage"],"picked":"True Grit","floor":12},{"not_picked":["Corruption","Juggernaut"],"picked":"Feed","floor":16},{"not_picked":["Warcry","Clothesline+1"],"picked":"Metallicize","floor":18},{"not_picked":["True Grit","Clothesline","Rupture"],"picked":"SKIP","floor":20},{"not_picked":["Clash","Perfected Strike","Cleave"],"picked":"SKIP","floor":22},{"not_picked":["Bludgeon","Rupture"],"picked":"Spot Weakness","floor":23}],"player_experience":515693,"relics_obtained":[{"floor":7,"key":"Dream Catcher"},{"floor":9,"key":"Lantern"},{"floor":10,"key":"Eternal Feather"},{"floor":11,"key":"Odd Mushroom"},{"floor":14,"key":"Pantograph"},{"floor":23,"key":"CeramicFish"}],"event_choices":[{"damage_healed":0,"gold_gain":0,"player_choice":"Ignored","damage_taken":0,"max_hp_gain":0,"max_hp_loss":0,"event_name":"Liars Game","floor":2,"gold_loss":0},{"damage_healed":0,"gold_gain":0,"player_choice":"Entered Light","damage_taken":16,"max_hp_gain":0,"max_hp_loss":0,"event_name":"Shining Light","floor":3,"gold_loss":0,"cards_upgraded":["Defend_R","Defend_R"]},{"damage_healed":0,"gold_gain":0,"player_choice":"Fought Mushrooms","damage_taken":0,"max_hp_gain":0,"max_hp_loss":0,"event_name":"Mushrooms","floor":11,"gold_loss":0},{"damage_healed":0,"gold_gain":0,"player_choice":"Shed Blood","damage_taken":21,"max_hp_gain":5,"max_hp_loss":0,"event_name":"Forgotten Altar","floor":19,"gold_loss":0},{"cards_removed":["Seeing Red"],"damage_healed":59,"gold_gain":0,"player_choice":"Offered Uncommon","damage_taken":0,"max_hp_gain":0,"max_hp_loss":0,"event_name":"Bonfire Elementals","floor":21,"gold_loss":0}],"is_beta":false,"boss_relics":[{"not_picked":["Runic Dome","Cursed Key"],"picked":"Coffee Dripper"}],"items_purged_floors":[13],"is_endless":false,"potions_floor_spawned":[1,5,10,22],"killed_by":"Gremlin Leader","ascension_level":14}}