{"host":"kh6fvhxn285ncg0o","time":1610273277,"event":{"mods":["Act Like it!","BaseMod","Colored Map","Friendly Minions","Keyboard Shortcuts","Minty Spire (QoL Compilation)","Quick Restart","Relic Stats","StSLib","SuperFastMode"],"gold_per_floor":[116,266,266,285,12,44,44,68,68,18,18,50,68,87,87,159,159,175,195,285,194,205,205,236,255,255,255,255],"floor_reached":27,"playtime":731,"items_purged":["Defend_P","Strike_P","Strike_P"],"score":532,"play_id":"6f9b0166-dab5-44e8-bd70-a8c9cf201c86","local_time":"20210110190757","is_ascension_mode":true,"campfire_choices":[{"data":"Eruption","floor":7,"key":"SMITH"},{"data":"MentalFortress","floor":11,"key":"SMITH"},{"data":"FearNoEvil","floor":15,"key":"SMITH"},{"data":"Vigilance","floor":23,"key":"SMITH"}],"circlet_count":0,"master_deck":["AscendersBane","Strike_P","Strike_P+1","Defend_P","Defend_P","Defend_P+1","Eruption+1","Vigilance+1","FearNoEvil+1","MentalFortress+1","SignatureMove+1","ClearTheMind+1","LessonLearned","InnerPeace+1","ForeignInfluence+1"],"relics":["PureWater","Membership Card","Toxic Egg 2","Odd Mushroom","Shuriken","Torii","Coffee Dripper","Yang","Matryoshka"],"acts_visited":["Exordium","TheCity"],"potions_floor_usage":[6,16,18,19,22,24],"damage_taken":[{"damage":4,"enemies":"Small Slimes","floor":1,"turns":3},{"damage":10,"enemies":"2 Louse","floor":4,"turns":4},{"damage":5,"enemies":"3 Sentries","floor":6,"turns":5},{"damage":4,"enemies":"The Mushroom Lair","floor":8,"turns":4},{"damage":0,"enemies":"Gremlin Nob","floor":12,"turns":2},{"damage":1,"enemies":"Jaw Worm","floor":13,"turns":2},{"damage":0,"enemies":"3 Louse","floor":14,"turns":2},{"damage":13,"enemies":"Slime Boss","floor":16,"turns":5},{"damage":20,"enemies":"3 Byrds","floor":18,"turns":5},{"damage":17,"enemies":"2 Thieves","floor":19,"turns":3},{"damage":2,"enemies":"Centurion and Healer","floor":22,"turns":4},{"damage":1,"enemies":"Gremlin Leader","floor":24,"turns":5},{"damage":1,"enemies":"Snake Plant","floor":25,"turns":2},{"damage":15,"enemies":"Slavers","floor":27,"turns":1}],"seed_played":"759573492768858984","potions_obtained":[{"floor":1,"key":"DistilledChaos"},{"floor":8,"key":"StancePotion"},{"floor":12,"key":"Fire Potion"},{"floor":16,"key":"Energy Potion"},{"floor":18,"key":"StancePotion"},{"floor":24,"key":"Energy Potion"}],"is_trial":false,"path_per_floor":["M","?","?","M","$","E","R","?","T","$","R","E","M","M","R","B",null,"M","M","?","$","M","R","E","M","T","E"],"character_chosen":"WATCHER","items_purchased":["Membership Card","MentalFortress","AttackPotion","SkillPotion"],"campfire_rested":0,"item_purchase_floors":[5,5,5,21],"current_hp_per_floor":[63,63,56,46,46,41,41,37,37,37,37,37,36,36,36,23,61,41,24,12,12,10,10,9,8,8,0,0],"gold":255,"neow_bonus":"TEN_PERCENT_HP_BONUS","is_daily":false,"chose_seed":false,"campfire_upgraded":4,"win_rate":0.0,"timestamp":1610273277,"path_taken":["M","?","?","M","$","E","R","?","T","?","R","E","M","M","R","BOSS","M","M","?","$","M","R","E","?","T","E"],"items_purchased_type":["Relic","Card","Potion","Potion"],"build_version":"2020-12-22","purchased_purges":3,"victory":false,"max_hp_per_floor":[74,74,74,74,74,74,74,74,74,74,74,74,74,74,74,74,74,74,74,74,74,74,74,74,74,74,74,74],"relic_stats":{"Torii":9,"counters":[14,47],"Shuriken":[13],"Yang":[8],"obtain_stats":[{"Matryoshka":26,"Torii":12,"Shuriken":9,"Yang":24,"Coffee Dripper":17,"Membership Card":5,"PureWater":0,"Toxic Egg 2":6,"Odd Mushroom":8},{"Matryoshka":13,"Torii":5,"Shuriken":4,"Yang":12,"Coffee Dripper":8,"Membership Card":2,"PureWater":0,"Toxic Egg 2":3,"Odd Mushroom":4},{"Matryoshka":46,"Torii":18,"Shuriken":16,"Yang":44,"Coffee Dripper":27,"Membership Card":7,"PureWater":0,"Toxic Egg 2":12,"Odd Mushroom":16}]},"card_choices":[{"not_picked":["Protect","BowlingBash"],"picked":"FearNoEvil","floor":1},{"not_picked":["Vengeance+1","Establishment","FollowUp"],"picked":"SKIP","floor":6},{"not_picked":["Halt+1","Wireheading"],"picked":"SignatureMove","floor":8},{"not_picked":["ClearTheMind+1","JustLucky","Swivel+1"],"picked":"SKIP","floor":12},{"not_picked":["JustLucky","Swivel+1"],"picked":"ClearTheMind+1","floor":12},{"not_picked":["WindmillStrike","FlurryOfBlows","Consecrate"],"picked":"SKIP","floor":13},{"not_picked":["Prostrate+1","ForeignInfluence+1","BowlingBash"],"picked":"SKIP","floor":14},{"not_picked":["Brilliance","Judgement+1"],"picked":"LessonLearned","floor":16},{"not_picked":["ReachHeaven","Halt+1"],"picked":"InnerPeace+1","floor":18},{"not_picked":["MentalFortress","BowlingBash","Weave"],"picked":"SKIP","floor":19},{"not_picked":["SashWhip","SignatureMove","EmptyBody+1"],"picked":"SKIP","floor":22},{"not_picked":["BowlingBash","FlyingSleeves","Nirvana"],"picked":"SKIP","floor":24},{"not_picked":["Fasting2+1","MentalFortress"],"picked":"ForeignInfluence+1","floor":25}],"player_experience":3409369,"relics_obtained":[{"floor":6,"key":"Toxic Egg 2"},{"floor":8,"key":"Odd Mushroom"},{"floor":9,"key":"Shuriken"},{"floor":12,"key":"Torii"},{"floor":24,"key":"Yang"},{"floor":26,"key":"Matryoshka"}],"event_choices":[{"damage_healed":0,"gold_gain":150,"player_choice":"AGREE","damage_taken":0,"max_hp_gain":0,"max_hp_loss":0,"event_name":"Liars Game","floor":2,"gold_loss":0,"cards_obtained":["Doubt"]},{"cards_removed":["Doubt"],"damage_healed":0,"gold_gain":0,"player_choice":"Card Removal","damage_taken":7,"max_hp_gain":0,"max_hp_loss":0,"event_name":"Golden Wing","floor":3,"gold_loss":0},{"damage_healed":0,"gold_gain":0,"player_choice":"Fought Mushrooms","damage_taken":0,"max_hp_gain":0,"max_hp_loss":0,"event_name":"Mushrooms","floor":8,"gold_loss":0},{"damage_healed":0,"gold_gain":90,"player_choice":"GOLD ","damage_taken":12,"max_hp_gain":0,"max_hp_loss":0,"event_name":"Knowing Skull","floor":20,"potions_obtained":[],"gold_loss":0,"cards_obtained":[]}],"is_beta":false,"boss_relics":[{"not_picked":["Velvet Choker","Ectoplasm"],"picked":"Coffee Dripper"}],"items_purged_floors":[5,10,21],"is_endless":false,"potions_floor_spawned":[1,8,12,14,16,18,24],"killed_by":"Slavers","ascension_level":20}}