{"host":"J","time":1610263586,"event":{"mods":["BaseMod","Better Third Choice","Minty Spire (QoL Compilation)","StSLib"],"gold_per_floor":[109,384,402,422,233,265,265,291,315,280,297,316,56,118,118,193,193,205,216,232,244,24,24,24,24,50,83,93,93,105,105,105,183,183,193,207,221,232,82,82,115,115,141,195,229,229,257,257,257,257,257],"floor_reached":52,"playtime":2514,"items_purged":["Regret","Strike_B","Strike_B","Double Energy"],"score":1964,"play_id":"0d39ff8f-9f2d-4591-b6c0-2945fdbec143","local_time":"20210110082626","is_ascension_mode":true,"campfire_choices":[{"floor":7.0,"key":"REST"},{"data":"Chaos","floor":15.0,"key":"SMITH"},{"data":"Defragment","floor":23.0,"key":"SMITH"},{"data":"Echo Form","floor":25.0,"key":"SMITH"},{"floor":29.0,"key":"REST"},{"floor":32.0,"key":"REST"},{"data":"Loop","floor":40,"key":"SMITH"},{"data":"Capacitor","floor":42,"key":"SMITH"},{"floor":46,"key":"REST"},{"data":"Fusion","floor":49,"key":"SMITH"}],"circlet_count":0,"master_deck":["AscendersBane","Zap","Dualcast","Genetic Algorithm","Chaos+1","Sweeping Beam","Compile Driver","Cold Snap","Cold Snap","Conserve Battery","Loop+1","Echo Form+1","Cold Snap+1","Redo","Defragment+1","Ball Lightning","Coolheaded","FTL","Parasite","BootSequence","Capacitor+1","Electrodynamics","Fusion+1","Force Field","Reboot","Ball Lightning","Glacier"],"relics":["Cracked Core","DataDisk","Blood Vial","Bronze Scales","MealTicket","Orrery","Gremlin Horn","Cursed Key","Nunchaku","Eternal Feather","Enchiridion","Pandora\u0027s Box","Oddly Smooth Stone","Regal Pillow","Dead Branch","InkBottle","Pen Nib","Spirit Poop"],"acts_visited":["Exordium","TheCity","TheBeyond"],"potions_floor_usage":[45,50,51],"damage_taken":[{"damage":8.0,"enemies":"Small Slimes","floor":1.0,"turns":4.0},{"damage":4.0,"enemies":"Cultist","floor":3.0,"turns":4.0},{"damage":11.0,"enemies":"Jaw Worm","floor":4.0,"turns":6.0},{"damage":30.0,"enemies":"3 Sentries","floor":6.0,"turns":5.0},{"damage":10.0,"enemies":"Lagavulin","floor":8.0,"turns":6.0},{"damage":1.0,"enemies":"2 Fungi Beasts","floor":11.0,"turns":3.0},{"damage":8.0,"enemies":"3 Louse","floor":12.0,"turns":4.0},{"damage":28.0,"enemies":"Gremlin Nob","floor":14.0,"turns":4.0},{"damage":2.0,"enemies":"The Guardian","floor":16.0,"turns":12.0},{"damage":11.0,"enemies":"2 Thieves","floor":18.0,"turns":4.0},{"damage":0.0,"enemies":"3 Byrds","floor":19.0,"turns":4.0},{"damage":0.0,"enemies":"Centurion and Healer","floor":20.0,"turns":8.0},{"damage":17.0,"enemies":"Snecko","floor":21.0,"turns":4.0},{"damage":25.0,"enemies":"Slavers","floor":27.0,"turns":5.0},{"damage":32.0,"enemies":"Snake Plant","floor":28.0,"turns":3.0},{"damage":7.0,"enemies":"Shelled Parasite and Fungi","floor":30.0,"turns":5.0},{"damage":11.0,"enemies":"Automaton","floor":33.0,"turns":11.0},{"damage":0,"enemies":"3 Darklings","floor":35,"turns":3},{"damage":13,"enemies":"3 Shapes","floor":36,"turns":3},{"damage":2,"enemies":"Maw","floor":37,"turns":7},{"damage":2,"enemies":"4 Shapes","floor":38,"turns":4},{"damage":0,"enemies":"Reptomancer","floor":41,"turns":7},{"damage":5,"enemies":"2 Orb Walkers","floor":44,"turns":4},{"damage":30,"enemies":"Nemesis","floor":45,"turns":9},{"damage":12,"enemies":"Giant Head","floor":47,"turns":9},{"damage":27,"enemies":"Awakened One","floor":50,"turns":16},{"damage":35,"enemies":"Donu and Deca","floor":51,"turns":6}],"seed_played":"1588734293446908815","potions_obtained":[{"floor":4.0,"key":"PowerPotion"},{"floor":6.0,"key":"LiquidMemories"},{"floor":11.0,"key":"Swift Potion"},{"floor":14.0,"key":"GamblersBrew"},{"floor":19.0,"key":"ColorlessPotion"},{"floor":20.0,"key":"Energy Potion"},{"floor":28.0,"key":"DuplicationPotion"},{"floor":35,"key":"SteroidPotion"},{"floor":37,"key":"FocusPotion"},{"floor":45,"key":"Fire Potion"},{"floor":47,"key":"FocusPotion"}],"is_trial":false,"path_per_floor":["M","?","M","M","$","E","R","E","T","?","M","M","$","?","R","B",null,"M","M","M","M","$","R","?","R","T","E","M","R","M","?","R","B",null,"M","M","M","M","$","R","E","R","T","?","E","R","E","?","R","B","B",null],"character_chosen":"DEFECT","items_purchased":["Compile Driver","AttackPotion","Orrery","Defragment","Ball Lightning"],"campfire_rested":4,"item_purchase_floors":[5,5,13,22,22],"current_hp_per_floor":[56,56,52,41,41,11,32,24,24,41,42,36,51,25,25,25,60,51,53,55,40,55,55,55,55,55,32,2,38,33,12,48,39,63,65,54,54,54,69,71,71,71,71,66,38,71,59,59,71,44,11],"gold":257,"neow_bonus":"RANDOM_COMMON_RELIC","is_daily":false,"chose_seed":false,"campfire_upgraded":6,"win_rate":0.0,"timestamp":1610263586,"path_taken":["M","?","?","M","$","E","R","E","T","?","M","M","$","?","R","BOSS","M","M","M","M","$","R","?","R","T","E","M","R","M","?","R","BOSS","BOSS","M","M","M","M","$","R","E","R","T","?","E","R","E","?","R","BOSS","BOSS"],"items_purchased_type":["Card","Potion","Relic","Card","Card"],"build_version":"2020-12-18","purchased_purges":4,"victory":true,"max_hp_per_floor":[71,71,71,71,71,71,71,71,71,71,71,71,71,71,71,71,71,71,71,71,71,71,71,71,71,71,71,71,71,71,71,71,71,71,71,71,71,71,71,71,71,71,71,71,71,71,71,71,71,71,71],"card_choices":[{"not_picked":["Hologram","FTL"],"picked":"Genetic Algorithm","floor":1.0},{"not_picked":["Steam","Leap"],"picked":"Chaos","floor":3.0},{"not_picked":["Force Field","Conserve Battery"],"picked":"Sweeping Beam","floor":4.0},{"not_picked":["Tempest","Compile Driver","Gash"],"picked":"SKIP","floor":6.0},{"not_picked":["Leap","Redo"],"picked":"Cold Snap","floor":8.0},{"not_picked":["Rip and Tear","Sweeping Beam","Stack"],"picked":"SKIP","floor":11.0},{"not_picked":["Sweeping Beam","Hologram"],"picked":"Cold Snap","floor":12.0},{"not_picked":["Beam Cell","Gash"],"picked":"Conserve Battery","floor":13.0},{"not_picked":["Doom and Gloom","Buffer"],"picked":"Loop","floor":13.0},{"not_picked":["Reboot","Thunder Strike"],"picked":"Echo Form","floor":16.0},{"not_picked":["Turbo","Leap+1","Compile Driver"],"picked":"SKIP","floor":18.0},{"not_picked":["Static Discharge","Darkness"],"picked":"Cold Snap+1","floor":19.0},{"not_picked":["Beam Cell","Recycle"],"picked":"Redo","floor":20.0},{"not_picked":["Force Field","Sweeping Beam","Consume"],"picked":"SKIP","floor":21.0},{"not_picked":["Recycle","Hello World"],"picked":"BootSequence","floor":27.0},{"not_picked":["Steam","Melter"],"picked":"Capacitor","floor":28.0},{"not_picked":["Chaos","Rebound","Recycle"],"picked":"SKIP","floor":30.0},{"not_picked":["Rainbow","Hyperbeam"],"picked":"Electrodynamics","floor":33},{"not_picked":["Go for the Eyes","Turbo"],"picked":"Ball Lightning","floor":35},{"not_picked":["Streamline","Chaos"],"picked":"Glacier","floor":36},{"not_picked":["Beam Cell","Skim","Conserve Battery"],"picked":"SKIP","floor":37},{"not_picked":["Go for the Eyes","Gash","Melter"],"picked":"SKIP","floor":38},{"not_picked":["Scrape+1","Go for the Eyes+1","Steam+1"],"picked":"SKIP","floor":41},{"not_picked":["Turbo+1","Beam Cell","Reinforced Body"],"picked":"SKIP","floor":45},{"not_picked":["Auto Shields+1","Thunder Strike","Consume"],"picked":"SKIP","floor":47}],"player_experience":1083130,"relics_obtained":[{"floor":6.0,"key":"Blood Vial"},{"floor":8.0,"key":"Bronze Scales"},{"floor":9.0,"key":"MealTicket"},{"floor":14.0,"key":"Gremlin Horn"},{"floor":26.0,"key":"Nunchaku"},{"floor":27.0,"key":"Eternal Feather"},{"floor":31.0,"key":"Enchiridion"},{"floor":41,"key":"Oddly Smooth Stone"},{"floor":43,"key":"Regal Pillow"},{"floor":44,"key":"Dead Branch"},{"floor":45,"key":"InkBottle"},{"floor":47,"key":"Pen Nib"}],"event_choices":[{"damage_healed":0.0,"max_hp_gain":0.0,"max_hp_loss":0.0,"gold_gain":275.0,"event_name":"Golden Shrine","player_choice":"Desecrate","floor":2.0,"gold_loss":0.0,"damage_taken":0.0,"cards_obtained":["Regret"]},{"damage_healed":17.0,"max_hp_gain":0.0,"max_hp_loss":0.0,"gold_gain":0.0,"event_name":"The Cleric","player_choice":"Healed","floor":10.0,"gold_loss":35.0,"damage_taken":0.0},{"damage_healed":0.0,"max_hp_gain":0.0,"max_hp_loss":0.0,"gold_gain":0.0,"event_name":"Dead Adventurer","player_choice":"Searched \u00272\u0027 times","floor":14.0,"gold_loss":0.0,"damage_taken":0.0},{"damage_healed":0.0,"max_hp_gain":0.0,"max_hp_loss":0.0,"gold_gain":0.0,"cards_transformed":["Strike_B","Strike_B"],"event_name":"Drug Dealer","player_choice":"Became Test Subject","floor":24.0,"gold_loss":0.0,"damage_taken":0.0,"cards_obtained":["Coolheaded","FTL"]},{"damage_healed":0.0,"max_hp_gain":0.0,"max_hp_loss":0.0,"gold_gain":0.0,"event_name":"Cursed Tome","player_choice":"Obtained Book","floor":31.0,"gold_loss":0.0,"damage_taken":21.0},{"damage_healed":0,"gold_gain":0,"player_choice":"Fight","damage_taken":0,"max_hp_gain":0,"max_hp_loss":0,"event_name":"Mysterious Sphere","floor":44,"gold_loss":0},{"cards_removed":["Pain"],"damage_healed":0,"gold_gain":0,"player_choice":"Offered Curse","damage_taken":0,"relics_obtained":["Spirit Poop"],"max_hp_gain":0,"max_hp_loss":0,"event_name":"Bonfire Elementals","floor":48,"gold_loss":0}],"is_beta":true,"boss_relics":[{"not_picked":["Coffee Dripper","Snecko Eye"],"picked":"Cursed Key"},{"not_picked":["SlaversCollar","Black Star"],"picked":"Pandora\u0027s Box"}],"items_purged_floors":[5,13,22,39],"is_endless":false,"potions_floor_spawned":[4,6,11,14,19,20,28,35,37,45,47],"ascension_level":20}}