{"host":"6jrd8fn9k88n08be","time":1610238757,"event":{"mods":["BaseMod","Minty Spire (QoL Compilation)","StSLib"],"gold_per_floor":[109,59,59,59,59,97,97,9,9,34,54,77,98,98,98,98,98,114,138,138,158,181,181,206,241,241,259,259,174,273,311,323,464,476,511,586,598,623,681,729,741,794,833,880,711,747,747,770,770,770,770],"floor_reached":50,"playtime":5395,"items_purged":["Strike_R"],"score":732,"play_id":"120df0bd-ee1b-44c5-aa4e-e91abe1eb6cd","local_time":"20210109193237","is_ascension_mode":true,"campfire_choices":[{"floor":7.0,"key":"REST"},{"data":"Dual Wield","floor":15.0,"key":"SMITH"},{"data":"Armaments","floor":23.0,"key":"SMITH"},{"floor":28.0,"key":"REST"},{"floor":32.0,"key":"RECALL"},{"data":"Juggernaut","floor":41,"key":"SMITH"},{"data":"Finesse","floor":47,"key":"SMITH"},{"data":"Fire Breathing","floor":49,"key":"SMITH"}],"circlet_count":0,"master_deck":["Strike_R","Strike_R","Defend_R","Defend_R","Defend_R","Bash","Impervious","Ghostly Armor","Body Slam+1","Dual Wield+1","Finesse+1","Ghostly Armor","Clothesline","Shrug It Off","Armaments+1","Juggernaut+1","Ghostly Armor","Flame Barrier+1","Burning Pact","Feed","Warcry+1","Shrug It Off","Body Slam+1","Fire Breathing+1"],"relics":["Burning Blood","Toy Ornithopter","Golden Idol","Mango","Runic Dome","Potion Belt","Bag of Preparation","Tiny Chest","MawBank","SlaversCollar","FossilizedHelix","Centennial Puzzle","Meat on the Bone","Bronze Scales","Boot","Oddly Smooth Stone","Membership Card","Sundial"],"acts_visited":["Exordium","TheCity","TheBeyond"],"potions_floor_usage":[50,50,50,50],"damage_taken":[{"damage":0.0,"enemies":"2 Louse","floor":1.0,"turns":5.0},{"damage":38.0,"enemies":"Gremlin Nob","floor":6.0,"turns":6.0},{"damage":5.0,"enemies":"Small Slimes","floor":10.0,"turns":4.0},{"damage":4.0,"enemies":"Jaw Worm","floor":11.0,"turns":4.0},{"damage":0.0,"enemies":"3 Louse","floor":12.0,"turns":6.0},{"damage":0.0,"enemies":"2 Fungi Beasts","floor":13.0,"turns":5.0},{"damage":17.0,"enemies":"Hexaghost","floor":16.0,"turns":9.0},{"damage":26.0,"enemies":"Spheric Guardian","floor":18.0,"turns":6.0},{"damage":15.0,"enemies":"3 Byrds","floor":19.0,"turns":7.0},{"damage":8.0,"enemies":"Snake Plant","floor":21.0,"turns":4.0},{"damage":5.0,"enemies":"Centurion and Healer","floor":22.0,"turns":7.0},{"damage":0.0,"enemies":"Shelled Parasite and Fungi","floor":24.0,"turns":7.0},{"damage":52.0,"enemies":"Slavers","floor":25.0,"turns":12.0},{"damage":22.0,"enemies":"Sentry and Sphere","floor":27.0,"turns":8.0},{"damage":10.0,"enemies":"Book of Stabbing","floor":31.0,"turns":7.0},{"damage":28.0,"enemies":"Collector","floor":33.0,"turns":10.0},{"damage":7,"enemies":"3 Darklings","floor":35,"turns":5},{"damage":0,"enemies":"Mind Bloom Boss Battle","floor":36,"turns":7},{"damage":0,"enemies":"3 Shapes","floor":38,"turns":6},{"damage":26,"enemies":"Giant Head","floor":40,"turns":9},{"damage":35,"enemies":"Nemesis","floor":42,"turns":5},{"damage":0,"enemies":"Reptomancer","floor":44,"turns":1},{"damage":0,"enemies":"Giant Head","floor":46,"turns":7},{"damage":16,"enemies":"Spire Growth","floor":48,"turns":3},{"damage":88,"enemies":"Time Eater","floor":50,"turns":12}],"seed_played":"-2770027397631978481","potions_obtained":[{"floor":6.0,"key":"Regen Potion"},{"floor":13.0,"key":"LiquidMemories"},{"floor":21.0,"key":"ElixirPotion"},{"floor":22.0,"key":"FearPotion"},{"floor":25.0,"key":"DistilledChaos"},{"floor":35,"key":"GamblersBrew"},{"floor":36,"key":"SneckoOil"},{"floor":42,"key":"SkillPotion"},{"floor":48,"key":"SpeedPotion"}],"is_trial":false,"path_per_floor":["M","?","?","?","?","E","R","$","T","M","M","M","M","?","R","B",null,"M","M","?","M","M","R","M","E","T","M","R","?","?","E","R","B",null,"M","?","?","M","T","E","R","E","T","E","$","E","R","M","R","B"],"character_chosen":"IRONCLAD","items_purchased":["Finesse","Membership Card"],"campfire_rested":2,"item_purchase_floors":[8,45],"current_hp_per_floor":[62,62,44,44,44,26,52,52,52,53,55,61,67,67,67,61,88,68,59,59,57,58,58,64,43,43,27,53,53,53,49,49,32,88,87,88,88,88,88,68,68,51,51,57,57,63,63,53,53,0,0],"gold":770,"neow_bonus":"TRANSFORM_TWO_CARDS","is_daily":false,"chose_seed":false,"campfire_upgraded":5,"win_rate":0.0,"timestamp":1610238757,"path_taken":["M","?","?","?","?","E","R","?","T","?","M","M","M","?","R","BOSS","M","M","?","M","M","R","M","E","T","M","R","?","?","E","R","BOSS","M","?","?","M","?","E","R","E","T","E","$","E","R","M","R","BOSS"],"items_purchased_type":["Card","Relic"],"build_version":"2020-12-22","purchased_purges":1,"victory":false,"max_hp_per_floor":[80,80,80,74,74,88,88,88,88,88,88,88,88,88,88,88,88,88,88,88,88,88,88,88,88,88,88,88,88,88,88,88,88,88,88,88,88,88,88,88,88,88,88,88,88,88,88,88,88,88,88],"card_choices":[{"not_picked":["Warcry","Armaments"],"picked":"Body Slam","floor":1.0},{"not_picked":["Power Through","Anger"],"picked":"Dual Wield","floor":6.0},{"not_picked":["Intimidate","Combust","Spot Weakness"],"picked":"SKIP","floor":10.0},{"not_picked":["Pommel Strike","Power Through"],"picked":"Ghostly Armor","floor":11.0},{"not_picked":["Heavy Blade","Perfected Strike"],"picked":"Clothesline","floor":12.0},{"not_picked":["Cleave","Flex","Clash"],"picked":"SKIP","floor":13.0},{"not_picked":["Clash","Anger"],"picked":"Shrug It Off","floor":18.0},{"not_picked":["Pummel+1","Perfected Strike"],"picked":"Armaments","floor":19.0},{"not_picked":["Feel No Pain","Entrench"],"picked":"Juggernaut","floor":21.0},{"not_picked":["Carnage","Cleave+1"],"picked":"Ghostly Armor","floor":22.0},{"not_picked":["Cleave","Iron Wave","Corruption"],"picked":"SKIP","floor":24.0},{"not_picked":["Iron Wave","Reckless Charge+1","Perfected Strike+1"],"picked":"SKIP","floor":25.0},{"not_picked":["Headbutt","Perfected Strike"],"picked":"Flame Barrier+1","floor":27.0},{"not_picked":["Clash","Pommel Strike"],"picked":"Burning Pact","floor":31.0},{"not_picked":["Bludgeon","Corruption"],"picked":"Feed","floor":33.0},{"not_picked":["Anger","Heavy Blade+1"],"picked":"Warcry+1","floor":35},{"not_picked":["Iron Wave","Pommel Strike"],"picked":"Shrug It Off","floor":36},{"not_picked":["Seeing Red","Perfected Strike","Battle Trance+1"],"picked":"SKIP","floor":38},{"not_picked":["Combust+1","Rampage"],"picked":"Body Slam+1","floor":40},{"not_picked":["Dark Embrace+1","Limit Break","Anger"],"picked":"SKIP","floor":42},{"not_picked":["Rampage+1","Berserk"],"picked":"Fire Breathing","floor":44},{"not_picked":["Hemokinesis","Carnage+1","Corruption"],"picked":"SKIP","floor":46},{"not_picked":["Thunderclap+1","Ghostly Armor+1","Dual Wield"],"picked":"SKIP","floor":48}],"player_experience":46756,"relics_obtained":[{"floor":6.0,"key":"Mango"},{"floor":25.0,"key":"Potion Belt"},{"floor":26.0,"key":"Bag of Preparation"},{"floor":31.0,"key":"MawBank"},{"floor":36,"key":"FossilizedHelix"},{"floor":39,"key":"Centennial Puzzle"},{"floor":40,"key":"Meat on the Bone"},{"floor":42,"key":"Bronze Scales"},{"floor":43,"key":"Boot"},{"floor":44,"key":"Oddly Smooth Stone"},{"floor":46,"key":"Sundial"}],"event_choices":[{"cards_removed":["Defend_R"],"damage_healed":0.0,"max_hp_gain":0.0,"max_hp_loss":0.0,"gold_gain":0.0,"event_name":"The Cleric","player_choice":"Card Removal","floor":2.0,"gold_loss":50.0,"damage_taken":0.0},{"damage_healed":0.0,"max_hp_gain":0.0,"max_hp_loss":0.0,"gold_gain":0.0,"event_name":"Scrap Ooze","player_choice":"Success","floor":3.0,"gold_loss":0.0,"damage_taken":18.0,"relics_obtained":["Toy Ornithopter"]},{"damage_healed":0.0,"max_hp_gain":0.0,"max_hp_loss":6.0,"gold_gain":0.0,"event_name":"Golden Idol","player_choice":"Lose Max HP","floor":4.0,"gold_loss":0.0,"damage_taken":0.0,"relics_obtained":["Golden Idol"]},{"damage_healed":0.0,"max_hp_gain":0.0,"max_hp_loss":0.0,"gold_gain":0.0,"event_name":"Golden Wing","player_choice":"Ignored","floor":5.0,"gold_loss":0.0,"damage_taken":0.0},{"damage_healed":0.0,"max_hp_gain":0.0,"max_hp_loss":0.0,"gold_gain":0.0,"event_name":"Living Wall","player_choice":"Grow","floor":14.0,"gold_loss":0.0,"damage_taken":0.0,"cards_upgraded":["Body Slam"]},{"damage_healed":0.0,"max_hp_gain":0.0,"max_hp_loss":0.0,"gold_gain":0.0,"event_name":"Vampires","player_choice":"Ignored","floor":20.0,"gold_loss":0.0,"damage_taken":0.0},{"damage_healed":0.0,"max_hp_gain":0.0,"max_hp_loss":0.0,"gold_gain":0.0,"event_name":"Addict","player_choice":"Obtained Relic","floor":29.0,"gold_loss":85.0,"damage_taken":0.0,"relics_obtained":["Tiny Chest"]},{"damage_healed":0.0,"max_hp_gain":0.0,"max_hp_loss":0.0,"gold_gain":99.0,"event_name":"Nest","player_choice":"Stole From Cult","floor":30.0,"gold_loss":0.0,"damage_taken":0.0},{"damage_healed":0,"gold_gain":0,"player_choice":"Fight","damage_taken":0,"max_hp_gain":0,"max_hp_loss":0,"event_name":"MindBloom","floor":36,"gold_loss":0},{"damage_healed":0,"gold_gain":0,"player_choice":"Ignored","damage_taken":0,"max_hp_gain":0,"max_hp_loss":0,"event_name":"SecretPortal","floor":37,"gold_loss":0}],"is_beta":false,"boss_relics":[{"not_picked":["Fusion Hammer","Coffee Dripper"],"picked":"Runic Dome"},{"not_picked":["Velvet Choker","Cursed Key"],"picked":"SlaversCollar"}],"items_purged_floors":[45],"is_endless":false,"potions_floor_spawned":[6,13,16,21,22,24,25,35,36,42,48],"killed_by":"Time Eater","ascension_level":1}}