{"host":"whe4vf9w0yuhsr02","time":1610299357,"event":{"mods":["BaseMod","Highlight Path","Hubris","Lobotomy","LobotomyExtend","Minty Spire (QoL Compilation)","Quick Restart","Replay The Spire","StSLib","The Animator","The Factory","The Jungle","vexMod"],"gold_per_floor":[116,126,141,152,172,206,206,206,256,256,275,275,288,321,321,417,417,432,444,464,479,496,496,523,523,550,577,587,606,606,626,626,727,727,747,765,256,256,268,268,286,286,286],"floor_reached":42,"playtime":2369,"items_purged":[],"score":533,"play_id":"35246203-1a5f-47ba-92e8-319b82c76a61","local_time":"20210110192237","is_ascension_mode":false,"campfire_choices":[{"floor":32,"key":"RECALL"}],"circlet_count":0,"master_deck":["ControlCode","SecurityCode","InformationCode","RecordCode","DisciplinaryCode","FourthMatchFlame+1"],"relics":["CogitoBucket","RedMistMask","LetterFromLob","Unceasing Top","Iron Hammer","Whetstone","AspirationHeart","hubris:Metronome","Busted Crown","Fusion Hammer","Velvet Choker","SlaversCollar","Black Star","Blood Vial","StoneCalendar","Prayer Wheel","AtMidnight","BackwardClock","hubris:ScarierMask","Thread and Needle","Happy Flower"],"acts_visited":["Exordium","TheCity","TheBeyond"],"potions_floor_usage":[],"damage_taken":[{"damage":11,"enemies":"Jaw Worm","floor":1,"turns":2},{"damage":5,"enemies":"2 Louse","floor":2,"turns":2},{"damage":3,"enemies":"Small Slimes","floor":3,"turns":2},{"damage":13,"enemies":"Red Slaver","floor":4,"turns":2},{"damage":22,"enemies":"Gremlin Gang","floor":5,"turns":3},{"damage":0,"enemies":"Gremlin Nob","floor":6,"turns":2},{"damage":16,"enemies":"Exordium Thugs","floor":11,"turns":1},{"damage":0,"enemies":"Looter","floor":13,"turns":1},{"damage":0,"enemies":"3 Sentries","floor":14,"turns":1},{"damage":30,"enemies":"Hexaghost","floor":16,"turns":3},{"damage":0,"enemies":"Shell Parasite","floor":18,"turns":1},{"damage":52,"enemies":"2 Thieves","floor":19,"turns":3},{"damage":0,"enemies":"3 Cultists","floor":20,"turns":2},{"damage":0,"enemies":"Snake Plant","floor":21,"turns":2},{"damage":0,"enemies":"Cultist and Chosen","floor":22,"turns":1},{"damage":28,"enemies":"Slavers","floor":24,"turns":2},{"damage":32,"enemies":"Gremlin Leader","floor":27,"turns":5},{"damage":21,"enemies":"Centurion and Healer","floor":28,"turns":6},{"damage":11,"enemies":"Chosen and Byrds","floor":29,"turns":2},{"damage":0,"enemies":"Sentry and Sphere","floor":31,"turns":1},{"damage":21,"enemies":"Champ","floor":33,"turns":3},{"damage":0,"enemies":"3 Shapes","floor":35,"turns":1},{"damage":0,"enemies":"Orb Walker","floor":36,"turns":1},{"damage":0,"enemies":"Sphere and 2 Shapes","floor":39,"turns":1},{"damage":0,"enemies":"Maw","floor":41,"turns":4},{"damage":85,"enemies":"R_Hoarder","floor":42,"turns":6}],"seed_played":"581594390435454691","potions_obtained":[{"floor":5,"key":"AttackPotion"},{"floor":6,"key":"Toxic Potion"},{"floor":11,"key":"Ancient Potion"},{"floor":14,"key":"SteroidPotion"},{"floor":18,"key":"Reflective Coating"},{"floor":29,"key":"Block Potion"}],"is_trial":false,"path_per_floor":["M","M","M","M","M","E","R","E","T","R","M","R","M","E","R","B",null,"M","M","M","M","M","R","E","?","T","E","M","M","R","M","R","B",null,"M","M","$","?","M","R","M","E"],"character_chosen":"Angela","items_purchased":["Thread and Needle","Happy Flower","FourthMatchFlame"],"campfire_rested":0,"item_purchase_floors":[37,37,37],"current_hp_per_floor":[67,70,70,65,51,59,59,59,59,59,61,61,76,80,80,68,80,80,28,46,68,80,80,70,70,70,74,80,80,80,80,80,80,80,80,80,80,80,80,80,80,0,0],"gold":286,"neow_bonus":"RANDOM_EVENT","is_daily":false,"chose_seed":false,"campfire_upgraded":0,"win_rate":0.0,"timestamp":1610299357,"path_taken":["M","M","M","M","M","E","R","E","T","R","M","R","M","E","R","BOSS","M","M","M","M","M","R","E","?","T","E","M","M","R","M","R","BOSS","M","M","$","?","M","R","?","E"],"items_purchased_type":["Relic","Relic","Card"],"build_version":"2020-12-22","purchased_purges":0,"victory":false,"max_hp_per_floor":[70,70,70,70,70,70,70,70,70,70,80,80,80,80,80,80,80,80,80,80,80,80,80,80,80,80,80,80,80,80,80,80,80,80,80,80,80,80,80,80,80,80,80],"card_choices":[{"not_picked":["Horn"],"picked":"Diffraction","floor":1},{"not_picked":["SomewhereSpear","Noise"],"picked":"SKIP","floor":2},{"not_picked":["SomewhereSpear","Noise"],"picked":"SKIP","floor":2},{"not_picked":["Ecstasy","DaCapo"],"picked":"SKIP","floor":3},{"not_picked":["Laetitia_ego","Moonlight"],"picked":"SKIP","floor":4},{"not_picked":["TodaysExpression","InTheNameOfLoveAndHate"],"picked":"SKIP","floor":5},{"not_picked":["Soda","Noise"],"picked":"SKIP","floor":6},{"not_picked":["Loneliness","RapturousDream"],"picked":"SKIP","floor":11},{"not_picked":["Loneliness","RapturousDream"],"picked":"SKIP","floor":11},{"not_picked":["QueenBee","Murderer"],"picked":"Scorched","floor":13},{"not_picked":["Noise","Beak"],"picked":"SKIP","floor":13},{"not_picked":["Lamp","Hornet"],"picked":"SKIP","floor":14}],"player_experience":465154,"relics_obtained":[{"floor":1,"key":"LetterFromLob"},{"floor":6,"key":"Iron Hammer"},{"floor":9,"key":"Whetstone"},{"floor":14,"key":"hubris:Metronome"},{"floor":24,"key":"Blood Vial"},{"floor":24,"key":"StoneCalendar"},{"floor":27,"key":"Pet Ghost"},{"floor":27,"key":"Prayer Wheel"},{"floor":28,"key":"AtMidnight"}],"event_choices":[{"damage_healed":0,"gold_gain":0,"player_choice":"Forge","damage_taken":0,"max_hp_gain":0,"max_hp_loss":0,"event_name":"Accursed Blacksmith","floor":38,"gold_loss":0,"cards_upgraded":["FourthMatchFlame"]}],"is_beta":false,"boss_relics":[{"not_picked":["Replay:Drink Me","Astrolabe"],"picked":"Ectoplasm"},{"not_picked":["hubris:RunicObelisk","vexMod:TanglingVine"],"picked":"hubris:ScarierMask"}],"items_purged_floors":[],"is_endless":false,"potions_floor_spawned":[5,6,11,14,18,20,21,29,33,36],"killed_by":"R_Hoarder","ascension_level":0}}