{"host":"7po9pgh86bqe2blc","time":1610256955,"event":{"mods":["BaseMod","ChefMod","Colored Map","Colored Powertips","Hermit","Koishi","Minty Spire (QoL Compilation)","StSLib","The Cursed","The Disciple","The Hierophant","The Runesmith"],"gold_per_floor":[116,41,57,75,75,406,406,423,498,398,417,417,427,438,438,538,538,556,656,674,326,337,365,378,378,378,378,394,494,507,208,208,311,361,374,390,441,135,135,135,165,165,191,204,204,19,19,36,36,36,36],"floor_reached":51,"playtime":6893,"items_purged":["Strike_Br","Defend_Br","Accelerando","Strike_Br","Defend_Br","Strike_Br"],"score":774,"play_id":"2467b281-c4f8-48a0-955c-731e08a12c42","local_time":"20210110063555","is_ascension_mode":false,"campfire_choices":[{"data":"LockedAnchor","floor":12.0,"key":"SMITH"},{"floor":15.0,"key":"REST"},{"data":"LockedCalendar","floor":25.0,"key":"SMITH"},{"floor":32,"key":"REST"},{"data":"ResonantCall","floor":40,"key":"SMITH"},{"data":"Fragmentalize","floor":42,"key":"SMITH"},{"data":"LockedAnchor","floor":45,"key":"SMITH"},{"data":"ExoVibe","floor":47,"key":"SMITH"},{"floor":49,"key":"REST"}],"circlet_count":0,"master_deck":["Strike_Br","Defend_Br+1","Defend_Br+1","SecondHand","PatternShift","CrunchTime","LockedAnchor+1","ResonantCall+1","ExoVibe+20","FormalWear+1","AlternateTimeline","LockedCalendar+1","CrunchTime+1","AlternateTimeline","AlternateTimeline","LockedAnchor+1","Fragmentalize+1","LockedTornado+1","ExoVibe+16","LockedAnchor+1"],"relics":["Chronometer","NeowsBlessing","Old Coin","Nitrogen?","StrikeDummy","Metronome","Medical Kit","Omamori","Ornamental Fan","Thread and Needle","Frozen Egg 2","Bronze Scales","Tiny House","Girya","Membership Card","Oddly Smooth Stone","Meat on the Bone","TheAbacus"],"acts_visited":["Exordium","TheCity","TheBeyond"],"potions_floor_usage":[33,33,37,41,41,48],"damage_taken":[{"damage":0.0,"enemies":"2 Louse","floor":1.0,"turns":1.0},{"damage":0.0,"enemies":"Jaw Worm","floor":3.0,"turns":1.0},{"damage":0.0,"enemies":"Cultist","floor":4.0,"turns":2.0},{"damage":46.0,"enemies":"3 Sentries","floor":6.0,"turns":18.0},{"damage":2.0,"enemies":"Large Slime","floor":8.0,"turns":7.0},{"damage":0.0,"enemies":"3 Louse","floor":11.0,"turns":2.0},{"damage":0.0,"enemies":"Looter","floor":13.0,"turns":2.0},{"damage":0.0,"enemies":"Lots of Slimes","floor":14.0,"turns":3.0},{"damage":0.0,"enemies":"The Guardian","floor":16.0,"turns":16.0},{"damage":8.0,"enemies":"Chosen","floor":18.0,"turns":5.0},{"damage":0.0,"enemies":"Spheric Guardian","floor":20.0,"turns":2.0},{"damage":0.0,"enemies":"Centurion and Healer","floor":22.0,"turns":3.0},{"damage":0.0,"enemies":"Book of Stabbing","floor":23.0,"turns":5.0},{"damage":8.0,"enemies":"Snecko","floor":24.0,"turns":3.0},{"damage":0.0,"enemies":"Cultist and Chosen","floor":28.0,"turns":3.0},{"damage":0.0,"enemies":"Colosseum Slavers","floor":29.0,"turns":1.0},{"damage":8.0,"enemies":"Colosseum Nobs","floor":29.0,"turns":3.0},{"damage":0,"enemies":"3 Cultists","floor":30,"turns":2},{"damage":26,"enemies":"Collector","floor":33,"turns":9},{"damage":0,"enemies":"3 Darklings","floor":35,"turns":2},{"damage":0,"enemies":"3 Shapes","floor":36,"turns":2},{"damage":13,"enemies":"2 Orb Walkers","floor":37,"turns":2},{"damage":56,"enemies":"Giant Head","floor":41,"turns":8},{"damage":0,"enemies":"Spire Growth","floor":44,"turns":3},{"damage":10,"enemies":"Transient","floor":48,"turns":5},{"damage":30,"enemies":"Awakened One","floor":50,"turns":33}],"seed_played":"-4630808748349190433","potions_obtained":[{"floor":3.0,"key":"Dexterity Potion"},{"floor":4.0,"key":"Dexterity Potion"},{"floor":8.0,"key":"BlessingOfTheForge"},{"floor":14.0,"key":"Explosive Potion"},{"floor":18.0,"key":"Regen Potion"},{"floor":28.0,"key":"Dexterity Potion"},{"floor":33,"key":"Fruit Juice"},{"floor":34,"key":"SteroidPotion"},{"floor":36,"key":"DuplicationPotion"},{"floor":37,"key":"SteroidPotion"},{"floor":48,"key":"DistilledChaos"}],"is_trial":false,"path_per_floor":["M","$","M","M","?","E","?","M","T","$","M","R","M","M","R","B",null,"M","?","M","$","M","E","M","R","T","?","M","?","M","$","R","B",null,"M","M","?","$","?","R","E","R","T","M","R","$","R","M","R","B",null],"character_chosen":"CHRONO_CLASS","items_purchased":["AlternateTimeline","Medical Kit","LockedAnchor","Bronze Scales","Membership Card","Oddly Smooth Stone","TheAbacus","LockedAnchor+1"],"campfire_rested":3,"item_purchase_floors":[21,21,21,31,38,38,46,46],"current_hp_per_floor":[65,65,65,65,52,6,6,4,4,4,4,4,4,4,23,23,65,57,57,57,57,57,57,49,49,49,38,38,30,30,30,51,37,75,75,75,67,67,67,67,11,11,11,23,23,23,23,25,49,31,31],"gold":36,"neow_bonus":"THREE_ENEMY_KILL","is_daily":false,"chose_seed":false,"campfire_upgraded":6,"win_rate":0.0,"timestamp":1610256955,"path_taken":["M","$","M","M","?","E","?","M","T","$","M","R","M","M","R","BOSS","M","?","M","$","?","E","M","R","T","?","M","?","M","$","R","BOSS","M","M","?","$","?","R","E","R","T","M","R","$","R","M","R","BOSS"],"items_purchased_type":["Card","Relic","Card","Relic","Relic","Relic","Relic","Card"],"build_version":"2020-12-13","purchased_purges":6,"victory":true,"max_hp_per_floor":[65,65,65,65,65,65,65,65,65,65,65,65,65,65,65,65,65,65,65,65,65,65,65,65,65,65,70,70,70,70,70,70,70,75,75,75,80,80,80,80,80,80,80,80,80,80,80,80,80,80,80],"card_choices":[{"not_picked":["AlternateTimeline","LockedAnchor"],"picked":"CrunchTime","floor":1.0},{"not_picked":["Break","ReapSow"],"picked":"Tempo","floor":3.0},{"not_picked":["LockedMercury","Tempo"],"picked":"LockedAnchor","floor":4.0},{"not_picked":["LockedMercury","BackFourSeconds"],"picked":"ResonantCall","floor":6.0},{"not_picked":["WatchCommand","LockedScales"],"picked":"ExoVibe","floor":8.0},{"not_picked":["ShortSighted","TiringSlam","Parity"],"picked":"SKIP","floor":11.0},{"not_picked":["HandsUpC","LockedMawBank"],"picked":"FormalWear","floor":13.0},{"not_picked":["LockedMedicine","EscortCommand"],"picked":"AlternateTimeline","floor":14.0},{"not_picked":["LockedLightning","LockedBell"],"picked":"LockedCalendar","floor":16.0},{"not_picked":["HandsUpB","LockedWhetstone"],"picked":"CrunchTime+1","floor":18.0},{"not_picked":["LockedPlans","LockedScales"],"picked":"AlternateTimeline","floor":20.0},{"not_picked":["LockedBell","Stagnate","Engulf"],"picked":"SKIP","floor":22.0},{"not_picked":["LockedScales","LockedUrn","LockedMedicine"],"picked":"SKIP","floor":23.0},{"not_picked":["PrimeTime","Keepsakes"],"picked":"Fragmentalize","floor":24.0},{"not_picked":["BlueShift","LockedOrichalcum","LockedScales+1"],"picked":"SKIP","floor":28.0},{"not_picked":["Recurrance","Accruing+1","Stagnate"],"picked":"SKIP","floor":30},{"not_picked":["PrimeTime","Echoward+1"],"picked":"LockedTornado+1","floor":35},{"not_picked":["WatchCommand","ReapSow"],"picked":"ExoVibe+1","floor":36},{"not_picked":["Parity+1","LockedMawBank+1","Backlash+1"],"picked":"SKIP","floor":41},{"not_picked":["Engulf+1","BlueShift","HandsUpB+1"],"picked":"SKIP","floor":44},{"not_picked":["WindUp+1","Tempo","BiteCommand"],"picked":"SKIP","floor":48}],"player_experience":331908,"relics_obtained":[{"floor":6.0,"key":"Old Coin"},{"floor":9.0,"key":"StrikeDummy"},{"floor":23.0,"key":"Omamori"},{"floor":26.0,"key":"Ornamental Fan"},{"floor":29.0,"key":"Thread and Needle"},{"floor":29.0,"key":"Frozen Egg 2"},{"floor":37,"key":"Girya"},{"floor":41,"key":"Meat on the Bone"}],"event_choices":[{"damage_healed":0.0,"max_hp_gain":0.0,"max_hp_loss":0.0,"gold_gain":0.0,"event_name":"Shining Light","player_choice":"Entered Light","floor":5.0,"gold_loss":0.0,"damage_taken":13.0,"cards_upgraded":["Defend_Br","Defend_Br"]},{"damage_healed":0.0,"max_hp_gain":0.0,"max_hp_loss":0.0,"gold_gain":100.0,"event_name":"Golden Shrine","player_choice":"Pray","floor":19.0,"gold_loss":0.0,"damage_taken":0.0},{"damage_healed":0.0,"max_hp_gain":5.0,"max_hp_loss":0.0,"gold_gain":0.0,"event_name":"Forgotten Altar","player_choice":"Shed Blood","floor":27.0,"gold_loss":0.0,"damage_taken":16.0},{"damage_healed":0.0,"max_hp_gain":0.0,"max_hp_loss":0.0,"gold_gain":0.0,"event_name":"Colosseum","player_choice":"Fight","floor":29.0,"gold_loss":0.0,"damage_taken":0.0},{"damage_healed":0.0,"max_hp_gain":0.0,"max_hp_loss":0.0,"gold_gain":0.0,"event_name":"Colosseum","player_choice":"Fought Nobs","floor":29.0,"gold_loss":0.0,"damage_taken":0.0},{"damage_healed":0,"gold_gain":0,"player_choice":"Fight","damage_taken":0,"max_hp_gain":0,"max_hp_loss":0,"event_name":"Mysterious Sphere","floor":37,"gold_loss":0},{"damage_healed":0,"gold_gain":0,"player_choice":"Ignored","damage_taken":0,"max_hp_gain":0,"max_hp_loss":0,"event_name":"NoteForYourself","floor":39,"gold_loss":0}],"is_beta":false,"boss_relics":[{"not_picked":["SlaversCollar","Busted Crown"],"picked":"Metronome"},{"not_picked":["Fusion Hammer","HangingClock"],"picked":"Tiny House"}],"items_purged_floors":[2,10,21,31,38,46],"is_endless":false,"potions_floor_spawned":[3,4,8,14,18,28,33,36,37,48],"ascension_level":0}}