{"host":"egwexuw5uvnxf11j","time":1610314439,"event":{"mods":["2.2 Compatiblity","Aspiration","BaseMod","Better Altar","Better Note","Better Sensory Stone","Better Third Choice","Displayed Cursed Tome","Downfall","Hermit","Key Reminder","Koishi","Marisa????????","Minty Spire (QoL Compilation)","Quick Restart","Shade Mod","Spicy Shops","StSLib","The Construct","The Cursed","The Hierophant","The Runesmith","The Senshi","The Servant 0.9.4","Transform Curses"],"gold_per_floor":[112,127,139,139,22,22,22,49,104,115,127,185,215,227,227,322,322,340,28,28,28,43,43,57,57,57,57,21,52,52,79,79,179,179,190,274,285,37,48,48,48,0,27,40,40,56,73,85,85,85,85,85,35,66,66,66],"floor_reached":55,"playtime":2699,"items_purged":[],"score":907,"play_id":"4a92680f-ca1c-43f3-93a8-62362ba4b383","local_time":"20210110163359","is_ascension_mode":true,"campfire_choices":[{"data":"Eruption","floor":6.0,"key":"SMITH"},{"floor":15.0,"key":"REST"},{"floor":23.0,"key":"REST"},{"floor":25.0,"key":"REST"},{"floor":30.0,"key":"REST"},{"floor":32,"key":"REST"},{"floor":40,"key":"REST"},{"floor":49,"key":"RECALL"},{"data":"Judgement","floor":52,"key":"SMITH"}],"circlet_count":0,"master_deck":["Strike_P","Strike_P","Strike_P","Defend_P","Defend_P","Defend_P","Eruption+1","Vigilance","Judgement+1","WindmillStrike","Evaluate","EmptyFist","Adaptation","Perseverance","FollowUp","Tantrum","FollowUp","MentalFortress","EmptyBody","FlurryOfBlows","Ragnarok","InnerPeace","Vengeance","LikeWater","FlyingSleeves+1","Slice","InnerPeace","ClearTheMind","UnstableBomb","Conclude+1","Meditate+1","Enlightenment","hermit:EyeOfTheStorm+1","FlurryOfBlows","SashWhip","Calculated Gamble+1","Outmaneuver","A Thousand Cuts+1","Adrenaline","expansioncontent:Flail","Panache+1","ReachHeaven+1","aspiration:UnbridledHammer+1","Slimebound:MegaLick"],"relics":["PureWater","Shuriken","Centennial Puzzle","Vajra","Lizard Tail","Pantograph","construct:ClawGrip","ClockworkSouvenir","PrismaticShard","aspiration:Stabinomicon","Bottled Tornado","CaptainsWheel","theSenshi:SpiralHeartMoonRodRelic","Frozen Egg 2","Astrolabe","Runesmith:Locket","Lee\u0027s Waffle","Red Mask","aspiration:HiddenCompartment"],"acts_visited":["Exordium","TheCity","TheBeyond","TheEnding"],"potions_floor_usage":[36,50,55,55],"damage_taken":[{"damage":0.0,"enemies":"Cultist","floor":1.0,"turns":2.0},{"damage":6.0,"enemies":"2 Louse","floor":2.0,"turns":3.0},{"damage":0.0,"enemies":"Small Slimes","floor":3.0,"turns":1.0},{"damage":16.0,"enemies":"Gremlin Nob","floor":8.0,"turns":3.0},{"damage":0.0,"enemies":"3 Louse","floor":10.0,"turns":2.0},{"damage":4.0,"enemies":"2 Fungi Beasts","floor":11.0,"turns":2.0},{"damage":16.0,"enemies":"Gremlin Nob","floor":12.0,"turns":3.0},{"damage":0.0,"enemies":"Lagavulin","floor":13.0,"turns":3.0},{"damage":2.0,"enemies":"Blue Slaver","floor":14.0,"turns":4.0},{"damage":4.0,"enemies":"The Guardian","floor":16.0,"turns":10.0},{"damage":0.0,"enemies":"Spheric Guardian","floor":18.0,"turns":1.0},{"damage":19.0,"enemies":"3 Byrds","floor":22.0,"turns":3.0},{"damage":0.0,"enemies":"Cultist and Chosen","floor":24.0,"turns":3.0},{"damage":12.0,"enemies":"Book of Stabbing","floor":29.0,"turns":3.0},{"damage":55,"enemies":"Slavers","floor":31,"turns":4},{"damage":0,"enemies":"Champ","floor":33,"turns":6},{"damage":16,"enemies":"Orb Walker","floor":35,"turns":2},{"damage":26,"enemies":"2 Orb Walkers","floor":36,"turns":3},{"damage":6,"enemies":"3 Shapes","floor":37,"turns":2},{"damage":30,"enemies":"Jaw Worm Horde","floor":39,"turns":3},{"damage":19,"enemies":"Maw","floor":44,"turns":3},{"damage":6,"enemies":"4 Shapes","floor":46,"turns":3},{"damage":8,"enemies":"3 Darklings","floor":47,"turns":3},{"damage":35,"enemies":"Sphere and 2 Shapes","floor":48,"turns":4},{"damage":19,"enemies":"Time Eater","floor":50,"turns":5},{"damage":59,"enemies":"Shield and Spear","floor":54,"turns":4},{"damage":89,"enemies":"The Heart","floor":55,"turns":5}],"seed_played":"8177840431246181667","potions_obtained":[{"floor":8.0,"key":"CultistPotion"},{"floor":10.0,"key":"Swift Potion"},{"floor":11.0,"key":"Ancient Potion"},{"floor":12.0,"key":"BlessingOfTheForge"},{"floor":14.0,"key":"EssenceOfSteel"},{"floor":22.0,"key":"Fire Potion"},{"floor":31,"key":"Energy Potion"},{"floor":33,"key":"DuplicationPotion"},{"floor":44,"key":"champ:CounterPotion"},{"floor":46,"key":"Guardian:BlockOnCardUsePotion"},{"floor":47,"key":"DistilledChaos"}],"is_trial":false,"path_per_floor":["M","M","M","?","$","R","?","E","T","M","M","?","E","M","R","B",null,"M","$","?","?","M","R","M","R","T","?","$","E","R","E","R","B",null,"M","?","M","$","M","R","?","?","T","M","?","M","M","M","R","B",null,"R","$","E","B"],"character_chosen":"WATCHER","items_purchased":["Adaptation","Perseverance","Vengeance","LikeWater","ClockworkSouvenir","InnerPeace","FlurryOfBlows","Lee\u0027s Waffle","SashWhip","BlessingOfTheForge"],"campfire_rested":6,"item_purchase_floors":[5,5,19,19,19,28,38,38,38,53],"current_hp_per_floor":[72,66,66,66,66,66,59,43,43,43,39,23,23,21,42,63,72,72,72,64,48,29,50,50,71,71,71,71,59,72,23,44,71,72,58,36,36,79,55,78,78,78,78,61,61,63,65,36,36,44,79,79,79,24,0,0],"gold":66,"neow_bonus":"ONE_RANDOM_RARE_CARD","is_daily":false,"chose_seed":false,"campfire_upgraded":2,"win_rate":0.0,"timestamp":1610314439,"path_taken":["M","M","?","?","$","R","?","E","T","M","M","?","E","M","R","BOSS","M","$","?","?","M","R","M","R","T","?","?","E","R","E","R","BOSS","M","?","M","$","M","R","?","?","T","M","?","?","M","M","R","BOSS","R","$","E","BOSS"],"items_purchased_type":["Card","Card","Card","Card","Relic","Card","Card","Relic","Card","Potion"],"build_version":"2020-12-22","purchased_purges":0,"victory":false,"max_hp_per_floor":[72,72,72,72,72,72,72,72,72,72,72,72,72,72,72,72,72,72,72,72,72,72,72,72,72,72,72,72,72,72,72,72,72,72,72,72,72,79,79,79,79,79,79,79,79,79,79,79,79,79,79,79,79,79,79,79],"card_choices":[{"not_picked":["Evaluate","SashWhip"],"picked":"WindmillStrike","floor":1.0},{"not_picked":["CutThroughFate","ClearTheMind"],"picked":"Evaluate","floor":2.0},{"not_picked":["Indignation","CrushJoints"],"picked":"EmptyFist","floor":3.0},{"not_picked":["Evaluate","Protect"],"picked":"FollowUp","floor":8.0},{"not_picked":["Nirvana","WaveOfTheHand"],"picked":"Tantrum","floor":10.0},{"not_picked":["ForeignInfluence","Collect"],"picked":"FollowUp","floor":11.0},{"not_picked":["Evaluate","MasterReality"],"picked":"MentalFortress","floor":12.0},{"not_picked":["Evaluate","BowlingBash"],"picked":"EmptyBody","floor":13.0},{"not_picked":["FlyingSleeves","Crescendo"],"picked":"FlurryOfBlows","floor":14.0},{"not_picked":["DevaForm","SpiritShield"],"picked":"Ragnarok","floor":16.0},{"not_picked":["EmptyMind","Consecrate"],"picked":"InnerPeace","floor":18.0},{"not_picked":["WindmillStrike","Worship+1"],"picked":"FlyingSleeves+1","floor":20.0},{"not_picked":["Bouncing Flask","Koishi:PhilosophyOfTheDespised"],"picked":"Slice","floor":22.0},{"not_picked":["hierophant:Embezzle","Koishi:JumpScare+1"],"picked":"hierophant:HammerAndAnvil","floor":24.0},{"not_picked":["hierophant:RustyCrate+1","Compile Driver+1"],"picked":"ClearTheMind","floor":29.0},{"not_picked":["theSenshi:SailorMercuryAssists","Guardian:Gem_Orange"],"picked":"UnstableBomb","floor":31},{"not_picked":["Metamorphosis","construct:PanicFire+1"],"picked":"Juggernaut+1","floor":33},{"not_picked":["Sucker Punch+1","sneckomod:RainOfDice"],"picked":"Enlightenment","floor":35},{"not_picked":["Shade:FuneraryArmor+1","Genetic Algorithm"],"picked":"hermit:EyeOfTheStorm+1","floor":36},{"not_picked":["Genetic Algorithm","construct:ForceCore+1","Shade:LyeBath"],"picked":"SKIP","floor":37},{"not_picked":["hexamod:ChargedBarrage+1","FollowUp+1"],"picked":"Calculated Gamble+1","floor":39},{"not_picked":["Runesmith:EnergizedChisel+1","Poisoned Stab+1","hexamod:ThermalTransfer+1"],"picked":"SKIP","floor":44},{"not_picked":["Good Instincts","Finesse"],"picked":"expansioncontent:Flail","floor":45},{"not_picked":["expansioncontent:ManipulateTime","expansioncontent:DecasProtection"],"picked":"Panache+1","floor":45},{"not_picked":["hierophant:Rebuild","Shade:Trample+1"],"picked":"ReachHeaven+1","floor":46},{"not_picked":["theSenshi:Sidestep","Runesmith:Overpower+1"],"picked":"aspiration:UnbridledHammer+1","floor":47},{"not_picked":["hexamod:BacktrackSmack","Loop+1"],"picked":"Slimebound:MegaLick","floor":48},{"not_picked":["Ricochet+1","Koishi:PredatoryInstincts","Shade:Brains+1"],"picked":"SKIP","floor":54}],"player_experience":2187014,"relics_obtained":[{"floor":8.0,"key":"Centennial Puzzle"},{"floor":9.0,"key":"Vajra"},{"floor":12.0,"key":"Lizard Tail"},{"floor":13.0,"key":"Pantograph"},{"floor":20.0,"key":"PrismaticShard"},{"floor":26.0,"key":"Bottled Tornado"},{"floor":29.0,"key":"theSenshi:SpiralHeartMoonRodRelic"},{"floor":31,"key":"Frozen Egg 2"},{"floor":36,"key":"Runesmith:Locket"},{"floor":54,"key":"aspiration:HiddenCompartment"}],"event_choices":[{"damage_healed":0.0,"max_hp_gain":0.0,"max_hp_loss":0.0,"gold_gain":0.0,"event_name":"Big Fish","player_choice":"Box","floor":4.0,"gold_loss":0.0,"damage_taken":0.0,"relics_obtained":["Shuriken"],"cards_obtained":["Regret"]},{"cards_removed":["Regret"],"damage_healed":0.0,"max_hp_gain":0.0,"max_hp_loss":0.0,"gold_gain":0.0,"event_name":"Golden Wing","player_choice":"Card Removal","floor":7.0,"gold_loss":0.0,"damage_taken":7.0},{"damage_healed":0.0,"max_hp_gain":0.0,"max_hp_loss":0.0,"gold_gain":30.0,"event_name":"Dead Adventurer","player_choice":"Searched \u00272\u0027 times","floor":12.0,"gold_loss":0.0,"damage_taken":0.0},{"damage_healed":0.0,"max_hp_gain":0.0,"max_hp_loss":0.0,"gold_gain":0.0,"event_name":"Cursed Tome","player_choice":"Obtained Book","floor":21.0,"gold_loss":0.0,"damage_taken":16.0},{"damage_healed":0.0,"max_hp_gain":0.0,"max_hp_loss":0.0,"gold_gain":0.0,"event_name":"Addict","player_choice":"Stole Relic","floor":27.0,"gold_loss":0.0,"damage_taken":0.0,"relics_obtained":["CaptainsWheel"],"cards_obtained":["Shame"]},{"damage_healed":0,"gold_gain":0,"player_choice":"Fight","damage_taken":0,"max_hp_gain":0,"max_hp_loss":0,"event_name":"Mysterious Sphere","floor":36,"gold_loss":0},{"damage_healed":0,"gold_gain":0,"player_choice":"Paid","damage_taken":0,"relics_obtained":["Red Mask"],"max_hp_gain":0,"max_hp_loss":0,"event_name":"Tomb of Lord Red Mask","floor":42,"gold_loss":48},{"damage_healed":0,"gold_gain":3,"player_choice":"1","damage_taken":0,"max_hp_gain":0,"max_hp_loss":0,"event_name":"betterStone:BetterStone","floor":45,"gold_loss":0}],"is_beta":false,"boss_relics":[{"not_picked":["Snecko Eye","VioletLotus"],"picked":"construct:ClawGrip"},{"not_picked":["Cursed Key","Coffee Dripper"],"picked":"Astrolabe"}],"items_purged_floors":[],"is_endless":false,"potions_floor_spawned":[8,10,11,12,14,22,31,33,44,46,47,48],"killed_by":"The Heart","ascension_level":3}}