{"host":"qljev0q3rb9h3k1a","time":1610311946,"event":{"mods":["AchievementEnabler","Ascension Unlocker","BaseMod","Colored Map","Minty Spire (QoL Compilation)","Permanent Neow","Quick Restart","Relic Filter","StSLib","SuperFastMode"],"gold_per_floor":[19,31,306,325,338,338,352,385,409,423,423,119,119,119,119,250,250,236,236,236,256,275,313,159,194,219,219,238,253,253,276,276,400,400,413,429,492,492,492,492,531,531,578,578,578,199,199,217,217,217],"floor_reached":51,"playtime":3665,"items_purged":["Strike_G","Strike_G"],"score":740,"play_id":"5a28b96e-0830-44de-b8ff-fbad696206fe","local_time":"20210110155226","is_ascension_mode":false,"campfire_choices":[{"data":"Neutralize","floor":6.0,"key":"SMITH"},{"floor":15.0,"key":"REST"},{"floor":30.0,"key":"REST"},{"floor":32.0,"key":"REST"},{"data":"1","floor":40.0,"key":"LIFT"},{"data":"2","floor":42,"key":"LIFT"},{"data":"3","floor":44,"key":"LIFT"},{"floor":49,"key":"REST"}],"circlet_count":0,"master_deck":["Strike_G","Strike_G","Defend_G","Defend_G","Defend_G","Defend_G","Defend_G","Survivor","Neutralize+1","Backflip","Blade Dance+1","Backstab","Impatience+1","Burst+1","Blade Dance+1","Bandage Up+1","Escape Plan+1","Choke","A Thousand Cuts","Backstab+1","Infinite Blades"],"relics":["Ring of the Snake","TungstenRod","Toxic Egg 2","Ancient Tea Set","Membership Card","Orichalcum","Golden Idol","Fusion Hammer","Bag of Preparation","Sling","MealTicket","Dream Catcher","MutagenicStrength","Black Star","Girya","Question Card","Pen Nib","Bag of Marbles","Nunchaku","TheAbacus","Bronze Scales","Mango"],"acts_visited":["Exordium","TheCity","TheBeyond"],"potions_floor_usage":[50],"damage_taken":[{"damage":0.0,"enemies":"Cultist","floor":1.0,"turns":4.0},{"damage":0.0,"enemies":"Small Slimes","floor":2.0,"turns":4.0},{"damage":3.0,"enemies":"2 Louse","floor":4.0,"turns":4.0},{"damage":15.0,"enemies":"Red Slaver","floor":5.0,"turns":8.0},{"damage":3.0,"enemies":"2 Fungi Beasts","floor":7.0,"turns":4.0},{"damage":20.0,"enemies":"Lagavulin","floor":8.0,"turns":5.0},{"damage":10.0,"enemies":"Exordium Wildlife","floor":10.0,"turns":6.0},{"damage":26.0,"enemies":"Hexaghost","floor":16.0,"turns":13.0},{"damage":9.0,"enemies":"2 Thieves","floor":18.0,"turns":4.0},{"damage":0.0,"enemies":"Spheric Guardian","floor":21.0,"turns":3.0},{"damage":3.0,"enemies":"3 Cultists","floor":22.0,"turns":5.0},{"damage":35.0,"enemies":"Book of Stabbing","floor":23.0,"turns":7.0},{"damage":1.0,"enemies":"Gremlin Leader","floor":25.0,"turns":4.0},{"damage":18.0,"enemies":"Snake Plant","floor":28.0,"turns":8.0},{"damage":0.0,"enemies":"Sentry and Sphere","floor":29.0,"turns":3.0},{"damage":0.0,"enemies":"Snecko","floor":31.0,"turns":3.0},{"damage":61.0,"enemies":"Automaton","floor":33.0,"turns":10.0},{"damage":15.0,"enemies":"3 Shapes","floor":35.0,"turns":5.0},{"damage":2.0,"enemies":"3 Darklings","floor":36.0,"turns":4.0},{"damage":0.0,"enemies":"Mind Bloom Boss Battle","floor":37.0,"turns":4.0},{"damage":37.0,"enemies":"Giant Head","floor":41.0,"turns":8.0},{"damage":0,"enemies":"Jaw Worm Horde","floor":48,"turns":1},{"damage":75,"enemies":"Awakened One","floor":50,"turns":10}],"seed_played":"-3688852299714412814","potions_obtained":[{"floor":4.0,"key":"Strength Potion"},{"floor":5.0,"key":"AttackPotion"},{"floor":10.0,"key":"SteroidPotion"},{"floor":18.0,"key":"Dexterity Potion"},{"floor":28.0,"key":"Ancient Potion"},{"floor":29.0,"key":"DistilledChaos"},{"floor":31.0,"key":"Regen Potion"},{"floor":41,"key":"Swift Potion"}],"is_trial":false,"path_per_floor":["M","M","?","M","M","R","M","E","T","M","?","$","?","?","R","B",null,"M","?","?","M","M","E","$","E","T","?","M","M","R","M","R","B",null,"M","M","?","T","?","R","E","R","T","R","?","$","?","M","R","B",null],"character_chosen":"THE_SILENT","items_purchased":["Membership Card","Backstab","Impatience+1","Orichalcum","Bandage Up+1","Sling","Infinite Blades","TheAbacus","Bronze Scales","Mango"],"campfire_rested":4,"item_purchase_floors":[12,12,12,12,24,24,46,46,46,46],"current_hp_per_floor":[70,70,70,67,52,52,49,29,29,19,13,13,13,13,32,6,65,56,46,46,46,43,8,8,13,13,13,7,19,40,52,70,15,70,60,64,70,70,70,70,33,33,33,33,33,62,62,62,84,27],"gold":217,"neow_bonus":"ONE_RARE_RELIC","is_daily":false,"chose_seed":false,"campfire_upgraded":1,"win_rate":0.0,"timestamp":1610311946,"path_taken":["M","M","?","?","M","R","M","E","T","M","?","$","?","?","R","BOSS","M","?","?","M","M","E","$","E","T","?","?","M","R","M","R","BOSS","M","M","?","?","?","R","E","R","T","R","?","$","?","?","R","BOSS"],"items_purchased_type":["Relic","Card","Card","Relic","Card","Relic","Card","Relic","Relic","Relic"],"build_version":"2020-12-22","purchased_purges":2,"victory":true,"max_hp_per_floor":[70,70,70,70,70,70,70,70,70,70,70,70,65,65,65,65,65,65,70,70,70,70,70,70,70,70,70,70,70,70,70,70,70,70,70,70,70,70,70,70,70,70,70,70,70,84,84,84,84,84],"card_choices":[{"not_picked":["Skewer","Deflect"],"picked":"Backflip","floor":1.0},{"not_picked":["Poisoned Stab","Masterful Stab","Noxious Fumes"],"picked":"SKIP","floor":2.0},{"not_picked":["Prepared","PiercingWail","Underhanded Strike"],"picked":"SKIP","floor":4.0},{"not_picked":["Bouncing Flask","Noxious Fumes"],"picked":"Blade Dance","floor":5.0},{"not_picked":["Riddle With Holes","Dodge and Roll","Outmaneuver"],"picked":"SKIP","floor":7.0},{"not_picked":["Dagger Spray","Outmaneuver+1","Dodge and Roll+1"],"picked":"SKIP","floor":8.0},{"not_picked":["Distraction+1","Caltrops","Tools of the Trade"],"picked":"SKIP","floor":10.0},{"not_picked":["Venomology+1","Phantasmal Killer+1"],"picked":"Burst+1","floor":16.0},{"not_picked":["Dagger Throw","Quick Slash","PiercingWail+1"],"picked":"SKIP","floor":18.0},{"not_picked":["PiercingWail+1","Sucker Punch+1"],"picked":"Blade Dance+1","floor":21.0},{"not_picked":["Riddle With Holes+1","Calculated Gamble+1","Prepared+1"],"picked":"SKIP","floor":22.0},{"not_picked":["Riddle With Holes","PiercingWail+1","Prepared+1"],"picked":"SKIP","floor":23.0},{"not_picked":["Wraith Form v2","Tactician+1"],"picked":"Escape Plan+1","floor":25.0},{"not_picked":["Dodge and Roll+1","Predator+1","Deadly Poison+1"],"picked":"SKIP","floor":28.0},{"not_picked":["Slice","Acrobatics+1"],"picked":"Choke","floor":29.0},{"not_picked":["Deflect+1","Poisoned Stab","Calculated Gamble+1"],"picked":"SKIP","floor":31.0},{"not_picked":["Doppelganger+1","Night Terror+1"],"picked":"A Thousand Cuts","floor":33.0},{"not_picked":["Deadly Poison+1","Caltrops","Poisoned Stab"],"picked":"SKIP","floor":35.0},{"not_picked":["Acrobatics+1","Heel Hook+1"],"picked":"Backstab+1","floor":36.0},{"not_picked":["Phantasmal Killer+1","All Out Attack","Leg Sweep+1","Prepared+1"],"picked":"SKIP","floor":41},{"not_picked":["Prepared+1","Expertise+1","Flying Knee+1","Quick Slash+1"],"picked":"SKIP","floor":48}],"player_experience":2222,"relics_obtained":[{"floor":8.0,"key":"Toxic Egg 2"},{"floor":9.0,"key":"Ancient Tea Set"},{"floor":23.0,"key":"Bag of Preparation"},{"floor":25.0,"key":"MealTicket"},{"floor":26.0,"key":"Dream Catcher"},{"floor":37.0,"key":"Girya"},{"floor":38.0,"key":"Question Card"},{"floor":41,"key":"Pen Nib"},{"floor":41,"key":"Bag of Marbles"},{"floor":43,"key":"Nunchaku"}],"event_choices":[{"damage_healed":0.0,"max_hp_gain":0.0,"max_hp_loss":0.0,"gold_gain":275.0,"event_name":"Golden Shrine","player_choice":"Desecrate","floor":3.0,"gold_loss":0.0,"damage_taken":0.0,"cards_obtained":["Regret"]},{"cards_removed":["Regret"],"damage_healed":0.0,"max_hp_gain":0.0,"max_hp_loss":0.0,"gold_gain":0.0,"event_name":"Golden Wing","player_choice":"Card Removal","floor":11.0,"gold_loss":0.0,"damage_taken":7.0},{"damage_healed":0.0,"max_hp_gain":0.0,"max_hp_loss":5.0,"gold_gain":0.0,"event_name":"Golden Idol","player_choice":"Lose Max HP","floor":13.0,"gold_loss":0.0,"damage_taken":0.0,"relics_obtained":["Golden Idol"]},{"damage_healed":0.0,"max_hp_gain":0.0,"max_hp_loss":0.0,"gold_gain":0.0,"event_name":"Accursed Blacksmith","player_choice":"Forge","floor":14.0,"gold_loss":0.0,"damage_taken":0.0,"cards_upgraded":["Blade Dance"]},{"damage_healed":0.0,"max_hp_gain":5.0,"max_hp_loss":0.0,"gold_gain":0.0,"event_name":"Forgotten Altar","player_choice":"Shed Blood","floor":19.0,"gold_loss":0.0,"damage_taken":16.0},{"cards_removed":["Strike_G"],"damage_healed":0.0,"max_hp_gain":0.0,"max_hp_loss":0.0,"gold_gain":0.0,"event_name":"Back to Basics","player_choice":"Elegance","floor":20.0,"gold_loss":0.0,"damage_taken":0.0},{"damage_healed":0.0,"max_hp_gain":0.0,"max_hp_loss":0.0,"gold_gain":0.0,"event_name":"Drug Dealer","player_choice":"Inject Mutagens","floor":27.0,"gold_loss":0.0,"damage_taken":0.0,"relics_obtained":["MutagenicStrength"]},{"damage_healed":0.0,"max_hp_gain":0.0,"max_hp_loss":0.0,"gold_gain":0.0,"event_name":"MindBloom","player_choice":"Fight","floor":37.0,"gold_loss":0.0,"damage_taken":0.0},{"damage_healed":0.0,"max_hp_gain":0.0,"max_hp_loss":0.0,"gold_gain":0.0,"event_name":"Tomb of Lord Red Mask","player_choice":"Ignored","floor":39.0,"gold_loss":0.0,"damage_taken":0.0},{"damage_healed":0,"gold_gain":0,"player_choice":"Memory 1","damage_taken":0,"max_hp_gain":0,"max_hp_loss":0,"event_name":"SensoryStone","floor":45,"gold_loss":0},{"damage_healed":0,"gold_gain":0,"player_choice":"Bought 0 Potions","damage_taken":0,"max_hp_gain":0,"max_hp_loss":0,"event_name":"The Woman in Blue","floor":47,"gold_loss":0}],"is_beta":false,"boss_relics":[{"not_picked":["Empty Cage","Runic Pyramid"],"picked":"Fusion Hammer"},{"not_picked":["Runic Dome","Philosopher\u0027s Stone"],"picked":"Black Star"}],"items_purged_floors":[24,46],"is_endless":false,"potions_floor_spawned":[4,5,10,18,28,29,31,41],"ascension_level":0}}