{"host":"qrt7o4dq2qslzw13","time":1610254539,"event":{"mods":["AchievementEnabler","BaseMod","Colored Map","Colored Powertips","Minty Spire (QoL Compilation)","Quick Restart","StSLib","SuperFastMode"],"gold_per_floor":[119,82,82,82,157,191,191,191,214,228,228,246,258,290,290,394,394,410,426,443,190,206,206,226,226,275,275,294,19,52,72,72,174,174,187,205,215,215,38,38,64,64,139,139,158,158,13,24,24,24,24,24,24,57,57,57],"floor_reached":55,"playtime":2111,"items_purged":[],"score":827,"play_id":"d14a931d-ec79-47b2-873a-136c9d85d9b1","local_time":"20210109235539","is_ascension_mode":false,"campfire_choices":[{"floor":7.0,"key":"REST"},{"floor":11.0,"key":"REST"},{"data":"Rampage","floor":15.0,"key":"SMITH"},{"data":"Armaments","floor":25.0,"key":"SMITH"},{"data":"Barricade","floor":27.0,"key":"SMITH"},{"data":"Impervious","floor":32.0,"key":"SMITH"},{"floor":40.0,"key":"REST"},{"floor":42.0,"key":"REST"},{"floor":49.0,"key":"RECALL"},{"floor":52.0,"key":"REST"}],"circlet_count":0,"master_deck":["Strike_R","Strike_R","Defend_R","Defend_R","Defend_R","Defend_R","Bash","Rupture","Reckless Charge","Rampage+1","Twin Strike","Power Through","Shrug It Off","Barricade+1","Heavy Blade","Impervious+1","Armaments+1","Body Slam+1","Pummel+1","Trip","Burning Pact","Evolve","Feel No Pain","True Grit+1","Anger+1","Second Wind","Rage","Pummel","Warcry+1","Dual Wield","Sentinel","Intimidate","Spot Weakness","Combust+1","Double Tap","Disarm","Whirlwind","Hemokinesis","Inflame","Flame Barrier","Combust","Havoc+1","Shrug It Off","Parasite","Uppercut","Doubt","Impervious","Armaments","Thunderclap","Burning Pact"],"relics":["Burning Blood","Blood Vial","The Courier","Bag of Preparation","Bronze Scales","Mark of Pain","Orrery","Lizard Tail","Fusion Hammer","Bag of Marbles","Gremlin Horn","Toy Ornithopter"],"acts_visited":["Exordium","TheCity","TheBeyond","TheEnding"],"potions_floor_usage":[55],"damage_taken":[{"damage":5.0,"enemies":"Jaw Worm","floor":1.0,"turns":4.0},{"damage":42.0,"enemies":"3 Sentries","floor":6.0,"turns":12.0},{"damage":3.0,"enemies":"2 Louse","floor":10.0,"turns":2.0},{"damage":0.0,"enemies":"Cultist","floor":12.0,"turns":3.0},{"damage":0.0,"enemies":"Red Slaver","floor":13.0,"turns":4.0},{"damage":19.0,"enemies":"Lagavulin","floor":14.0,"turns":12.0},{"damage":79.0,"enemies":"Slime Boss","floor":16.0,"turns":18.0},{"damage":29.0,"enemies":"Shell Parasite","floor":18.0,"turns":6.0},{"damage":0.0,"enemies":"Chosen","floor":19.0,"turns":7.0},{"damage":8.0,"enemies":"Centurion and Healer","floor":20.0,"turns":8.0},{"damage":0.0,"enemies":"Shelled Parasite and Fungi","floor":22.0,"turns":6.0},{"damage":18.0,"enemies":"Snake Plant","floor":24.0,"turns":3.0},{"damage":2.0,"enemies":"Cultist and Chosen","floor":28.0,"turns":8.0},{"damage":16.0,"enemies":"Gremlin Leader","floor":30.0,"turns":6.0},{"damage":23.0,"enemies":"Chosen and Byrds","floor":31.0,"turns":8.0},{"damage":8.0,"enemies":"Champ","floor":33.0,"turns":11.0},{"damage":33.0,"enemies":"3 Darklings","floor":35.0,"turns":9.0},{"damage":20.0,"enemies":"Orb Walker","floor":36.0,"turns":4.0},{"damage":10.0,"enemies":"4 Shapes","floor":37.0,"turns":6.0},{"damage":39.0,"enemies":"Giant Head","floor":41.0,"turns":8.0},{"damage":20.0,"enemies":"Writhing Mass","floor":45.0,"turns":7.0},{"damage":41.0,"enemies":"Spire Growth","floor":48.0,"turns":6.0},{"damage":52.0,"enemies":"Awakened One","floor":50.0,"turns":16.0},{"damage":64.0,"enemies":"Shield and Spear","floor":54.0,"turns":8.0},{"damage":14,"enemies":"The Heart","floor":55,"turns":3}],"seed_played":"-9159293879456444442","potions_obtained":[{"floor":1.0,"key":"Block Potion"},{"floor":12.0,"key":"DistilledChaos"},{"floor":16.0,"key":"Ancient Potion"},{"floor":18.0,"key":"Swift Potion"},{"floor":20.0,"key":"DistilledChaos"},{"floor":22.0,"key":"Regen Potion"},{"floor":33.0,"key":"BlessingOfTheForge"},{"floor":37.0,"key":"BloodPotion"},{"floor":45.0,"key":"Regen Potion"},{"floor":48.0,"key":"AttackPotion"},{"floor":54.0,"key":"PowerPotion"}],"is_trial":false,"path_per_floor":["M","$","?","?","?","E","R","?","T","M","R","M","M","E","R","B",null,"M","M","M","$","M","?","M","R","T","R","M","$","E","M","R","B",null,"M","M","M","?","$","R","E","R","T","?","M","?","$","M","R","B",null,"R","$","E","B"],"character_chosen":"IRONCLAD","items_purchased":["Reckless Charge","Trip","Burning Pact","Evolve","Feel No Pain","Orrery","Sentinel","Intimidate","Spot Weakness","Inflame","Flame Barrier","Combust","Impervious","Armaments"],"campfire_rested":5,"item_purchase_floors":[2,21,21,21,21,29,29,29,29,39,39,39,47,47],"current_hp_per_floor":[73,73,73,66,55,21,49,49,49,54,82,90,96,83,83,12,96,73,81,81,81,89,89,79,79,79,79,85,85,91,76,76,76,96,69,57,74,74,74,96,63,91,91,91,79,96,96,66,66,22,96,96,96,38,31,31],"gold":57,"neow_bonus":"TWENTY_PERCENT_HP_BONUS","is_daily":false,"chose_seed":false,"campfire_upgraded":4,"win_rate":0.0,"timestamp":1610254539,"path_taken":["M","$","?","?","?","E","R","?","T","M","R","M","?","E","R","BOSS","M","M","M","$","M","?","M","R","T","R","?","$","E","M","R","BOSS","M","M","M","?","$","R","E","R","T","?","?","?","$","M","R","BOSS","R","$","E","BOSS"],"items_purchased_type":["Card","Card","Card","Card","Card","Relic","Card","Card","Card","Card","Card","Card","Card","Card"],"build_version":"2020-12-22","purchased_purges":0,"victory":false,"max_hp_per_floor":[96,96,96,96,96,96,96,96,96,96,96,96,96,96,96,96,96,96,96,96,96,96,96,96,96,96,96,96,96,96,96,96,96,96,96,96,96,96,96,96,96,96,96,96,96,96,96,96,96,96,96,96,96,96,96,96],"card_choices":[{"not_picked":["Warcry","Shrug It Off"],"picked":"Rupture","floor":1.0},{"not_picked":["Flex","Sword Boomerang"],"picked":"Rampage","floor":6.0},{"not_picked":["Carnage","Warcry"],"picked":"Power Through","floor":10.0},{"not_picked":["Warcry","Havoc"],"picked":"Shrug It Off","floor":12.0},{"not_picked":["Headbutt","Reckless Charge"],"picked":"Barricade","floor":13.0},{"not_picked":["Armaments","Battle Trance"],"picked":"Heavy Blade","floor":14.0},{"not_picked":["Reaper","Demon Form"],"picked":"Impervious","floor":16.0},{"not_picked":["Havoc","Sword Boomerang"],"picked":"Armaments","floor":18.0},{"not_picked":["Iron Wave","Seeing Red"],"picked":"Body Slam+1","floor":19.0},{"not_picked":["Clash","Warcry"],"picked":"Pummel+1","floor":20.0},{"not_picked":["Cleave","Anger"],"picked":"True Grit+1","floor":22.0},{"not_picked":["Rampage","Shrug It Off"],"picked":"Anger+1","floor":24.0},{"not_picked":["Barricade","Power Through"],"picked":"Second Wind","floor":28.0},{"not_picked":["Headbutt","Havoc"],"picked":"Rage","floor":29.0},{"not_picked":["Wild Strike","Clash"],"picked":"Pummel","floor":29.0},{"not_picked":["Dual Wield","Twin Strike"],"picked":"Warcry+1","floor":29.0},{"not_picked":["Sever Soul","Clash"],"picked":"Dual Wield","floor":29.0},{"not_picked":["Battle Trance","Twin Strike"],"picked":"Combust+1","floor":30.0},{"not_picked":["Thunderclap","Clothesline","Sword Boomerang+1"],"picked":"SKIP","floor":31.0},{"not_picked":["Thunderclap","Sword Boomerang+1"],"picked":"Clothesline","floor":31.0},{"not_picked":["Feed","Berserk"],"picked":"Double Tap","floor":33.0},{"not_picked":["Clash+1","Metallicize"],"picked":"Disarm","floor":35.0},{"not_picked":["Uppercut+1","True Grit+1"],"picked":"Whirlwind","floor":36.0},{"not_picked":["Pummel+1","Havoc"],"picked":"Hemokinesis","floor":37.0},{"not_picked":["Searing Blow","Perfected Strike"],"picked":"Havoc+1","floor":41.0},{"not_picked":["Havoc","Barricade"],"picked":"Uppercut","floor":45.0},{"not_picked":["Clash","True Grit"],"picked":"Thunderclap","floor":48.0},{"not_picked":["Evolve","Clothesline"],"picked":"Burning Pact","floor":54.0}],"player_experience":532420,"relics_obtained":[{"floor":6.0,"key":"The Courier"},{"floor":9.0,"key":"Bag of Preparation"},{"floor":14.0,"key":"Bronze Scales"},{"floor":30.0,"key":"Lizard Tail"},{"floor":41.0,"key":"Bag of Marbles"},{"floor":43.0,"key":"Gremlin Horn"},{"floor":54.0,"key":"Toy Ornithopter"}],"event_choices":[{"damage_healed":0.0,"max_hp_gain":0.0,"max_hp_loss":0.0,"gold_gain":0.0,"event_name":"Big Fish","player_choice":"Box","floor":3.0,"gold_loss":0.0,"damage_taken":0.0,"relics_obtained":["Blood Vial"],"cards_obtained":["Regret"]},{"cards_removed":["Regret"],"damage_healed":0.0,"max_hp_gain":0.0,"max_hp_loss":0.0,"gold_gain":0.0,"event_name":"Golden Wing","player_choice":"Card Removal","floor":4.0,"gold_loss":0.0,"damage_taken":7.0},{"damage_healed":0.0,"max_hp_gain":0.0,"max_hp_loss":0.0,"gold_gain":75.0,"event_name":"World of Goop","player_choice":"Gather Gold","floor":5.0,"gold_loss":0.0,"damage_taken":11.0},{"damage_healed":0.0,"max_hp_gain":0.0,"max_hp_loss":0.0,"gold_gain":0.0,"cards_transformed":["Strike_R"],"event_name":"Transmorgrifier","player_choice":"Transformed","floor":8.0,"gold_loss":0.0,"damage_taken":0.0,"cards_obtained":["Twin Strike"]},{"cards_removed":["Strike_R"],"damage_healed":0.0,"max_hp_gain":0.0,"max_hp_loss":0.0,"gold_gain":0.0,"event_name":"Purifier","player_choice":"Purged","floor":23.0,"gold_loss":0.0,"damage_taken":0.0},{"cards_removed":["Strike_R"],"damage_healed":0.0,"max_hp_gain":0.0,"max_hp_loss":0.0,"gold_gain":0.0,"event_name":"Falling","player_choice":"Removed Attack","floor":38.0,"gold_loss":0.0,"damage_taken":0.0},{"damage_healed":0.0,"max_hp_gain":0.0,"max_hp_loss":0.0,"gold_gain":0.0,"cards_transformed":["Clothesline"],"event_name":"Transmorgrifier","player_choice":"Transformed","floor":44.0,"gold_loss":0.0,"damage_taken":0.0,"cards_obtained":["Shrug It Off"]},{"damage_healed":17.0,"max_hp_gain":0.0,"max_hp_loss":0.0,"gold_gain":0.0,"event_name":"MindBloom","player_choice":"Heal","floor":46.0,"gold_loss":0.0,"damage_taken":0.0,"cards_obtained":["Doubt"]}],"is_beta":false,"boss_relics":[{"not_picked":["SlaversCollar","Coffee Dripper"],"picked":"Mark of Pain"},{"not_picked":["Runic Dome","Tiny House"],"picked":"Fusion Hammer"}],"items_purged_floors":[],"is_endless":false,"potions_floor_spawned":[1,12,16,18,20,22,28,33,37,45,48,54],"killed_by":"The Heart","ascension_level":0}}