{"host":"0tiuc76yumknr6qf","time":1610305465,"event":{"mods":["BaseMod","Colored Map","Highlight Path","Jedi Mod","Minty Spire (QoL Compilation)","StSLib"],"gold_per_floor":[109,119,119,135,135,161,236,286,332,344,366,378,408,102,102,173,173,186,186,205,222,271,271,271,271],"floor_reached":24,"playtime":1344,"items_purged":[],"score":392,"play_id":"c1a2307a-0529-4040-9ef9-a9349c7a6c5f","local_time":"20210110130425","is_ascension_mode":true,"campfire_choices":[{"floor":10.0,"key":"REST"},{"data":"jedi:collectorvenom","floor":12.0,"key":"SMITH"},{"data":"After Image","floor":15.0,"key":"SMITH"},{"floor":23,"key":"REST"}],"circlet_count":0,"master_deck":["AscendersBane","Strike_G","Strike_G","Strike_G","Strike_G","Strike_G","Defend_G","Defend_G","Defend_G","Defend_G","Defend_G","Survivor","Neutralize","All Out Attack","Bane","After Image+1","Dash","Noxious Fumes","Deadly Poison","jedi:collectorvenom+1","Well Laid Plans","jedi:poisonivy","After Image","Acrobatics","Blade Dance","Infinite Blades"],"relics":["jedi:paperlyon","MealTicket","MawBank","jedi:scrapmetal","Black Star","Lantern"],"acts_visited":["Exordium","TheCity"],"potions_floor_usage":[21,24],"damage_taken":[{"damage":9.0,"enemies":"Cultist","floor":1.0,"turns":5.0},{"damage":0.0,"enemies":"Small Slimes","floor":2.0,"turns":4.0},{"damage":0.0,"enemies":"2 Louse","floor":4.0,"turns":2.0},{"damage":30.0,"enemies":"Gremlin Nob","floor":6.0,"turns":5.0},{"damage":2.0,"enemies":"2 Fungi Beasts","floor":11.0,"turns":3.0},{"damage":0.0,"enemies":"3 Louse","floor":13.0,"turns":2.0},{"damage":21.0,"enemies":"The Guardian","floor":16.0,"turns":11.0},{"damage":26,"enemies":"2 Thieves","floor":18,"turns":4},{"damage":8,"enemies":"Spheric Guardian","floor":20,"turns":5},{"damage":16,"enemies":"Snake Plant","floor":21,"turns":6},{"damage":40,"enemies":"Slavers","floor":24,"turns":3}],"seed_played":"4470843457460341886","potions_obtained":[{"floor":1.0,"key":"Dexterity Potion"},{"floor":6.0,"key":"jedi:StrikingPotion"},{"floor":11.0,"key":"GhostInAJar"},{"floor":16.0,"key":"Explosive Potion"}],"is_trial":false,"path_per_floor":["M","M","?","M","?","E","?","?","T","R","M","R","M","$","R","B",null,"M","?","M","M","T","R","E"],"character_chosen":"THE_SILENT","items_purchased":["jedi:scrapmetal","jedi:poisonivy"],"campfire_rested":2,"item_purchase_floors":[14,14],"current_hp_per_floor":[50,50,50,50,50,20,9,9,9,28,26,26,26,41,41,20,55,29,29,21,5,5,24,0,0],"gold":271,"neow_bonus":"BOSS_RELIC","is_daily":false,"chose_seed":false,"campfire_upgraded":2,"win_rate":0.0,"timestamp":1610305465,"path_taken":["M","?","?","?","?","E","?","?","T","R","M","R","?","$","R","BOSS","M","?","M","M","?","R","E"],"items_purchased_type":["Relic","Card"],"build_version":"2020-12-22","purchased_purges":0,"victory":false,"max_hp_per_floor":[66,66,66,66,66,66,66,66,66,66,66,66,66,66,66,66,66,66,66,66,66,66,66,66,66],"card_choices":[{"not_picked":["Concentrate","Prepared"],"picked":"All Out Attack","floor":1.0},{"not_picked":["Backflip","Concentrate"],"picked":"Bane","floor":2.0},{"not_picked":["Caltrops","Deflect"],"picked":"Noxious Fumes","floor":4.0},{"not_picked":["Finisher","Poisoned Stab"],"picked":"Deadly Poison","floor":6.0},{"not_picked":["Deadly Poison","Poisoned Stab"],"picked":"jedi:collectorvenom","floor":11.0},{"not_picked":["Deflect","Poisoned Stab"],"picked":"Well Laid Plans","floor":13.0},{"not_picked":["jedi:studypoison","Grand Finale"],"picked":"After Image","floor":16.0},{"not_picked":["Cloak And Dagger","Outmaneuver"],"picked":"Acrobatics","floor":18},{"not_picked":["Sucker Punch","Deadly Poison"],"picked":"jedi:collectorvenom+1","floor":20},{"not_picked":["jedi:collectorvenom+1","Blade Dance"],"picked":"Infinite Blades","floor":21}],"player_experience":1839672,"relics_obtained":[{"floor":6.0,"key":"MealTicket"},{"floor":9.0,"key":"MawBank"},{"floor":22,"key":"Lantern"}],"event_choices":[{"damage_healed":0.0,"max_hp_gain":0.0,"max_hp_loss":0.0,"gold_gain":0.0,"event_name":"Match and Keep!","player_choice":"2 cards matched","floor":3.0,"gold_loss":0.0,"damage_taken":0.0,"cards_obtained":["After Image","Dash"]},{"damage_healed":0.0,"max_hp_gain":0.0,"max_hp_loss":0.0,"gold_gain":0.0,"event_name":"Scrap Ooze","player_choice":"Fled","floor":5.0,"gold_loss":0.0,"damage_taken":0.0},{"damage_healed":0.0,"max_hp_gain":0.0,"max_hp_loss":0.0,"gold_gain":75.0,"event_name":"World of Goop","player_choice":"Gather Gold","floor":7.0,"gold_loss":0.0,"damage_taken":11.0},{"damage_healed":0.0,"max_hp_gain":0.0,"max_hp_loss":0.0,"gold_gain":50.0,"event_name":"Golden Shrine","player_choice":"Pray","floor":8.0,"gold_loss":0.0,"damage_taken":0.0},{"damage_healed":0,"gold_gain":0,"player_choice":"Read","damage_taken":0,"max_hp_gain":0,"max_hp_loss":0,"event_name":"The Library","floor":19,"gold_loss":0,"cards_obtained":["Blade Dance"]}],"is_beta":false,"boss_relics":[{"not_picked":["Ectoplasm","Astrolabe"],"picked":"Black Star"}],"items_purged_floors":[],"is_endless":false,"potions_floor_spawned":[1,6,11,16,18],"killed_by":"Slavers","ascension_level":20}}