{"host":"yaxsefyig1et0yi2","time":1610269506,"event":{"mods":["Aspiration","BaseMod","BetterRewards","Colored Powertips","Conspire","Displayed Cursed Tome","Downfall","Halation","Hubris","Infinite Spire","JesterMod","Minty Spire (QoL Compilation)","Quick Restart","RatMod","Replay The Spire","Reworked Bosses","Spikes Relics","StSLib","The Jungle"],"gold_per_floor":[99,99,99,99,99,99,99,134,153,153,165,165,190,78,93,198,198,198,198,213,224,243,253,323,83,100,100,48,64,64,81,99,201,201,201,201,201,3,3,23,23,36,96,116,116,158,158,180,200,309,309,309,326,342,450,465,46,46,119,169,189,189,189,257,307,309,309,309],"floor_reached":66,"playtime":3220,"items_purged":[],"score":849,"play_id":"022bfe0b-4a21-480f-8f44-27203b37766f","local_time":"20210110040506","is_ascension_mode":false,"campfire_choices":[{"data":"Slimebound:CorrosiveSpit","floor":1.0,"key":"SMITH"},{"data":"Slimebound:Split","floor":6.0,"key":"SMITH"},{"data":"Slimebound:SamplingLick","floor":10.0,"key":"SMITH"},{"data":"Slimebound:AcidTongue","floor":12.0,"key":"SMITH"},{"data":"Slimebound:TongueLash","floor":18.0,"key":"SMITH"},{"data":"infinitespire:Punishment","floor":30.0,"key":"SMITH"},{"data":"Slimebound:OozeBath","floor":35.0,"key":"SMITH"},{"data":"Slimebound:OozeBath","floor":45,"key":"SMITH"},{"floor":47,"key":"REST"},{"data":"Slimebound:AcidTongue","floor":52,"key":"SMITH"},{"data":"infinitespire:Punishment","floor":63,"key":"SMITH"}],"circlet_count":0,"master_deck":["Slimebound:Defend_Slimebound","Slimebound:Defend_Slimebound","Slimebound:Defend_Slimebound","Slimebound:Defend_Slimebound","Slimebound:Split+1","Slimebound:CorrosiveSpit+1","Slimebound:SamplingLick+1","Slimebound:RejuvenatingLick","Slimebound:HauntingLick","Slimebound:MegaLick","Slimebound:PressTheAttack","Slimebound:AcidTongue+1","Slimebound:LevelUp","Slimebound:Overexert","Slimebound:TongueLash+1","Slimebound:Schlurp","Slimebound:LeechingTouch","Slimebound:OozeBath+1","infinitespire:Punishment+1","Slimebound:SplitMire","Slimebound:LeadByExample","Slimebound:GrowthPunch","Slimebound:ViciousTackle","Slimebound:Nibble","Slimebound:LevelUp","Writhe","Slimebound:Overexert","Slimebound:RejuvenatingLick+1","Slimebound:AcidTongue+1","Slimebound:Grow","Slimebound:SplitBruiser+1","Slimebound:GrowthPunch+1","Slimebound:OozeBath+1","Replay:SS_forest_6+1","Slimebound:RejuvenatingLick+1","Slimebound:SplitMire+1","Slimebound:Schlurp+1","Slimebound:Chomp+1","Slimebound:RainOfGoop+1","Slimebound:AcidTongue+1","hubris:Wrath","ReplayTheSpireMod:Splinters","Slimebound:SplitBruiser","Slimebound:GrowthPunch","Slimebound:SplitBruiser","Slimebound:OozeBath","Slimebound:Nibble","infinitespire:DeathsTouch","infinitespire:Punishment+1","infinitespire:Fortify","Slimebound:AcidTongue"],"relics":["downfall:HeartsMalice","Sundial","infinitespire:CursedDice","CaptainsWheel","Ring of Chaos","hubris:Reverence","Strange Spoon","conspire:GiftBox","SlaversCollar","Eternal Feather","conspire:Boomerang","Oddly Smooth Stone","Replay:Bandana","Singing Bowl","Kintsugi","downfall:CloakOfManyFaces","CultistMask","FaceOfCleric","NlothsMask","GremlinMask","SsserpentHead","Replay:Bottled Steam","m_SlimeRing"],"acts_visited":["Exordium","TheCity","TheBeyond","Exordium"],"potions_floor_usage":[50,50,55,64,66],"damage_taken":[{"damage":0.0,"enemies":"2 Louse","floor":3.0,"turns":1.0},{"damage":0.0,"enemies":"Cultist","floor":4.0,"turns":1.0},{"damage":0.0,"enemies":"Small Slimes","floor":5.0,"turns":1.0},{"damage":28.0,"enemies":"Lagavulin","floor":8.0,"turns":8.0},{"damage":8.0,"enemies":"2 Fungi Beasts","floor":9.0,"turns":4.0},{"damage":15.0,"enemies":"Gremlin Gang","floor":11.0,"turns":4.0},{"damage":16.0,"enemies":"Gremlin Nob","floor":13.0,"turns":3.0},{"damage":8.0,"enemies":"downfall:FleeingMerchant","floor":14.0,"turns":4.0},{"damage":11.0,"enemies":"3 Louse","floor":15.0,"turns":2.0},{"damage":64.0,"enemies":"downfall:Ironclad","floor":16.0,"turns":8.0},{"damage":18.0,"enemies":"Chosen","floor":20.0,"turns":4.0},{"damage":19.0,"enemies":"conspire:HollyBat","floor":21.0,"turns":5.0},{"damage":34.0,"enemies":"Snecko","floor":22.0,"turns":5.0},{"damage":27.0,"enemies":"Chosen and Byrds","floor":23.0,"turns":5.0},{"damage":18.0,"enemies":"downfall:FleeingMerchant","floor":25.0,"turns":4.0},{"damage":29.0,"enemies":"Centurion and Healer","floor":26.0,"turns":4.0},{"damage":10.0,"enemies":"downfall:FleeingMerchant","floor":28.0,"turns":4.0},{"damage":44.0,"enemies":"3 Cultists","floor":29.0,"turns":5.0},{"damage":54.0,"enemies":"Cultist and Chosen","floor":31.0,"turns":5.0},{"damage":35.0,"enemies":"Centurion and Healer","floor":32.0,"turns":5.0},{"damage":34.0,"enemies":"downfall:Defect","floor":33.0,"turns":7.0},{"damage":32.0,"enemies":"downfall:FleeingMerchant","floor":38.0,"turns":3.0},{"damage":19,"enemies":"Orb Walker","floor":40,"turns":4},{"damage":9,"enemies":"3 Shapes","floor":42,"turns":5},{"damage":12,"enemies":"Jaw Worm Horde","floor":44,"turns":3},{"damage":71,"enemies":"Nightmare","floor":46,"turns":5},{"damage":39,"enemies":"Maw","floor":48,"turns":6},{"damage":27,"enemies":"4 Shapes","floor":49,"turns":5},{"damage":18,"enemies":"downfall:Watcher","floor":50,"turns":6},{"damage":21,"enemies":"Small Slimes","floor":53,"turns":3},{"damage":22,"enemies":"Jaw Worm","floor":54,"turns":2},{"damage":41,"enemies":"downfall:FaceTrader","floor":55,"turns":3},{"damage":22,"enemies":"conspire:RoseBush","floor":56,"turns":4},{"damage":10,"enemies":"Large Slime","floor":59,"turns":4},{"damage":31,"enemies":"Blue Slaver","floor":61,"turns":3},{"damage":35,"enemies":"conspire:2 RoseBushes","floor":64,"turns":4},{"damage":50,"enemies":"Lots of Slimes","floor":66,"turns":2}],"seed_played":"-4644214432146281787","potions_obtained":[{"floor":8.0,"key":"Slimebound:SpawnSlimePotion"},{"floor":9.0,"key":"Languid Potion"},{"floor":11.0,"key":"Toxic Potion"},{"floor":15.0,"key":"Regen Potion"},{"floor":16.0,"key":"Energy Potion"},{"floor":21.0,"key":"PowerPotion"},{"floor":26.0,"key":"Swift Potion"},{"floor":32.0,"key":"Block Potion"},{"floor":43,"key":"Ancient Potion"},{"floor":44,"key":"DuplicationPotion"},{"floor":50,"key":"infinitespire:BlackPotion"},{"floor":53,"key":"Strength Potion"},{"floor":59,"key":"Explosive Potion"}],"is_trial":false,"path_per_floor":["R","?","M","M","M","R","T","E","M","R","M","R","E","$","M","B",null,"R","?","M","M","M","M","T","$","M","?","$","M","R","M","M","B",null,"R","?","?","$","?","M","T","M","?","M","R","NM","R","M","M","B",null,"R","M","M","?","M","$","T","M","?","M","AVR","R","M","?","M"],"character_chosen":"SLIMEBOUND","items_purchased":["Slimebound:TongueLash","Slimebound:Schlurp","Strange Spoon","Slimebound:Nibble","Slimebound:AcidTongue","Eternal Feather","conspire:Boomerang","Replay:Bottled Steam","Slimebound:OozeBath","Slimebound:Nibble"],"campfire_rested":1,"item_purchase_floors":[14,14,25,25,28,38,38,57,57,57],"current_hp_per_floor":[60,60,60,60,60,60,60,56,60,60,60,60,60,60,60,26,60,60,45,43,46,34,49,49,57,46,46,44,30,30,34,25,31,60,60,60,60,46,46,53,53,58,58,54,60,15,57,38,45,64,64,64,55,39,28,21,21,21,34,34,30,30,60,46,46,0,0,0],"gold":309,"neow_bonus":"THREE_ENEMY_KILL","is_daily":false,"chose_seed":false,"campfire_upgraded":10,"win_rate":0.0,"timestamp":1610269506,"path_taken":["R","?","?","M","M","R","T","E","M","R","M","R","E","$","M","BOSS","R","?","M","M","M","M","T","$","M","?","$","M","R","M","M","BOSS","R","?","?","$","?","M","T","?","?","M","R","NM","R","M","M","BOSS","R","M","M","?","M","$","T","?","?","M","AVR","R","?","?","M"],"items_purchased_type":["Card","Card","Relic","Card","Card","Relic","Relic","Relic","Card","Card"],"build_version":"2020-12-22","purchased_purges":0,"victory":false,"max_hp_per_floor":[60,60,60,60,60,60,60,60,60,60,60,60,60,60,60,60,60,60,60,60,60,60,60,60,60,60,60,60,60,60,60,60,60,60,60,60,60,60,60,60,60,60,60,60,60,62,62,62,62,64,64,64,66,66,66,67,67,67,70,70,73,73,73,74,74,74,74,74],"card_choices":[{"not_picked":["Slimebound:RollThrough","Slimebound:SplitLeeching"],"picked":"Slimebound:SamplingLick","floor":3.0},{"not_picked":["Slimebound:ProtectTheBoss","Slimebound:SplitAcid"],"picked":"Slimebound:RejuvenatingLick","floor":4.0},{"not_picked":["Slimebound:ComboTackle","Slimebound:SamplingLick"],"picked":"Slimebound:HauntingLick","floor":5.0},{"not_picked":["Slimebound:GrowthPunch","Slimebound:BestDefense"],"picked":"Slimebound:MegaLick","floor":8.0},{"not_picked":["Slimebound:FinishingTackle","Slimebound:ComboTackle"],"picked":"Slimebound:PressTheAttack","floor":9.0},{"not_picked":["Slimebound:SplitAcid","Slimebound:SplitBruiser"],"picked":"Slimebound:AcidTongue","floor":11.0},{"not_picked":["Slimebound:SplitLeeching","Slimebound:PressTheAttack"],"picked":"Slimebound:LevelUp","floor":13.0},{"not_picked":["Slimebound:ItLooksTasty","Slimebound:ComboTackle"],"picked":"Slimebound:Overexert","floor":14.0},{"not_picked":["Slimebound:SplitAcid","Slimebound:GoopSpray"],"picked":"Slimebound:LeechingTouch","floor":15.0},{"not_picked":["Slimebound:PrepareCrush","Slimebound:MinionMaster"],"picked":"Slimebound:OozeBath","floor":16.0},{"not_picked":["ReplayTheSpireMod:??????????????????????","infinitespire:Collect"],"picked":"infinitespire:Punishment","floor":19.0},{"not_picked":["Slimebound:ProtectTheBoss","Slimebound:PressTheAttack+1"],"picked":"Slimebound:SplitMire","floor":20.0},{"not_picked":["Slimebound:SamplingLick","Slimebound:AcidTongue"],"picked":"Slimebound:LeadByExample","floor":21.0},{"not_picked":["Slimebound:SlimeBrawl","Slimebound:MegaLick"],"picked":"Slimebound:GrowthPunch","floor":22.0},{"not_picked":["Slimebound:AcidTongue","Slimebound:ForwardTackle"],"picked":"Slimebound:Chomp","floor":23.0},{"not_picked":["Slimebound:GoopSpray","Slimebound:ComboTackle"],"picked":"Slimebound:ViciousTackle","floor":25.0},{"not_picked":["Slimebound:ViciousTackle+1","Slimebound:SlimeTap"],"picked":"Slimebound:LevelUp","floor":26.0},{"not_picked":["Slimebound:SelfFormingGoo","Slimebound:DuplicatedForm"],"picked":"Slimebound:Overexert","floor":27.0},{"not_picked":["Slimebound:Gluttony","Slimebound:Schlurp"],"picked":"Slimebound:RejuvenatingLick+1","floor":28.0},{"not_picked":["Slimebound:GoopSpray+1","Slimebound:SlimeSpikes"],"picked":"Slimebound:Grow","floor":29.0},{"not_picked":["Slimebound:FinishingTackle","Slimebound:SlimeSpikes"],"picked":"Slimebound:SplitBruiser+1","floor":31.0},{"not_picked":["Slimebound:Repurpose","Slimebound:SlimeSpikes"],"picked":"Slimebound:GrowthPunch+1","floor":32.0},{"not_picked":["Slimebound:DouseInSlime","Slimebound:OneTwoCombo"],"picked":"Slimebound:OozeBath","floor":33.0},{"not_picked":["expansioncontent:LastStand","expansioncontent:BronzeBeam"],"picked":"Replay:SS_forest_6","floor":36.0},{"not_picked":["Slimebound:ComboTackle+1","Slimebound:SamplingLick+1"],"picked":"Slimebound:RejuvenatingLick+1","floor":40},{"not_picked":["Slimebound:Schlurp","Slimebound:SplitLeeching"],"picked":"Slimebound:SplitMire+1","floor":42},{"not_picked":["Slimebound:SplitLeeching","Slimebound:FinishingTackle"],"picked":"Slimebound:Schlurp+1","floor":43},{"not_picked":["Slimebound:BestDefense","Slimebound:SplitMire"],"picked":"Slimebound:Chomp+1","floor":43},{"not_picked":["Slimebound:ViciousTackle","Slimebound:GrowthPunch+1","Slimebound:SplitLeeching+1"],"picked":"SKIP","floor":44},{"not_picked":["Slimebound:SplitLeeching","Slimebound:Prepare","Slimebound:SlimeTap+1"],"picked":"Singing Bowl","floor":46},{"not_picked":["Slimebound:ComboTackle","Slimebound:Schlurp+1"],"picked":"Slimebound:RainOfGoop+1","floor":48},{"not_picked":["Slimebound:ViciousTackle+1","Slimebound:GoopSpray+1"],"picked":"Slimebound:AcidTongue+1","floor":49},{"not_picked":["Slimebound:PrepareCrush","Slimebound:OneTwoCombo","Slimebound:DuplicatedForm"],"picked":"Singing Bowl","floor":50},{"not_picked":["Slimebound:GoopSpray","Slimebound:SplitLeeching","Slimebound:Schlurp"],"picked":"Singing Bowl","floor":53},{"not_picked":["Slimebound:Gluttony","Slimebound:FinishingTackle"],"picked":"Slimebound:SplitBruiser","floor":54},{"not_picked":["Slimebound:SplitBruiser","Slimebound:DuplicatedForm"],"picked":"Slimebound:GrowthPunch","floor":55},{"not_picked":["Slimebound:SplitLeeching","Slimebound:SlimeBrawl"],"picked":"Slimebound:SplitBruiser","floor":56},{"not_picked":["Slimebound:ForwardTackle","Slimebound:LeechEnergy","Slimebound:Replication"],"picked":"Singing Bowl","floor":59},{"not_picked":["Slimebound:PressTheAttack","Slimebound:Schlurp","Slimebound:SplitBruiser"],"picked":"Singing Bowl","floor":61},{"not_picked":["Slimebound:Equalize","Slimebound:SamplingLick"],"picked":"Slimebound:AcidTongue","floor":64}],"player_experience":247178,"relics_obtained":[{"floor":7.0,"key":"Sundial"},{"floor":8.0,"key":"infinitespire:CursedDice"},{"floor":13.0,"key":"CaptainsWheel"},{"floor":24.0,"key":"hubris:Reverence"},{"floor":41,"key":"Oddly Smooth Stone"},{"floor":43,"key":"Replay:Bandana"},{"floor":46,"key":"Singing Bowl"},{"floor":55,"key":"downfall:CloakOfManyFaces"}],"event_choices":[{"cards_removed":["Slimebound:Tackle"],"damage_healed":0.0,"max_hp_gain":0.0,"max_hp_loss":0.0,"gold_gain":0.0,"event_name":"Bonfire Elementals","player_choice":"Offered Basic","floor":2.0,"gold_loss":0.0,"damage_taken":0.0},{"damage_healed":0,"gold_gain":0,"player_choice":"Forge","damage_taken":0,"max_hp_gain":0,"max_hp_loss":0,"event_name":"Accursed Blacksmith","floor":39,"gold_loss":0,"cards_upgraded":["Replay:SS_forest_6"]},{"cards_removed":["ReplayTheSpireMod:Splinters"],"damage_healed":0,"gold_gain":0,"player_choice":"Purged","damage_taken":0,"max_hp_gain":0,"max_hp_loss":0,"event_name":"Purifier","floor":60,"gold_loss":0}],"is_beta":false,"boss_relics":[{"not_picked":["Black Star","hubris:RunicObelisk"],"picked":"Ring of Chaos"},{"not_picked":["Replay:Grab Bag","Snecko Eye"],"picked":"SlaversCollar"},{"not_picked":["Fusion Hammer","Astrolabe"],"picked":"Kintsugi"}],"items_purged_floors":[],"is_endless":true,"potions_floor_spawned":[8,9,11,15,16,20,21,22,26,32,44,46,49,50,53,54,59],"killed_by":"Lots of Slimes","ascension_level":0}}