{"host":"5gzbaq21mzbu77pn","time":1610302453,"event":{"mods":["2.2 Compatiblity","Aspiration","Bard","Bartender","BaseMod","Beaked The Cultist","BetterRewards","Colored Powertips","Conspire","Downfall","Energized Spire","GifTheSpireLib","Glutton Mod","Gold Saver","Gremlin Mod","GungeonMod","Hubris","Infinite Spire","Koishi","Magitek Elite","Minty Spire (QoL Compilation)","Quick Restart","Replay The Spire","Shop Mod","StSLib","Stuff the Spire","Synergy Search","The Blackbeard","The Clintock","The Cursed","The Disciple","The Hayseed","The Kombatant","The Poker Player","The Saiyan","The Senshi","The Servant 0.9.4","TheBandit"],"gold_per_floor":[422,422,436,72,72,72,103,103,103,135,260,291,311,327,327,480,480,548,568,568,580,591,591,591],"floor_reached":23,"playtime":1313,"items_purged":[],"score":315,"play_id":"e5138321-582c-43d2-a103-b5e71ced0351","local_time":"20210110191413","is_ascension_mode":true,"campfire_choices":[{"floor":6,"key":"REST"},{"floor":15,"key":"REST"}],"circlet_count":0,"master_deck":["Strike_B","Strike_B","Strike_B","Strike_B","Defend_B","Defend_B","Defend_B","Defend_B","Zap","Dualcast+1","StuffTheSpire:Purify","Beam Cell+1","ReplayGash","Capacitor","expansioncontent:ChargeUp","Barrage+1","Coolheaded","Hello World","Melter","Cold Snap","Creative AI","Strike_B","FTL","Conserve Battery","Cold Snap","Stack+1"],"relics":["Cracked Core","hubris:Reverence","MerchantsRug","hubris:MobiusCoin","Quantum Egg","hubris:DeckOfHolding","Pondfish Scales","energizedSpire:HugeHouse","aspiration:RitualStick"],"acts_visited":["Exordium","TheCity"],"potions_floor_usage":[7,16,19,22],"damage_taken":[{"damage":7,"enemies":"Jaw Worm","floor":1,"turns":4},{"damage":0,"enemies":"2 Louse","floor":3,"turns":1},{"damage":0,"enemies":"Gremlin Nob","floor":7,"turns":4},{"damage":24,"enemies":"3 Sentries","floor":10,"turns":7},{"damage":9,"enemies":"Lagavulin","floor":12,"turns":6},{"damage":7,"enemies":"Small Slimes","floor":13,"turns":3},{"damage":0,"enemies":"Blue Slaver","floor":14,"turns":3},{"damage":0,"enemies":"Slime Boss","floor":16,"turns":7},{"damage":10,"enemies":"Chosen","floor":18,"turns":4},{"damage":0,"enemies":"Spheric Guardian","floor":19,"turns":1},{"damage":28,"enemies":"Snake Plant","floor":21,"turns":5},{"damage":9,"enemies":"Centurion and Healer","floor":22,"turns":4},{"damage":13,"enemies":"Book of Stabbing","floor":23,"turns":4}],"seed_played":"4136924214202541327","potions_obtained":[{"floor":1,"key":"Block Potion"},{"floor":14,"key":"LifebloodPotion"},{"floor":16,"key":"FearPotion"},{"floor":18,"key":"Swift Potion"},{"floor":19,"key":"Elixir"},{"floor":21,"key":"Fire Potion"}],"is_trial":false,"path_per_floor":["M","?","M","$","?","R","E","?","T","E","?","E","M","M","R","B",null,"M","M","?","M","M","E"],"character_chosen":"DEFECT","items_purchased":["MerchantsRug","Steam","Capacitor","expansioncontent:ChargeUp"],"campfire_rested":2,"item_purchase_floors":[4,4,4,4],"current_hp_per_floor":[68,68,68,68,68,75,75,60,60,36,25,16,9,9,31,31,70,60,60,46,18,9,0,0],"gold":591,"neow_bonus":"ONE_RANDOM_RARE_CARD","is_daily":false,"chose_seed":false,"campfire_upgraded":0,"win_rate":0.0,"timestamp":1610302453,"path_taken":["M","?","M","$","?","R","E","?","T","E","?","E","?","M","R","BOSS","M","M","?","M","M","E"],"items_purchased_type":["Relic","Card","Card","Card"],"build_version":"2020-12-22","purchased_purges":0,"victory":false,"max_hp_per_floor":[75,75,75,75,75,75,75,75,75,75,75,75,75,75,75,75,70,70,70,70,70,70,70,70],"card_choices":[{"not_picked":["Sweeping Beam","Steam"],"picked":"Beam Cell","floor":1},{"not_picked":["Redo","Coolheaded"],"picked":"ReplayGash","floor":3},{"not_picked":["Go for the Eyes","Recycle"],"picked":"Barrage","floor":7},{"not_picked":["Biased Cognition","ReplayTheSpireMod:System Scan"],"picked":"Coolheaded","floor":10},{"not_picked":["BasicCrystalCard","Hologram"],"picked":"Hello World","floor":12},{"not_picked":["Panic Button","StuffTheSpire:Rend"],"picked":"Melter","floor":13},{"not_picked":["Multi-Cast","ReplayTheSpireMod:Reroute Power"],"picked":"Cold Snap","floor":14},{"not_picked":["Multi-Cast","StuffTheSpire:ForEach"],"picked":"Creative AI","floor":16},{"not_picked":["Barrage","Coolheaded"],"picked":"Conserve Battery","floor":18},{"not_picked":["Beam Cell","Barrage"],"picked":"Cold Snap","floor":19},{"not_picked":["Sweeping Beam","Panic Button+1","Rip and Tear+1"],"picked":"SKIP","floor":21},{"not_picked":["ReplayTheSpireMod:System Scan","BasicCrystalCard+1"],"picked":"Stack+1","floor":22}],"player_experience":907862,"relics_obtained":[{"floor":2,"key":"hubris:Reverence"},{"floor":7,"key":"hubris:MobiusCoin"},{"floor":9,"key":"Quantum Egg"},{"floor":10,"key":"hubris:DeckOfHolding"},{"floor":12,"key":"Pondfish Scales"}],"event_choices":[{"damage_healed":0,"gold_gain":0,"player_choice":"Grow","damage_taken":0,"max_hp_gain":0,"max_hp_loss":0,"event_name":"Living Wall","floor":5,"gold_loss":0,"cards_upgraded":["Beam Cell"]},{"damage_healed":0,"gold_gain":0,"player_choice":"Entered Light","damage_taken":15,"max_hp_gain":0,"max_hp_loss":0,"event_name":"Shining Light","floor":8,"gold_loss":0,"cards_upgraded":["Barrage","Dualcast"]},{"damage_healed":0,"gold_gain":75,"player_choice":"Gather Gold","damage_taken":11,"max_hp_gain":0,"max_hp_loss":0,"event_name":"World of Goop","floor":11,"gold_loss":0}],"is_beta":false,"boss_relics":[{"not_picked":["Empty Cage","conspire:RoyalGoblet"],"picked":"energizedSpire:HugeHouse"}],"items_purged_floors":[],"is_endless":false,"potions_floor_spawned":[1,14,16,18,19,21],"killed_by":"Book of Stabbing","ascension_level":2}}