{"host":"zjc1tzo4ovig5lll","time":1610293882,"event":{"mods":["AchievementEnabler","Aspiration","BaseMod","Beaked The Cultist","Better Altar","Better Match","Better Note","Better Sensory Stone","Colored Map","Colored Powertips","Conspire","Energized Spire","Friendly Minions","GifTheSpireLib","Halation","Hermit","Hubris","Minty Spire (QoL Compilation)","Rare Cards Sparkle","Replay The Spire","StSLib","The Blue Laboratory","The Bug Knight","The Construct","The Jungle","everything is the same but u backflip on backflip","vexMod"],"gold_per_floor":[113,126,126,46,46,78,78,108,108,108,108,108,126,50,50,148,148,163,262,280,71,85,85,85],"floor_reached":23,"playtime":901,"items_purged":[],"score":227,"play_id":"c9c3b4a9-630c-45a0-9582-8a02f619f8a9","local_time":"20210110175122","is_ascension_mode":true,"campfire_choices":[{"data":"hermit:Shortfuse","floor":7.0,"key":"SMITH"},{"floor":7.0,"key":"RECALL"},{"data":"hermit:Deadeye","floor":10.0,"key":"SMITH"},{"data":"hermit:Defend_Hermit","floor":10.0,"key":"SMITH"},{"floor":12.0,"key":"REST"},{"data":"hermit:Determination","floor":15.0,"key":"SMITH"},{"data":"hermit:Snapshot","floor":15.0,"key":"SMITH"}],"circlet_count":0,"master_deck":["hermit:Strike_Hermit","hermit:Strike_Hermit","hermit:Strike_Hermit","hermit:Strike_Hermit","hermit:Defend_Hermit+1","hermit:Defend_Hermit","hermit:Defend_Hermit","hermit:Defend_Hermit","hermit:Snapshot+1","hermit:Covet","CurseOfTheBell","hermit:Shortfuse+1","hermit:Deadeye+1","hermit:Determination+1","hermit:HighNoon","hermit:BodyArmor+1","hermit:FlashPowder","Master of Strategy","Apotheosis","Poisoned Strike","hermit:TakeCover"],"relics":["Calling Bell","aspiration:EmptySkull","ReplayTheSpireMod:Shallot","halation:PenCase","halation:EternalFortune","Meat on the Bone","aspiration:HatOfInfinitePower","hubris:Icosahedron","hermit:BartenderGlass","ReplayTheSpireMod:ShopPack"],"acts_visited":["Exordium","TheCity"],"potions_floor_usage":[],"damage_taken":[{"damage":0.0,"enemies":"Jaw Worm","floor":1.0,"turns":4.0},{"damage":0.0,"enemies":"Small Slimes","floor":2.0,"turns":3.0},{"damage":21.0,"enemies":"Lagavulin","floor":6.0,"turns":6.0},{"damage":31.0,"enemies":"Gremlin Nob","floor":8.0,"turns":4.0},{"damage":0.0,"enemies":"Cultist","floor":13.0,"turns":3.0},{"damage":53.0,"enemies":"Hexaghost","floor":16.0,"turns":11.0},{"damage":55.0,"enemies":"3 Byrds","floor":18.0,"turns":7.0},{"damage":17,"enemies":"Spheric Guardian","floor":20,"turns":4},{"damage":27,"enemies":"Shelled Parasite and Fungi","floor":22,"turns":8},{"damage":26,"enemies":"Slavers","floor":23,"turns":1}],"seed_played":"-9145299772440066533","potions_obtained":[],"is_trial":false,"path_per_floor":["M","M","?","$","?","E","R","E","T","R","?","R","M","$","R","B",null,"M","?","M","$","M","E"],"character_chosen":"HERMIT","items_purchased":["hermit:Shortfuse","hermit:Determination","hermit:FlashPowder","ReplayTheSpireMod:ShopPack"],"campfire_rested":1,"item_purchase_floors":[4,14,21,21],"current_hp_per_floor":[75,75,75,75,78,57,57,38,38,38,38,61,61,61,61,23,81,38,38,33,33,18,0,0],"gold":85,"neow_bonus":"BOSS_RELIC","is_daily":false,"chose_seed":false,"campfire_upgraded":5,"win_rate":0.0,"timestamp":1610293882,"path_taken":["M","M","?","$","?","E","R","E","T","R","?","R","?","$","R","BOSS","M","?","M","$","M","E"],"items_purchased_type":["Card","Card","Card","Relic"],"build_version":"2020-12-22","purchased_purges":0,"victory":false,"max_hp_per_floor":[75,75,75,75,78,78,78,78,78,78,78,78,78,78,78,81,81,81,81,81,81,81,81,81],"card_choices":[{"not_picked":["hermit:Dive","hermit:Misfire","hermit:Snipe"],"picked":"SKIP","floor":1.0},{"not_picked":["hermit:Showdown","hermit:LowProfile","hermit:HighCaliber"],"picked":"SKIP","floor":2.0},{"not_picked":["hermit:WideOpen","hermit:Gestalt","hermit:ItchyTrigger"],"picked":"SKIP","floor":6.0},{"not_picked":["hermit:Spite","hermit:SprayPray"],"picked":"hermit:Deadeye","floor":8.0},{"not_picked":["hermit:ItchyTrigger","hermit:NoHoldsBarred","hermit:Dive"],"picked":"SKIP","floor":13.0},{"not_picked":["hermit:Dissolve","hermit:FinalCanter"],"picked":"hermit:HighNoon","floor":16.0},{"not_picked":["hermit:Ricochet","hermit:ShadowCloak","hermit:TakeCover"],"picked":"SKIP","floor":18.0},{"not_picked":["hermit:SprayPray","hermit:Desperado"],"picked":"hermit:BodyArmor+1","floor":20},{"not_picked":["ReplayTheSpireMod:Necrogeddon","vexMod:StairwayStrike"],"picked":"Master of Strategy","floor":21},{"not_picked":["Discovery","hubris:Insight"],"picked":"Apotheosis","floor":21},{"not_picked":["ReplayTheSpireMod:Trickstab","Mind Blast"],"picked":"Poisoned Strike","floor":21},{"not_picked":["hermit:Shortfuse+1","hermit:BodyArmor+1"],"picked":"hermit:TakeCover","floor":22}],"player_experience":649706,"relics_obtained":[{"floor":0.0,"key":"aspiration:EmptySkull"},{"floor":0.0,"key":"ReplayTheSpireMod:Shallot"},{"floor":0.0,"key":"halation:PenCase"},{"floor":6.0,"key":"Meat on the Bone"},{"floor":8.0,"key":"aspiration:HatOfInfinitePower"},{"floor":16.0,"key":"halation:EternalFortune"}],"event_choices":[{"damage_healed":0.0,"max_hp_gain":0.0,"max_hp_loss":0.0,"gold_gain":0.0,"event_name":"conspire:LoneGhost","player_choice":"Disagree","floor":3.0,"gold_loss":0.0,"damage_taken":0.0},{"damage_healed":0.0,"max_hp_gain":0.0,"max_hp_loss":0.0,"gold_gain":99.0,"event_name":"Nest","player_choice":"Stole From Cult","floor":19.0,"gold_loss":0.0,"damage_taken":0.0}],"is_beta":false,"boss_relics":[{"not_picked":["halation:SmartPhone","energizedSpire:EnergizedDie"],"picked":"hermit:BartenderGlass"}],"items_purged_floors":[],"is_endless":false,"potions_floor_spawned":[6,8,18,20,22],"killed_by":"Slavers","ascension_level":3}}