{"host":"Leo","time":1610322738,"event":{"mods":["Act Like it!","Astrologer","BaseMod","Challenge The Spire","Colored Map","Colored Powertips","Downfall","Gensokyo","Hubris","Infinite Spire","KinomotoSakuraMod(ñÿîVñ{?)","Koishi","KomeijiMod","MarisaÅiñ∂âJÅ@ñÇóùçπÅj","Minty Spire (QoL Compilation)","Pale of the Ancients","Prisma Mod","Quick Restart","Random Character Mod","Rare Cards Sparkle","Replay The Spire","StSLib","The Jungle","TheBandit"],"gold_per_floor":[110,110,86,86,104,139,139,139,165,93,109,124,124,137,137,241,291,302,302,302,71,81,81,81,81,94,94,117,117,192,202,229,247,247,343,343,361,374,388,1387,862,862,873,890,890,890,902,902,902,936,936,936],"floor_reached":53,"playtime":9577,"items_purged":["Normality"],"score":732,"play_id":"8df711a4-8f7d-4253-ae3a-6d8f75583008","local_time":"20210110185218","is_ascension_mode":false,"campfire_choices":[{"floor":7,"key":"REST"},{"floor":15,"key":"DIG"},{"data":"PrismaMod:MiyuUncommonStrBuff","floor":23,"key":"SMITH"},{"data":"PrismaMod:MiyuCheapEvoke","floor":27,"key":"SMITH"},{"floor":34,"key":"REST"},{"floor":42,"key":"REST"},{"floor":46,"key":"REST"},{"floor":49,"key":"REST"},{"floor":51,"key":"REST"}],"circlet_count":0,"master_deck":["PrismaMod:MiyuCommonDefend","PrismaMod:MiyuCommonDefend","PrismaMod:MiyuCommonDefend","PrismaMod:MiyuCommonDefend+1","PrismaMod:MiyuCommonDefend+1","PrismaMod:MiyuCommonAttack+1","PrismaMod:MiyuCommonAttack","PrismaMod:MiyuCommonAttack","PrismaMod:MiyuCommonAttack","PrismaMod:MiyuCommonAttack","PrismaMod:MiyuCheapChannelAttack","PrismaMod:MiyuCheapChannelDefend","PrismaMod:MiyuCheapDefend1+1","PrismaMod:MiyuCommonAOEAttack","PrismaMod:MiyuUncommonAttack","PrismaMod:MiyuUberAttack","PrismaMod:MiyuUncommonAOEAttack","PrismaMod:MiyuUberAOEAttack","PrismaMod:MiyuCheapDefend1","PrismaMod:MiyuCheapDexBuff","PrismaMod:MiyuEvokeAllDefend","PrismaMod:MiyuCheapEvoke+1","PrismaMod:MiyuDevil","PrismaMod:MiyuCheapPlate+1","PrismaMod:MiyuDefenseExplosion","PrismaMod:MiyuCheapChannelDefend+1","PrismaMod:MiyuCheapPlate+1","PrismaMod:MiyuAttackChannelVul","PrismaMod:MiyuUncommonStrBuff+1","PrismaMod:MiyuCheapAttack1","PrismaMod:MiyuUberAOEAttack","PrismaMod:MiyuEvokeCheapAttack","PrismaMod:MiyuDefenseExplosion+1","PrismaMod:MiyuChristmas+1","PrismaMod:MiyuEvokeAllAttack+1","PrismaMod:MiyuUncommonAttack","PrismaMod:MiyuCheapStrBuff+1","Normality","PrismaMod:MiyuCheapStrBuff+1","PrismaMod:MiyuUncommonStrBuff+1","PrismaMod:MiyuOrbIncreasePerm+1"],"relics":["hexamod:SpiritBrand","hubris:ToyBattleship","Boot","infinitespire:Cubic Diamond","Anchor","Tiny House","hubris:Towel","Orrery","Pet Ghost","Golden Egg","Replay:Arrowhead","hubris:TerracottaHorce","Nunchaku","infinitespire:ShieldingShard","hubris:BottledRain","Pear"],"acts_visited":["Exordium","TheCity","TheBeyond"],"potions_floor_usage":[33,47,50],"damage_taken":[{"damage":0,"enemies":"Small Slimes","floor":1,"turns":3},{"damage":0,"enemies":"2 Louse","floor":5,"turns":2},{"damage":49,"enemies":"Gremlin Nob","floor":6,"turns":5},{"damage":0,"enemies":"Cultist","floor":11,"turns":3},{"damage":0,"enemies":"2 Fungi Beasts","floor":12,"turns":2},{"damage":13,"enemies":"Blue Slaver","floor":14,"turns":4},{"damage":40,"enemies":"Fading Forest","floor":16,"turns":11},{"damage":25,"enemies":"2 Thieves","floor":18,"turns":4},{"damage":2,"enemies":"Spheric Guardian","floor":22,"turns":5},{"damage":0,"enemies":"Snecko","floor":26,"turns":6},{"damage":14,"enemies":"Snake Plant","floor":31,"turns":5},{"damage":37,"enemies":"Gremlin Leader","floor":32,"turns":9},{"damage":3,"enemies":"Cultist and Chosen","floor":33,"turns":8},{"damage":2,"enemies":"Champ","floor":35,"turns":20},{"damage":9,"enemies":"Orb Walker","floor":37,"turns":5},{"damage":3,"enemies":"3 Shapes","floor":38,"turns":9},{"damage":49,"enemies":"Spire Growth","floor":39,"turns":10},{"damage":7,"enemies":"Sphere and 2 Shapes","floor":43,"turns":5},{"damage":20,"enemies":"4 Shapes","floor":44,"turns":8},{"damage":28,"enemies":"Maw","floor":47,"turns":10},{"damage":36,"enemies":"Giant Head","floor":50,"turns":11},{"damage":10,"enemies":"hubris:GrandSnecko","floor":52,"turns":23}],"seed_played":"-3039715371074939678","potions_obtained":[{"floor":5,"key":"champ:CounterPotion"},{"floor":6,"key":"Milkshake"},{"floor":11,"key":"Dexterity Potion"},{"floor":33,"key":"ExcitationPotion"},{"floor":35,"key":"Ancient Potion"},{"floor":39,"key":"Regen Potion"},{"floor":50,"key":"SteroidPotion"}],"is_trial":false,"path_per_floor":["M","?","$","?","M","E","R","?","T","$","M","M","?","M","R_BF","B",null,"M","?","?","$","M","R","PTL","PTL","M","R","T","AVR","?","M","E","M","R","B",null,"M","M","M","?","$","R","M","M","T","R","M","?","R","E","R","B",null],"character_chosen":"MIYU","items_purchased":["PrismaMod:MiyuCommonAOEAttack","PrismaMod:MiyuUncommonAOEAttack","Orrery","PrismaMod:MiyuUncommonStrBuff","Nunchaku","infinitespire:ShieldingShard","champ:CounterPotion"],"campfire_rested":6,"item_purchase_floors":[3,10,21,21,41,41,41],"current_hp_per_floor":[82,82,82,66,66,17,41,56,56,56,60,64,64,55,55,39,87,63,63,63,63,65,65,65,65,65,65,65,65,57,47,14,15,41,43,76,71,72,27,27,27,53,50,30,30,56,47,47,73,51,80,78],"gold":936,"neow_bonus":"TEN_PERCENT_HP_BONUS","is_daily":false,"chose_seed":false,"campfire_upgraded":2,"win_rate":0.0,"timestamp":1610322738,"path_taken":["M","?","$","?","M","E","R","?","T","$","M","M","?","M","R_BF","BOSS","M","?","?","$","M","R","PTL","PTL","M","R","T","AVR","?","M","E","M","R","BOSS","M","?","M","?","$","R","M","M","T","R","M","?","R","E","R","BOSS"],"items_purchased_type":["Card","Card","Relic","Card","Relic","Relic","Potion"],"build_version":"2020-11-17","purchased_purges":1,"victory":true,"max_hp_per_floor":[82,82,82,82,82,82,82,82,82,82,82,82,82,82,82,82,87,87,87,87,87,87,87,87,87,87,87,87,87,87,87,87,87,87,87,87,87,87,87,87,87,87,87,87,87,87,87,87,87,97,97,97],"card_choices":[{"not_picked":["PrismaMod:MiyuCheapChannelVul","PrismaMod:MiyuCheapChannelDefend"],"picked":"PrismaMod:MiyuCheapDefend1","floor":1},{"not_picked":["PrismaMod:MiyuCheapEvoke","PrismaMod:MiyuCheapStrBuff"],"picked":"PrismaMod:MiyuUncommonAttack","floor":5},{"not_picked":["PrismaMod:MiyuOrbIncreasePerm","PrismaMod:MiyuUncommonAttack"],"picked":"PrismaMod:MiyuUberAttack","floor":6},{"not_picked":["PrismaMod:MiyuDefenseExplosion","PrismaMod:MiyuUncommonDefend"],"picked":"PrismaMod:MiyuUberAOEAttack","floor":11},{"not_picked":["PrismaMod:MiyuCheapDexBuff","PrismaMod:MiyuCommonAOEAttack"],"picked":"PrismaMod:MiyuCheapDefend1","floor":12},{"not_picked":["PrismaMod:MiyuUncommonAttack","PrismaMod:MiyuEvokeCheapDefend"],"picked":"PrismaMod:MiyuCheapDexBuff","floor":14},{"not_picked":["PrismaMod:MiyuDefenseAbsorbMinor","PrismaMod:MiyuDefendChannelDefend"],"picked":"PrismaMod:MiyuEvokeAllDefend","floor":16},{"not_picked":["PrismaMod:MiyuCheapChannelAttack","PrismaMod:MiyuCarnivalAttack"],"picked":"PrismaMod:MiyuCheapEvoke","floor":17},{"not_picked":["PrismaMod:MiyuUncommonAttack","PrismaMod:MiyuCheapDefend1"],"picked":"PrismaMod:MiyuDevil","floor":18},{"not_picked":["PrismaMod:MiyuEvokeAllAttack","PrismaMod:MiyuUncommonAOEAttack"],"picked":"PrismaMod:MiyuCheapPlate+1","floor":21},{"not_picked":["PrismaMod:MiyuAttackChannelWeak+1","PrismaMod:MiyuOrbIncreasePerm"],"picked":"PrismaMod:MiyuDefenseExplosion","floor":21},{"not_picked":["PrismaMod:MiyuUncommonDefend","PrismaMod:MiyuCheapChannelRandom"],"picked":"PrismaMod:MiyuCheapChannelDefend+1","floor":21},{"not_picked":["PrismaMod:MiyuDefenseExplosion","PrismaMod:MiyuCheapChannelVul"],"picked":"PrismaMod:MiyuCheapPlate+1","floor":21},{"not_picked":["PrismaMod:MiyuEvokeAll+1","PrismaMod:MiyuCarnivalAttack"],"picked":"PrismaMod:MiyuAttackChannelVul","floor":21},{"not_picked":["PrismaMod:MiyuEvokeBuffStr","PrismaMod:MiyuUncommonAttack"],"picked":"PrismaMod:MiyuCheapAttack1","floor":22},{"not_picked":["PrismaMod:MiyuCheapChannelDefend","PrismaMod:MiyuEvokeAllDefend"],"picked":"PrismaMod:MiyuUberAOEAttack","floor":26},{"not_picked":["PrismaMod:MiyuCheapChannelWeak+1","PrismaMod:MiyuCheapChannelVul+1"],"picked":"PrismaMod:MiyuEvokeCheapAttack","floor":31},{"not_picked":["PrismaMod:MiyuEvokeCheapAttack","PrismaMod:MiyuCheapChannelWeak"],"picked":"PrismaMod:MiyuDefenseExplosion+1","floor":32},{"not_picked":["PrismaMod:MiyuCheapChannelVul+1","PrismaMod:MiyuEvokeAll"],"picked":"PrismaMod:MiyuChristmas+1","floor":33},{"not_picked":["PrismaMod:MiyuEvokeAllDefend","PrismaMod:MiyuUberDefend"],"picked":"PrismaMod:MiyuEvokeAllAttack","floor":35},{"not_picked":["PrismaMod:MiyuCheapAttack2","PrismaMod:MiyuEvokeCheapAttack+1"],"picked":"PrismaMod:MiyuUncommonAttack","floor":37},{"not_picked":["PrismaMod:MiyuDefenseExplosion+1","PrismaMod:MiyuCheapAttack2+1","PrismaMod:MiyuCheapChannelWeak+1"],"picked":"SKIP","floor":38},{"not_picked":["PrismaMod:MiyuDevil+1","PrismaMod:MiyuCommonAOEAttack+1"],"picked":"PrismaMod:MiyuCheapStrBuff","floor":39},{"not_picked":["PrismaMod:MiyuUberAOEAttack","PrismaMod:MiyuMaid+1"],"picked":"PrismaMod:MiyuCheapStrBuff+1","floor":43},{"not_picked":["PrismaMod:MiyuEvokeBuffDex+1","PrismaMod:MiyuCheapAttack1","PrismaMod:MiyuCheapEvoke"],"picked":"SKIP","floor":44},{"not_picked":["PrismaMod:MiyuEvokeBuffDex","PrismaMod:MiyuMaid+1"],"picked":"PrismaMod:MiyuUncommonStrBuff+1","floor":47},{"not_picked":["PrismaMod:MiyuEvokeBuffDex","PrismaMod:MiyuCheapAttack1"],"picked":"PrismaMod:MiyuOrbIncreasePerm+1","floor":50}],"player_experience":0,"relics_obtained":[{"floor":6,"key":"hubris:ToyBattleship"},{"floor":9,"key":"Boot"},{"floor":15,"key":"Anchor"},{"floor":28,"key":"Pet Ghost"},{"floor":32,"key":"Replay:Arrowhead"},{"floor":45,"key":"hubris:BottledRain"},{"floor":50,"key":"Pear"}],"event_choices":[{"damage_healed":0,"gold_gain":0,"player_choice":"Entered Light","damage_taken":16,"max_hp_gain":0,"max_hp_loss":0,"event_name":"Shining Light","floor":4,"gold_loss":0,"cards_upgraded":["PrismaMod:MiyuCommonAttack","PrismaMod:MiyuCommonDefend"]},{"damage_healed":0,"gold_gain":0,"player_choice":"Ignored","damage_taken":0,"max_hp_gain":0,"max_hp_loss":0,"event_name":"Vampires","floor":20,"gold_loss":0},{"damage_healed":0,"gold_gain":75,"player_choice":"Touch","damage_taken":8,"max_hp_gain":0,"max_hp_loss":0,"event_name":"FaceTrader","floor":30,"gold_loss":0},{"damage_healed":0,"gold_gain":999,"player_choice":"Gold","damage_taken":0,"max_hp_gain":0,"max_hp_loss":0,"event_name":"MindBloom","floor":40,"gold_loss":0,"cards_obtained":["Normality","Normality"]},{"damage_healed":0,"gold_gain":0,"player_choice":"Upgraded","damage_taken":0,"max_hp_gain":0,"max_hp_loss":0,"event_name":"Upgrade Shrine","floor":48,"gold_loss":0,"cards_upgraded":["PrismaMod:MiyuCheapStrBuff"]}],"is_beta":true,"boss_relics":[{"not_picked":["hubris:RunicObelisk","hubris:Stopwatch"],"picked":"Tiny House"},{"not_picked":["hubris:BlackHole","hubris:VirtuousBlindfold"],"picked":"hubris:TerracottaHorce"}],"items_purged_floors":[41],"is_endless":false,"potions_floor_spawned":[5,6,11,14,22,33,35,39,43,50],"ascension_level":0}}