{"host":"ig7tc0uedzltt2sr","time":1610260515,"event":{"mods":["BaseMod","Better Twitch Integration","Block Reminder","Colored Map","Colored Powertips","Communication Mod","Current Relic Mod","GifTheSpireLib","HexUI Lib","Minty Spire (QoL Compilation)","Quick Restart","Random Character Button","Rare Cards Sparkle","Relic Sorter","Relic Stats","Slay the Relics Exporter","StSLib","SuperFastMode","Synergy Search","Twitch Decklist","Twitch Utils","everything is the same but u backflip on backflip","slay the spire mod where everything is the same but ironclad has a cowboy hat"],"gold_per_floor":[112,112,92,103,114,134,134,134,134,134,134],"floor_reached":10,"playtime":31,"items_purged":[],"score":58,"play_id":"5cfcd2fc-1ee4-4237-a7bc-b06b06c0c19f","local_time":"20210109223515","is_ascension_mode":false,"campfire_choices":[{"data":"Defend_R","floor":8,"key":"SMITH"}],"circlet_count":0,"master_deck":["Strike_R","Strike_R","Strike_R","Strike_R","Strike_R","Defend_R+1","Defend_R","Defend_R","Defend_R","Bash","Iron Wave","Regret"],"relics":["Burning Blood","NeowsBlessing","Toxic Egg 2","Letter Opener"],"acts_visited":["Exordium"],"potions_floor_usage":[],"damage_taken":[{"damage":0,"enemies":"Small Slimes","floor":1,"turns":1},{"damage":0,"enemies":"Jaw Worm","floor":4,"turns":1},{"damage":0,"enemies":"2 Louse","floor":5,"turns":1},{"damage":21,"enemies":"Blue Slaver","floor":6,"turns":4},{"damage":65,"enemies":"3 Sentries","floor":10,"turns":5}],"seed_played":"4464190614639469654","potions_obtained":[{"floor":5,"key":"Explosive Potion"}],"is_trial":false,"path_per_floor":["M","?","?","M","M","M","?","R","T","E"],"character_chosen":"IRONCLAD","items_purchased":[],"campfire_rested":0,"item_purchase_floors":[],"current_hp_per_floor":[80,80,80,80,80,65,65,65,65,0,0],"gold":134,"neow_bonus":"THREE_ENEMY_KILL","is_daily":false,"chose_seed":false,"campfire_upgraded":1,"win_rate":0.0,"timestamp":1610260515,"path_taken":["M","?","?","M","M","M","?","R","T","E"],"items_purchased_type":[],"build_version":"2020-12-22","purchased_purges":0,"victory":false,"max_hp_per_floor":[80,80,80,80,80,80,80,80,80,80,80],"relic_stats":{"counters":[5,12],"Letter Opener":[0],"obtain_stats":[{"NeowsBlessing":0,"Letter Opener":9,"Toxic Egg 2":7,"Burning Blood":0},{"NeowsBlessing":0,"Letter Opener":4,"Toxic Egg 2":4,"Burning Blood":0},{"NeowsBlessing":0,"Letter Opener":7,"Toxic Egg 2":7,"Burning Blood":0}],"Burning Blood":6},"card_choices":[{"not_picked":["Pommel Strike","Shrug It Off","Clothesline"],"picked":"SKIP","floor":1},{"not_picked":["Headbutt","Havoc"],"picked":"Iron Wave","floor":4},{"not_picked":["Exhume","Intimidate","Rampage"],"picked":"SKIP","floor":5},{"not_picked":["Wild Strike","Sever Soul","Iron Wave"],"picked":"SKIP","floor":6}],"player_experience":1496832,"relics_obtained":[{"floor":9,"key":"Letter Opener"}],"event_choices":[{"damage_healed":0,"gold_gain":0,"player_choice":"Ignored","damage_taken":0,"max_hp_gain":0,"max_hp_loss":0,"event_name":"Golden Idol","floor":2,"gold_loss":0},{"damage_healed":0,"gold_gain":0,"player_choice":"Left Gold","damage_taken":0,"max_hp_gain":0,"max_hp_loss":0,"event_name":"World of Goop","floor":3,"gold_loss":20},{"damage_healed":0,"gold_gain":0,"player_choice":"Box","damage_taken":0,"relics_obtained":["Toxic Egg 2"],"max_hp_gain":0,"max_hp_loss":0,"event_name":"Big Fish","floor":7,"gold_loss":0,"cards_obtained":["Regret"]}],"is_beta":false,"boss_relics":[],"items_purged_floors":[],"is_endless":false,"potions_floor_spawned":[5],"killed_by":"3 Sentries","ascension_level":0}}