{"host":"u1dfzl6o6mfmauc3","time":1610259047,"event":{"mods":["2.2 Compatiblity","AchievementEnabler","BaseMod","Block Reminder","Dark Map","Hermit","Minty Spire (QoL Compilation)","Relic Stats","StSLib"],"gold_per_floor":[112,126,3,3,3,3,21,53,53,72,72,98,115,135,135,238,238,248,263,12,12,12,43,63,63,113,163,188,198,214,540,540,641,641,660,660,677,255,255,255,105,105,105,130,145,159,174,219,219,219],"floor_reached":51,"playtime":2391,"items_purged":["hermit:Defend_Hermit","hermit:Strike_Hermit","hermit:Defend_Hermit","hermit:Defend_Hermit"],"score":986,"play_id":"fa35be06-ff5d-4348-9ef3-6cc25f2027a0","local_time":"20210110011047","is_ascension_mode":true,"campfire_choices":[{"data":"hermit:Combo","floor":6,"key":"SMITH"},{"data":"hermit:LoneWolf","floor":15,"key":"SMITH"},{"data":"hermit:Dive","floor":25,"key":"SMITH"},{"floor":32,"key":"REST"},{"floor":40,"key":"REST"},{"floor":49,"key":"REST"}],"circlet_count":0,"master_deck":["hermit:Strike_Hermit","hermit:Defend_Hermit","hermit:Snapshot","hermit:Covet+1","hermit:Combo+1","hermit:LoneWolf+1","Regret","hermit:Vantage+1","hermit:Deadeye","hermit:Enervate","Decay","hermit:DeadMansHand+1","hermit:RoundhouseKick","hermit:Roulette","hermit:EyeOfTheStorm"],"relics":["hermit:Momento","NeowsBlessing","Meat on the Bone","Blood Vial","Bag of Preparation","InkBottle","Runic Dome","Medical Kit","Bird Faced Urn","Orichalcum","War Paint","Sundial","Old Coin","Fusion Hammer","Oddly Smooth Stone","hermit:RyeStalk","Question Card","Calipers","Ice Cream"],"acts_visited":["Exordium","TheCity","TheBeyond"],"potions_floor_usage":[8,12,23,30,50,50,50],"damage_taken":[{"damage":0,"enemies":"2 Louse","floor":1,"turns":1},{"damage":0,"enemies":"Jaw Worm","floor":2,"turns":1},{"damage":0,"enemies":"Cultist","floor":7,"turns":1},{"damage":13,"enemies":"3 Sentries","floor":8,"turns":6},{"damage":3,"enemies":"Exordium Thugs","floor":10,"turns":4},{"damage":1,"enemies":"Lagavulin","floor":12,"turns":8},{"damage":3,"enemies":"Looter","floor":13,"turns":3},{"damage":11,"enemies":"Blue Slaver","floor":14,"turns":5},{"damage":26,"enemies":"Hexaghost","floor":16,"turns":7},{"damage":6,"enemies":"Shell Parasite","floor":18,"turns":3},{"damage":12,"enemies":"3 Byrds","floor":19,"turns":5},{"damage":12,"enemies":"Slavers","floor":23,"turns":7},{"damage":7,"enemies":"Centurion and Healer","floor":24,"turns":4},{"damage":0,"enemies":"Book of Stabbing","floor":28,"turns":4},{"damage":0,"enemies":"Snecko","floor":29,"turns":5},{"damage":24,"enemies":"3 Cultists","floor":30,"turns":6},{"damage":31,"enemies":"Gremlin Leader","floor":31,"turns":6},{"damage":6,"enemies":"Collector","floor":33,"turns":7},{"damage":4,"enemies":"Orb Walker","floor":35,"turns":3},{"damage":0,"enemies":"3 Darklings","floor":37,"turns":4},{"damage":0,"enemies":"Reptomancer","floor":44,"turns":8},{"damage":0,"enemies":"Maw","floor":45,"turns":4},{"damage":0,"enemies":"Jaw Worm Horde","floor":46,"turns":1},{"damage":0,"enemies":"Transient","floor":47,"turns":5},{"damage":2,"enemies":"2 Orb Walkers","floor":48,"turns":3},{"damage":14,"enemies":"Awakened One","floor":50,"turns":7}],"seed_played":"4755467503183167066","potions_obtained":[{"floor":2,"key":"BlessingOfTheForge"},{"floor":10,"key":"DistilledChaos"},{"floor":14,"key":"Regen Potion"},{"floor":16,"key":"Fire Potion"},{"floor":19,"key":"Weak Potion"},{"floor":28,"key":"SpeedPotion"},{"floor":29,"key":"Regen Potion"},{"floor":30,"key":"SpeedPotion"},{"floor":37,"key":"DistilledChaos"}],"is_trial":false,"path_per_floor":["M","M","$","?","?","R","M","E","T","M","?","E","M","M","R","B",null,"M","M","$","?","?","E","M","R","T","T","E","M","M","E","R","B",null,"M","?","M","$","?","R","$","?","T","E","M","M","M","?","R","B",null],"character_chosen":"HERMIT","items_purchased":["hermit:Dive","Medical Kit","Oddly Smooth Stone","hermit:RyeStalk"],"campfire_rested":3,"item_purchase_floors":[3,20,38,38],"current_hp_per_floor":[75,75,75,75,75,75,75,62,62,61,61,62,61,52,52,40,75,69,59,59,59,59,64,61,61,61,61,65,69,49,34,56,54,75,73,73,75,75,75,75,75,75,75,75,75,75,75,73,75,68],"gold":219,"neow_bonus":"THREE_ENEMY_KILL","is_daily":false,"chose_seed":false,"campfire_upgraded":3,"win_rate":0.0,"timestamp":1610259047,"path_taken":["M","M","$","?","?","R","M","E","T","?","?","E","?","M","R","BOSS","M","M","$","?","?","E","M","R","T","?","E","?","M","E","R","BOSS","M","?","?","$","?","R","$","?","T","E","M","M","M","?","R","BOSS"],"items_purchased_type":["Card","Relic","Relic","Relic"],"build_version":"2020-12-22","purchased_purges":4,"victory":true,"max_hp_per_floor":[75,75,75,75,75,75,75,75,75,75,75,75,75,75,75,75,75,75,75,75,75,75,75,75,75,75,75,75,75,75,75,75,75,75,75,75,75,75,75,75,75,75,75,75,75,75,75,75,75,75],"relic_stats":{"Blood Vial":28,"counters":[26,118],"Sundial":[22],"Bird Faced Urn":[16],"Bag of Preparation":[44],"Orichalcum":[60],"War Paint":["hermit:Covet","hermit:Vantage"],"Medical Kit":[5],"Question Card":5,"obtain_stats":[{"Ice Cream":48,"Calipers":44,"NeowsBlessing":0,"Oddly Smooth Stone":38,"Bag of Preparation":9,"Orichalcum":26,"War Paint":27,"Medical Kit":20,"Question Card":43,"Old Coin":31,"Blood Vial":8,"Runic Dome":17,"hermit:RyeStalk":38,"Sundial":28,"Bird Faced Urn":23,"Fusion Hammer":34,"hermit:Momento":0,"InkBottle":12,"Meat on the Bone":4},{"Ice Cream":25,"Calipers":21,"NeowsBlessing":0,"Oddly Smooth Stone":20,"Bag of Preparation":4,"Orichalcum":13,"War Paint":13,"Medical Kit":11,"Question Card":20,"Old Coin":17,"Blood Vial":4,"Runic Dome":9,"hermit:RyeStalk":20,"Sundial":14,"Bird Faced Urn":12,"Fusion Hammer":18,"hermit:Momento":0,"InkBottle":6,"Meat on the Bone":2},{"Ice Cream":111,"Calipers":98,"NeowsBlessing":0,"Oddly Smooth Stone":90,"Bag of Preparation":9,"Orichalcum":55,"War Paint":55,"Medical Kit":44,"Question Card":90,"Old Coin":76,"Blood Vial":9,"Runic Dome":36,"hermit:RyeStalk":90,"Sundial":59,"Bird Faced Urn":51,"Fusion Hammer":83,"hermit:Momento":0,"InkBottle":21,"Meat on the Bone":2}],"InkBottle":[75],"Meat on the Bone":24},"card_choices":[{"not_picked":["hermit:Quickdraw","hermit:Deadeye"],"picked":"hermit:Combo","floor":1},{"not_picked":["hermit:Feint","hermit:HoleUp"],"picked":"hermit:LoneWolf","floor":2},{"not_picked":["hermit:FullyLoaded","hermit:Cheat","hermit:PistolWhip"],"picked":"SKIP","floor":7},{"not_picked":["hermit:Combo","hermit:PistolWhip"],"picked":"hermit:Vantage","floor":8},{"not_picked":["hermit:BodyArmor","hermit:TrackingShot","hermit:WideOpen"],"picked":"SKIP","floor":10},{"not_picked":["hermit:Desperado","hermit:PistolWhip","hermit:HighNoon"],"picked":"SKIP","floor":12},{"not_picked":["hermit:Dive","hermit:Headshot"],"picked":"hermit:Deadeye","floor":13},{"not_picked":["hermit:Manifest","hermit:Quickdraw"],"picked":"hermit:Enervate","floor":14},{"not_picked":["hermit:Snipe","hermit:Glare","hermit:Headshot"],"picked":"SKIP","floor":18},{"not_picked":["hermit:Combo+1","hermit:TakeAim","hermit:HoleUp"],"picked":"SKIP","floor":19},{"not_picked":["hermit:Vantage","hermit:Enervate","hermit:WideOpen"],"picked":"SKIP","floor":23},{"not_picked":["hermit:Snipe","hermit:WideOpen+1","hermit:DeadMansHand"],"picked":"SKIP","floor":24},{"not_picked":["hermit:TrackingShot","hermit:Grudge","hermit:ShadowCloak+1"],"picked":"SKIP","floor":28},{"not_picked":["hermit:CalledShot+1","hermit:Headshot"],"picked":"hermit:DeadMansHand+1","floor":29},{"not_picked":["hermit:Combo","hermit:FromBeyond","hermit:Determination"],"picked":"SKIP","floor":30},{"not_picked":["hermit:DeadMansHand","hermit:Ricochet","hermit:HeroicBravado"],"picked":"SKIP","floor":31},{"not_picked":["hermit:Magnum","hermit:Gambit"],"picked":"hermit:RoundhouseKick","floor":33},{"not_picked":["hermit:Malice","hermit:Desperado+1","hermit:PistolWhip"],"picked":"SKIP","floor":35},{"not_picked":["hermit:WideOpen","hermit:Spite","hermit:TrackingShot"],"picked":"SKIP","floor":37},{"not_picked":["hermit:Midnight+1","hermit:Quickdraw+1","hermit:Feint+1"],"picked":"hermit:Roulette","floor":44},{"not_picked":["hermit:Snipe+1","hermit:TrackingShot","hermit:Dive","hermit:BodyArmor+1"],"picked":"SKIP","floor":45},{"not_picked":["hermit:LoneWolf","hermit:ItchyTrigger","hermit:LowProfile+1","hermit:TrackingShot+1"],"picked":"SKIP","floor":46},{"not_picked":["hermit:TakeAim","hermit:Maintenance","hermit:SprayPray+1","hermit:ShadowCloak+1"],"picked":"SKIP","floor":47},{"not_picked":["hermit:Magnum","hermit:CursedWeapon+1","hermit:Cheat"],"picked":"hermit:EyeOfTheStorm","floor":48}],"player_experience":50246,"relics_obtained":[{"floor":8,"key":"Blood Vial"},{"floor":9,"key":"Bag of Preparation"},{"floor":12,"key":"InkBottle"},{"floor":23,"key":"Bird Faced Urn"},{"floor":26,"key":"Orichalcum"},{"floor":27,"key":"War Paint"},{"floor":28,"key":"Sundial"},{"floor":31,"key":"Old Coin"},{"floor":43,"key":"Question Card"},{"floor":44,"key":"Calipers"},{"floor":48,"key":"Ice Cream"}],"event_choices":[{"damage_healed":0,"gold_gain":0,"player_choice":"Box","damage_taken":0,"relics_obtained":["Meat on the Bone"],"max_hp_gain":0,"max_hp_loss":0,"event_name":"Big Fish","floor":4,"gold_loss":0,"cards_obtained":["Regret"]},{"damage_healed":0,"gold_gain":0,"player_choice":"Ignored","damage_taken":0,"max_hp_gain":0,"max_hp_loss":0,"event_name":"Liars Game","floor":5,"gold_loss":0},{"damage_healed":0,"gold_gain":0,"player_choice":"Ignored","damage_taken":0,"max_hp_gain":0,"max_hp_loss":0,"event_name":"Fountain of Cleansing","floor":11,"gold_loss":0},{"cards_removed":["hermit:Strike_Hermit"],"damage_healed":0,"gold_gain":0,"player_choice":"Elegance","damage_taken":0,"max_hp_gain":0,"max_hp_loss":0,"event_name":"Back to Basics","floor":21,"gold_loss":0},{"damage_healed":0,"gold_gain":0,"player_choice":"Smashed Altar","damage_taken":0,"max_hp_gain":0,"max_hp_loss":0,"event_name":"Forgotten Altar","floor":22,"gold_loss":0,"cards_obtained":["Decay"]},{"cards_removed":["hermit:Strike_Hermit"],"damage_healed":0,"gold_gain":0,"player_choice":"Purged","damage_taken":0,"max_hp_gain":0,"max_hp_loss":0,"event_name":"Purifier","floor":36,"gold_loss":0},{"damage_healed":0,"gold_gain":0,"player_choice":"Ignored","damage_taken":0,"max_hp_gain":0,"max_hp_loss":0,"event_name":"Tomb of Lord Red Mask","floor":39,"gold_loss":0},{"cards_removed":["hermit:Dive"],"damage_healed":0,"gold_gain":0,"player_choice":"Removed Skill","damage_taken":0,"max_hp_gain":0,"max_hp_loss":0,"event_name":"Falling","floor":42,"gold_loss":0},{"damage_healed":0,"gold_gain":0,"player_choice":"Fight","damage_taken":0,"max_hp_gain":0,"max_hp_loss":0,"event_name":"Mysterious Sphere","floor":48,"gold_loss":0}],"is_beta":false,"boss_relics":[{"not_picked":["Sozu","Philosopher\u0027s Stone"],"picked":"Runic Dome"},{"not_picked":["Cursed Key","Busted Crown"],"picked":"Fusion Hammer"}],"items_purged_floors":[3,20,38,41],"is_endless":false,"potions_floor_spawned":[2,10,14,16,19,28,29,30,37,46,47],"ascension_level":1}}