{"host":"8o45mh5p3pp1o2mi","time":1610238344,"event":{"mods":["BaseMod","Better Match","Better Third Choice","BetterRewards","Downfall","Minty Spire (QoL Compilation)","Rare Cards Sparkle","Relic Stats","Replay The Spire","Shop Mod","StSLib","everything is the same but u backflip on backflip"],"gold_per_floor":[113,113,93,54,78,116,129,129,129,153,153,174,21,51,51,170,170,191,191,191,215,62,62,86,86,86,86,86,86],"floor_reached":28,"playtime":1454,"items_purged":[],"score":248,"play_id":"2373ac57-5da9-4afe-999e-2a5153fce265","local_time":"20210110002544","is_ascension_mode":true,"campfire_choices":[{"floor":8,"key":"REST"},{"data":"Draining Mist","floor":11,"key":"SMITH"},{"floor":15,"key":"REST"},{"data":"Catalyst","floor":23,"key":"SMITH"},{"data":"Footwork","floor":25,"key":"SMITH"}],"circlet_count":0,"master_deck":["Defend_G","Defend_G","Defend_G","Defend_G","Survivor","Neutralize","Footwork+1","Draining Mist+1","Phantasmal Killer","Deadly Poison","Dagger Throw","Catalyst+1","ReplayTheSpireMod:From All Sides","AbeCurse","Distraction+1","Slimebound:Tackle+1","Slimebound:Tackle+1","Slimebound:Tackle+1","Deadly Poison"],"relics":["SlaversCollar","Golden Idol","Torii","Strange Spoon","Odd Mushroom","Abe\u0027s Treasure","ReplayTheSpireMod:TigerMarble","Replay:WaspNest"],"acts_visited":["Exordium","TheCity"],"potions_floor_usage":[6,21,28],"damage_taken":[{"damage":0,"enemies":"2 Louse","floor":1,"turns":3},{"damage":0,"enemies":"Small Slimes","floor":5,"turns":4},{"damage":38,"enemies":"3 Sentries","floor":6,"turns":15},{"damage":1,"enemies":"Cultist","floor":7,"turns":5},{"damage":2,"enemies":"Red Slaver","floor":10,"turns":5},{"damage":3,"enemies":"3 Louse","floor":12,"turns":3},{"damage":10,"enemies":"The Mushroom Lair","floor":14,"turns":4},{"damage":13,"enemies":"Fading Forest","floor":16,"turns":11},{"damage":8,"enemies":"Chosen","floor":18,"turns":5},{"damage":20,"enemies":"2 Thieves","floor":21,"turns":4},{"damage":22,"enemies":"3 Cultists","floor":24,"turns":6},{"damage":23,"enemies":"Slavers","floor":28,"turns":1}],"seed_played":"-4191704894450048538","potions_obtained":[{"floor":3,"key":"Milkshake"},{"floor":5,"key":"DistilledChaos"},{"floor":6,"key":"Ancient Potion"},{"floor":16,"key":"Fire Potion"}],"is_trial":false,"path_per_floor":["M","?","?","$","M","E","M","R","T","M","R","M","$","?","R","B",null,"M","?","?","M","$","R","M","R","T","$","E"],"character_chosen":"THE_SILENT","items_purchased":["Footwork","Strange Spoon","ReplayTheSpireMod:TigerMarble"],"campfire_rested":2,"item_purchase_floors":[4,13,22],"current_hp_per_floor":[70,53,53,53,53,15,14,35,35,33,33,30,30,20,41,42,70,62,62,62,42,42,42,20,20,20,20,0,0],"gold":86,"neow_bonus":"BOSS_RELIC","is_daily":false,"chose_seed":false,"campfire_upgraded":3,"win_rate":0.0,"timestamp":1610238344,"path_taken":["M","?","?","$","?","E","M","R","T","M","R","M","?","?","R","BOSS","M","?","?","M","$","R","M","R","T","?","E"],"items_purchased_type":["Card","Relic","Relic"],"build_version":"2020-12-22","purchased_purges":0,"victory":false,"max_hp_per_floor":[70,70,70,70,70,70,70,70,70,70,70,70,70,70,70,70,70,70,70,70,70,70,70,70,70,70,70,70,70],"relic_stats":{"Strange Spoon":[8],"Torii":31,"counters":[12,66],"Golden Idol":69,"obtain_stats":[{"SlaversCollar":0,"Strange Spoon":13,"Torii":6,"Golden Idol":2,"Replay:WaspNest":26,"ReplayTheSpireMod:TigerMarble":22,"Odd Mushroom":14,"Abe\u0027s Treasure":17,"Ring of the Snake":0},{"SlaversCollar":0,"Strange Spoon":6,"Torii":3,"Golden Idol":1,"Replay:WaspNest":11,"ReplayTheSpireMod:TigerMarble":10,"Odd Mushroom":7,"Abe\u0027s Treasure":8,"Ring of the Snake":0},{"SlaversCollar":0,"Strange Spoon":35,"Torii":22,"Golden Idol":3,"Replay:WaspNest":65,"ReplayTheSpireMod:TigerMarble":59,"Odd Mushroom":39,"Abe\u0027s Treasure":50,"Ring of the Snake":0}]},"card_choices":[{"not_picked":["Underhanded Strike","Distraction","Prepared"],"picked":"SKIP","floor":1},{"not_picked":["Prepared","Quick Slash"],"picked":"Draining Mist","floor":5},{"not_picked":["Outmaneuver","Choke"],"picked":"Phantasmal Killer","floor":6},{"not_picked":["Outmaneuver","Flechettes"],"picked":"Deadly Poison","floor":7},{"not_picked":["Eviscerate","Masterful Stab"],"picked":"Dagger Throw","floor":10},{"not_picked":["ReplayTheSpireMod:Exploit Weakness","Prepared","Blade Dance"],"picked":"SKIP","floor":12},{"not_picked":["Deadly Poison","Backflip"],"picked":"Catalyst","floor":14},{"not_picked":["Envenom","Malaise"],"picked":"ReplayTheSpireMod:From All Sides","floor":16},{"not_picked":["Flying Knee","Acrobatics"],"picked":"Distraction+1","floor":18},{"not_picked":["Quick Slash","Flying Knee+1"],"picked":"Deadly Poison","floor":21},{"not_picked":["Predator","Accuracy+1","Eviscerate"],"picked":"SKIP","floor":24}],"player_experience":82209,"relics_obtained":[{"floor":6,"key":"Torii"},{"floor":14,"key":"Odd Mushroom"},{"floor":26,"key":"Replay:WaspNest"}],"event_choices":[{"damage_healed":0,"gold_gain":0,"player_choice":"Take Damage","damage_taken":17,"relics_obtained":["Golden Idol"],"max_hp_gain":0,"max_hp_loss":0,"event_name":"Golden Idol","floor":2,"gold_loss":0},{"damage_healed":0,"gold_gain":0,"player_choice":"Bought 1 Potion","damage_taken":0,"max_hp_gain":0,"max_hp_loss":0,"event_name":"The Woman in Blue","floor":3,"gold_loss":0},{"damage_healed":0,"gold_gain":0,"player_choice":"Fought Mushrooms","damage_taken":0,"max_hp_gain":0,"max_hp_loss":0,"event_name":"Mushrooms","floor":14,"gold_loss":0},{"cards_removed":["Defend_G"],"damage_healed":0,"gold_gain":0,"player_choice":"Elegance","damage_taken":0,"max_hp_gain":0,"max_hp_loss":0,"event_name":"betterThird:BetterWriting","floor":20,"gold_loss":0}],"is_beta":false,"boss_relics":[{"not_picked":["Pandora\u0027s Box","Replay:Bronze Core"],"picked":"Abe\u0027s Treasure"}],"items_purged_floors":[],"is_endless":false,"potions_floor_spawned":[5,6,16],"killed_by":"Slavers","ascension_level":3}}