{"host":"51f0ad793vly1w6u","time":1610288965,"event":{"mods":["BaseMod","Colored Map","DeckTracker","Hermit","Minty Spire (QoL Compilation)","StSLib","SuperFastMode"],"gold_per_floor":[109,129,304,379,379,379,408,408,408,436,477,489,518,559,571,682,694,725,755,767,330,340,374,473,473,519,519,12,23,23,60,60,60,60],"floor_reached":33,"playtime":878,"items_purged":["Doubt","hermit:WideOpen"],"score":386,"play_id":"7a57ec39-7aa1-4ea2-9442-a4954dd29a1c","local_time":"20210110232925","is_ascension_mode":true,"campfire_choices":[{"data":"hermit:Maintenance","floor":6.0,"key":"SMITH"},{"data":"hermit:Shortfuse","floor":8.0,"key":"SMITH"},{"data":"hermit:EyeOfTheStorm","floor":12.0,"key":"SMITH"},{"data":"hermit:HeroicBravado","floor":15.0,"key":"SMITH"},{"data":"hermit:Showdown","floor":25.0,"key":"SMITH"},{"data":"hermit:Covet","floor":30,"key":"SMITH"},{"data":"hermit:Gambit","floor":32,"key":"SMITH"}],"circlet_count":0,"master_deck":["hermit:Strike_Hermit","hermit:Strike_Hermit","hermit:Strike_Hermit","hermit:Strike_Hermit","hermit:Defend_Hermit","hermit:Defend_Hermit","hermit:Defend_Hermit","hermit:Defend_Hermit","hermit:Snapshot+1","hermit:Covet+1","hermit:Shortfuse+1","hermit:Maintenance+1","hermit:EyeOfTheStorm+1","hermit:Glare","hermit:HeroicBravado+1","hermit:RoundhouseKick","hermit:Shortfuse+1","hermit:Showdown+1","hermit:Vantage","hermit:Gambit+1"],"relics":["hermit:Momento","Matryoshka","MawBank","HornCleat","MealTicket","Dream Catcher","Coffee Dripper","Lantern","Tiny Chest","Bag of Marbles","CeramicFish","Bottled Flame","ClockworkSouvenir","Meat on the Bone","StrikeDummy"],"acts_visited":["Exordium","TheCity"],"potions_floor_usage":[33,33,33],"damage_taken":[{"damage":7.0,"enemies":"Jaw Worm","floor":1.0,"turns":3.0},{"damage":0.0,"enemies":"2 Louse","floor":2.0,"turns":1.0},{"damage":34.0,"enemies":"Gremlin Nob","floor":7.0,"turns":5.0},{"damage":0.0,"enemies":"Cultist","floor":10.0,"turns":3.0},{"damage":0.0,"enemies":"3 Sentries","floor":11.0,"turns":6.0},{"damage":0.0,"enemies":"2 Fungi Beasts","floor":13.0,"turns":2.0},{"damage":0.0,"enemies":"Gremlin Nob","floor":14.0,"turns":2.0},{"damage":26.0,"enemies":"Hexaghost","floor":16.0,"turns":10.0},{"damage":3.0,"enemies":"3 Byrds","floor":18.0,"turns":6.0},{"damage":1.0,"enemies":"Shell Parasite","floor":19.0,"turns":3.0},{"damage":11.0,"enemies":"Snake Plant","floor":22.0,"turns":4.0},{"damage":19.0,"enemies":"Slavers","floor":23.0,"turns":6.0},{"damage":1,"enemies":"Snecko","floor":29,"turns":4},{"damage":19,"enemies":"Gremlin Leader","floor":31,"turns":5},{"damage":49,"enemies":"Champ","floor":33,"turns":10}],"seed_played":"2382960417855197603","potions_obtained":[{"floor":5.0,"key":"SneckoOil"},{"floor":5.0,"key":"Regen Potion"},{"floor":5.0,"key":"GamblersBrew"},{"floor":10.0,"key":"BlessingOfTheForge"},{"floor":11.0,"key":"PowerPotion"},{"floor":16.0,"key":"Dexterity Potion"},{"floor":19.0,"key":"GamblersBrew"},{"floor":29,"key":"DuplicationPotion"}],"is_trial":false,"path_per_floor":["M","M","?","?","?","R","E","R","T","M","E","R","M","E","R","B",null,"M","M","?","$","M","E","?","R","T","?","$","M","R","E","R","B"],"character_chosen":"HERMIT","items_purchased":["Lantern","Tiny Chest","hermit:Showdown","ClockworkSouvenir","Meat on the Bone"],"campfire_rested":0,"item_purchase_floors":[21,21,21,28,28],"current_hp_per_floor":[68,68,68,57,57,57,23,23,23,23,38,38,38,38,38,12,75,72,71,71,75,64,45,45,45,45,45,60,59,59,40,40,0,0],"gold":60,"neow_bonus":"UPGRADE_CARD","is_daily":false,"chose_seed":false,"campfire_upgraded":7,"win_rate":0.0,"timestamp":1610288965,"path_taken":["M","M","?","?","?","R","E","R","T","M","E","R","M","E","R","BOSS","M","?","?","$","M","E","?","R","T","?","?","M","R","E","R","BOSS"],"items_purchased_type":["Relic","Relic","Card","Relic","Relic"],"build_version":"2020-12-22","purchased_purges":2,"victory":false,"max_hp_per_floor":[75,75,75,75,75,75,75,75,75,75,75,75,75,75,75,75,75,75,75,75,75,75,75,75,75,75,75,75,75,75,75,75,75,75],"card_choices":[{"not_picked":["hermit:WideOpen","hermit:Dive"],"picked":"hermit:Shortfuse","floor":1.0},{"not_picked":["hermit:ItchyTrigger","hermit:CalledShot"],"picked":"hermit:Maintenance","floor":2.0},{"not_picked":["hermit:TrackingShot","hermit:LowProfile"],"picked":"hermit:EyeOfTheStorm","floor":7.0},{"not_picked":["hermit:HighCaliber","hermit:Dive"],"picked":"hermit:WideOpen","floor":10.0},{"not_picked":["hermit:ItchyTrigger","hermit:Quickdraw"],"picked":"hermit:Glare","floor":11.0},{"not_picked":["hermit:Snipe","hermit:Quickdraw","hermit:Ricochet"],"picked":"SKIP","floor":13.0},{"not_picked":["hermit:Feint","hermit:Horror"],"picked":"hermit:HeroicBravado","floor":14.0},{"not_picked":["hermit:FinalCanter","hermit:Roughhouse"],"picked":"hermit:RoundhouseKick","floor":16.0},{"not_picked":["hermit:Horror","hermit:CursedWeapon+1"],"picked":"hermit:Shortfuse+1","floor":18.0},{"not_picked":["hermit:HighCaliber","hermit:Determination+1","hermit:Coalescence+1"],"picked":"SKIP","floor":19.0},{"not_picked":["hermit:Grudge","hermit:Showdown","hermit:Shortfuse"],"picked":"SKIP","floor":22.0},{"not_picked":["hermit:Snipe","hermit:Headshot"],"picked":"hermit:Vantage","floor":23.0},{"not_picked":["hermit:GhostlyPresence","hermit:Brawl+1","hermit:Dive"],"picked":"SKIP","floor":29},{"not_picked":["hermit:Shortfuse","hermit:Ricochet"],"picked":"hermit:Gambit","floor":31}],"player_experience":1396176,"relics_obtained":[{"floor":7.0,"key":"Matryoshka"},{"floor":9.0,"key":"MawBank"},{"floor":9.0,"key":"HornCleat"},{"floor":11.0,"key":"MealTicket"},{"floor":14.0,"key":"Dream Catcher"},{"floor":23.0,"key":"Bag of Marbles"},{"floor":26.0,"key":"CeramicFish"},{"floor":26.0,"key":"Bottled Flame"},{"floor":31,"key":"StrikeDummy"}],"event_choices":[{"damage_healed":0.0,"max_hp_gain":0.0,"max_hp_loss":0.0,"gold_gain":175.0,"event_name":"Liars Game","player_choice":"AGREE","floor":3.0,"gold_loss":0.0,"damage_taken":0.0,"cards_obtained":["Doubt"]},{"damage_healed":0.0,"max_hp_gain":0.0,"max_hp_loss":0.0,"gold_gain":75.0,"event_name":"World of Goop","player_choice":"Gather Gold","floor":4.0,"gold_loss":0.0,"damage_taken":11.0},{"damage_healed":0.0,"max_hp_gain":0.0,"max_hp_loss":0.0,"gold_gain":0.0,"event_name":"Lab","player_choice":"Got Potions","floor":5.0,"gold_loss":0.0,"damage_taken":0.0},{"damage_healed":0.0,"max_hp_gain":0.0,"max_hp_loss":0.0,"gold_gain":0.0,"event_name":"Ghosts","player_choice":"Ignored","floor":20.0,"gold_loss":0.0,"damage_taken":0.0},{"damage_healed":0.0,"max_hp_gain":0.0,"max_hp_loss":0.0,"gold_gain":99.0,"event_name":"Nest","player_choice":"Stole From Cult","floor":24.0,"gold_loss":0.0,"damage_taken":0.0},{"damage_healed":0,"gold_gain":0,"player_choice":"Ignored","damage_taken":0,"max_hp_gain":0,"max_hp_loss":0,"event_name":"Cursed Tome","floor":27,"gold_loss":0}],"is_beta":false,"boss_relics":[{"not_picked":["Runic Dome","Runic Pyramid"],"picked":"Coffee Dripper"}],"items_purged_floors":[21,28],"is_endless":false,"potions_floor_spawned":[10,11,16,19,29],"killed_by":"Champ","ascension_level":2}}