{"host":"z9grmtg2w0nmz8n1","time":1610279149,"event":{"mods":["Aspiration","Bard","BaseMod","Beaked The Cultist","Better Altar","Better Match","Better Note","Better Sensory Stone","Better Skull","Better Third Choice","BetterRewards","CCEM","Colored Map","Conspire","Downfall","GifTheSpireLib","Googly Eyes","Halation","Hermit","Highlight Path","Hubris","Hunter ??","Jedi Mod","Jorbs\u0027s Wanderer Trilogy","Mad Scientist","Marisa????????","Minty Spire (QoL Compilation)","Permanent Neow","Replay The Spire","Shade Mod","Shop Mod","Spicy Shops","StSLib","Stuff the Spire","The Bug Knight","The Construct","The Necromancer","The Runesmith","The Witch"],"gold_per_floor":[210,35,35,35,35,50,50,76,101,118,118,146,163,163,163],"floor_reached":14,"playtime":393,"items_purged":["Strike_B","Strike_B"],"score":103,"play_id":"9cf34138-0c90-4dbc-88cb-350d3725a0c1","local_time":"20210110094549","is_ascension_mode":true,"campfire_choices":[{"floor":7,"key":"RECALL"},{"data":"Zap","floor":11,"key":"SMITH"}],"circlet_count":0,"master_deck":["Strike_B","Strike_B","Defend_B","Defend_B","Defend_B","Defend_B","Zap+1","Dualcast","Ball Lightning","Hallucinations","hubris:Ukulele","Gash"],"relics":["Cracked Core","Ring of Hypnosis","ReplayTheSpireMod:Ring of Exchange","Dream Catcher","Carrot"],"acts_visited":["Exordium"],"potions_floor_usage":[14],"damage_taken":[{"damage":0,"enemies":"Small Slimes","floor":1,"turns":3},{"damage":0,"enemies":"Cultist","floor":6,"turns":3},{"damage":31,"enemies":"Lagavulin","floor":8,"turns":6},{"damage":0,"enemies":"2 Louse","floor":10,"turns":1},{"damage":26,"enemies":"3 Sentries","floor":12,"turns":6},{"damage":12,"enemies":"Exordium Thugs","floor":13,"turns":3},{"damage":15,"enemies":"Lagavulin","floor":14,"turns":4}],"seed_played":"-2137318174165191721","potions_obtained":[{"floor":6,"key":"Languid Potion"},{"floor":8,"key":"SneckoOil"}],"is_trial":false,"path_per_floor":["M","$","?","?","?","M","R","E","T","M","R","E","M","E"],"character_chosen":"DEFECT","items_purchased":[],"campfire_rested":0,"item_purchase_floors":[],"current_hp_per_floor":[75,75,75,75,75,75,75,44,44,44,44,18,6,0,0],"gold":163,"neow_bonus":"HUNDRED_GOLD","is_daily":false,"chose_seed":false,"campfire_upgraded":1,"win_rate":0.0,"timestamp":1610279149,"path_taken":["M","$","?","?","?","?","R","E","T","?","R","E","M","E"],"items_purchased_type":[],"build_version":"2020-12-22","purchased_purges":2,"victory":false,"max_hp_per_floor":[75,75,75,75,75,75,75,75,75,75,75,75,75,75,75],"card_choices":[{"not_picked":["Loop","Melter"],"picked":"Ball Lightning","floor":1},{"not_picked":["Turbo","conspire:Rain"],"picked":"hubris:Ukulele","floor":6},{"not_picked":["Panic Button","Stack","Blizzard"],"picked":"SKIP","floor":8},{"not_picked":["jedi:BurstFrost","Steam"],"picked":"Gash","floor":10},{"not_picked":["Storm","Stack","jedi:BurstLightning"],"picked":"SKIP","floor":12},{"not_picked":["Beam Cell","Rebound","StuffTheSpire:LoadUp"],"picked":"SKIP","floor":13}],"player_experience":830310,"relics_obtained":[{"floor":3,"key":"Ring of Hypnosis"},{"floor":3,"key":"ReplayTheSpireMod:Ring of Exchange"},{"floor":8,"key":"Dream Catcher"},{"floor":12,"key":"Carrot"}],"event_choices":[{"cards_removed":["Hallucinations"],"damage_healed":0,"gold_gain":0,"player_choice":"Give","damage_taken":0,"max_hp_gain":0,"max_hp_loss":0,"event_name":"betterNote:BetterNote","floor":5,"gold_loss":0,"cards_obtained":["Strike_G"]}],"is_beta":false,"boss_relics":[],"items_purged_floors":[2,2],"is_endless":false,"potions_floor_spawned":[6,8],"killed_by":"Lagavulin","ascension_level":1}}