{"host":"ga4s3hj9m6nkn6gp","time":1610284972,"event":{"mods":["AchievementEnabler","BaseMod","Bestiary","Colored Powertips","Highlight Path","Minty Spire (QoL Compilation)","Relic Stats","everything is the same but u backflip on backflip"],"gold_per_floor":[118,168,180,193,213,240,240,266,266,282,282,144,172,188,188,188,188],"floor_reached":16,"playtime":1000,"items_purged":[],"score":344,"play_id":"5e847663-e391-4c92-b732-bb5a4e4c7774","local_time":"20210110142252","is_ascension_mode":true,"campfire_choices":[{"data":"Dash","floor":7.0,"key":"SMITH"},{"data":"Footwork","floor":11.0,"key":"SMITH"},{"data":"Cloak And Dagger","floor":15.0,"key":"SMITH"}],"circlet_count":0,"master_deck":["AscendersBane","Survivor","Neutralize","Deflect","Venomology","Corpse Explosion","Poisoned Stab","Dash+1","Flying Knee","Caltrops","Dagger Spray","Cloak And Dagger+1","Reflex","Dagger Throw","Footwork+1","Blade Dance","Terror","Tools of the Trade"],"relics":["Pandora\u0027s Box","PreservedInsect","Incense Burner","Toxic Egg 2"],"acts_visited":["Exordium"],"potions_floor_usage":[16],"damage_taken":[{"damage":0.0,"enemies":"2 Louse","floor":1.0,"turns":2.0},{"damage":0.0,"enemies":"Cultist","floor":3.0,"turns":3.0},{"damage":6.0,"enemies":"Jaw Worm","floor":4.0,"turns":3.0},{"damage":4.0,"enemies":"3 Louse","floor":5.0,"turns":3.0},{"damage":6.0,"enemies":"3 Sentries","floor":6.0,"turns":3.0},{"damage":0.0,"enemies":"Gremlin Nob","floor":8.0,"turns":3.0},{"damage":0.0,"enemies":"Exordium Thugs","floor":10.0,"turns":2.0},{"damage":0.0,"enemies":"3 Sentries","floor":13.0,"turns":4.0},{"damage":16.0,"enemies":"Exordium Wildlife","floor":14.0,"turns":3.0},{"damage":27,"enemies":"The Guardian","floor":16,"turns":2}],"seed_played":"5471871828695316462","potions_obtained":[{"floor":6.0,"key":"SkillPotion"},{"floor":8.0,"key":"Block Potion"}],"is_trial":false,"path_per_floor":["M","?","M","M","M","E","R","E","T","M","R","$","E","M","R","B"],"character_chosen":"THE_SILENT","items_purchased":["Blade Dance","Terror"],"campfire_rested":0,"item_purchase_floors":[12,12],"current_hp_per_floor":[59,59,59,53,49,43,43,43,43,43,43,43,43,27,27,0,0],"gold":188,"neow_bonus":"BOSS_RELIC","is_daily":false,"chose_seed":false,"campfire_upgraded":3,"win_rate":0.0,"timestamp":1610284972,"path_taken":["M","?","M","M","M","E","R","E","T","M","R","?","E","M","R","BOSS"],"items_purchased_type":["Card","Card"],"build_version":"2020-12-22","purchased_purges":0,"victory":false,"max_hp_per_floor":[66,66,66,66,66,66,66,66,66,66,66,66,66,66,66,66,66],"relic_stats":{"counters":[10,28],"Pandora\u0027s Box":["Deflect","Venomology","Corpse Explosion","Poisoned Stab","Dash","Flying Knee","Caltrops","Dagger Spray","Cloak And Dagger","Reflex"],"PreservedInsect":55,"obtain_stats":[{"Pandora\u0027s Box":0,"PreservedInsect":6,"Incense Burner":8,"Toxic Egg 2":13,"Ring of the Snake":0},{"Pandora\u0027s Box":0,"PreservedInsect":5,"Incense Burner":6,"Toxic Egg 2":8,"Ring of the Snake":0},{"Pandora\u0027s Box":0,"PreservedInsect":14,"Incense Burner":17,"Toxic Egg 2":23,"Ring of the Snake":0}]},"card_choices":[{"not_picked":["Slice","Eviscerate"],"picked":"Dagger Throw","floor":1.0},{"not_picked":["Caltrops","Outmaneuver","Deadly Poison"],"picked":"SKIP","floor":3.0},{"not_picked":["Underhanded Strike","Reflex","Dodge and Roll"],"picked":"SKIP","floor":4.0},{"not_picked":["Tactician","Masterful Stab","Dash"],"picked":"SKIP","floor":5.0},{"not_picked":["Escape Plan","Tactician","Predator"],"picked":"SKIP","floor":6.0},{"not_picked":["Underhanded Strike","Escape Plan"],"picked":"Footwork","floor":8.0},{"not_picked":["Blur","Poisoned Stab","Heel Hook"],"picked":"SKIP","floor":10.0},{"not_picked":["Backflip+1","Footwork"],"picked":"Tools of the Trade","floor":13.0},{"not_picked":["Flying Knee","Backstab","Flechettes"],"picked":"SKIP","floor":14.0}],"player_experience":606417,"relics_obtained":[{"floor":6.0,"key":"PreservedInsect"},{"floor":8.0,"key":"Incense Burner"},{"floor":13.0,"key":"Toxic Egg 2"}],"event_choices":[{"damage_healed":0.0,"max_hp_gain":0.0,"max_hp_loss":0.0,"gold_gain":50.0,"event_name":"Golden Shrine","player_choice":"Pray","floor":2.0,"gold_loss":0.0,"damage_taken":0.0}],"is_beta":false,"boss_relics":[],"items_purged_floors":[],"is_endless":false,"potions_floor_spawned":[4,6,8],"killed_by":"The Guardian","ascension_level":20}}