{"host":"uv231blk40vjdojr","time":1610309791,"event":{"mods":["AchievementEnabler","BaseMod","Bestiary","Minty Spire (QoL Compilation)","Relic Stats"],"gold_per_floor":[115,135,135,145,65,65,141,141,192,192,206,218,236,270,270,270,270],"floor_reached":16,"playtime":463,"items_purged":[],"score":102,"play_id":"09acd274-021e-4535-aeef-3e281027ff6b","local_time":"20210110211631","is_ascension_mode":false,"campfire_choices":[{"data":"Rampage","floor":6,"key":"SMITH"},{"data":"Double Tap","floor":8,"key":"SMITH"},{"data":"Pommel Strike","floor":10,"key":"SMITH"},{"data":"Bash","floor":15,"key":"SMITH"}],"circlet_count":0,"master_deck":["Strike_R","Strike_R","Strike_R","Strike_R","Strike_R","Defend_R","Defend_R","Defend_R","Defend_R","Bash+1","Double Tap+1","Pommel Strike+1","Headbutt","Rampage+1","Shrug It Off","Immolate","Shrug It Off"],"relics":["Burning Blood","Ornamental Fan","Smiling Mask","Gremlin Horn"],"acts_visited":["Exordium"],"potions_floor_usage":[4,16],"damage_taken":[{"damage":5,"enemies":"Small Slimes","floor":1,"turns":4},{"damage":6,"enemies":"Cultist","floor":2,"turns":3},{"damage":8,"enemies":"Jaw Worm","floor":4,"turns":3},{"damage":18,"enemies":"Exordium Thugs","floor":11,"turns":5},{"damage":15,"enemies":"Lots of Slimes","floor":12,"turns":5},{"damage":0,"enemies":"Looter","floor":13,"turns":2},{"damage":25,"enemies":"Gremlin Nob","floor":14,"turns":4},{"damage":26,"enemies":"Hexaghost","floor":16,"turns":7}],"seed_played":"-6926114301218200412","potions_obtained":[{"floor":4,"key":"Fruit Juice"},{"floor":13,"key":"SmokeBomb"},{"floor":14,"key":"BlessingOfTheForge"}],"is_trial":false,"path_per_floor":["M","M","?","M","$","R","T","R","T","R","M","M","M","E","R","B"],"character_chosen":"IRONCLAD","items_purchased":["Rampage"],"campfire_rested":0,"item_purchase_floors":[5],"current_hp_per_floor":[57,57,57,60,60,60,60,60,60,60,48,39,45,26,26,0,0],"gold":270,"neow_bonus":"THREE_RARE_CARDS","is_daily":false,"chose_seed":false,"campfire_upgraded":4,"win_rate":0.0,"timestamp":1610309791,"path_taken":["M","M","?","M","?","R","?","R","T","R","M","M","M","E","R","BOSS"],"items_purchased_type":["Card"],"build_version":"2020-12-22","purchased_purges":0,"victory":false,"max_hp_per_floor":[80,80,80,85,85,85,85,85,85,85,85,85,85,85,85,85,85],"relic_stats":{"Gremlin Horn":[0,0],"counters":[8,33],"Ornamental Fan":[32],"Smiling Mask":0,"obtain_stats":[{"Gremlin Horn":14,"Ornamental Fan":7,"Smiling Mask":9,"Burning Blood":0},{"Gremlin Horn":7,"Ornamental Fan":3,"Smiling Mask":3,"Burning Blood":0},{"Gremlin Horn":26,"Ornamental Fan":10,"Smiling Mask":10,"Burning Blood":0}],"Burning Blood":42},"card_choices":[{"not_picked":["Limit Break","Exhume"],"picked":"Double Tap","floor":0},{"not_picked":["Twin Strike","Feel No Pain","Sword Boomerang"],"picked":"SKIP","floor":1},{"not_picked":["Iron Wave","Second Wind"],"picked":"Pommel Strike","floor":2},{"not_picked":["Pommel Strike","Sword Boomerang"],"picked":"Headbutt","floor":4},{"not_picked":["Sentinel","Entrench"],"picked":"Shrug It Off","floor":11},{"not_picked":["Seeing Red","Wild Strike"],"picked":"Immolate","floor":12},{"not_picked":["Rupture","Uppercut"],"picked":"Shrug It Off","floor":13},{"not_picked":["Pommel Strike","Hemokinesis","Rupture"],"picked":"SKIP","floor":14}],"player_experience":652890,"relics_obtained":[{"floor":7,"key":"Ornamental Fan"},{"floor":9,"key":"Smiling Mask"},{"floor":14,"key":"Gremlin Horn"}],"event_choices":[{"damage_healed":0,"gold_gain":0,"player_choice":"0 cards matched","damage_taken":0,"max_hp_gain":0,"max_hp_loss":0,"event_name":"Match and Keep!","floor":3,"gold_loss":0,"cards_obtained":[]}],"is_beta":false,"boss_relics":[],"items_purged_floors":[],"is_endless":false,"potions_floor_spawned":[4,13,14],"killed_by":"Hexaghost","ascension_level":0}}