{"host":"vlqejv0notyktumz","time":1610304829,"event":{"mods":["AchievementEnabler","BaseMod","Googly Eyes","Minty Spire (QoL Compilation)"],"gold_per_floor":[117,134,134,14,30,30,47,47,73,73,101,101,101,128,128,231,231,250,269,280,220,236,236,236,261,261,14,46,46,65,65,65,165,165,176,176,51,0,16,16,28,28,28,328,347,88,88,105,105,105,105],"floor_reached":50,"playtime":1532,"items_purged":["Strike_B","Strike_B","Defend_B"],"score":634,"play_id":"5d9ca518-077e-4a5e-bb21-383ac5195678","local_time":"20210110125349","is_ascension_mode":true,"campfire_choices":[{"data":"FTL","floor":6,"key":"SMITH"},{"data":"Leap","floor":8,"key":"SMITH"},{"data":"Dualcast","floor":10,"key":"SMITH"},{"data":"Leap","floor":12,"key":"SMITH"},{"floor":15,"key":"REST"},{"data":"Zap","floor":23,"key":"SMITH"},{"floor":29,"key":"REST"},{"floor":32,"key":"REST"},{"data":"Madness","floor":40,"key":"SMITH"},{"data":"Thunder Strike","floor":42,"key":"SMITH"},{"data":"Conserve Battery","floor":47,"key":"SMITH"},{"floor":49,"key":"REST"}],"circlet_count":0,"master_deck":["Strike_B","Defend_B","Defend_B","Defend_B","Zap+1","Dualcast+1","Seek","Ball Lightning","Sweeping Beam","Leap+1","FTL+1","Leap+1","Thunder Strike+1","Chill","Conserve Battery+1","Redo","Cold Snap","Ball Lightning+1","Double Energy","Conserve Battery+1","Madness+1","Madness","Hologram+1"],"relics":["Cracked Core","Happy Flower","Bronze Scales","Bag of Preparation","CaptainsWheel","Inserter","StrikeDummy","Nunchaku","HandDrill","Meat on the Bone","Sozu","Red Mask","Symbiotic Virus","Eternal Feather"],"acts_visited":["Exordium","TheCity","TheBeyond"],"potions_floor_usage":[11,18,20,25,25,28],"damage_taken":[{"damage":4,"enemies":"Jaw Worm","floor":1,"turns":3},{"damage":0,"enemies":"Small Slimes","floor":2,"turns":3},{"damage":0,"enemies":"Cultist","floor":5,"turns":3},{"damage":8,"enemies":"3 Louse","floor":7,"turns":3},{"damage":10,"enemies":"3 Sentries","floor":11,"turns":5},{"damage":12,"enemies":"Gremlin Nob","floor":14,"turns":3},{"damage":16,"enemies":"Hexaghost","floor":16,"turns":9},{"damage":4,"enemies":"Shell Parasite","floor":18,"turns":4},{"damage":0,"enemies":"Spheric Guardian","floor":19,"turns":4},{"damage":12,"enemies":"Centurion and Healer","floor":20,"turns":10},{"damage":0,"enemies":"Chosen and Byrds","floor":22,"turns":6},{"damage":2,"enemies":"Book of Stabbing","floor":25,"turns":5},{"damage":34,"enemies":"Gremlin Leader","floor":28,"turns":7},{"damage":5,"enemies":"Snake Plant","floor":30,"turns":3},{"damage":12,"enemies":"Colosseum Slavers","floor":31,"turns":2},{"damage":49,"enemies":"Champ","floor":33,"turns":12},{"damage":2,"enemies":"Orb Walker","floor":35,"turns":4},{"damage":1,"enemies":"3 Shapes","floor":39,"turns":5},{"damage":11,"enemies":"Maw","floor":41,"turns":7},{"damage":0,"enemies":"3 Darklings","floor":45,"turns":4},{"damage":28,"enemies":"Spire Growth","floor":48,"turns":4},{"damage":75,"enemies":"Time Eater","floor":50,"turns":11}],"seed_played":"-2734769649719138947","potions_obtained":[{"floor":1,"key":"Block Potion"},{"floor":11,"key":"Energy Potion"},{"floor":14,"key":"Energy Potion"},{"floor":18,"key":"PowerPotion"},{"floor":20,"key":"Energy Potion"},{"floor":25,"key":"LiquidMemories"}],"is_trial":false,"path_per_floor":["M","M","?","$","M","R","M","R","T","R","E","R","?","E","R","B",null,"M","M","M","?","M","R","?","E","T","$","E","R","M","?","R","B",null,"M","?","$","?","M","R","M","R","T","?","M","$","R","M","R","B"],"character_chosen":"DEFECT","items_purchased":["Leap","HandDrill","Eternal Feather"],"campfire_rested":4,"item_purchase_floors":[4,27,46],"current_hp_per_floor":[64,64,39,39,39,39,31,31,31,31,21,21,14,2,24,8,58,54,54,42,42,42,42,67,65,65,65,31,53,48,48,70,33,65,63,54,54,54,53,53,42,42,42,42,42,42,54,38,72,0,0],"gold":105,"neow_bonus":"ONE_RANDOM_RARE_CARD","is_daily":false,"chose_seed":false,"campfire_upgraded":8,"win_rate":0.0,"timestamp":1610304829,"path_taken":["M","M","?","$","M","R","M","R","T","R","E","R","?","E","R","BOSS","M","?","M","?","?","R","?","E","T","$","E","R","M","?","R","BOSS","M","?","$","?","M","R","M","R","T","?","?","$","R","M","R","BOSS"],"items_purchased_type":["Card","Relic","Relic"],"build_version":"2020-12-22","purchased_purges":3,"victory":false,"max_hp_per_floor":[75,75,75,75,75,75,75,75,75,75,75,75,75,75,75,75,75,75,75,75,75,75,75,75,75,75,75,75,75,75,75,75,75,75,75,75,75,75,75,75,75,75,75,75,75,75,75,75,75,75,75],"card_choices":[{"not_picked":["Heatsinks","Auto Shields"],"picked":"Ball Lightning","floor":1},{"not_picked":["Compile Driver","White Noise"],"picked":"Sweeping Beam","floor":2},{"not_picked":["Gash","Sunder"],"picked":"FTL","floor":5},{"not_picked":["Turbo","Compile Driver","Go for the Eyes"],"picked":"SKIP","floor":7},{"not_picked":["Redo","Double Energy"],"picked":"Leap","floor":11},{"not_picked":["Doom and Gloom","Scrape","Fusion"],"picked":"SKIP","floor":14},{"not_picked":["Fission","Core Surge"],"picked":"Thunder Strike","floor":16},{"not_picked":["Gash","Go for the Eyes"],"picked":"Chill","floor":18},{"not_picked":["Ball Lightning","Beam Cell"],"picked":"Conserve Battery","floor":19},{"not_picked":["Glacier","Double Energy"],"picked":"Redo","floor":20},{"not_picked":["Capacitor","Self Repair"],"picked":"Cold Snap","floor":22},{"not_picked":["Stack","Steam","Rebound"],"picked":"SKIP","floor":25},{"not_picked":["Leap","Gash"],"picked":"Ball Lightning+1","floor":28},{"not_picked":["Beam Cell+1","Glacier"],"picked":"Double Energy","floor":30},{"not_picked":["Hologram","FTL"],"picked":"Conserve Battery+1","floor":35},{"not_picked":["Beam Cell","Force Field"],"picked":"Hologram+1","floor":39},{"not_picked":["Aggregate+1","Rebound+1","Hologram"],"picked":"SKIP","floor":41},{"not_picked":["Stack","Force Field","Cold Snap"],"picked":"SKIP","floor":45},{"not_picked":["Hologram","Conserve Battery","Redo"],"picked":"SKIP","floor":48}],"player_experience":322653,"relics_obtained":[{"floor":9,"key":"Bronze Scales"},{"floor":11,"key":"Bag of Preparation"},{"floor":14,"key":"CaptainsWheel"},{"floor":25,"key":"StrikeDummy"},{"floor":26,"key":"Nunchaku"},{"floor":28,"key":"Meat on the Bone"},{"floor":43,"key":"Symbiotic Virus"}],"event_choices":[{"damage_healed":0,"gold_gain":0,"player_choice":"Success","damage_taken":25,"relics_obtained":["Happy Flower"],"max_hp_gain":0,"max_hp_loss":0,"event_name":"Scrap Ooze","floor":3,"gold_loss":0},{"damage_healed":0,"gold_gain":0,"player_choice":"Damaged","damage_taken":7,"max_hp_gain":0,"max_hp_loss":0,"event_name":"Wheel of Change","floor":13,"gold_loss":0},{"cards_removed":["Strike_B"],"damage_healed":0,"gold_gain":0,"player_choice":"Single Remove","damage_taken":0,"max_hp_gain":0,"max_hp_loss":0,"event_name":"Designer","floor":21,"gold_loss":60},{"damage_healed":25,"gold_gain":0,"player_choice":"Heal","damage_taken":0,"max_hp_gain":0,"max_hp_loss":0,"event_name":"The Library","floor":24,"gold_loss":0},{"damage_healed":0,"gold_gain":0,"player_choice":"Fight","damage_taken":0,"max_hp_gain":0,"max_hp_loss":0,"event_name":"Colosseum","floor":31,"gold_loss":0},{"damage_healed":0,"gold_gain":0,"player_choice":"Fled From Nobs","damage_taken":0,"max_hp_gain":0,"max_hp_loss":0,"event_name":"Colosseum","floor":31,"gold_loss":0},{"damage_healed":0,"gold_gain":0,"player_choice":"Embrace Madness","damage_taken":9,"max_hp_gain":0,"max_hp_loss":0,"event_name":"Winding Halls","floor":36,"gold_loss":0,"cards_obtained":["Madness","Madness"]},{"damage_healed":0,"gold_gain":0,"player_choice":"Paid","damage_taken":0,"relics_obtained":["Red Mask"],"max_hp_gain":0,"max_hp_loss":0,"event_name":"Tomb of Lord Red Mask","floor":38,"gold_loss":51},{"damage_healed":0,"gold_gain":300,"player_choice":"Gold","damage_taken":0,"max_hp_gain":0,"max_hp_loss":0,"event_name":"Wheel of Change","floor":44,"gold_loss":0}],"is_beta":false,"boss_relics":[{"not_picked":["Calling Bell","Runic Dome"],"picked":"Inserter"},{"not_picked":["Empty Cage","SlaversCollar"],"picked":"Sozu"}],"items_purged_floors":[4,27,37],"is_endless":false,"potions_floor_spawned":[1,11,14,18,20,25,31,39,41,48],"killed_by":"Time Eater","ascension_level":6}}