{"host":"k2mw1od0xoi9pcfj","time":1610243084,"event":{"mods":["100% Spire Juice","AchievementEnabler","Act Like it!","Aspiration","BaseMod","Better Altar","Better Match","Better Note","Better Sensory Stone","Better Skull","Better Third Choice","Conspire","Defuse TimeMaze Blight","Downfall","Energized Spire","Friendly Minions","Gensokyo","Halation","Hallownest","Highlight Path","Infinite Spire","Minty Spire (QoL Compilation)","Permanent Neow","Prisma Mod","Quick Restart","Random Character Button","Relic Sorter","Relic Stats","Replay The Spire","Spicy Shops","StSLib","Synergy Search","The Hierophant","Treasure Hunter","everything is the same but u backflip on backflip","slay the spire mod where everything is the same but ironclad has a cowboy hat"],"gold_per_floor":[154,168,168,30,42,42,75,75,125,140,154,185,185],"floor_reached":12,"playtime":1298,"items_purged":[],"score":90,"play_id":"06b554ee-6d82-4582-999a-f5a07dc9b64c","local_time":"20210109194444","is_ascension_mode":false,"campfire_choices":[{"data":"PrismaMod:ChloeGreatTracePools","floor":6,"key":"SMITH"}],"circlet_count":0,"master_deck":["PrismaMod:ChloeCommonAttack","PrismaMod:ChloeCommonAttack","PrismaMod:ChloeCommonAttack","PrismaMod:ChloeCommonAttack","PrismaMod:ChloeCommonAttack","PrismaMod:ChloeCommonDefend","PrismaMod:ChloeCommonDefend","PrismaMod:ChloeCommonDefend","PrismaMod:ChloeCommonDefend","PrismaMod:ChloeCommonDefend","PrismaMod:ChloeCheapAttack","PrismaMod:ChloeCheapDefend","PrismaMod:ChloeCaladbolg","Heavy Blade","PrismaMod:ChloeGreatTracePools+1","Fire Breathing","TH:CopperCoins","WeaponsOverheat+1","TH:CopperCoins","Body Slam","PrismaMod:ChloeExhaustOne","TH:ElvenBoots","FTL"],"relics":["PrismaMod:PrismaTraceOn","aspiration:Nostalgia","Iron Core","halation:PromiseList","Torii"],"acts_visited":["Hallownest:Greenpath"],"potions_floor_usage":[],"damage_taken":[{"damage":0,"enemies":"Hallownest:2_MossCreeps","floor":1,"turns":6},{"damage":0,"enemies":"Hallownest:monsterHuskWarrior","floor":2,"turns":4},{"damage":7,"enemies":"Hallownest:2_Tiktiks_and_1_Crawlid","floor":5,"turns":7},{"damage":14,"enemies":"Hallownest:eliteMossKnight","floor":7,"turns":14},{"damage":4,"enemies":"Hallownest:Guard_and_Warrior","floor":10,"turns":5},{"damage":8,"enemies":"Hallownest:Wandering_and_Horned","floor":11,"turns":6},{"damage":40,"enemies":"Hallownest:eliteCrystalGuardian","floor":12,"turns":7}],"seed_played":"8115354926203115055","potions_obtained":[{"floor":2,"key":"SteroidPotion"},{"floor":7,"key":"Energy Potion"},{"floor":12,"key":"Block Potion"}],"is_trial":false,"path_per_floor":["M","M","?","$","M","R","E","?","T","M","M","E"],"character_chosen":"CHLOE","items_purchased":["PrismaMod:ChloeGreatTracePools"],"campfire_rested":0,"item_purchase_floors":[4],"current_hp_per_floor":[75,75,75,75,68,68,54,54,54,50,42,2,2],"gold":185,"neow_bonus":"NOSTALGIA","is_daily":false,"chose_seed":false,"campfire_upgraded":1,"win_rate":0.0,"timestamp":1610243084,"path_taken":["M","M","?","$","M","R","E","?","T","M","M","E"],"items_purchased_type":["Card"],"build_version":"2020-12-22","purchased_purges":0,"victory":false,"max_hp_per_floor":[75,75,75,75,75,75,75,75,75,75,75,75,75],"relic_stats":{"Torii":0,"counters":[7,49],"obtain_stats":[{"Iron Core":0,"Torii":12,"aspiration:Nostalgia":0,"halation:PromiseList":7,"PrismaMod:PrismaTraceOn":0},{"Iron Core":0,"Torii":7,"aspiration:Nostalgia":0,"halation:PromiseList":4,"PrismaMod:PrismaTraceOn":0},{"Iron Core":0,"Torii":49,"aspiration:Nostalgia":0,"halation:PromiseList":31,"PrismaMod:PrismaTraceOn":0}]},"card_choices":[{"not_picked":["Warcry","Flex"],"picked":"PrismaMod:ChloeCaladbolg","floor":1},{"not_picked":["PrismaMod:ChloeCheapDefend","Headbutt"],"picked":"Heavy Blade","floor":2},{"not_picked":["Turbo","PrismaMod:ChloeAnyUncommonTrace"],"picked":"Fire Breathing","floor":5},{"not_picked":["TH:ElvenBoots"],"picked":"TH:CopperCoins","floor":7},{"not_picked":["Hologram","ReplayTheSpireMod:GoodbyeWorld"],"picked":"WeaponsOverheat","floor":7},{"not_picked":["TH:DeckOfManyThings"],"picked":"TH:CopperCoins","floor":9},{"not_picked":["Beam Cell","Turbo"],"picked":"Body Slam","floor":10},{"not_picked":["ReplayTheSpireMod:Muscle Training","PrismaMod:ChloeRuleBreaker"],"picked":"PrismaMod:ChloeExhaustOne","floor":11},{"not_picked":["TH:TreasureMap"],"picked":"TH:ElvenBoots","floor":12},{"not_picked":["Evolve","Gash"],"picked":"FTL","floor":12}],"player_experience":862651,"relics_obtained":[{"floor":7,"key":"halation:PromiseList"},{"floor":12,"key":"Torii"}],"event_choices":[],"is_beta":false,"boss_relics":[],"items_purged_floors":[],"is_endless":false,"potions_floor_spawned":[2,7,12],"killed_by":"Hallownest:eliteCrystalGuardian","ascension_level":0}}