{"host":"sav7uxregyirlf69","time":1610245784,"event":{"mods":["AchievementEnabler","BaseMod","Colored Map","DeckTracker","Keyboard Shortcuts","Minty Spire (QoL Compilation)","READ ME - Guardian Mod","StSLib","SuperFastMode"],"gold_per_floor":[13,28,46,65,65,65,65],"floor_reached":6,"playtime":158,"items_purged":[],"score":57,"play_id":"e58c2f01-5173-40b5-add0-d219892a2594","local_time":"20210110112944","is_ascension_mode":true,"campfire_choices":[],"circlet_count":0,"master_deck":["AscendersBane","Strike_G","Strike_G","Strike_G","Strike_G","Strike_G","Defend_G","Defend_G","Defend_G","Defend_G","Defend_G","Survivor","Neutralize","Master of Strategy","All Out Attack","Flying Knee","Flechettes"],"relics":["Ring of the Snake"],"acts_visited":["Exordium"],"potions_floor_usage":[],"damage_taken":[{"damage":4,"enemies":"Small Slimes","floor":1,"turns":6},{"damage":3,"enemies":"Cultist","floor":2,"turns":5},{"damage":0,"enemies":"2 Louse","floor":3,"turns":2},{"damage":1,"enemies":"Blue Slaver","floor":4,"turns":5},{"damage":73,"enemies":"Lagavulin","floor":6,"turns":8}],"seed_played":"-1710466373172782872","potions_obtained":[{"floor":2,"key":"CunningPotion"},{"floor":4,"key":"SpeedPotion"}],"is_trial":false,"path_per_floor":["M","M","M","M","?","E"],"character_chosen":"THE_SILENT","items_purchased":[],"campfire_rested":0,"item_purchase_floors":[],"current_hp_per_floor":[59,56,56,55,55,0,0],"gold":65,"neow_bonus":"RANDOM_COLORLESS_2","is_daily":false,"chose_seed":false,"campfire_upgraded":0,"win_rate":0.0,"timestamp":1610245784,"path_taken":["M","M","M","M","?","E"],"items_purchased_type":[],"build_version":"2020-12-22","purchased_purges":0,"victory":false,"max_hp_per_floor":[70,70,70,70,70,70,70],"card_choices":[{"not_picked":["Secret Weapon","Thinking Ahead"],"picked":"Master of Strategy","floor":0},{"not_picked":["Slice","Poisoned Stab"],"picked":"All Out Attack","floor":1},{"not_picked":["Cloak And Dagger","Heel Hook","Sucker Punch"],"picked":"SKIP","floor":2},{"not_picked":["Well Laid Plans","Choke"],"picked":"Flying Knee","floor":3},{"not_picked":["Riddle With Holes","Eviscerate"],"picked":"Flechettes","floor":4}],"player_experience":1225398,"relics_obtained":[],"event_choices":[{"damage_healed":0,"gold_gain":0,"player_choice":"0 cards matched","damage_taken":0,"max_hp_gain":0,"max_hp_loss":0,"event_name":"Match and Keep!","floor":5,"gold_loss":0,"cards_obtained":[]}],"is_beta":false,"boss_relics":[],"items_purged_floors":[],"is_endless":false,"potions_floor_spawned":[2,4],"killed_by":"Lagavulin","ascension_level":10}}