{"host":"3iwi2ojka2rwtlv0","time":1610270717,"event":{"mods":["BaseMod","Colored Map","Minty Spire (QoL Compilation)","Shop Mod"],"gold_per_floor":[118,130,130,147,160,160,195,195,249,292,315,315,315,329,329,441,441,467,467,314,342,387,421,245,264,342,371,406,406,417,417,417,521,521,533,533,142,190,202,230,240,252,252,252,278,292,304,317,317,317,317],"floor_reached":50,"playtime":6678,"items_purged":["Strike_P","Defend_P","Defend_P"],"score":766,"play_id":"3cb1b878-1bc6-426e-8a40-f15fe8387b68","local_time":"20210110012517","is_ascension_mode":true,"campfire_choices":[{"data":"Eruption","floor":6.0,"key":"SMITH"},{"floor":8.0,"key":"REST"},{"floor":12.0,"key":"REST"},{"floor":15.0,"key":"REST"},{"floor":32.0,"key":"REST"},{"floor":49,"key":"RECALL"}],"circlet_count":0,"master_deck":["Strike_P+1","Defend_P+1","Eruption+1","Vigilance","Vengeance+1","Establishment+1","EmptyMind+1","FlurryOfBlows","FlurryOfBlows","Meditate","EmptyMind","Crescendo","FearNoEvil","Blasphemy","SpiritShield","MentalFortress","TalkToTheHand","Evaluate","Adaptation+1","Ghostly","Ghostly","Ghostly","Ghostly","Ghostly","Judgement","Halt","Indignation","Prostrate+1","FlurryOfBlows","DeceiveReality","Vengeance","Vault","Halt+1","Tantrum+1","EmptyBody","MentalFortress+1","Study+1","EmptyMind","Perseverance+1","Madness","Madness","EmptyFist+1","Tantrum+1","LikeWater+1"],"relics":["Astrolabe","Shuriken","Potion Belt","Fusion Hammer","CultistMask","Tiny Chest","Frozen Egg 2","Nloth\u0027s Gift","Molten Egg 2","Busted Crown","Membership Card","Bottled Lightning","Ice Cream","Prayer Wheel","Mummified Hand","Juzu Bracelet"],"acts_visited":["Exordium","TheCity","TheBeyond"],"potions_floor_usage":[48],"damage_taken":[{"damage":4.0,"enemies":"Jaw Worm","floor":1.0,"turns":6.0},{"damage":16.0,"enemies":"2 Louse","floor":2.0,"turns":3.0},{"damage":0.0,"enemies":"Cultist","floor":4.0,"turns":3.0},{"damage":0.0,"enemies":"Large Slime","floor":5.0,"turns":4.0},{"damage":21.0,"enemies":"3 Sentries","floor":7.0,"turns":5.0},{"damage":18.0,"enemies":"Gremlin Nob","floor":10.0,"turns":3.0},{"damage":14.0,"enemies":"Exordium Thugs","floor":11.0,"turns":2.0},{"damage":14.0,"enemies":"Red Slaver","floor":14.0,"turns":2.0},{"damage":12.0,"enemies":"The Guardian","floor":16.0,"turns":6.0},{"damage":3.0,"enemies":"3 Byrds","floor":18.0,"turns":4.0},{"damage":12.0,"enemies":"2 Thieves","floor":21.0,"turns":4.0},{"damage":7.0,"enemies":"Gremlin Leader","floor":23.0,"turns":5.0},{"damage":2.0,"enemies":"Shelled Parasite and Fungi","floor":25.0,"turns":5.0},{"damage":2.0,"enemies":"3 Cultists","floor":27.0,"turns":5.0},{"damage":0.0,"enemies":"Book of Stabbing","floor":28.0,"turns":5.0},{"damage":2.0,"enemies":"Sentry and Sphere","floor":30.0,"turns":5.0},{"damage":2.0,"enemies":"Automaton","floor":33.0,"turns":8.0},{"damage":0.0,"enemies":"3 Darklings","floor":35.0,"turns":4.0},{"damage":0.0,"enemies":"2 Orb Walkers","floor":38.0,"turns":7.0},{"damage":0.0,"enemies":"Orb Walker","floor":39.0,"turns":4.0},{"damage":15.0,"enemies":"Giant Head","floor":40.0,"turns":4.0},{"damage":0.0,"enemies":"Jaw Worm Horde","floor":41.0,"turns":4.0},{"damage":0.0,"enemies":"Sphere and 2 Shapes","floor":42.0,"turns":5.0},{"damage":4.0,"enemies":"3 Darklings","floor":46.0,"turns":5.0},{"damage":0.0,"enemies":"Transient","floor":47.0,"turns":6.0},{"damage":0,"enemies":"Writhing Mass","floor":48,"turns":5},{"damage":22,"enemies":"Time Eater","floor":50,"turns":2}],"seed_played":"-4047037878978316387","potions_obtained":[{"floor":4.0,"key":"Weak Potion"},{"floor":7.0,"key":"ColorlessPotion"},{"floor":10.0,"key":"Strength Potion"},{"floor":11.0,"key":"SkillPotion"},{"floor":16.0,"key":"Energy Potion"},{"floor":18.0,"key":"Dexterity Potion"},{"floor":21.0,"key":"Fire Potion"},{"floor":30.0,"key":"GamblersBrew"},{"floor":35.0,"key":"DistilledChaos"},{"floor":41.0,"key":"DistilledChaos"},{"floor":42.0,"key":"ColorlessPotion"}],"is_trial":false,"path_per_floor":["M","M","?","M","M","R","E","R","T","E","M","R","?","M","R","B",null,"M","?","$","M","?","E","$","M","T","M","E","?","M","T","R","B",null,"M","?","$","?","M","E","M","M","T","?","T","M","M","M","R","B"],"character_chosen":"WATCHER","items_purchased":["TalkToTheHand","Evaluate","Halt","Indignation","Membership Card","Tantrum+1","EmptyBody","Bottled Lightning"],"campfire_rested":4,"item_purchase_floors":[20,20,24,24,37,37,37,37],"current_hp_per_floor":[68,52,38,38,38,38,17,38,38,20,6,27,51,37,58,46,72,69,69,69,57,36,29,29,27,27,25,25,25,23,23,33,31,36,36,36,36,36,36,21,21,21,21,16,16,12,12,12,12,0,0],"gold":317,"neow_bonus":"BOSS_RELIC","is_daily":false,"chose_seed":false,"campfire_upgraded":1,"win_rate":0.0,"timestamp":1610270717,"path_taken":["M","M","?","M","M","R","E","R","T","E","M","R","?","M","R","BOSS","M","?","$","?","?","E","?","M","T","?","E","?","M","?","R","BOSS","M","?","$","?","M","E","M","M","T","?","?","M","M","M","R","BOSS"],"items_purchased_type":["Card","Card","Card","Card","Relic","Card","Card","Relic"],"build_version":"2020-12-22","purchased_purges":3,"victory":false,"max_hp_per_floor":[72,72,72,72,72,72,72,72,72,72,72,72,72,72,72,72,72,72,72,72,72,36,36,36,36,36,36,36,36,36,36,36,36,36,36,36,36,36,36,36,36,36,36,36,36,36,36,36,36,36,36],"card_choices":[{"not_picked":["Prostrate","ThirdEye"],"picked":"FlurryOfBlows","floor":1.0},{"not_picked":["BowlingBash","WaveOfTheHand"],"picked":"FlurryOfBlows","floor":2.0},{"not_picked":["Wireheading","BattleHymn"],"picked":"Meditate","floor":4.0},{"not_picked":["SandsOfTime","WheelKick"],"picked":"EmptyMind","floor":5.0},{"not_picked":["ForeignInfluence","Nirvana"],"picked":"Crescendo","floor":7.0},{"not_picked":["EmptyFist","WheelKick"],"picked":"FearNoEvil","floor":10.0},{"not_picked":["WreathOfFlame","FlyingSleeves"],"picked":"Blasphemy","floor":11.0},{"not_picked":["CutThroughFate","Weave","PathToVictory"],"picked":"SKIP","floor":14.0},{"not_picked":["Omniscience","Alpha"],"picked":"SpiritShield","floor":16.0},{"not_picked":["Consecrate","EmptyMind"],"picked":"MentalFortress","floor":18.0},{"not_picked":["Perseverance","SashWhip"],"picked":"Adaptation+1","floor":21.0},{"not_picked":["Swivel","Weave"],"picked":"Judgement","floor":23.0},{"not_picked":["EmptyBody","FlyingSleeves"],"picked":"Prostrate+1","floor":25.0},{"not_picked":["EmptyBody","Worship"],"picked":"FlurryOfBlows","floor":27.0},{"not_picked":["WheelKick","SpiritShield"],"picked":"DeceiveReality","floor":28.0},{"not_picked":["FollowUp","Crescendo"],"picked":"Vengeance","floor":30.0},{"not_picked":["Ragnarok+1","DeusExMachina"],"picked":"Vault","floor":33.0},{"not_picked":[],"picked":"Halt+1","floor":35.0},{"not_picked":[],"picked":"MentalFortress+1","floor":38.0},{"not_picked":["Sanctity+1"],"picked":"SKIP","floor":39.0},{"not_picked":["Indignation"],"picked":"SKIP","floor":40.0},{"not_picked":[],"picked":"Study+1","floor":41.0},{"not_picked":["Consecrate+1"],"picked":"SKIP","floor":41.0},{"not_picked":[],"picked":"EmptyMind","floor":42.0},{"not_picked":[],"picked":"Perseverance+1","floor":42.0},{"not_picked":[],"picked":"EmptyFist+1","floor":46.0},{"not_picked":["DeceiveReality"],"picked":"SKIP","floor":46.0},{"not_picked":[],"picked":"Tantrum+1","floor":47.0},{"not_picked":["EmptyBody"],"picked":"SKIP","floor":47.0},{"not_picked":[],"picked":"LikeWater+1","floor":48},{"not_picked":["Sanctity+1"],"picked":"SKIP","floor":48}],"player_experience":296398,"relics_obtained":[{"floor":7.0,"key":"Shuriken"},{"floor":9.0,"key":"CeramicFish"},{"floor":10.0,"key":"Potion Belt"},{"floor":23.0,"key":"Tiny Chest"},{"floor":28.0,"key":"Frozen Egg 2"},{"floor":31.0,"key":"Molten Egg 2"},{"floor":38.0,"key":"Ice Cream"},{"floor":40.0,"key":"Prayer Wheel"},{"floor":43.0,"key":"Mummified Hand"},{"floor":45.0,"key":"Juzu Bracelet"}],"event_choices":[{"damage_healed":0.0,"max_hp_gain":0.0,"max_hp_loss":0.0,"gold_gain":0.0,"event_name":"Shining Light","player_choice":"Entered Light","floor":3.0,"gold_loss":0.0,"damage_taken":14.0,"cards_upgraded":["Defend_P","Strike_P"]},{"damage_healed":24.0,"max_hp_gain":0.0,"max_hp_loss":0.0,"gold_gain":0.0,"event_name":"Big Fish","player_choice":"Banana","floor":13.0,"gold_loss":0.0,"damage_taken":0.0},{"damage_healed":0.0,"max_hp_gain":0.0,"max_hp_loss":0.0,"gold_gain":0.0,"event_name":"FaceTrader","player_choice":"Trade","floor":19.0,"gold_loss":0.0,"damage_taken":0.0,"relics_obtained":["CultistMask"]},{"damage_healed":0.0,"max_hp_gain":0.0,"max_hp_loss":36.0,"gold_gain":0.0,"event_name":"Ghosts","player_choice":"Became a Ghost","floor":22.0,"gold_loss":0.0,"damage_taken":0.0,"cards_obtained":["Ghostly","Ghostly","Ghostly","Ghostly","Ghostly"]},{"damage_healed":0.0,"max_hp_gain":0.0,"max_hp_loss":0.0,"gold_gain":0.0,"event_name":"N\u0027loth","player_choice":"Traded Relic","floor":29.0,"relics_lost":["CeramicFish"],"gold_loss":0.0,"damage_taken":0.0,"relics_obtained":["Nloth\u0027s Gift"]},{"damage_healed":0.0,"max_hp_gain":0.0,"max_hp_loss":0.0,"gold_gain":0.0,"event_name":"Tomb of Lord Red Mask","player_choice":"Ignored","floor":36.0,"gold_loss":0.0,"damage_taken":0.0},{"damage_healed":0.0,"max_hp_gain":0.0,"max_hp_loss":0.0,"gold_gain":0.0,"event_name":"Mysterious Sphere","player_choice":"Fight","floor":38.0,"gold_loss":0.0,"damage_taken":0.0},{"damage_healed":0.0,"max_hp_gain":0.0,"max_hp_loss":0.0,"gold_gain":0.0,"event_name":"Winding Halls","player_choice":"Embrace Madness","floor":44.0,"gold_loss":0.0,"damage_taken":5.0,"cards_obtained":["Madness","Madness"]}],"is_beta":false,"boss_relics":[{"not_picked":["Cursed Key","Runic Pyramid"],"picked":"Fusion Hammer"},{"not_picked":["Coffee Dripper","Velvet Choker"],"picked":"Busted Crown"}],"items_purged_floors":[20,24,37],"is_endless":false,"potions_floor_spawned":[4,7,10,11,16,18,21,30,35,41,42],"killed_by":"Time Eater","ascension_level":4}}