{"host":"qgrlfjrqk9z96gfi","time":1610239818,"event":{"mods":["BaseMod","Block Reminder","Colored Map","DeckTracker","Minty Spire (QoL Compilation)"],"gold_per_floor":[118,129,43,55,20,50,100,131,131,131,151,34,45,45,45],"floor_reached":14,"playtime":365,"items_purged":["Strike_G"],"score":200,"play_id":"32ff5b38-ba98-4bc8-863b-6fae20224773","local_time":"20210109145018","is_ascension_mode":true,"campfire_choices":[{"floor":10,"key":"REST"}],"circlet_count":0,"master_deck":["AscendersBane","Strike_G","Strike_G","Strike_G","Defend_G","Defend_G","Defend_G","Defend_G","Survivor","Neutralize","Poisoned Stab","Dagger Spray","Bouncing Flask","Finisher","PiercingWail","Deadly Poison","Noxious Fumes"],"relics":["Empty Cage","Gremlin Horn","Gambling Chip","Mango"],"acts_visited":["Exordium"],"potions_floor_usage":[8,11],"damage_taken":[{"damage":0,"enemies":"2 Louse","floor":1,"turns":3},{"damage":0,"enemies":"Cultist","floor":2,"turns":4},{"damage":9,"enemies":"Small Slimes","floor":4,"turns":3},{"damage":23,"enemies":"Lagavulin","floor":6,"turns":6},{"damage":33,"enemies":"Gremlin Nob","floor":8,"turns":4},{"damage":18,"enemies":"Exordium Wildlife","floor":11,"turns":7},{"damage":17,"enemies":"Red Slaver","floor":13,"turns":4},{"damage":7,"enemies":"3 Sentries","floor":14,"turns":1}],"seed_played":"1029046208579202908","potions_obtained":[{"floor":2,"key":"Energy Potion"},{"floor":8,"key":"SneckoOil"},{"floor":11,"key":"Ancient Potion"}],"is_trial":false,"path_per_floor":["M","M","$","M","?","E","?","E","T","R","M","$","M","E"],"character_chosen":"THE_SILENT","items_purchased":["Bouncing Flask","Noxious Fumes"],"campfire_rested":1,"item_purchase_floors":[3,12],"current_hp_per_floor":[59,59,59,50,66,43,37,4,18,42,24,24,7,0,0],"gold":45,"neow_bonus":"BOSS_RELIC","is_daily":false,"chose_seed":false,"campfire_upgraded":0,"win_rate":0.0,"timestamp":1610239818,"path_taken":["M","M","$","M","?","E","?","E","T","R","M","$","?","E"],"items_purchased_type":["Card","Card"],"build_version":"2020-12-22","purchased_purges":1,"victory":false,"max_hp_per_floor":[66,66,66,66,66,66,66,66,80,80,80,80,80,80,80],"card_choices":[{"not_picked":["Bane","Endless Agony"],"picked":"Poisoned Stab","floor":1},{"not_picked":["Prepared","Flying Knee"],"picked":"Dagger Spray","floor":2},{"not_picked":["Prepared","Acrobatics"],"picked":"Finisher","floor":4},{"not_picked":["Bullet Time","Deflect"],"picked":"PiercingWail","floor":6},{"not_picked":["Skewer","Dagger Throw"],"picked":"Deadly Poison","floor":8},{"not_picked":["Dodge and Roll","Prepared","Flying Knee"],"picked":"SKIP","floor":11},{"not_picked":["Dagger Throw","Dagger Spray","Slice"],"picked":"SKIP","floor":13}],"player_experience":982909,"relics_obtained":[{"floor":6,"key":"Gremlin Horn"},{"floor":8,"key":"Gambling Chip"},{"floor":9,"key":"Mango"}],"event_choices":[{"damage_healed":16,"gold_gain":0,"player_choice":"Healed","damage_taken":0,"max_hp_gain":0,"max_hp_loss":0,"event_name":"The Cleric","floor":5,"gold_loss":35},{"damage_healed":0,"gold_gain":50,"player_choice":"Touch","damage_taken":6,"max_hp_gain":0,"max_hp_loss":0,"event_name":"FaceTrader","floor":7,"gold_loss":0}],"is_beta":false,"boss_relics":[],"items_purged_floors":[12],"is_endless":false,"potions_floor_spawned":[2,8,11],"killed_by":"3 Sentries","ascension_level":20}}