{"host":"7mo9b2f9hhzb5x6f","time":1610239110,"event":{"mods":["2.2 Compatiblity","ATMod(阿瑾Mod)","Act Like it!","Arknights The Spire","BaseMod","Better-Laid Plans","LazyManMod","Library of Ruina","Library of Ruina Extra","Marked Mod","Minty Spire (QoL Compilation)","MostiFishMod","Relic Stats","Robot Space Explorer","Spicy Shops","StSLib","TestMod","The Alterego","The Dragon Tamer","The Hayseed","The Marked","UnlockEverythingMod","Yakumo Yukari mod","【功能Mod】混沌之环修复补丁","【功能Mod】精心准备"],"gold_per_floor":[417,417,435,24,42,73,92,123,169,169,169],"floor_reached":10,"playtime":581,"items_purged":[],"score":117,"play_id":"16939250-f7e7-4786-8643-0c7d274d9f5c","local_time":"20210110083830","is_ascension_mode":true,"campfire_choices":[],"circlet_count":0,"master_deck":["AscendersBane","Dodge","LightDefense","LightAttack","LightAttack","LightDefense","LightDefense","ChargeAndCover","FocusedStrikes","AT_FamilyPortrait","GoinFirst","Dramatic Entrance","WillOfThePrescript","SnakesPrey","Parry2","FlyingSword"],"relics":["PageOfLibrarian","testmod-TestBox","DaveBox","AT_ATBox","Old Coin","testmod-Fortitude","SynthV:TestCard","AT_SunfireAegis","AT_SilvercatRing","AT_BladeRuinedKing","ThornShield","Juzu Bracelet"],"acts_visited":["Exordium"],"potions_floor_usage":[10],"damage_taken":[{"damage":5,"enemies":"Small Slimes","floor":1,"turns":4},{"damage":0,"enemies":"Cultist","floor":3,"turns":2},{"damage":0,"enemies":"Jaw Worm","floor":5,"turns":2},{"damage":24,"enemies":"Gremlin Nob","floor":6,"turns":4},{"damage":0,"enemies":"2 Fungi Beasts","floor":7,"turns":2},{"damage":22,"enemies":"3 Sentries","floor":8,"turns":5},{"damage":20,"enemies":"Lagavulin","floor":10,"turns":3}],"seed_played":"-1385062602780065850","potions_obtained":[{"floor":6,"key":"Block Potion"},{"floor":7,"key":"PowerPotion"}],"is_trial":false,"path_per_floor":["M","?","M","$","M","E","M","E","T","E"],"character_chosen":"Librarian","items_purchased":["AT_SunfireAegis","AT_SilvercatRing"],"campfire_rested":0,"item_purchase_floors":[4,4],"current_hp_per_floor":[49,49,49,49,49,25,25,3,3,0,0],"gold":169,"neow_bonus":"REMOVE_TWO","is_daily":false,"chose_seed":false,"campfire_upgraded":0,"win_rate":0.0,"timestamp":1610239110,"path_taken":["M","?","M","$","M","E","?","E","T","E"],"items_purchased_type":["Relic","Relic"],"build_version":"2020-12-22","purchased_purges":0,"victory":false,"max_hp_per_floor":[54,54,72,72,72,56,56,56,56,56,56],"relic_stats":{"counters":[7,22],"Juzu Bracelet":0,"obtain_stats":[{"PageOfLibrarian":0,"testmod-Fortitude":0,"testmod-TestBox":0,"AT_ATBox":0,"SynthV:TestCard":1,"DaveBox":0,"AT_BladeRuinedKing":6,"Juzu Bracelet":9,"AT_SunfireAegis":4,"AT_SilvercatRing":4,"ThornShield":8,"Old Coin":0},{"PageOfLibrarian":0,"testmod-Fortitude":0,"testmod-TestBox":0,"AT_ATBox":0,"SynthV:TestCard":1,"DaveBox":0,"AT_BladeRuinedKing":4,"Juzu Bracelet":6,"AT_SunfireAegis":2,"AT_SilvercatRing":2,"ThornShield":6,"Old Coin":0},{"PageOfLibrarian":0,"testmod-Fortitude":0,"testmod-TestBox":0,"AT_ATBox":0,"SynthV:TestCard":4,"DaveBox":0,"AT_BladeRuinedKing":12,"Juzu Bracelet":19,"AT_SunfireAegis":6,"AT_SilvercatRing":6,"ThornShield":19,"Old Coin":0}]},"card_choices":[{"not_picked":["GaleKick","FleetFootsteps","BackAttack","Parry","Reload","BackstreetsDash","DefenseOrder","SummaryJudgment"],"picked":"GoinFirst","floor":1},{"not_picked":["Unlock1","IllEndYou","YouOnlyLiveOnce","GrazeTheGrass","PinpointShot","AsThePrescriptOrders","Track","SharpSwipe","SmokingPipe","FierceCharge"],"picked":"WillOfThePrescript","floor":3},{"not_picked":["GrazeTheGrass","HighKick","BurningFlash","NightInTheBackstreets","MultiBlock","Standoff","SunsetBlade","CookingPrep","TrashDisposal","Unlock1"],"picked":"SnakesPrey","floor":5},{"not_picked":["SummaryJudgment","AutomatedMovement","IngredientHunt","MultiHit","HandleRequest","UpbeatPerformance","Reload","EmotionalTurbulence","SharpSwipe","ExtractFuel","DefenseOrder"],"picked":"SKIP","floor":6},{"not_picked":["FeatherShield","Leap_lor","WillProduceFineSilk","StrikeDown","FrontalAssault","StrongStrike","AssaultOrder","TieShanKao","Rewind","UnavoidableGaze"],"picked":"Parry2","floor":7},{"not_picked":["SerpentSwordTechnique","GutHarvesting","LoosenUp","CookingPrep","SmokingPipe","PreemptiveStrike","BizarreAttack","EnergyShield","FleetFootsteps","BackAttack"],"picked":"FlyingSword","floor":8}],"player_experience":98444,"relics_obtained":[{"floor":1,"key":"SynthV:TestCard"},{"floor":6,"key":"AT_BladeRuinedKing"},{"floor":8,"key":"ThornShield"},{"floor":9,"key":"Juzu Bracelet"}],"event_choices":[{"damage_healed":0,"gold_gain":0,"player_choice":"1 cards matched","damage_taken":0,"max_hp_gain":0,"max_hp_loss":0,"event_name":"Match and Keep!","floor":2,"gold_loss":0,"cards_obtained":["Dramatic Entrance"]}],"is_beta":false,"boss_relics":[],"items_purged_floors":[],"is_endless":false,"potions_floor_spawned":[6,7],"killed_by":"Lagavulin","ascension_level":10}}