{"host":"1u4zr9vl8my47i07","time":1610263641,"event":{"mods":["AchievementEnabler","BaseMod","DeckTracker","Highlight Path","Keyboard Shortcuts","Minty Spire (QoL Compilation)","Relic Stats","StSLib","SuperFastMode","Uncapped","Waifu the Spire","everything is the same but u backflip on backflip"],"gold_per_floor":[119,133,152,10,24,24,43,43,43,7,7,22,37,70,70,142,142,157,157,57,84,84,84,103,114,168,268,283,283,283],"floor_reached":29,"playtime":15879,"items_purged":["Strike_G","Well Laid Plans"],"score":386,"play_id":"abdd5203-5d9c-4459-b5d0-74af253b3309","local_time":"20210110162721","is_ascension_mode":true,"campfire_choices":[{"data":"Well Laid Plans","floor":6.0,"key":"SMITH"},{"floor":11.0,"key":"REST"},{"floor":15.0,"key":"REST"},{"floor":23.0,"key":"REST"}],"circlet_count":0,"master_deck":["AscendersBane","Survivor","Neutralize+1","Dagger Throw","Tactician","Well Laid Plans+1","Dash","Noxious Fumes","Underhanded Strike","Burst","Deadly Poison","Die Die Die","All Out Attack","Tools of the Trade","Poisoned Stab","Underhanded Strike","Prepared+1","Cloak And Dagger","Backflip","PiercingWail","Catalyst"],"relics":["Ring of the Snake","Matryoshka","Du-Vu Doll","Pandora\u0027s Box","Blood Vial","Nunchaku","Oddly Smooth Stone","Boot","Pocketwatch","Darkstone Periapt"],"acts_visited":["Exordium","TheCity"],"potions_floor_usage":[29],"damage_taken":[{"damage":0.0,"enemies":"Cultist","floor":1.0,"turns":4.0},{"damage":2.0,"enemies":"2 Louse","floor":2.0,"turns":4.0},{"damage":10.0,"enemies":"Jaw Worm","floor":3.0,"turns":4.0},{"damage":26.0,"enemies":"Exordium Thugs","floor":5.0,"turns":8.0},{"damage":0.0,"enemies":"3 Louse","floor":7.0,"turns":4.0},{"damage":19.0,"enemies":"Exordium Wildlife","floor":12.0,"turns":4.0},{"damage":0.0,"enemies":"2 Fungi Beasts","floor":13.0,"turns":4.0},{"damage":16.0,"enemies":"Gremlin Nob","floor":14.0,"turns":4.0},{"damage":19.0,"enemies":"The Guardian","floor":16.0,"turns":9.0},{"damage":12.0,"enemies":"3 Byrds","floor":18.0,"turns":4.0},{"damage":16.0,"enemies":"2 Thieves","floor":24.0,"turns":3.0},{"damage":4.0,"enemies":"Centurion and Healer","floor":25.0,"turns":4.0},{"damage":19,"enemies":"Colosseum Slavers","floor":27,"turns":4},{"damage":14,"enemies":"Colosseum Nobs","floor":27,"turns":4},{"damage":6,"enemies":"Snecko","floor":28,"turns":5},{"damage":0,"enemies":"Sentry and Sphere","floor":29,"turns":3}],"seed_played":"-7896928222445388796","potions_obtained":[{"floor":2.0,"key":"ColorlessPotion"},{"floor":5.0,"key":"Dexterity Potion"},{"floor":16.0,"key":"ColorlessPotion"},{"floor":24.0,"key":"GhostInAJar"},{"floor":27,"key":"GamblersBrew"}],"is_trial":false,"path_per_floor":["M","M","M","$","M","R","M","?","T","$","R","M","M","E","R","B",null,"M","?","$","T","?","R","M","M","T","?","M","M"],"character_chosen":"THE_SILENT","items_purchased":["Tactician","Noxious Fumes"],"campfire_rested":3,"item_purchase_floors":[4,10],"current_hp_per_floor":[59,57,47,47,21,21,21,21,21,21,40,21,21,5,24,5,51,39,39,39,39,39,58,44,42,42,13,9,11,11],"gold":283,"neow_bonus":"REMOVE_CARD","is_daily":false,"chose_seed":false,"campfire_upgraded":1,"win_rate":0.0,"timestamp":1610263641,"path_taken":["M","?","?","$","?","R","M","?","T","?","R","M","?","E","R","BOSS","M","?","$","?","?","R","M","M","T","?","M","?"],"items_purchased_type":["Card","Card"],"build_version":"2020-12-22","purchased_purges":2,"victory":false,"max_hp_per_floor":[66,66,66,66,66,66,66,66,66,66,66,66,66,66,66,66,66,66,66,66,66,66,66,66,66,66,66,66,66,66],"relic_stats":{"Blood Vial":12,"Darkstone Periapt":0,"Nunchaku":[5],"counters":[16,72],"Pandora\u0027s Box":["All Out Attack","Tactician","Well Laid Plans","Tools of the Trade","Poisoned Stab","Underhanded Strike","Prepared","Cloak And Dagger"],"Boot":[0],"obtain_stats":[{"Du-Vu Doll":14,"Blood Vial":21,"Darkstone Periapt":27,"Nunchaku":21,"Matryoshka":9,"Oddly Smooth Stone":26,"Pandora\u0027s Box":17,"Boot":26,"Ring of the Snake":0,"Pocketwatch":27},{"Du-Vu Doll":8,"Blood Vial":10,"Darkstone Periapt":14,"Nunchaku":10,"Matryoshka":5,"Oddly Smooth Stone":12,"Pandora\u0027s Box":9,"Boot":12,"Ring of the Snake":0,"Pocketwatch":14},{"Du-Vu Doll":36,"Blood Vial":49,"Darkstone Periapt":64,"Nunchaku":49,"Matryoshka":24,"Oddly Smooth Stone":56,"Pandora\u0027s Box":45,"Boot":56,"Ring of the Snake":0,"Pocketwatch":64}],"Ring of the Snake":[32],"Pocketwatch":[6]},"card_choices":[{"not_picked":["Well Laid Plans","Deflect"],"picked":"Dagger Throw","floor":1.0},{"not_picked":["Quick Slash","Endless Agony","Bane"],"picked":"SKIP","floor":2.0},{"not_picked":["Dagger Throw","Dodge and Roll","Deflect"],"picked":"SKIP","floor":3.0},{"not_picked":["Blade Dance","Poisoned Stab"],"picked":"Well Laid Plans","floor":5.0},{"not_picked":["Poisoned Stab","Riddle With Holes"],"picked":"Dash","floor":7.0},{"not_picked":["Cloak And Dagger","Infinite Blades"],"picked":"Underhanded Strike","floor":12.0},{"not_picked":["Prepared","Flying Knee"],"picked":"Burst","floor":13.0},{"not_picked":["Outmaneuver","Die Die Die"],"picked":"Deadly Poison","floor":14.0},{"not_picked":["A Thousand Cuts","Glass Knife"],"picked":"Die Die Die","floor":16.0},{"not_picked":["Bane","Slice+1","Choke"],"picked":"SKIP","floor":18.0},{"not_picked":["Prepared+1","Deadly Poison","Escape Plan"],"picked":"SKIP","floor":24.0},{"not_picked":["Poisoned Stab","Distraction+1"],"picked":"Backflip","floor":25.0},{"not_picked":["Eviscerate","Poisoned Stab"],"picked":"PiercingWail","floor":27},{"not_picked":["Dash","Prepared"],"picked":"Catalyst","floor":28}],"player_experience":300469,"relics_obtained":[{"floor":9.0,"key":"Matryoshka"},{"floor":14.0,"key":"Du-Vu Doll"},{"floor":21.0,"key":"Blood Vial"},{"floor":21.0,"key":"Nunchaku"},{"floor":26.0,"key":"Oddly Smooth Stone"},{"floor":26.0,"key":"Boot"},{"floor":27,"key":"Pocketwatch"},{"floor":27,"key":"Darkstone Periapt"}],"event_choices":[{"damage_healed":0.0,"max_hp_gain":0.0,"max_hp_loss":0.0,"gold_gain":0.0,"event_name":"Accursed Blacksmith","player_choice":"Forge","floor":8.0,"gold_loss":0.0,"damage_taken":0.0,"cards_upgraded":["Neutralize"]},{"damage_healed":0.0,"max_hp_gain":0.0,"max_hp_loss":0.0,"gold_gain":0.0,"event_name":"Upgrade Shrine","player_choice":"Upgraded","floor":19.0,"gold_loss":0.0,"damage_taken":0.0,"cards_upgraded":["Prepared"]},{"cards_removed":["Tactician"],"damage_healed":0.0,"max_hp_gain":0.0,"max_hp_loss":0.0,"gold_gain":0.0,"event_name":"Back to Basics","player_choice":"Elegance","floor":22.0,"gold_loss":0.0,"damage_taken":0.0},{"damage_healed":0,"gold_gain":0,"player_choice":"Fight","damage_taken":0,"max_hp_gain":0,"max_hp_loss":0,"event_name":"Colosseum","floor":27,"gold_loss":0},{"damage_healed":0,"gold_gain":0,"player_choice":"Fought Nobs","damage_taken":0,"max_hp_gain":0,"max_hp_loss":0,"event_name":"Colosseum","floor":27,"gold_loss":0}],"is_beta":false,"boss_relics":[{"not_picked":["Sozu","Cursed Key"],"picked":"Pandora\u0027s Box"}],"items_purged_floors":[4,20],"is_endless":false,"potions_floor_spawned":[2,5,16,24,27,27],"killed_by":"Sentry and Sphere","ascension_level":14}}