{"host":"bpkhhmvsfrvlto2l","time":1610241355,"event":{"mods":["2.2 Compatiblity","AchievementEnabler","Act Like it!","AlwaysNeverKeys","Aspiration","BaseMod","Better Silent Start","Challenge The Spire","Colored Map","Colored Powertips","Custom Start","Downfall","Energized Spire","Friendly Minions","GifTheSpireLib","Halation","Hubris","Infinite Spire","Ironclad Rager","Mimic Mod","Minty Spire (QoL Compilation)","Permanent Neow","Quick Restart","Random Character Button","Relic Sorter","Replay The Spire","Spikes Relics","StSLib","Stuff the Spire","Swap Starting Deck Mod","Trackpad"],"gold_per_floor":[118,118,133,143,143,143,172,172,240,13,44,44,61,61,61,166,166,179,199,213,312,327,327,344,344,344],"floor_reached":25,"playtime":716,"items_purged":[],"score":266,"play_id":"8a82533f-a140-48aa-8112-2a982e0f217b","local_time":"20210109201555","is_ascension_mode":true,"campfire_choices":[{"data":"Zap","floor":6,"key":"SMITH"},{"data":"Dualcast","floor":8,"key":"SMITH"},{"data":"hubris:DuctTapeCard","floor":15,"key":"SMITH"},{"floor":23,"key":"REST"}],"circlet_count":0,"master_deck":["Strike_B+1","Strike_B","Strike_B","Strike_B","Defend_B","Defend_B","Defend_B","Defend_B","Zap+1","Dualcast+1","Chill","hubris:DuctTapeCard+2","Loop","Core Surge","Loop","Injury","Darkness+1"],"relics":["Cracked Core","Toy Ornithopter","hubris:DuctTape","ReplayFunnel","Frozen Egg 2","Inserter"],"acts_visited":["Exordium","TheCity"],"potions_floor_usage":[7,11,19,19,24,25],"damage_taken":[{"damage":1,"enemies":"2 Louse","floor":1,"turns":2},{"damage":0,"enemies":"Small Slimes","floor":3,"turns":2},{"damage":0,"enemies":"Jaw Worm","floor":4,"turns":3},{"damage":10,"enemies":"Lagavulin","floor":7,"turns":9},{"damage":11,"enemies":"3 Sentries","floor":11,"turns":6},{"damage":0,"enemies":"Exordium Thugs","floor":13,"turns":5},{"damage":10,"enemies":"The Guardian","floor":16,"turns":14},{"damage":8,"enemies":"Chosen","floor":18,"turns":6},{"damage":12,"enemies":"3 Byrds","floor":19,"turns":4},{"damage":12,"enemies":"Snecko","floor":20,"turns":5},{"damage":31,"enemies":"Cultist and Chosen","floor":22,"turns":10},{"damage":30,"enemies":"Shelled Parasite and Fungi","floor":24,"turns":8},{"damage":18,"enemies":"Centurion and Healer","floor":25,"turns":2}],"seed_played":"-5894062365207529474","potions_obtained":[{"floor":1,"key":"Weak Potion"},{"floor":7,"key":"ColorlessPotion"},{"floor":13,"key":"Death Potion"},{"floor":18,"key":"champ:CounterPotion"},{"floor":22,"key":"AttackPotion"},{"floor":24,"key":"Swift Potion"}],"is_trial":false,"path_per_floor":["M","?","M","M","$","R","E","R","T","$","E","?","M","$","R","B",null,"M","M","M","?","M","R","M","M"],"character_chosen":"DEFECT","items_purchased":["Loop","Core Surge"],"campfire_rested":1,"item_purchase_floors":[10,10],"current_hp_per_floor":[74,74,74,74,74,74,64,64,64,64,58,58,58,58,58,48,68,60,58,46,46,15,37,12,0,0],"gold":344,"neow_bonus":"THREE_CARDS","is_daily":false,"chose_seed":false,"campfire_upgraded":3,"win_rate":0.0,"timestamp":1610241355,"path_taken":["M","?","M","M","$","R","E","R","T","$","E","?","M","$","R","BOSS","M","M","M","?","M","R","M","M"],"items_purchased_type":["Card","Card"],"build_version":"2020-12-22","purchased_purges":0,"victory":false,"max_hp_per_floor":[75,75,75,75,75,75,75,75,75,75,75,75,75,75,75,75,75,75,75,75,75,75,75,75,75,75],"card_choices":[{"not_picked":["BootSequence","Coolheaded"],"picked":"Cold Snap","floor":0},{"not_picked":["Gash","Aggregate"],"picked":"Cold Snap","floor":1},{"not_picked":["RefreshScreen","ReplayGash"],"picked":"Chill","floor":3},{"not_picked":["Turbo","StuffTheSpire:ForEach"],"picked":"Loop","floor":11},{"not_picked":["Hologram","Cold Snap"],"picked":"Darkness+1","floor":20}],"player_experience":55055,"relics_obtained":[{"floor":7,"key":"Toy Ornithopter"},{"floor":9,"key":"hubris:DuctTape"},{"floor":11,"key":"ReplayFunnel"}],"event_choices":[{"damage_healed":0,"gold_gain":99,"player_choice":"Stole From Cult","damage_taken":0,"max_hp_gain":0,"max_hp_loss":0,"event_name":"Nest","floor":21,"gold_loss":0}],"is_beta":false,"boss_relics":[{"not_picked":["Abe\u0027s Treasure","Replay:Ancient Bell"],"picked":"Inserter"}],"items_purged_floors":[],"is_endless":false,"potions_floor_spawned":[1,7,13,18,22,24],"killed_by":"Centurion and Healer","ascension_level":5}}