{"host":"pf47v7h0307523iy","time":1610307760,"event":{"mods":["BaseMod","Minty Spire (QoL Compilation)"],"gold_per_floor":[113,113,26,101,117,117,133,133,214,214,244,47,61,61,61,136,136,152,163,179,40,52,78,89,89,89,123,123,41,41,41,41,120,420,430,441,490,26,26,56,70,96,96,108,108,133,133,161,161,161,161,161,161,49,76,76,76],"floor_reached":56,"playtime":6816,"items_purged":["Strike_G","Strike_G"],"score":2042,"play_id":"3e481305-adb5-4e23-bfe3-7b5b1c4b7146","local_time":"20210110214240","is_ascension_mode":true,"campfire_choices":[{"floor":6.0,"key":"REST"},{"data":"Crippling Poison","floor":8.0,"key":"SMITH"},{"data":"Calculated Gamble","floor":10.0,"key":"SMITH"},{"data":"Glass Knife","floor":15.0,"key":"SMITH"},{"floor":25.0,"key":"REST"},{"data":"Calculated Gamble","floor":30.0,"key":"SMITH"},{"floor":32.0,"key":"REST"},{"floor":45,"key":"REST"},{"floor":47,"key":"RECALL"},{"data":"Burst","floor":49,"key":"SMITH"},{"data":"After Image","floor":53,"key":"SMITH"}],"circlet_count":0,"master_deck":["AscendersBane","Defend_G","Defend_G","Defend_G","Defend_G","Defend_G","Survivor","Neutralize","Deadly Poison","Crippling Poison+1","Blade Dance","Calculated Gamble+1","Glass Knife+1","Noxious Fumes","Bouncing Flask","Burst+1","Backflip","Footwork+1","Leg Sweep+1","Calculated Gamble+1","Reflex","Dodge and Roll","After Image+1","Quick Slash","All Out Attack","Blade Dance","Corpse Explosion","CurseOfTheBell","PiercingWail+1","Escape Plan+1","Backflip+1","After Image","Calculated Gamble+1","Deflect+1","Master of Strategy+1","Deep Breath+1","Purity+1","Acrobatics+1","PiercingWail+1","Injury","PiercingWail+1","Backflip+1","Dodge and Roll+1"],"relics":["Ring of the Snake","Tingsha","Matryoshka","Blue Candle","Cursed Key","Kunai","StrikeDummy","Ornamental Fan","Potion Belt","Calling Bell","Blood Vial","Toxic Egg 2","Old Coin","Mango","The Specimen","Toy Ornithopter","Juzu Bracelet","Bird Faced Urn","Shuriken","Akabeko"],"acts_visited":["Exordium","TheCity","TheBeyond","TheEnding"],"potions_floor_usage":[40,55,56,56,56],"damage_taken":[{"damage":7.0,"enemies":"Small Slimes","floor":1.0,"turns":6.0},{"damage":2.0,"enemies":"Jaw Worm","floor":5.0,"turns":5.0},{"damage":0.0,"enemies":"Cultist","floor":7.0,"turns":3.0},{"damage":33.0,"enemies":"Gremlin Nob","floor":11.0,"turns":4.0},{"damage":0.0,"enemies":"Red Slaver","floor":13.0,"turns":1.0},{"damage":22.0,"enemies":"Slime Boss","floor":16.0,"turns":7.0},{"damage":13.0,"enemies":"Shell Parasite","floor":18.0,"turns":4.0},{"damage":0.0,"enemies":"Chosen","floor":19.0,"turns":4.0},{"damage":0.0,"enemies":"Snecko","floor":20.0,"turns":6.0},{"damage":4.0,"enemies":"Chosen and Byrds","floor":22.0,"turns":5.0},{"damage":27.0,"enemies":"Gremlin Leader","floor":23.0,"turns":5.0},{"damage":0.0,"enemies":"3 Cultists","floor":24.0,"turns":4.0},{"damage":13.0,"enemies":"Slavers","floor":27.0,"turns":7.0},{"damage":1.0,"enemies":"Champ","floor":33.0,"turns":16.0},{"damage":0.0,"enemies":"3 Shapes","floor":35.0,"turns":6.0},{"damage":7.0,"enemies":"3 Darklings","floor":36.0,"turns":4.0},{"damage":16.0,"enemies":"2 Orb Walkers","floor":37.0,"turns":5.0},{"damage":29,"enemies":"Reptomancer","floor":40,"turns":11},{"damage":5,"enemies":"Sphere and 2 Shapes","floor":41,"turns":6},{"damage":0,"enemies":"Nemesis","floor":42,"turns":11},{"damage":0,"enemies":"4 Shapes","floor":44,"turns":6},{"damage":0,"enemies":"Mind Bloom Boss Battle","floor":46,"turns":9},{"damage":6,"enemies":"Reptomancer","floor":48,"turns":8},{"damage":14,"enemies":"Awakened One","floor":50,"turns":21},{"damage":4,"enemies":"Donu and Deca","floor":51,"turns":10},{"damage":47,"enemies":"Shield and Spear","floor":55,"turns":16},{"damage":66,"enemies":"The Heart","floor":56,"turns":3}],"seed_played":"2695513723012645265","potions_obtained":[{"floor":7.0,"key":"AttackPotion"},{"floor":11.0,"key":"CunningPotion"},{"floor":13.0,"key":"AttackPotion"},{"floor":16.0,"key":"SneckoOil"},{"floor":19.0,"key":"EntropicBrew"},{"floor":23.0,"key":"Energy Potion"},{"floor":33.0,"key":"FearPotion"},{"floor":35.0,"key":"SkillPotion"},{"floor":40,"key":"FearPotion"},{"floor":42,"key":"Energy Potion"}],"is_trial":false,"path_per_floor":["M","?","$","?","M","R","M","R","T","R","E","$","M","?","R","B",null,"M","M","M","$","M","E","M","R","T","E","?","$","R","?","R","B",null,"M","M","?","$","?","E","M","E","T","M","R","?","R","E","R","B","B",null,"R","$","E","B"],"character_chosen":"THE_SILENT","items_purchased":["Crippling Poison","Noxious Fumes","GamblersBrew","Calculated Gamble","Blade Dance","Swift Potion","After Image","Calculated Gamble+1","Deflect+1","Master of Strategy+1","Poison Potion","AttackPotion"],"campfire_rested":4,"item_purchase_floors":[3,12,12,21,29,29,38,38,38,38,54,54],"current_hp_per_floor":[37,30,30,19,17,36,36,36,36,36,3,3,3,66,66,44,61,48,48,48,48,44,17,17,36,36,23,23,23,23,23,42,41,60,62,57,57,57,47,20,17,19,19,21,45,47,47,49,49,45,51,73,73,73,41,0,0],"gold":76,"neow_bonus":"ONE_RARE_RELIC","is_daily":false,"chose_seed":false,"campfire_upgraded":6,"win_rate":0.0,"timestamp":1610307760,"path_taken":["M","?","$","?","M","R","M","R","T","R","E","$","M","?","R","BOSS","M","M","?","?","M","E","M","R","T","E","?","?","R","?","R","BOSS","M","M","?","$","?","E","M","E","T","M","R","?","R","E","R","BOSS","BOSS","R","$","E","BOSS"],"items_purchased_type":["Card","Card","Potion","Card","Card","Potion","Card","Card","Card","Card","Potion","Potion"],"build_version":"2020-12-22","purchased_purges":2,"victory":false,"max_hp_per_floor":[66,66,66,66,66,66,66,66,66,66,66,66,66,66,66,66,66,66,66,66,66,66,66,66,66,66,66,66,66,66,66,66,66,66,66,66,80,80,80,80,80,80,80,80,80,80,80,80,80,80,80,80,80,80,80,80,80],"card_choices":[{"not_picked":["Skewer","Caltrops"],"picked":"Deadly Poison","floor":1.0},{"not_picked":["Heel Hook","Sucker Punch"],"picked":"Blade Dance","floor":5.0},{"not_picked":["Sucker Punch","Eviscerate"],"picked":"Calculated Gamble","floor":7.0},{"not_picked":["PiercingWail","Predator"],"picked":"Glass Knife","floor":11.0},{"not_picked":["Flying Knee","Outmaneuver"],"picked":"Bouncing Flask","floor":13.0},{"not_picked":["Phantasmal Killer","Venomology"],"picked":"Burst","floor":16.0},{"not_picked":["Outmaneuver","Noxious Fumes"],"picked":"Backflip","floor":18.0},{"not_picked":["Outmaneuver","Blade Dance"],"picked":"Footwork+1","floor":19.0},{"not_picked":["Backflip","Flechettes+1"],"picked":"Leg Sweep+1","floor":20.0},{"not_picked":["Bane+1","Crippling Poison"],"picked":"Reflex","floor":22.0},{"not_picked":["Poisoned Stab","Glass Knife"],"picked":"Dodge and Roll","floor":23.0},{"not_picked":["Dagger Spray","Deflect","Setup"],"picked":"SKIP","floor":24.0},{"not_picked":["Prepared","Poisoned Stab"],"picked":"After Image","floor":27.0},{"not_picked":["Die Die Die","Night Terror"],"picked":"Corpse Explosion","floor":33.0},{"not_picked":["Cloak And Dagger+1","Dagger Spray+1"],"picked":"PiercingWail+1","floor":35.0},{"not_picked":["Footwork","All Out Attack+1"],"picked":"Escape Plan+1","floor":36.0},{"not_picked":["Poisoned Stab+1","Cloak And Dagger+1"],"picked":"Backflip+1","floor":37.0},{"not_picked":["Sadistic Nature","Discovery+1"],"picked":"Deep Breath+1","floor":39.0},{"not_picked":["Bandage Up+1","Swift Strike"],"picked":"Purity+1","floor":39.0},{"not_picked":["Quick Slash+1","Terror+1"],"picked":"Acrobatics+1","floor":40},{"not_picked":["Dagger Spray","Flying Knee"],"picked":"PiercingWail+1","floor":41},{"not_picked":["Terror+1","Dagger Throw","Poisoned Stab+1"],"picked":"SKIP","floor":42},{"not_picked":["Infinite Blades+1","Dagger Spray"],"picked":"PiercingWail+1","floor":44},{"not_picked":["Phantasmal Killer+1","Cloak And Dagger+1"],"picked":"Backflip+1","floor":48},{"not_picked":["Infinite Blades","Endless Agony"],"picked":"Dodge and Roll+1","floor":55}],"player_experience":1608724,"relics_obtained":[{"floor":9.0,"key":"Matryoshka"},{"floor":11.0,"key":"Blue Candle"},{"floor":23.0,"key":"Kunai"},{"floor":26.0,"key":"StrikeDummy"},{"floor":26.0,"key":"Ornamental Fan"},{"floor":27.0,"key":"Potion Belt"},{"floor":34.0,"key":"Blood Vial"},{"floor":34.0,"key":"Toxic Egg 2"},{"floor":34.0,"key":"Old Coin"},{"floor":37.0,"key":"Mango"},{"floor":40,"key":"The Specimen"},{"floor":42,"key":"Toy Ornithopter"},{"floor":43,"key":"Juzu Bracelet"},{"floor":46,"key":"Bird Faced Urn"},{"floor":48,"key":"Shuriken"},{"floor":55,"key":"Akabeko"}],"event_choices":[{"cards_removed":["Strike_G"],"damage_healed":0.0,"max_hp_gain":0.0,"max_hp_loss":0.0,"gold_gain":0.0,"event_name":"Golden Wing","player_choice":"Card Removal","floor":2.0,"gold_loss":0.0,"damage_taken":7.0},{"damage_healed":0.0,"max_hp_gain":0.0,"max_hp_loss":0.0,"gold_gain":75.0,"event_name":"World of Goop","player_choice":"Gather Gold","floor":4.0,"gold_loss":0.0,"damage_taken":11.0},{"damage_healed":63.0,"max_hp_gain":0.0,"max_hp_loss":0.0,"gold_gain":0.0,"event_name":"Wheel of Change","player_choice":"Full Heal","floor":14.0,"gold_loss":0.0,"damage_taken":0.0},{"damage_healed":0.0,"max_hp_gain":0.0,"max_hp_loss":0.0,"gold_gain":0.0,"cards_transformed":["Strike_G","Strike_G"],"event_name":"Drug Dealer","player_choice":"Became Test Subject","floor":28.0,"gold_loss":0.0,"damage_taken":0.0,"cards_obtained":["Quick Slash","All Out Attack"]},{"cards_removed":["Writhe"],"damage_healed":0.0,"max_hp_gain":0.0,"max_hp_loss":0.0,"gold_gain":0.0,"event_name":"Back to Basics","player_choice":"Elegance","floor":31.0,"gold_loss":0.0,"damage_taken":0.0},{"damage_healed":0.0,"max_hp_gain":0.0,"max_hp_loss":0.0,"gold_gain":0.0,"event_name":"Mysterious Sphere","player_choice":"Fight","floor":37.0,"gold_loss":0.0,"damage_taken":0.0},{"damage_healed":0.0,"max_hp_gain":0.0,"max_hp_loss":0.0,"gold_gain":0.0,"event_name":"SensoryStone","player_choice":"Memory 3","floor":39.0,"gold_loss":0.0,"damage_taken":10.0},{"damage_healed":0,"gold_gain":0,"player_choice":"Fight","damage_taken":0,"max_hp_gain":0,"max_hp_loss":0,"event_name":"MindBloom","floor":46,"gold_loss":0}],"is_beta":false,"boss_relics":[{"not_picked":["Tiny House","Ring of the Serpent"],"picked":"Cursed Key"},{"not_picked":["Astrolabe","Sozu"],"picked":"Calling Bell"}],"items_purged_floors":[12,21],"is_endless":false,"potions_floor_spawned":[7,11,13,16,19,23,24,33,35,36,40,42],"killed_by":"The Heart","ascension_level":20}}