{"host":"qgrlfjrqk9z96gfi","time":1610245425,"event":{"mods":["BaseMod","Block Reminder","Colored Map","DeckTracker","Minty Spire (QoL Compilation)"],"gold_per_floor":[99,99,99,9,0,0,0,0,0,0,0,0,0,0,0,0,0,0,0,0,0,0,0,0,0,0,0,0],"floor_reached":27,"playtime":681,"items_purged":[],"score":470,"play_id":"479986c2-03b4-429b-9184-4850bfdc4a0c","local_time":"20210109162345","is_ascension_mode":true,"campfire_choices":[{"data":"Predator","floor":6.0,"key":"SMITH"},{"floor":10.0,"key":"REST"},{"data":"Noxious Fumes","floor":12.0,"key":"SMITH"},{"data":"Bouncing Flask","floor":15.0,"key":"SMITH"},{"floor":23,"key":"REST"}],"circlet_count":0,"master_deck":["AscendersBane","Strike_G","Strike_G","Strike_G","Strike_G","Strike_G","Defend_G","Defend_G+1","Defend_G","Defend_G","Defend_G","Survivor","Neutralize","Flying Knee","Crippling Poison+1","Predator+1","Poisoned Stab","Noxious Fumes+1","Catalyst","Dagger Throw","Bouncing Flask+1","Bullet Time","Deadly Poison","Acrobatics+1"],"relics":["Ectoplasm","Akabeko","Smiling Mask","Black Star","Blue Candle","Orichalcum","Bottled Lightning"],"acts_visited":["Exordium","TheCity"],"potions_floor_usage":[25],"damage_taken":[{"damage":1.0,"enemies":"Small Slimes","floor":1.0,"turns":4.0},{"damage":4.0,"enemies":"Jaw Worm","floor":2.0,"turns":5.0},{"damage":5.0,"enemies":"2 Louse","floor":3.0,"turns":3.0},{"damage":0.0,"enemies":"Looter","floor":5.0,"turns":4.0},{"damage":29.0,"enemies":"3 Sentries","floor":7.0,"turns":9.0},{"damage":1.0,"enemies":"Exordium Thugs","floor":11.0,"turns":4.0},{"damage":4.0,"enemies":"Large Slime","floor":13.0,"turns":4.0},{"damage":4.0,"enemies":"3 Louse","floor":14.0,"turns":2.0},{"damage":14.0,"enemies":"Hexaghost","floor":16.0,"turns":6.0},{"damage":5,"enemies":"Chosen","floor":18,"turns":5},{"damage":17,"enemies":"3 Byrds","floor":19,"turns":4},{"damage":20,"enemies":"Snake Plant","floor":21,"turns":3},{"damage":30,"enemies":"Slavers","floor":25,"turns":6},{"damage":7,"enemies":"3 Cultists","floor":27,"turns":2}],"seed_played":"3452391586920811510","potions_obtained":[{"floor":3.0,"key":"Regen Potion"},{"floor":5.0,"key":"SneckoOil"},{"floor":7.0,"key":"DistilledChaos"},{"floor":14.0,"key":"Fruit Juice"},{"floor":25,"key":"Ancient Potion"}],"is_trial":false,"path_per_floor":["M","M","M","$","M","R","E","?","T","R","M","R","M","M","R","B",null,"M","M","?","M","?","R","?","E","T","M"],"character_chosen":"THE_SILENT","items_purchased":["Predator"],"campfire_rested":2,"item_purchase_floors":[4],"current_hp_per_floor":[58,54,49,49,49,49,35,15,15,34,33,33,29,25,25,16,57,52,35,35,15,15,36,36,6,6,0,0],"gold":0,"neow_bonus":"BOSS_RELIC","is_daily":false,"chose_seed":false,"campfire_upgraded":3,"win_rate":0.0,"timestamp":1610245425,"path_taken":["M","M","M","$","M","R","E","?","T","R","M","R","M","M","R","BOSS","M","M","?","M","?","R","?","E","T","M"],"items_purchased_type":["Card"],"build_version":"2020-12-22","purchased_purges":0,"victory":false,"max_hp_per_floor":[66,66,66,66,66,66,66,66,66,66,66,66,66,66,66,71,71,71,71,71,71,71,71,71,71,71,71,71],"card_choices":[{"not_picked":["Blur","Cloak And Dagger"],"picked":"Flying Knee","floor":1.0},{"not_picked":["Quick Slash","Dagger Throw","Flying Knee"],"picked":"SKIP","floor":2.0},{"not_picked":["Blade Dance","Flechettes"],"picked":"Crippling Poison","floor":3.0},{"not_picked":["Deflect","Outmaneuver"],"picked":"Poisoned Stab","floor":5.0},{"not_picked":["Bane","Masterful Stab"],"picked":"Noxious Fumes","floor":7.0},{"not_picked":["Prepared","Tactician"],"picked":"Catalyst","floor":11.0},{"not_picked":["Escape Plan","Blade Dance"],"picked":"Dagger Throw","floor":13.0},{"not_picked":["Acrobatics","Flying Knee"],"picked":"Bouncing Flask","floor":14.0},{"not_picked":["Unload","Storm of Steel"],"picked":"Bullet Time","floor":16.0},{"not_picked":["Setup","Outmaneuver"],"picked":"Deadly Poison","floor":18},{"not_picked":["Concentrate","Dagger Throw","Tactician"],"picked":"SKIP","floor":19},{"not_picked":["Poisoned Stab+1","Sucker Punch"],"picked":"Acrobatics+1","floor":21},{"not_picked":["Cloak And Dagger+1","Expertise","Acrobatics"],"picked":"SKIP","floor":25}],"player_experience":984440,"relics_obtained":[{"floor":7.0,"key":"Akabeko"},{"floor":9.0,"key":"Smiling Mask"},{"floor":25,"key":"Blue Candle"},{"floor":25,"key":"Orichalcum"},{"floor":26,"key":"Bottled Lightning"}],"event_choices":[{"damage_healed":0.0,"max_hp_gain":0.0,"max_hp_loss":0.0,"gold_gain":0.0,"event_name":"Shining Light","player_choice":"Entered Light","floor":8.0,"gold_loss":0.0,"damage_taken":20.0,"cards_upgraded":["Crippling Poison","Defend_G"]},{"damage_healed":0,"gold_gain":50,"player_choice":"Stole From Cult","damage_taken":0,"max_hp_gain":0,"max_hp_loss":0,"event_name":"Nest","floor":20,"gold_loss":0},{"damage_healed":0,"gold_gain":0,"player_choice":"Ignored","damage_taken":0,"max_hp_gain":0,"max_hp_loss":0,"event_name":"Golden Shrine","floor":24,"gold_loss":0}],"is_beta":false,"boss_relics":[{"not_picked":["Tiny House","Cursed Key"],"picked":"Black Star"}],"items_purged_floors":[],"is_endless":false,"potions_floor_spawned":[3,5,7,14,25],"killed_by":"3 Cultists","ascension_level":20}}