{"host":"a4s27ghlnr83kbqz","time":1610270085,"event":{"mods":["AchievementEnabler","BaseMod","Colored Map","Minty Spire (QoL Compilation)","Permanent Neow","SuperFastMode"],"gold_per_floor":[112,125,125,125,50,50,79,79,79,94,105,115,132,147,147,220,220,236,236,151,201,227,260,160,176,176,196,196,214,214,224,224,224,224],"floor_reached":33,"playtime":575,"items_purged":["Strike_R","Strike_R"],"score":613,"play_id":"bd0e76fa-91ef-491d-aa89-6a67d7868501","local_time":"20210110171445","is_ascension_mode":true,"campfire_choices":[{"data":"Bash","floor":6,"key":"SMITH"},{"data":"Pommel Strike","floor":8,"key":"SMITH"},{"data":"Bludgeon","floor":15,"key":"SMITH"},{"data":"Seeing Red","floor":28,"key":"SMITH"},{"data":"Double Tap","floor":30,"key":"SMITH"},{"floor":32,"key":"REST"}],"circlet_count":0,"master_deck":["AscendersBane","Strike_R","Strike_R+1","Strike_R","Defend_R","Defend_R","Defend_R+1","Defend_R","Bash+1","Disarm","Seeing Red+1","Pommel Strike+1","Bludgeon+1","Shockwave","Double Tap+1","Shrug It Off+1","Second Wind+1"],"relics":["Burning Blood","NeowsBlessing","Bag of Preparation","Gremlin Horn","Singing Bowl","Velvet Choker","Vajra","Red Mask","Pen Nib","The Courier"],"acts_visited":["Exordium","TheCity"],"potions_floor_usage":[11,13,16,18,22],"damage_taken":[{"damage":0,"enemies":"Small Slimes","floor":1,"turns":1},{"damage":0,"enemies":"2 Louse","floor":2,"turns":2},{"damage":0,"enemies":"Gremlin Nob","floor":7,"turns":1},{"damage":7,"enemies":"Jaw Worm","floor":10,"turns":2},{"damage":12,"enemies":"Exordium Thugs","floor":11,"turns":4},{"damage":9,"enemies":"Red Slaver","floor":12,"turns":4},{"damage":6,"enemies":"Exordium Wildlife","floor":13,"turns":2},{"damage":11,"enemies":"2 Fungi Beasts","floor":14,"turns":3},{"damage":13,"enemies":"The Guardian","floor":16,"turns":9},{"damage":6,"enemies":"Spheric Guardian","floor":18,"turns":3},{"damage":44,"enemies":"Masked Bandits","floor":22,"turns":5},{"damage":19,"enemies":"Book of Stabbing","floor":23,"turns":3},{"damage":2,"enemies":"3 Byrds","floor":25,"turns":5},{"damage":5,"enemies":"3 Cultists","floor":27,"turns":4},{"damage":5,"enemies":"Centurion and Healer","floor":29,"turns":3},{"damage":18,"enemies":"Shelled Parasite and Fungi","floor":31,"turns":5},{"damage":101,"enemies":"Automaton","floor":33,"turns":6}],"seed_played":"8353224331458030958","potions_obtained":[{"floor":1,"key":"SteroidPotion"},{"floor":10,"key":"BloodPotion"},{"floor":11,"key":"HeartOfIron"},{"floor":12,"key":"PowerPotion"},{"floor":14,"key":"SpeedPotion"},{"floor":18,"key":"Fruit Juice"},{"floor":22,"key":"Ancient Potion"},{"floor":31,"key":"SteroidPotion"}],"is_trial":false,"path_per_floor":["M","M","?","?","$","R","E","R","T","M","M","M","M","M","R","B",null,"M","T","?","?","?","E","$","M","T","M","R","M","R","M","R","B"],"character_chosen":"IRONCLAD","items_purchased":[],"campfire_rested":1,"item_purchase_floors":[],"current_hp_per_floor":[74,75,52,41,41,41,47,47,47,48,59,56,56,53,53,46,72,79,79,79,79,43,32,32,38,38,39,39,40,40,30,58,0,0],"gold":224,"neow_bonus":"THREE_ENEMY_KILL","is_daily":false,"chose_seed":false,"campfire_upgraded":5,"win_rate":0.0,"timestamp":1610270085,"path_taken":["M","M","?","?","?","R","E","R","T","M","M","M","M","?","R","BOSS","M","?","?","?","?","E","$","?","T","M","R","M","R","M","R","BOSS"],"items_purchased_type":[],"build_version":"2020-12-22","purchased_purges":2,"victory":false,"max_hp_per_floor":[75,75,75,75,75,75,75,75,75,77,79,79,79,81,81,81,81,88,88,88,88,90,92,92,94,94,94,94,94,94,96,96,96,96],"card_choices":[{"not_picked":["Flex","Warcry"],"picked":"Disarm","floor":1},{"not_picked":["Sword Boomerang","Spot Weakness"],"picked":"Seeing Red","floor":2},{"not_picked":["True Grit","Cleave"],"picked":"Pommel Strike","floor":7},{"not_picked":["Wild Strike","Body Slam","Dark Embrace"],"picked":"Singing Bowl","floor":10},{"not_picked":["Heavy Blade","Pommel Strike","Havoc"],"picked":"Singing Bowl","floor":11},{"not_picked":["Cleave","Entrench"],"picked":"Bludgeon","floor":12},{"not_picked":["True Grit","Twin Strike"],"picked":"Shockwave","floor":13},{"not_picked":["Dark Embrace","Hemokinesis","Flex"],"picked":"Singing Bowl","floor":14},{"not_picked":["Exhume","Barricade"],"picked":"Double Tap","floor":16},{"not_picked":["True Grit+1","Whirlwind","Reckless Charge+1"],"picked":"Singing Bowl","floor":18},{"not_picked":["Sever Soul","Perfected Strike","Bloodletting"],"picked":"Singing Bowl","floor":22},{"not_picked":["Reckless Charge","Perfected Strike","Havoc"],"picked":"Singing Bowl","floor":23},{"not_picked":["True Grit","Iron Wave","Armaments"],"picked":"Singing Bowl","floor":25},{"not_picked":["Warcry","Armaments"],"picked":"Shrug It Off+1","floor":27},{"not_picked":["Clash","Clothesline"],"picked":"Second Wind+1","floor":29},{"not_picked":["Fire Breathing","Cleave","Spot Weakness"],"picked":"Singing Bowl","floor":31}],"player_experience":1100638,"relics_obtained":[{"floor":7,"key":"Gremlin Horn"},{"floor":9,"key":"Singing Bowl"},{"floor":22,"key":"Red Mask"},{"floor":23,"key":"Pen Nib"},{"floor":26,"key":"The Courier"}],"event_choices":[{"damage_healed":0,"gold_gain":0,"player_choice":"Entered Light","damage_taken":23,"max_hp_gain":0,"max_hp_loss":0,"event_name":"Shining Light","floor":3,"gold_loss":0,"cards_upgraded":["Defend_R","Strike_R"]},{"damage_healed":0,"gold_gain":0,"player_choice":"Success","damage_taken":11,"relics_obtained":["Bag of Preparation"],"max_hp_gain":0,"max_hp_loss":0,"event_name":"Scrap Ooze","floor":4,"gold_loss":0},{"damage_healed":0,"gold_gain":0,"player_choice":"Obtained Relic","damage_taken":0,"relics_obtained":["Vajra"],"max_hp_gain":0,"max_hp_loss":0,"event_name":"Addict","floor":20,"gold_loss":85},{"damage_healed":0,"gold_gain":50,"player_choice":"Stole From Cult","damage_taken":0,"max_hp_gain":0,"max_hp_loss":0,"event_name":"Nest","floor":21,"gold_loss":0},{"damage_healed":0,"gold_gain":0,"player_choice":"Fought Bandits","damage_taken":0,"max_hp_gain":0,"max_hp_loss":0,"event_name":"Masked Bandits","floor":22,"gold_loss":0}],"is_beta":false,"boss_relics":[{"not_picked":["Fusion Hammer","Black Blood"],"picked":"Velvet Choker"}],"items_purged_floors":[5,24],"is_endless":false,"potions_floor_spawned":[1,10,11,12,14,18,22,31],"killed_by":"Automaton","ascension_level":20}}