{"host":"d8d3jqle49sogkjv","time":1610309661,"event":{"mods":["BaseMod","Colored Map","Colored Powertips","Minty Spire (QoL Compilation)","StSLib"],"gold_per_floor":[214,231,406,406,417,417,447,397,424,440,458,533,90,101,101,202,202,217,217,227,227,245,245,245,245],"floor_reached":24,"playtime":991,"items_purged":["Strike_B"],"score":307,"play_id":"9ed0ca51-cef3-44ed-b9a2-689d5364a6bf","local_time":"20210110211421","is_ascension_mode":true,"campfire_choices":[{"data":"Zap","floor":6,"key":"SMITH"},{"floor":15,"key":"REST"},{"data":"Redo","floor":23,"key":"SMITH"}],"circlet_count":0,"master_deck":["AscendersBane","Strike_B","Strike_B","Strike_B","Defend_B","Defend_B","Defend_B","Defend_B","Zap+1","Dualcast","Glacier","Streamline","Scrape","Redo+1","Conserve Battery","Finesse","Redo","Electrodynamics","Redo"],"relics":["Cracked Core","DataDisk","Boot","Gremlin Horn","Cursed Key"],"acts_visited":["Exordium","TheCity"],"potions_floor_usage":[7,7,16],"damage_taken":[{"damage":4,"enemies":"2 Louse","floor":1,"turns":2},{"damage":5,"enemies":"Small Slimes","floor":2,"turns":4},{"damage":1,"enemies":"Cultist","floor":5,"turns":3},{"damage":17,"enemies":"Lagavulin","floor":7,"turns":7},{"damage":5,"enemies":"Looter","floor":10,"turns":3},{"damage":0,"enemies":"Large Slime","floor":11,"turns":4},{"damage":0,"enemies":"3 Louse","floor":14,"turns":3},{"damage":35,"enemies":"The Guardian","floor":16,"turns":15},{"damage":0,"enemies":"Chosen","floor":18,"turns":4},{"damage":11,"enemies":"Spheric Guardian","floor":20,"turns":3},{"damage":19,"enemies":"Shelled Parasite and Fungi","floor":22,"turns":6},{"damage":49,"enemies":"Centurion and Healer","floor":24,"turns":4}],"seed_played":"2482202319290240797","potions_obtained":[{"floor":4,"key":"CultistPotion"},{"floor":4,"key":"EssenceOfSteel"},{"floor":10,"key":"BlessingOfTheForge"},{"floor":14,"key":"Weak Potion"},{"floor":16,"key":"PowerPotion"}],"is_trial":false,"path_per_floor":["M","M","?","?","M","R","E","?","T","M","M","?","$","M","R","B",null,"M","?","M","?","M","R","M"],"character_chosen":"DEFECT","items_purchased":["Gremlin Horn","Conserve Battery","Finesse"],"campfire_rested":1,"item_purchase_floors":[13,13,13],"current_hp_per_floor":[64,59,59,59,58,58,41,41,41,36,36,25,25,25,47,12,59,59,45,34,60,41,41,0,0],"gold":245,"neow_bonus":"HUNDRED_GOLD","is_daily":false,"chose_seed":false,"campfire_upgraded":2,"win_rate":0.0,"timestamp":1610309661,"path_taken":["M","M","?","?","?","R","E","?","T","M","M","?","$","M","R","BOSS","M","?","M","?","M","R","M"],"items_purchased_type":["Relic","Card","Card"],"build_version":"2020-12-22","purchased_purges":1,"victory":false,"max_hp_per_floor":[75,75,75,75,75,75,75,75,75,75,75,75,75,75,75,75,75,75,80,80,80,80,80,80,80],"card_choices":[{"not_picked":["Coolheaded","Stack","Reprogram"],"picked":"SKIP","floor":1},{"not_picked":["Reinforced Body","Leap","Hologram"],"picked":"SKIP","floor":2},{"not_picked":["Capacitor","Coolheaded"],"picked":"Glacier","floor":5},{"not_picked":["Ball Lightning","Aggregate"],"picked":"Streamline","floor":7},{"not_picked":["Sweeping Beam","Hyperbeam"],"picked":"Scrape","floor":10},{"not_picked":["Turbo","Genetic Algorithm"],"picked":"Redo","floor":11},{"not_picked":["Chill","Hologram"],"picked":"Redo","floor":14},{"not_picked":["Rainbow","Hyperbeam"],"picked":"Electrodynamics","floor":16},{"not_picked":["Auto Shields","Hologram"],"picked":"Redo","floor":18},{"not_picked":["Hologram","Stack","Cold Snap"],"picked":"SKIP","floor":20},{"not_picked":["Rainbow","Fusion","Reprogram"],"picked":"SKIP","floor":22}],"player_experience":414961,"relics_obtained":[{"floor":7,"key":"DataDisk"},{"floor":9,"key":"Boot"}],"event_choices":[{"damage_healed":0,"gold_gain":175,"player_choice":"AGREE","damage_taken":0,"max_hp_gain":0,"max_hp_loss":0,"event_name":"Liars Game","floor":3,"gold_loss":0,"cards_obtained":["Doubt"]},{"damage_healed":0,"gold_gain":0,"player_choice":"Got Potions","damage_taken":0,"max_hp_gain":0,"max_hp_loss":0,"event_name":"Lab","floor":4,"gold_loss":0},{"cards_removed":["Doubt"],"damage_healed":0,"gold_gain":0,"player_choice":"Card Removal","damage_taken":0,"max_hp_gain":0,"max_hp_loss":0,"event_name":"The Cleric","floor":8,"gold_loss":50},{"damage_healed":0,"gold_gain":75,"player_choice":"Gather Gold","damage_taken":11,"max_hp_gain":0,"max_hp_loss":0,"event_name":"World of Goop","floor":12,"gold_loss":0},{"damage_healed":0,"gold_gain":0,"player_choice":"Shed Blood","damage_taken":19,"max_hp_gain":5,"max_hp_loss":0,"event_name":"Forgotten Altar","floor":19,"gold_loss":0},{"damage_healed":26,"gold_gain":0,"player_choice":"Heal","damage_taken":0,"max_hp_gain":0,"max_hp_loss":0,"event_name":"The Library","floor":21,"gold_loss":0}],"is_beta":false,"boss_relics":[{"not_picked":["Empty Cage","FrozenCore"],"picked":"Cursed Key"}],"items_purged_floors":[13],"is_endless":false,"potions_floor_spawned":[5,10,14,16,18,20],"killed_by":"Centurion and Healer","ascension_level":11}}