{"host":"0ak89rd0rwevtqsi","time":1610299575,"event":{"mods":["Bard","BaseMod","Better Third Choice","Colored Powertips","Hermit","Hubris","Marisa????????","Minty Spire (QoL Compilation)","Prisma Mod","Replay The Spire","Robot Space Explorer","StSLib","The Bug Knight","The Dragon Tamer","The Exalted","The Jungle","The Marked","The Necromancer","The Senshi","The Servant 0.9.4"],"gold_per_floor":[112,129,186,186,29,59,77,94,146,146,146,175,175,190,190,190,190],"floor_reached":16,"playtime":607,"items_purged":[],"score":135,"play_id":"3fb657c7-f066-48cd-900e-25b74a8215ac","local_time":"20210110172615","is_ascension_mode":false,"campfire_choices":[{"data":"theMarked:Overcharge","floor":11,"key":"SMITH"},{"data":"theMarked:Electrocute","floor":15,"key":"SMITH"}],"circlet_count":0,"master_deck":["theMarked:Strike","theMarked:Strike","theMarked:Strike","theMarked:Strike","theMarked:Strike","theMarked:Defend","theMarked:Defend","theMarked:Defend","theMarked:Defend","theMarked:SoldierOfQuellstein","theMarked:EmpowerWeapon","theMarked:MagicAdept+1","theMarked:StartUp","theMarked:BanishingStrike","theMarked:Overcharge+1","theMarked:ChainLightning+1","theMarked:Electrocute+1"],"relics":["theMarked:ArtifactOfAir","NeowsBlessing","Mirror","Sling","Gremlin Food","Bronze Scales","Simple Rune"],"acts_visited":["Exordium"],"potions_floor_usage":[12,12,16],"damage_taken":[{"damage":0,"enemies":"2 Louse","floor":1,"turns":1},{"damage":0,"enemies":"Small Slimes","floor":2,"turns":1},{"damage":0,"enemies":"Gremlin Nob","floor":6,"turns":1},{"damage":5,"enemies":"Jaw Worm","floor":7,"turns":3},{"damage":31,"enemies":"Exordium Wildlife","floor":8,"turns":5},{"damage":27,"enemies":"Lagavulin","floor":12,"turns":6},{"damage":0,"enemies":"Large Slime","floor":14,"turns":4},{"damage":0,"enemies":"Slime Boss","floor":16,"turns":4}],"seed_played":"8416404204870166465","potions_obtained":[{"floor":2,"key":"BlessingOfTheForge"},{"floor":7,"key":"Toxic Potion"},{"floor":14,"key":"Swift Potion"}],"is_trial":false,"path_per_floor":["M","M","?","?","$","E","M","M","T","?","R","E","?","M","R","B"],"character_chosen":"THE_DEFAULT","items_purchased":["Sling"],"campfire_rested":0,"item_purchase_floors":[5],"current_hp_per_floor":[70,70,70,75,75,75,70,39,39,39,39,12,12,12,12,12,12],"gold":190,"neow_bonus":"THREE_ENEMY_KILL","is_daily":false,"chose_seed":false,"campfire_upgraded":2,"win_rate":0.0,"timestamp":1610299575,"path_taken":["M","M","?","?","$","E","M","M","T","?","R","E","?","M","R","BOSS"],"items_purchased_type":["Relic"],"build_version":"2020-12-22","purchased_purges":0,"victory":false,"max_hp_per_floor":[70,70,70,75,75,75,75,75,75,75,75,75,75,75,75,75,75],"card_choices":[{"not_picked":["theMarked:TwofoldDefense","theMarked:Standoff","theMarked:HeritageOfTheMarked"],"picked":"SKIP","floor":1},{"not_picked":["theMarked:ElectricStrings","theMarked:RogueSparks"],"picked":"theMarked:EmpowerWeapon","floor":2},{"not_picked":["theMarked:AttractMetal","theMarked:WardOff"],"picked":"theMarked:MagicAdept","floor":3},{"not_picked":["theMarked:Seal","theMarked:BanishingStrike"],"picked":"theMarked:StartUp","floor":3},{"not_picked":["theMarked:ElectricStrings","theMarked:AttractMetal"],"picked":"theMarked:BanishingStrike","floor":6},{"not_picked":["theMarked:Frustration","theMarked:CreepingChasm"],"picked":"theMarked:Overcharge","floor":7},{"not_picked":["theMarked:Improvise","theMarked:RepellingDischarge","theMarked:ContemptForTheProud"],"picked":"SKIP","floor":8},{"not_picked":["theMarked:TakeCover","theMarked:WardOff"],"picked":"theMarked:ChainLightning","floor":12},{"not_picked":["theMarked:TakeCover","theMarked:BanishingStrike"],"picked":"theMarked:Electrocute","floor":14}],"player_experience":470645,"relics_obtained":[{"floor":3,"key":"Mirror"},{"floor":6,"key":"Gremlin Food"},{"floor":9,"key":"Bronze Scales"},{"floor":12,"key":"Simple Rune"}],"event_choices":[{"damage_healed":0,"gold_gain":0,"player_choice":"Donut","damage_taken":0,"max_hp_gain":5,"max_hp_loss":0,"event_name":"Big Fish","floor":4,"gold_loss":0},{"damage_healed":0,"gold_gain":0,"player_choice":"Grow","damage_taken":0,"max_hp_gain":0,"max_hp_loss":0,"event_name":"Living Wall","floor":13,"gold_loss":0,"cards_upgraded":["theMarked:ChainLightning"]}],"is_beta":false,"boss_relics":[],"items_purged_floors":[],"is_endless":false,"potions_floor_spawned":[2,7,14],"killed_by":"Slime Boss","ascension_level":0}}