{"host":"2xi35nzst5j6xtbr","time":1610256708,"event":{"mods":["BaseMod","Colored Map","Dota2Spire","Downfall","Minty Spire (QoL Compilation)","StSLib","The Gatherer","The Servant 0.9.4","[地精首领爬塔]The Maniac","【遗物卡牌】REMEMod"],"gold_per_floor":[99,111,123,123,149,74,123,223,248,258,292,312,331,23,42,144,144,144,156,171,181,194,28,101,121,153,170,170,197,208,29,29,29,29],"floor_reached":32,"playtime":3007,"items_purged":[],"score":336,"play_id":"013ca187-83d9-4044-bd20-c97cc7c231ef","local_time":"20210110133148","is_ascension_mode":false,"campfire_choices":[{"floor":1,"key":"RECALL"},{"data":"Slimebound:Split","floor":6,"key":"SMITH"},{"floor":9,"key":"REST"},{"data":"Slimebound:MassFeed","floor":18,"key":"SMITH"},{"floor":28,"key":"REST"}],"circlet_count":0,"master_deck":["Slimebound:Strike_Slimebound","Slimebound:Strike_Slimebound","Slimebound:Strike_Slimebound","Slimebound:Tackle","Slimebound:Defend_Slimebound","Slimebound:Defend_Slimebound","Slimebound:Defend_Slimebound","Slimebound:Defend_Slimebound","Slimebound:Split+1","Slimebound:CorrosiveSpit","Slimebound:LeechLife","Slimebound:ViciousTackle","Slimebound:Schlurp","Slimebound:SlimeSpikes","Slimebound:ComboTackle","Slimebound:DuplicatedForm","Slimebound:LevelUp","Slimebound:SplitBruiser","Slimebound:MassFeed+1","Slimebound:RainOfGoop","Slimebound:SamplingLick","Slimebound:SlimeSpikes+1","Slimebound:HauntingLick","Slimebound:SamplingLick","Slimebound:RejuvenatingLick","Slimebound:SlimeTap+1","Slimebound:FirmFortitude","Slimebound:RollThrough","Slimebound:RainOfGoop","Slimebound:SplitLeeching+1","Slimebound:MassRepurpose"],"relics":["Slimebound:AbsorbEndCombat","REME_ComplimentaryCards","downfall:HeartBlessingBlue","Nunchaku","downfall:GremlinWheel","downfall:HeartBlessingRed","Dota2Spire:LinkenSphere","Dota2Spire:HeartOfTarrasque","SlaversCollar","Lee\u0027s Waffle","Question Card","Lantern","CaptainsWheel"],"acts_visited":["Exordium","TheCity"],"potions_floor_usage":[8,11,16,19,21,29,31],"damage_taken":[{"damage":17,"enemies":"Small Slimes","floor":2,"turns":4},{"damage":11,"enemies":"Jaw Worm","floor":3,"turns":3},{"damage":43,"enemies":"Jaw Worm","floor":8,"turns":4},{"damage":11,"enemies":"Cultist","floor":10,"turns":2},{"damage":19,"enemies":"Gremlin Nob","floor":11,"turns":3},{"damage":25,"enemies":"Large Slime","floor":12,"turns":5},{"damage":23,"enemies":"Exordium Wildlife","floor":13,"turns":4},{"damage":34,"enemies":"downfall:FleeingMerchant","floor":14,"turns":4},{"damage":22,"enemies":"Lots of Slimes","floor":15,"turns":3},{"damage":70,"enemies":"downfall:Watcher","floor":16,"turns":9},{"damage":21,"enemies":"Chosen","floor":19,"turns":4},{"damage":35,"enemies":"3 Byrds","floor":20,"turns":4},{"damage":49,"enemies":"Centurion and Healer","floor":21,"turns":7},{"damage":50,"enemies":"Snake Plant","floor":22,"turns":5},{"damage":37,"enemies":"downfall:FleeingMerchant","floor":23,"turns":4},{"damage":40,"enemies":"Snecko","floor":25,"turns":6},{"damage":86,"enemies":"Slavers","floor":26,"turns":6},{"damage":43,"enemies":"Shelled Parasite and Fungi","floor":27,"turns":4},{"damage":67,"enemies":"Book of Stabbing","floor":29,"turns":5},{"damage":35,"enemies":"Snake Plant","floor":30,"turns":4},{"damage":29,"enemies":"downfall:FleeingMerchant","floor":31,"turns":4},{"damage":55,"enemies":"Cultist and Chosen","floor":32,"turns":6}],"seed_played":"8893163190334868393","potions_obtained":[{"floor":3,"key":"Swift Potion"},{"floor":10,"key":"Slimebound:ThreeZeroPotion"},{"floor":12,"key":"FearPotion"},{"floor":16,"key":"Fire Potion"},{"floor":20,"key":"Dexterity Potion"},{"floor":27,"key":"LiquidBronze"},{"floor":30,"key":"SteroidPotion"}],"is_trial":false,"path_per_floor":["R","M","M","?","T","R","T","?","R","M","E","M","M","$","M","B",null,"R","M","M","M","M","$","T","M","E","M","R","E","M","$","M"],"character_chosen":"SLIMEBOUND","items_purchased":["Dota2Spire:HeartOfTarrasque","Lee\u0027s Waffle","Slimebound:MassRepurpose"],"campfire_rested":2,"item_purchase_floors":[14,23,31],"current_hp_per_floor":[66,57,54,59,59,69,69,40,64,71,72,77,66,67,53,19,89,89,84,75,73,41,108,108,88,32,34,70,40,32,32,0,0,0],"gold":29,"neow_bonus":"TEN_PERCENT_HP_BONUS","is_daily":false,"chose_seed":false,"campfire_upgraded":2,"win_rate":0.0,"timestamp":1610256708,"path_taken":["R","M","M","?","?","R","T","?","R","M","E","?","M","$","M","BOSS","R","M","M","M","M","$","T","M","E","M","R","E","M","$","M"],"items_purchased_type":["Relic","Relic","Card"],"build_version":"2020-12-22","purchased_purges":0,"victory":false,"max_hp_per_floor":[66,66,66,71,71,81,81,81,81,81,81,81,81,89,89,89,89,89,89,97,97,101,108,108,112,120,120,120,120,120,120,124,124,124],"card_choices":[{"not_picked":["Slimebound:FinishingTackle","Slimebound:Dissolve"],"picked":"Slimebound:ViciousTackle","floor":2},{"not_picked":["Slimebound:TongueLash","Slimebound:ViciousTackle","Slimebound:LeechEnergy"],"picked":"SKIP","floor":3},{"not_picked":["Slimebound:FormOfPuddle","Slimebound:LeadByExample"],"picked":"Slimebound:Schlurp","floor":10},{"not_picked":["Slimebound:LeechEnergy","Slimebound:SplitBruiser"],"picked":"Slimebound:SlimeSpikes","floor":11},{"not_picked":["Slimebound:Gluttony","Slimebound:SlimeBrawl"],"picked":"Slimebound:ComboTackle","floor":12},{"not_picked":["Slimebound:PressTheAttack","Slimebound:GrowthPunch"],"picked":"Slimebound:DuplicatedForm","floor":13},{"not_picked":["Slimebound:Prepare","Slimebound:FinishingTackle"],"picked":"Slimebound:LevelUp","floor":14},{"not_picked":["Slimebound:SpikyOuterGoop","Slimebound:FlameTackle"],"picked":"Slimebound:SplitBruiser","floor":15},{"not_picked":["Slimebound:OneTwoCombo","Slimebound:Teamwork"],"picked":"Slimebound:MassFeed","floor":16},{"not_picked":["Slimebound:SplitBruiser","Slimebound:ViciousTackle"],"picked":"Slimebound:RainOfGoop","floor":19},{"not_picked":["Slimebound:GrowthPunch","Slimebound:Nibble+1"],"picked":"Slimebound:SamplingLick","floor":20},{"not_picked":["Slimebound:SplitAcid","Slimebound:Replication"],"picked":"Slimebound:SlimeSpikes+1","floor":21},{"not_picked":["Slimebound:SamplingLick","Slimebound:ComboTackle"],"picked":"Slimebound:HauntingLick","floor":22},{"not_picked":["Slimebound:SplitBruiser","Slimebound:Teamwork"],"picked":"Slimebound:SamplingLick","floor":23},{"not_picked":["Slimebound:ProtectTheBoss","Slimebound:Nibble","Slimebound:ViciousTackle"],"picked":"Slimebound:RejuvenatingLick","floor":25},{"not_picked":["Slimebound:SplitMire+1","Slimebound:Repurpose","Slimebound:Grow"],"picked":"Slimebound:SlimeTap+1","floor":26},{"not_picked":["Slimebound:LeechingTouch+1","Slimebound:LeechEnergy","Slimebound:Chomp"],"picked":"Slimebound:FirmFortitude","floor":27},{"not_picked":["Slimebound:SplitLeeching+1","Slimebound:ViciousTackle","Slimebound:SlimeTap+1"],"picked":"Slimebound:RollThrough","floor":29},{"not_picked":["Slimebound:Schlurp","Slimebound:SplitBruiser","Slimebound:ViciousTackle"],"picked":"Slimebound:RainOfGoop","floor":30},{"not_picked":["Slimebound:Gluttony","Slimebound:ViciousTackle+1","Slimebound:ForwardTackle"],"picked":"Slimebound:SplitLeeching+1","floor":31}],"player_experience":97625,"relics_obtained":[{"floor":7,"key":"Nunchaku"},{"floor":8,"key":"downfall:GremlinWheel"},{"floor":11,"key":"Dota2Spire:LinkenSphere"},{"floor":24,"key":"Question Card"},{"floor":26,"key":"Lantern"},{"floor":29,"key":"CaptainsWheel"}],"event_choices":[{"damage_healed":0,"gold_gain":0,"player_choice":"Donut","damage_taken":0,"max_hp_gain":5,"max_hp_loss":0,"event_name":"Big Fish","floor":4,"gold_loss":0},{"damage_healed":0,"gold_gain":100,"player_choice":"Gold","damage_taken":0,"max_hp_gain":0,"max_hp_loss":0,"event_name":"Wheel of Change","floor":9,"gold_loss":0}],"is_beta":false,"boss_relics":[{"not_picked":["Cursed Key","Runic Pyramid"],"picked":"SlaversCollar"}],"items_purged_floors":[],"is_endless":false,"potions_floor_spawned":[3,10,12,16,20,27,30],"killed_by":"Cultist and Chosen","ascension_level":0}}