{"host":"1ql62c9o0mvto073","time":1610305731,"event":{"mods":["BaseMod","Minty Spire (QoL Compilation)","Replay The Spire","StSLib"],"gold_per_floor":[118,68,68,82,157,188,206,206,206,206,219,219,236,267,267,372,372,387,195,215,230,247,247,281,281,281,281,81,92,7,34,34,34,34],"floor_reached":33,"playtime":2460,"items_purged":["White Noise"],"score":310,"play_id":"84d3af3a-721d-4b88-b640-17dbcd8c6466","local_time":"20210110140851","is_ascension_mode":true,"campfire_choices":[{"floor":8,"key":"REST"},{"data":"Zap","floor":10,"key":"SMITH"},{"floor":12,"key":"RECALL"},{"data":"Dualcast","floor":15,"key":"SMITH"},{"floor":23,"key":"REST"},{"floor":32,"key":"REST"}],"circlet_count":0,"master_deck":["Zap+1","Dualcast+1","Recycle","FTL","Steam","Compile Driver","Leap","Streamline","Hyperbeam","Biased Cognition","Go for the Eyes","Barrage","Rebound","Steam Power","White Noise+1","Hologram","Sweeping Beam+1","Rebound","Redo","White Noise+1","Panic Button+1","Turbo+1","Beam Cell+1","Streamline","Leap","Discovery","Turbo+1","Gash","Gash","Buffer","Time Bomb"],"relics":["Cracked Core","Eternal Feather","Bronze Scales","Prayer Wheel","Pandora\u0027s Box","Boot","Replay:PocketPolymizer","Solar Panel","BargainBundle","Prayer Wheel","Centennial Puzzle"],"acts_visited":["Exordium","TheCity"],"potions_floor_usage":[6,16,16,22,24,29,31,31,31,33],"damage_taken":[{"damage":8,"enemies":"2 Louse","floor":1,"turns":3},{"damage":2,"enemies":"Small Slimes","floor":4,"turns":2},{"damage":21,"enemies":"Lagavulin","floor":6,"turns":6},{"damage":1,"enemies":"Cultist","floor":7,"turns":3},{"damage":7,"enemies":"Lots of Slimes","floor":11,"turns":3},{"damage":0,"enemies":"3 Louse","floor":13,"turns":3},{"damage":6,"enemies":"Replay:BlueRogue","floor":14,"turns":5},{"damage":48,"enemies":"Fading Forest","floor":16,"turns":11},{"damage":21,"enemies":"Shell Parasite","floor":18,"turns":4},{"damage":14,"enemies":"3 Byrds","floor":20,"turns":3},{"damage":34,"enemies":"Centurion and Healer","floor":21,"turns":4},{"damage":0,"enemies":"3 Cultists","floor":22,"turns":2},{"damage":3,"enemies":"Replay:Snechameleon","floor":24,"turns":5},{"damage":0,"enemies":"Snake Plant","floor":29,"turns":2},{"damage":23,"enemies":"Slavers","floor":31,"turns":5},{"damage":73,"enemies":"Automaton","floor":33,"turns":6}],"seed_played":"-5702006536539239028","potions_obtained":[{"floor":1,"key":"LifebloodPotion"},{"floor":7,"key":"Dexterity Potion"},{"floor":14,"key":"BlessingOfTheForge"},{"floor":18,"key":"Regen Potion"},{"floor":22,"key":"Block Potion"},{"floor":31,"key":"Swift Potion"}],"is_trial":false,"path_per_floor":["M","?","?","M","?","E","M","R","T","R","M","R","M","E","R","B",null,"M","$","M","M","M","R","E","?","T","T","$","M","$","E","R","B"],"character_chosen":"DEFECT","items_purchased":["Boot","Hologram","BargainBundle","Energy Potion","SkillPotion","AttackPotion","Streamline","Leap","Discovery","Swift Potion","Gash"],"campfire_rested":3,"item_purchase_floors":[19,19,28,28,28,28,28,28,28,30,30],"current_hp_per_floor":[67,67,67,65,58,37,36,64,64,70,63,69,69,63,69,37,75,54,54,40,6,11,45,42,28,28,28,28,28,28,13,55,0,0],"gold":34,"neow_bonus":"TRANSFORM_CARD","is_daily":false,"chose_seed":false,"campfire_upgraded":2,"win_rate":0.0,"timestamp":1610305731,"path_taken":["M","?","?","M","?","E","M","R","T","R","?","R","M","E","R","BOSS","M","?","M","M","M","R","E","?","T","?","$","M","$","E","R","BOSS"],"items_purchased_type":["Relic","Card","Relic","Potion","Potion","Potion","Card","Card","Card","Potion","Card"],"build_version":"2020-12-22","purchased_purges":1,"victory":false,"max_hp_per_floor":[75,75,75,75,75,75,75,75,75,75,75,75,75,75,75,75,75,75,75,75,75,75,75,75,80,80,80,80,80,80,80,80,80,80],"card_choices":[{"not_picked":["Reprogram","Steam"],"picked":"FTL","floor":1},{"not_picked":["ReplayTheSpireMod:GoodbyeWorld","BootSequence"],"picked":"Steam","floor":4},{"not_picked":["Panic Button","Lockon"],"picked":"White Noise","floor":6},{"not_picked":["Blizzard","Steam"],"picked":"Compile Driver","floor":7},{"not_picked":["Barrage","ReplaySolidLightProjector"],"picked":"Leap","floor":11},{"not_picked":["Crystallizer","Barrage","Scrape"],"picked":"SKIP","floor":13},{"not_picked":["Cold Snap","Steam"],"picked":"Streamline","floor":14},{"not_picked":["Thunder Strike","Mirror Shield"],"picked":"Hyperbeam","floor":16},{"not_picked":["Recycle","Barrage"],"picked":"Steam Power","floor":18},{"not_picked":["Gash","Redo"],"picked":"White Noise+1","floor":18},{"not_picked":["BasicCrystalCard","Go for the Eyes"],"picked":"Sweeping Beam+1","floor":20},{"not_picked":["Undo","ReplayTheSpireMod:Omega Cannon"],"picked":"Rebound","floor":20},{"not_picked":["Cold Snap","Compile Driver"],"picked":"Redo","floor":21},{"not_picked":["Crystallizer","Hologram"],"picked":"White Noise+1","floor":21},{"not_picked":["Leap","Barrage"],"picked":"Panic Button+1","floor":22},{"not_picked":["FTL+1","Consume"],"picked":"Turbo+1","floor":22},{"not_picked":["Meteor Strike","Sunder"],"picked":"Beam Cell+1","floor":24},{"not_picked":["Hologram+1","Go for the Eyes+1"],"picked":"Turbo+1","floor":29},{"not_picked":["Loop","Reinforced Body"],"picked":"ReplayTheSpireMod:Fabricate Wheel","floor":29},{"not_picked":["Compile Driver","Blizzard+1"],"picked":"Buffer","floor":31}],"player_experience":401578,"relics_obtained":[{"floor":6,"key":"Eternal Feather"},{"floor":9,"key":"Bronze Scales"},{"floor":14,"key":"Prayer Wheel"},{"floor":24,"key":"Replay:PocketPolymizer"},{"floor":27,"key":"Solar Panel"},{"floor":31,"key":"Centennial Puzzle"}],"event_choices":[{"cards_removed":["Defend_B"],"damage_healed":0,"gold_gain":0,"player_choice":"Card Removal","damage_taken":0,"max_hp_gain":0,"max_hp_loss":0,"event_name":"The Cleric","floor":2,"gold_loss":50},{"damage_healed":0,"gold_gain":75,"player_choice":"Touch","damage_taken":7,"max_hp_gain":0,"max_hp_loss":0,"event_name":"FaceTrader","floor":5,"gold_loss":0},{"damage_healed":0,"gold_gain":0,"player_choice":"Shed Blood","damage_taken":19,"max_hp_gain":5,"max_hp_loss":0,"event_name":"Forgotten Altar","floor":25,"gold_loss":0}],"is_beta":false,"boss_relics":[{"not_picked":["Replay:Drink Me","ReplayTheSpireMod:DimensionalGlitch"],"picked":"Pandora\u0027s Box"}],"items_purged_floors":[28],"is_endless":false,"potions_floor_spawned":[1,7,14,18,22,31],"killed_by":"Automaton","ascension_level":1}}