{"host":"sc0o2qwpf9j16a4i","time":1610276195,"event":{"mods":["AchievementEnabler","BaseMod","BetterRewards","Block Reminder","Colored Map","Colored Powertips","Custom Start","Highlight Path","Minty Spire (QoL Compilation)","Relic Stats"],"gold_per_floor":[112,125,6,6,27,27,102,143,143,167,167,10,10,26,26,119,119,138,138,158,158,24,65,81,81,108,121,121,7,7,32,32,123,123,148,161,494,494,541,541,572,572,572,604,617,643,656,656,656,656,656],"floor_reached":52,"playtime":2356,"items_purged":["Strike_G","Strike_G"],"score":2766,"play_id":"438aa8a1-7b84-48f7-beb5-ea50ba865a9b","local_time":"20210110125635","is_ascension_mode":true,"campfire_choices":[{"data":"Noxious Fumes","floor":6.0,"key":"SMITH"},{"data":"Bouncing Flask","floor":13.0,"key":"SMITH"},{"data":"Neutralize","floor":15.0,"key":"SMITH"},{"data":"Footwork","floor":25.0,"key":"SMITH"},{"data":"Strike_G+1","floor":30.0,"key":"PURGE"},{"data":"Catalyst","floor":32.0,"key":"SMITH"},{"floor":40.0,"key":"RECALL"},{"data":"Strike_G+1","floor":42.0,"key":"PURGE"},{"data":"Wraith Form v2","floor":49,"key":"SMITH"}],"circlet_count":0,"master_deck":["AscendersBane","Defend_G+1","Defend_G+1","Defend_G+1","Defend_G+1","Defend_G+1","Survivor","Neutralize+1","Footwork+1","Noxious Fumes+1","Bouncing Flask+1","Flying Knee","Dash","Dagger Spray","Backflip","Venomology","Predator","Dodge and Roll","After Image","Calculated Gamble","Dash","PiercingWail","Catalyst+1","Burst","Bouncing Flask+1","Wraith Form v2+1","PiercingWail"],"relics":["Ring of the Snake","PreservedInsect","Peace Pipe","Kunai","Lee\u0027s Waffle","Ginger","MealTicket","Happy Flower","Blood Vial","Gambling Chip","Orichalcum","Membership Card","Eternal Feather","Bag of Preparation","Letter Opener","Bottled Tornado","Snecko Eye","Nloth\u0027s Gift","Calipers","DollysMirror","Incense Burner","Boot","Sling","Cursed Key","Mango","Bronze Scales","Lantern","Juzu Bracelet"],"acts_visited":["Exordium","TheCity","TheBeyond"],"potions_floor_usage":[44,46,47,47,47,47,50,51],"damage_taken":[{"damage":5.0,"enemies":"2 Louse","floor":1.0,"turns":4.0},{"damage":4.0,"enemies":"Small Slimes","floor":2.0,"turns":3.0},{"damage":0.0,"enemies":"Cultist","floor":5.0,"turns":3.0},{"damage":11.0,"enemies":"3 Sentries","floor":8.0,"turns":4.0},{"damage":0.0,"enemies":"Red Slaver","floor":10.0,"turns":4.0},{"damage":0.0,"enemies":"Exordium Thugs","floor":14.0,"turns":3.0},{"damage":17.0,"enemies":"Hexaghost","floor":16.0,"turns":10.0},{"damage":0.0,"enemies":"Shell Parasite","floor":18.0,"turns":6.0},{"damage":16.0,"enemies":"Chosen","floor":20.0,"turns":5.0},{"damage":8.0,"enemies":"Book of Stabbing","floor":23.0,"turns":4.0},{"damage":0.0,"enemies":"Snake Plant","floor":24.0,"turns":4.0},{"damage":0.0,"enemies":"Snecko","floor":27.0,"turns":4.0},{"damage":0.0,"enemies":"Centurion and Healer","floor":31.0,"turns":6.0},{"damage":0.0,"enemies":"Champ","floor":33.0,"turns":7.0},{"damage":0.0,"enemies":"3 Darklings","floor":35.0,"turns":5.0},{"damage":0.0,"enemies":"3 Shapes","floor":36.0,"turns":5.0},{"damage":25.0,"enemies":"2 Orb Walkers","floor":39.0,"turns":6.0},{"damage":0.0,"enemies":"Nemesis","floor":41.0,"turns":1.0},{"damage":0,"enemies":"Giant Head","floor":44,"turns":5},{"damage":0,"enemies":"Spire Growth","floor":45,"turns":3},{"damage":0,"enemies":"Reptomancer","floor":46,"turns":6},{"damage":0,"enemies":"4 Shapes","floor":47,"turns":4},{"damage":3,"enemies":"Donu and Deca","floor":50,"turns":8},{"damage":41,"enemies":"Awakened One","floor":51,"turns":17}],"seed_played":"1737476944742864778","potions_obtained":[{"floor":2.0,"key":"LiquidBronze"},{"floor":5.0,"key":"Weak Potion"},{"floor":14.0,"key":"Strength Potion"},{"floor":20.0,"key":"Block Potion"},{"floor":23.0,"key":"SpeedPotion"},{"floor":31.0,"key":"GhostInAJar"},{"floor":35.0,"key":"Block Potion"},{"floor":44,"key":"Weak Potion"},{"floor":47,"key":"PowerPotion"}],"is_trial":false,"path_per_floor":["M","M","$","?","M","R","?","E","T","M","?","$","R","M","R","B",null,"M","?","M","T","$","E","M","R","T","M","?","$","R","M","R","B",null,"M","M","?","?","?","R","E","R","T","E","M","E","M","?","R","B","B",null],"character_chosen":"THE_SILENT","items_purchased":["PreservedInsect","Peace Pipe","Footwork","Noxious Fumes","Kunai","Lee\u0027s Waffle","Ginger","MealTicket","Happy Flower","Blood Vial","Gambling Chip","Orichalcum","Ice Cream","Membership Card","Eternal Feather","Bouncing Flask","Bag of Preparation","Bottled Tornado","Predator","DollysMirror","Sling","PiercingWail"],"campfire_rested":0,"item_purchase_floors":[0,0,0,0,0,0,0,0,0,0,0,0,0,0,0,0,3,12,12,22,29,29],"current_hp_per_floor":[68,66,73,48,50,59,48,39,39,41,73,73,73,73,73,56,69,71,71,57,57,72,65,67,73,73,73,73,73,73,73,73,73,73,73,73,73,73,62,77,79,87,87,87,87,87,87,82,87,84,45],"gold":656,"neow_bonus":"","is_daily":false,"chose_seed":false,"campfire_upgraded":6,"win_rate":0.0,"timestamp":1610276195,"path_taken":["M","M","$","?","M","R","?","E","T","M","?","$","R","M","R","BOSS","M","?","?","?","$","E","M","R","T","?","?","$","R","M","R","BOSS","M","M","?","?","?","R","E","R","T","E","M","E","M","?","R","BOSS","BOSS"],"items_purchased_type":["Relic","Relic","Card","Card","Relic","Relic","Relic","Relic","Relic","Relic","Relic","Relic","Relic","Relic","Relic","Card","Relic","Relic","Card","Relic","Relic","Card"],"build_version":"2020-12-22","purchased_purges":2,"victory":true,"max_hp_per_floor":[73,73,73,73,73,73,73,73,73,73,73,73,73,73,73,73,73,73,73,73,73,73,73,73,73,73,73,73,73,73,73,73,73,73,73,73,73,73,87,87,87,87,87,87,87,87,87,87,87,87,87],"relic_stats":{"Lee\u0027s Waffle":247,"Happy Flower":[42],"counters":[172,844],"Eternal Feather":43,"PreservedInsect":573,"Bag of Preparation":[27],"Juzu Bracelet":0,"Ginger":[10],"Letter Opener":[352],"Orichalcum":[516],"Boot":[31],"Cursed Key":2,"Peace Pipe":3,"Blood Vial":19,"Gambling Chip":[124],"Bronze Scales":[167],"Snecko Eye":[219,258,222,231],"MealTicket":22,"Nloth\u0027s Gift":4,"Kunai":[20],"obtain_stats":[{"TwistedFunnel":0,"Ice Cream":10,"Calipers":23,"Gremlin Horn":9,"CeramicFish":27,"Vajra":0,"Ginger":42,"Bottled Tornado":54,"Boot":2,"Sling":0,"Blood Vial":26,"Lizard Tail":3,"Centennial Puzzle":9,"HornCleat":0,"DollysMirror":22,"Sundial":43,"Strawberry":0,"Philosopher\u0027s Stone":34,"MealTicket":0,"Fusion Hammer":17,"Necronomicon":31,"Kunai":36,"Toxic Egg 2":9,"Girya":6,"Pear":9,"Happy Flower":9,"Astrolabe":17,"Blue Candle":13,"Dead Branch":15,"Oddly Smooth Stone":24,"Velvet Choker":17,"Eternal Feather":55,"Pen Nib":4,"Letter Opener":8,"Paper Crane":44,"War Paint":40,"Akabeko":13,"WarpedTongs":10,"Du-Vu Doll":36,"OrangePellets":0,"Bronze Scales":42,"Snecko Eye":17,"Pandora\u0027s Box":34,"Nloth\u0027s Gift":19,"StrikeDummy":7,"Ring of the Serpent":34,"Pocketwatch":40,"Meat on the Bone":26,"Regal Pillow":0,"Lantern":26,"Enchiridion":24,"Mango":39,"Snake Skull":0,"Juzu Bracelet":44,"Bag of Preparation":3,"Incense Burner":23,"Ancient Tea Set":14,"Cursed Key":34,"Smiling Mask":29,"ClockworkSouvenir":0,"Frozen Eye":54,"Dream Catcher":26,"Nunchaku":7,"Matryoshka":25,"Shovel":26,"Ninja Scroll":48,"Pantograph":10,"Gambling Chip":0,"Tiny Chest":31,"WingedGreaves":37,"Chemical X":0,"InkBottle":32,"Ring of the Snake":0,"Runic Pyramid":17,"Potion Belt":0,"Lee\u0027s Waffle":0,"Golden Idol":4,"Thread and Needle":9,"PreservedInsect":39,"Frozen Egg 2":30,"Orichalcum":0,"Odd Mushroom":13,"Medical Kit":30,"White Beast Statue":11,"Mercury Hourglass":7,"Peace Pipe":0,"Anchor":22,"Busted Crown":34,"Ornamental Fan":26,"Orrery":20,"Ectoplasm":17,"Art of War":10,"Bag of Marbles":7,"Membership Card":39,"Toy Ornithopter":14},{"TwistedFunnel":19,"Ice Cream":93,"Calipers":130,"Gremlin Horn":65,"CeramicFish":54,"Vajra":89,"Ginger":80,"Bottled Tornado":116,"Boot":20,"Sling":61,"Blood Vial":14,"Lizard Tail":20,"Centennial Puzzle":47,"HornCleat":61,"DollysMirror":13,"Sundial":111,"Strawberry":118,"Philosopher\u0027s Stone":58,"MealTicket":148,"Fusion Hammer":126,"Necronomicon":32,"Kunai":107,"Toxic Egg 2":6,"Girya":22,"Pear":124,"Happy Flower":22,"Astrolabe":96,"Blue Candle":125,"Dead Branch":125,"Oddly Smooth Stone":29,"Velvet Choker":68,"Eternal Feather":117,"Pen Nib":44,"Letter Opener":152,"Paper Crane":81,"War Paint":139,"Akabeko":49,"WarpedTongs":124,"Du-Vu Doll":35,"OrangePellets":41,"Bronze Scales":111,"Snecko Eye":51,"Pandora\u0027s Box":75,"Nloth\u0027s Gift":156,"StrikeDummy":5,"Ring of the Serpent":106,"Pocketwatch":38,"Meat on the Bone":54,"Regal Pillow":89,"Lantern":131,"Enchiridion":130,"Mango":165,"Snake Skull":41,"Juzu Bracelet":40,"Bag of Preparation":150,"Incense Burner":158,"Ancient Tea Set":25,"Cursed Key":33,"Smiling Mask":103,"ClockworkSouvenir":89,"Frozen Eye":87,"Dream Catcher":29,"Nunchaku":123,"Matryoshka":54,"Shovel":54,"Ninja Scroll":85,"Pantograph":7,"Gambling Chip":148,"Tiny Chest":74,"WingedGreaves":78,"Chemical X":89,"InkBottle":134,"Ring of the Snake":0,"Runic Pyramid":26,"Potion Belt":89,"Lee\u0027s Waffle":41,"Golden Idol":121,"Thread and Needle":92,"PreservedInsect":78,"Frozen Egg 2":17,"Orichalcum":41,"Odd Mushroom":95,"Medical Kit":32,"White Beast Statue":93,"Mercury Hourglass":65,"Peace Pipe":61,"Anchor":13,"Busted Crown":135,"Ornamental Fan":72,"Orrery":128,"Ectoplasm":10,"Art of War":23,"Bag of Marbles":46,"Membership Card":78,"Toy Ornithopter":125},{"TwistedFunnel":113,"Ice Cream":447,"Calipers":612,"Gremlin Horn":304,"CeramicFish":263,"Vajra":433,"Ginger":378,"Bottled Tornado":556,"Boot":116,"Sling":288,"Blood Vial":72,"Lizard Tail":116,"Centennial Puzzle":241,"HornCleat":288,"DollysMirror":65,"Sundial":522,"Strawberry":571,"Philosopher\u0027s Stone":280,"MealTicket":717,"Fusion Hammer":596,"Necronomicon":168,"Kunai":502,"Toxic Egg 2":33,"Girya":125,"Pear":588,"Happy Flower":125,"Astrolabe":459,"Blue Candle":590,"Dead Branch":590,"Oddly Smooth Stone":156,"Velvet Choker":320,"Eternal Feather":562,"Pen Nib":228,"Letter Opener":731,"Paper Crane":384,"War Paint":659,"Akabeko":251,"WarpedTongs":588,"Du-Vu Doll":183,"OrangePellets":218,"Bronze Scales":522,"Snecko Eye":255,"Pandora\u0027s Box":355,"Nloth\u0027s Gift":754,"StrikeDummy":30,"Ring of the Serpent":500,"Pocketwatch":200,"Meat on the Bone":263,"Regal Pillow":433,"Lantern":616,"Enchiridion":612,"Mango":800,"Snake Skull":218,"Juzu Bracelet":212,"Bag of Preparation":724,"Incense Burner":763,"Ancient Tea Set":136,"Cursed Key":177,"Smiling Mask":486,"ClockworkSouvenir":433,"Frozen Eye":420,"Dream Catcher":156,"Nunchaku":585,"Matryoshka":263,"Shovel":263,"Ninja Scroll":400,"Pantograph":36,"Gambling Chip":717,"Tiny Chest":348,"WingedGreaves":367,"Chemical X":433,"InkBottle":632,"Ring of the Snake":0,"Runic Pyramid":143,"Potion Belt":433,"Lee\u0027s Waffle":218,"Golden Idol":576,"Thread and Needle":444,"PreservedInsect":367,"Frozen Egg 2":93,"Orichalcum":218,"Odd Mushroom":454,"Medical Kit":168,"White Beast Statue":447,"Mercury Hourglass":304,"Peace Pipe":288,"Anchor":65,"Busted Crown":639,"Ornamental Fan":339,"Orrery":604,"Ectoplasm":55,"Art of War":129,"Bag of Marbles":237,"Membership Card":367,"Toy Ornithopter":590}],"Ring of the Snake":[108]},"card_choices":[{"not_picked":["Dodge and Roll","Underhanded Strike"],"picked":"Flying Knee","floor":1.0},{"not_picked":["Poisoned Stab","Dagger Throw"],"picked":"Dash","floor":2.0},{"not_picked":["Dagger Throw","PiercingWail"],"picked":"Dagger Spray","floor":5.0},{"not_picked":["Poisoned Stab","Quick Slash"],"picked":"Backflip","floor":8.0},{"not_picked":["Sucker Punch","Blur"],"picked":"Venomology","floor":10.0},{"not_picked":["Heel Hook","Deflect"],"picked":"Dodge and Roll","floor":14.0},{"not_picked":["Envenom","Unload"],"picked":"After Image","floor":16.0},{"not_picked":["Dagger Spray+1","Deflect","Escape Plan"],"picked":"SKIP","floor":18.0},{"not_picked":["Finisher","Escape Plan"],"picked":"Calculated Gamble","floor":20.0},{"not_picked":["Caltrops+1","Flying Knee+1","Venomology"],"picked":"SKIP","floor":23.0},{"not_picked":["Dodge and Roll","Outmaneuver","Dagger Throw"],"picked":"SKIP","floor":24.0},{"not_picked":["Cloak And Dagger+1","Tactician","Concentrate"],"picked":"SKIP","floor":27.0},{"not_picked":["Prepared","Dagger Throw"],"picked":"Catalyst","floor":31.0},{"not_picked":["Envenom","Doppelganger"],"picked":"Burst","floor":33.0},{"not_picked":["Concentrate+1","Blur"],"picked":"Bouncing Flask+1","floor":35.0},{"not_picked":["Prepared","Underhanded Strike","Sucker Punch+1"],"picked":"SKIP","floor":36.0},{"not_picked":["Doppelganger","Dagger Spray"],"picked":"Wraith Form v2","floor":39.0},{"not_picked":["Cloak And Dagger","Expertise"],"picked":"PiercingWail","floor":41.0},{"not_picked":["Terror","Dagger Spray","Tools of the Trade"],"picked":"SKIP","floor":44},{"not_picked":["Underhanded Strike+1","Expertise","Die Die Die"],"picked":"SKIP","floor":45},{"not_picked":["Underhanded Strike","Terror","Quick Slash"],"picked":"SKIP","floor":46},{"not_picked":["Caltrops","Cloak And Dagger+1","After Image"],"picked":"SKIP","floor":47}],"player_experience":580148,"relics_obtained":[{"floor":8.0,"key":"Letter Opener"},{"floor":21.0,"key":"Calipers"},{"floor":23.0,"key":"Incense Burner"},{"floor":26.0,"key":"Boot"},{"floor":39.0,"key":"Mango"},{"floor":41.0,"key":"Bronze Scales"},{"floor":44,"key":"Lantern"},{"floor":46,"key":"Juzu Bracelet"}],"event_choices":[{"damage_healed":0.0,"max_hp_gain":0.0,"max_hp_loss":0.0,"gold_gain":0.0,"event_name":"Golden Idol","player_choice":"Take Damage","floor":4.0,"gold_loss":0.0,"damage_taken":25.0,"relics_obtained":["Golden Idol"]},{"damage_healed":0.0,"max_hp_gain":0.0,"max_hp_loss":0.0,"gold_gain":75.0,"event_name":"World of Goop","player_choice":"Gather Gold","floor":7.0,"gold_loss":0.0,"damage_taken":11.0},{"damage_healed":32.0,"max_hp_gain":0.0,"max_hp_loss":0.0,"gold_gain":0.0,"event_name":"Wheel of Change","player_choice":"Full Heal","floor":11.0,"gold_loss":0.0,"damage_taken":0.0},{"damage_healed":0.0,"max_hp_gain":0.0,"max_hp_loss":0.0,"gold_gain":0.0,"event_name":"N\u0027loth","player_choice":"Traded Relic","floor":19.0,"relics_lost":["Ice Cream"],"gold_loss":0.0,"damage_taken":0.0,"relics_obtained":["Nloth\u0027s Gift"]},{"damage_healed":0.0,"max_hp_gain":0.0,"max_hp_loss":0.0,"gold_gain":0.0,"event_name":"Back to Basics","player_choice":"Simplicity","floor":28.0,"gold_loss":0.0,"damage_taken":0.0,"cards_upgraded":["Strike_G","Strike_G","Strike_G","Defend_G","Defend_G","Defend_G","Defend_G","Defend_G"]},{"damage_healed":0.0,"max_hp_gain":0.0,"max_hp_loss":0.0,"gold_gain":333.0,"event_name":"The Moai Head","player_choice":"Gave Idol","floor":37.0,"relics_lost":["Golden Idol"],"gold_loss":0.0,"damage_taken":0.0},{"cards_removed":["Strike_G"],"damage_healed":0.0,"max_hp_gain":0.0,"max_hp_loss":0.0,"gold_gain":0.0,"event_name":"Falling","player_choice":"Removed Attack","floor":38.0,"gold_loss":0.0,"damage_taken":0.0},{"damage_healed":0.0,"max_hp_gain":0.0,"max_hp_loss":0.0,"gold_gain":0.0,"event_name":"Mysterious Sphere","player_choice":"Fight","floor":39.0,"gold_loss":0.0,"damage_taken":0.0},{"damage_healed":0,"gold_gain":0,"player_choice":"Bought 0 Potions","damage_taken":0,"max_hp_gain":0,"max_hp_loss":0,"event_name":"The Woman in Blue","floor":48,"gold_loss":0}],"is_beta":false,"boss_relics":[{"not_picked":["Fusion Hammer","Black Star"],"picked":"Snecko Eye"},{"not_picked":["WristBlade","Empty Cage"],"picked":"Cursed Key"}],"items_purged_floors":[3,22],"is_endless":false,"potions_floor_spawned":[2,5,14,20,23,31,35,44,45,47],"ascension_level":20}}