{"host":"9d9dhukr2jywmy0f","time":1610289660,"event":{"mods":["2.2 Compatiblity","Alarm Clock","BaseMod","Bestiary","Block Reminder","Colored Map","Colored Powertips","Curses Come First","DeckTracker","Energized Spire","Highlight Path","Key Reminder","Minty Spire (QoL Compilation)","Quick Restart","Rare Cards Sparkle","Relic Sorter","Relic Stats","Spire Birthday Party","StSLib","SuperFastMode","Synergy Search","Unceasing Turn Reminder","Unknown Chances"],"gold_per_floor":[110,129,129,129,144,144,16,16,86,86,124,145,188,201,201,290,290,305,305,305,316,326,326,337,337,337,337,221,221,221],"floor_reached":29,"playtime":1005,"items_purged":["Strike_B","Defend_B"],"score":566,"play_id":"d991ce49-119e-4e0d-a96b-c55637aa7b10","local_time":"20210110224100","is_ascension_mode":true,"campfire_choices":[{"data":"Genetic Algorithm","floor":6.0,"key":"SMITH"},{"data":"Dualcast","floor":8.0,"key":"SMITH"},{"data":"Zap","floor":10.0,"key":"SMITH"},{"data":"Buffer","floor":15.0,"key":"SMITH"},{"floor":23.0,"key":"REST"},{"data":"Coolheaded","floor":25.0,"key":"SMITH"},{"floor":27.0,"key":"REST"}],"circlet_count":0,"master_deck":["AscendersBane","Defend_B","Defend_B","Defend_B","Zap+1","Dualcast+1","Ball Lightning","Buffer+1","Genetic Algorithm+1","Ball Lightning","Recycle","White Noise","Biased Cognition","Coolheaded+1","Beam Cell","Aggregate","Chill","Heatsinks"],"relics":["Cracked Core","NeowsBlessing","Bloody Idol","keyreminder:keyreminder","Matryoshka","The Courier","energizedSpire:OldTV","Pen Nib","Meat on the Bone"],"acts_visited":["Exordium","TheCity"],"potions_floor_usage":[29],"damage_taken":[{"damage":0.0,"enemies":"Jaw Worm","floor":1.0,"turns":1.0},{"damage":0.0,"enemies":"Small Slimes","floor":2.0,"turns":1.0},{"damage":0.0,"enemies":"Cultist","floor":5.0,"turns":1.0},{"damage":10.0,"enemies":"Lagavulin","floor":11.0,"turns":4.0},{"damage":0.0,"enemies":"Exordium Thugs","floor":12.0,"turns":4.0},{"damage":9.0,"enemies":"Gremlin Nob","floor":13.0,"turns":4.0},{"damage":8.0,"enemies":"Gremlin Gang","floor":14.0,"turns":4.0},{"damage":0.0,"enemies":"Slime Boss","floor":16.0,"turns":7.0},{"damage":16.0,"enemies":"Shell Parasite","floor":18.0,"turns":4.0},{"damage":3.0,"enemies":"3 Byrds","floor":21.0,"turns":5.0},{"damage":38.0,"enemies":"Snake Plant","floor":22.0,"turns":5.0},{"damage":27.0,"enemies":"Centurion and Healer","floor":24.0,"turns":6.0},{"damage":13,"enemies":"Chosen and Byrds","floor":29,"turns":7}],"seed_played":"3091477029028959305","potions_obtained":[{"floor":1.0,"key":"Fire Potion"},{"floor":11.0,"key":"PowerPotion"},{"floor":12.0,"key":"Weak Potion"},{"floor":16.0,"key":"CultistPotion"}],"is_trial":false,"path_per_floor":["M","M","?","?","M","R","$","R","T","R","E","M","E","M","R","B",null,"M","?","?","M","M","R","M","R","T","R","$","M"],"character_chosen":"DEFECT","items_purchased":["Ball Lightning","Heatsinks"],"campfire_rested":2,"item_purchase_floors":[7,28],"current_hp_per_floor":[64,64,64,64,64,64,64,64,64,64,54,54,45,37,37,37,57,41,41,41,43,10,29,7,7,7,26,26,13,13],"gold":221,"neow_bonus":"THREE_ENEMY_KILL","is_daily":false,"chose_seed":false,"campfire_upgraded":5,"win_rate":0.0,"timestamp":1610289660,"path_taken":["M","M","?","?","M","R","$","R","T","R","E","M","E","M","R","BOSS","M","?","?","M","M","R","M","R","T","R","$","?"],"items_purchased_type":["Card","Card"],"build_version":"2020-11-30","purchased_purges":2,"victory":false,"max_hp_per_floor":[71,71,64,64,64,64,64,64,64,64,64,64,64,64,64,64,64,64,64,64,64,64,64,64,64,64,64,64,64,64],"relic_stats":{"counters":[13,53],"Bloody Idol":15,"Pen Nib":[0],"obtain_stats":[{"keyreminder:keyreminder":9,"Matryoshka":11,"NeowsBlessing":0,"Golden Idol":3,"Bloody Idol":20,"The Courier":13,"Pen Nib":26,"Cracked Core":0,"energizedSpire:OldTV":17,"Meat on the Bone":26},{"keyreminder:keyreminder":3,"Matryoshka":4,"NeowsBlessing":0,"Golden Idol":2,"Bloody Idol":9,"The Courier":6,"Pen Nib":12,"Cracked Core":0,"energizedSpire:OldTV":8,"Meat on the Bone":12},{"keyreminder:keyreminder":3,"Matryoshka":7,"NeowsBlessing":0,"Golden Idol":2,"Bloody Idol":30,"The Courier":15,"Pen Nib":46,"Cracked Core":0,"energizedSpire:OldTV":26,"Meat on the Bone":46}],"Meat on the Bone":0},"card_choices":[{"not_picked":["Reprogram","Rebound"],"picked":"Ball Lightning","floor":1.0},{"not_picked":["Scrape","Fusion","Redo"],"picked":"SKIP","floor":2.0},{"not_picked":["Tempest","Hello World"],"picked":"Genetic Algorithm","floor":5.0},{"not_picked":["Consume","Beam Cell"],"picked":"Recycle","floor":11.0},{"not_picked":["Beam Cell","Seek"],"picked":"White Noise","floor":12.0},{"not_picked":["Steam Power","Compile Driver","Consume"],"picked":"SKIP","floor":13.0},{"not_picked":["Blizzard","Compile Driver","Aggregate"],"picked":"SKIP","floor":14.0},{"not_picked":["All For One","Echo Form"],"picked":"Biased Cognition","floor":16.0},{"not_picked":["Chill+1","Gash"],"picked":"Coolheaded","floor":18.0},{"not_picked":["Beam Cell","Stack+1","Go for the Eyes"],"picked":"SKIP","floor":21.0},{"not_picked":["Force Field","Reinforced Body","Rebound"],"picked":"SKIP","floor":22.0},{"not_picked":["Ball Lightning","Reboot"],"picked":"Chill","floor":24.0}],"player_experience":818461,"relics_obtained":[{"floor":11.0,"key":"Matryoshka"},{"floor":13.0,"key":"The Courier"},{"floor":26.0,"key":"Pen Nib"},{"floor":26.0,"key":"Meat on the Bone"}],"event_choices":[{"damage_healed":0.0,"max_hp_gain":0.0,"max_hp_loss":7.0,"gold_gain":0.0,"event_name":"Golden Idol","player_choice":"Lose Max HP","floor":3.0,"gold_loss":0.0,"damage_taken":0.0,"relics_obtained":["Golden Idol"]},{"damage_healed":0.0,"max_hp_gain":0.0,"max_hp_loss":0.0,"gold_gain":0.0,"cards_transformed":["Strike_B"],"event_name":"Living Wall","player_choice":"Change","floor":4.0,"gold_loss":0.0,"damage_taken":0.0,"cards_obtained":["Buffer"]},{"damage_healed":0.0,"max_hp_gain":0.0,"max_hp_loss":0.0,"gold_gain":0.0,"cards_transformed":["Strike_B","Strike_B"],"event_name":"Drug Dealer","player_choice":"Became Test Subject","floor":19.0,"gold_loss":0.0,"damage_taken":0.0,"cards_obtained":["Beam Cell","Aggregate"]},{"damage_healed":0.0,"max_hp_gain":0.0,"max_hp_loss":0.0,"gold_gain":0.0,"event_name":"Forgotten Altar","player_choice":"Gave Idol","floor":20.0,"relics_lost":["Golden Idol"],"gold_loss":0.0,"damage_taken":0.0,"relics_obtained":["Bloody Idol"]}],"is_beta":false,"boss_relics":[{"not_picked":["Empty Cage","Fusion Hammer"],"picked":"energizedSpire:OldTV"}],"items_purged_floors":[7,28],"is_endless":false,"potions_floor_spawned":[1,11,12,16],"killed_by":"Chosen and Byrds","ascension_level":20}}