{"host":"bplbr8uekuotory4","time":1610289358,"event":{"mods":["Act Like it!","BaseMod","Custom Start","Gensokyo","GungeonMod","Hermit","KinomotoSakuraMod(ƒæ÷Æ±æ”£)","Koishi","Marisa£®ÏF”Í°°ƒß¿Ì…≥£©","Minty Spire (QoL Compilation)","Prisma Mod","Quick Restart","Reimu£®≤©¿ˆ¡È√Œ£©","SOS£®Àπ∞Õ¥Ô÷Æ◊”£©","Spicy Shops","StSLib","TestMod","The Alterego","The Blackbeard","The Cursed","The Marked","The Mystic","The Runesmith","The Saiyan","The Servant 0.9.4","Yuri Mod","[IsaacMod]“‘»ˆº‚À˛","vexMod"],"gold_per_floor":[116,41,52,52,52,78,78,101,101,22,56,70,70,81,81,181,181,197,197,227,241,261,261,9,9,9,44,60,95,95,131,131,228,228,262,295,170,198,213,241,270,270,270,270,270,270,296,146,146,162],"floor_reached":51,"playtime":2970,"items_purged":["blackbeard:BlackbeardStrike","blackbeard:BlackbeardDefend","blackbeard:BlackbeardDefend","blackbeard:BlackbeardDefend"],"score":1175,"play_id":"4f7bae60-d239-4001-8a13-7e0232994d96","local_time":"20210110223558","is_ascension_mode":false,"campfire_choices":[{"data":"blackbeard:Cutlass","floor":15,"key":"SMITH"},{"data":"blackbeard:CaptainsHat","floor":23,"key":"SMITH"},{"data":"blackbeard:Toast","floor":25,"key":"SMITH"},{"data":"blackbeard:WiseDefense","floor":32,"key":"SMITH"},{"data":"blackbeard:RearmingStrike","floor":44,"key":"SMITH"},{"data":"blackbeard:IntimidatingStrike","floor":49,"key":"SMITH"}],"circlet_count":0,"master_deck":["blackbeard:BlackbeardStrike","blackbeard:IntimidatingStrike+1","blackbeard:Cutlass+1","blackbeard:Toast+1","blackbeard:RemoveScurvy","blackbeard:WiseDefense+1","blackbeard:CaptainsHat+1","blackbeard:Anchor+1","blackbeard:DoubleCannonball+1","blackbeard:PiratesWill+1","blackbeard:BountyHunter","blackbeard:Lifeboat","blackbeard:RearmingStrike+1"],"relics":["blackbeard:LoadTheCannons","testmod-TestBox","HushsDoor","Chaos","testmod-PortableAltar","NeowsBlessing","vexMod:ScavengeHelm","Odd Mushroom","vexMod:PlasmaPancake","MegaBlast","blackbeard:PowderCan","GuppysHead","GuppysCollar","testmod-Recursion","Red Mask","DemoMod:GlassGuonStoneRelic","vexMod:FocusSash","Anchor","ClockworkSouvenir","DemoMod:LamentConfigurum","Nilry\u0027s Codex","DemoMod:GundromedaStrain","GuppysTail","blackbeard:GoldenRing","vexMod:MysteryBossChallenge","testmod-NegativeEmotionEnhancer"],"acts_visited":["Exordium","TheCity","TheBeyond"],"potions_floor_usage":[11],"damage_taken":[{"damage":1,"enemies":"Jaw Worm","floor":1,"turns":1},{"damage":1,"enemies":"Small Slimes","floor":3,"turns":1},{"damage":0,"enemies":"Lagavulin","floor":6,"turns":1},{"damage":23,"enemies":"The Mushroom Lair","floor":8,"turns":5},{"damage":4,"enemies":"3 Sentries","floor":11,"turns":6},{"damage":0,"enemies":"2 Louse","floor":12,"turns":1},{"damage":6,"enemies":"Large Slime","floor":14,"turns":5},{"damage":0,"enemies":"The Guardian","floor":16,"turns":1},{"damage":0,"enemies":"2 Thieves","floor":18,"turns":1},{"damage":4,"enemies":"Masked Bandits","floor":20,"turns":3},{"damage":0,"enemies":"Chosen","floor":21,"turns":3},{"damage":1,"enemies":"Centurion and Healer","floor":22,"turns":5},{"damage":0,"enemies":"Slavers","floor":27,"turns":3},{"damage":0,"enemies":"Chosen and Byrds","floor":28,"turns":3},{"damage":0,"enemies":"Gremlin Leader","floor":29,"turns":3},{"damage":0,"enemies":"Snake Plant","floor":31,"turns":2},{"damage":0,"enemies":"Automaton","floor":33,"turns":5},{"damage":0,"enemies":"Orb Walker","floor":35,"turns":1},{"damage":0,"enemies":"3 Darklings","floor":36,"turns":2},{"damage":0,"enemies":"4 Shapes","floor":38,"turns":1},{"damage":0,"enemies":"Transient","floor":39,"turns":5},{"damage":0,"enemies":"Giant Head","floor":40,"turns":3},{"damage":0,"enemies":"Sphere and 2 Shapes","floor":41,"turns":2},{"damage":0,"enemies":"Writhing Mass","floor":47,"turns":2},{"damage":0,"enemies":"Donu and Deca","floor":50,"turns":3}],"seed_played":"7511691131934678565","potions_obtained":[{"floor":7,"key":"ColorlessPotion"},{"floor":8,"key":"DuplicationPotion"},{"floor":11,"key":"testmod-SpacePotion"},{"floor":16,"key":"blackbeard:RumPotion"},{"floor":27,"key":"GrandPatriotsElixir:ReiMu"}],"is_trial":false,"path_per_floor":["M","$","M","?","?","E","?","?","T","$","E","M","?","M","R","B",null,"M","?","?","M","M","R","$","R","T","E","M","E","?","M","R","B",null,"M","M","$","M","M","E","M","?","T","R","?","?","M","$","R","B",null],"character_chosen":"BLACKBEARD_CLASS","items_purchased":["vexMod:PlasmaPancake","GuppysHead","GuppysCollar","vexMod:FocusSash","GuppysTail"],"campfire_rested":0,"item_purchase_floors":[10,17,17,24,34],"current_hp_per_floor":[73,73,71,64,64,64,64,41,41,47,43,43,48,47,47,47,46,45,29,25,25,29,29,29,29,29,34,35,34,17,17,17,17,19,18,17,16,15,14,13,12,11,10,9,8,7,7,6,5,5],"gold":162,"neow_bonus":"THREE_ENEMY_KILL","is_daily":false,"chose_seed":false,"campfire_upgraded":6,"win_rate":0.0,"timestamp":1610289358,"path_taken":["M","$","M","?","?","E","?","?","T","$","E","M","?","M","R","BOSS","M","?","?","M","M","R","$","R","T","E","?","E","?","M","R","BOSS","M","M","$","M","M","E","M","?","T","R","?","?","M","$","R","BOSS"],"items_purchased_type":["Relic","Relic","Relic","Relic","Relic"],"build_version":"2020-12-22","purchased_purges":4,"victory":true,"max_hp_per_floor":[74,73,72,71,70,69,68,67,66,71,70,69,73,72,71,70,46,45,44,43,42,41,40,39,38,37,36,35,34,33,32,31,30,19,18,17,16,15,14,13,12,11,10,9,8,7,7,6,5,5],"card_choices":[{"not_picked":["blackbeard:Dagger","blackbeard:DeadlyArsenal","blackbeard:Boarding"],"picked":"SKIP","floor":1},{"not_picked":["blackbeard:SmithingHammer","blackbeard:BrownPants","blackbeard:SwordDance"],"picked":"SKIP","floor":3},{"not_picked":["blackbeard:Murder","blackbeard:Shrapnel"],"picked":"blackbeard:Toast","floor":6},{"not_picked":["blackbeard:SwordDance","blackbeard:CannonballSupply"],"picked":"Bomb","floor":11},{"not_picked":["blackbeard:Parrot","blackbeard:JollyRoger"],"picked":"blackbeard:RemoveScurvy","floor":12},{"not_picked":["blackbeard:DelayedPain","blackbeard:TerrorOfTheSeas"],"picked":"blackbeard:WiseDefense","floor":14},{"not_picked":["blackbeard:ReapersScythe","blackbeard:HumongousCannonball"],"picked":"blackbeard:CaptainsHat","floor":16},{"not_picked":["blackbeard:Sharpening","blackbeard:CloakAndCannonball"],"picked":"blackbeard:Anchor+1","floor":18},{"not_picked":["blackbeard:DelayedPain","blackbeard:Spear+1","blackbeard:SwordDance"],"picked":"SKIP","floor":21},{"not_picked":["blackbeard:Toast","blackbeard:RemoveScurvy+1","blackbeard:Fencing"],"picked":"SKIP","floor":22},{"not_picked":["blackbeard:Toast","blackbeard:RemoveScurvy+1","blackbeard:Fencing"],"picked":"SKIP","floor":22},{"not_picked":["blackbeard:BuriedTreasure","blackbeard:DangerousBlow"],"picked":"blackbeard:DoubleCannonball+1","floor":27},{"not_picked":["blackbeard:CatONineTails","blackbeard:TacticalRetreat"],"picked":"blackbeard:PiratesWill+1","floor":28},{"not_picked":["blackbeard:BlindAttacks","blackbeard:GhostInTheRum"],"picked":"blackbeard:BountyHunter","floor":29},{"not_picked":["blackbeard:AgileStrike","blackbeard:DoubleBottom","blackbeard:GoldenCannonball"],"picked":"SKIP","floor":31},{"not_picked":["blackbeard:AgileStrike","blackbeard:DoubleBottom","blackbeard:GoldenCannonball"],"picked":"SKIP","floor":31},{"not_picked":["blackbeard:BlindAttacks+1","blackbeard:SwordDance+1","blackbeard:DeadlyArsenal"],"picked":"SKIP","floor":35},{"not_picked":["blackbeard:DeadlyArsenal+1","blackbeard:Sharpening+1","blackbeard:RearmingStrike"],"picked":"SKIP","floor":36},{"not_picked":["blackbeard:PiratesWill","blackbeard:WiseDefense+1","blackbeard:DangerousBlow"],"picked":"SKIP","floor":38},{"not_picked":["blackbeard:Boarding","blackbeard:DeadlyArsenal"],"picked":"blackbeard:Lifeboat","floor":39},{"not_picked":["blackbeard:Boarding","blackbeard:PiratesWill","blackbeard:GoldenDefense"],"picked":"SKIP","floor":40},{"not_picked":["blackbeard:Provisioning+1","blackbeard:PiratesWill"],"picked":"blackbeard:RearmingStrike","floor":41},{"not_picked":["blackbeard:Revenge","blackbeard:FieryDefense","blackbeard:Sword+1"],"picked":"SKIP","floor":47}],"player_experience":1181769,"relics_obtained":[{"floor":6,"key":"vexMod:ScavengeHelm"},{"floor":8,"key":"Odd Mushroom"},{"floor":11,"key":"MegaBlast"},{"floor":20,"key":"Red Mask"},{"floor":26,"key":"Anchor"},{"floor":27,"key":"ClockworkSouvenir"},{"floor":29,"key":"DemoMod:LamentConfigurum"},{"floor":30,"key":"Nilry\u0027s Codex"},{"floor":40,"key":"blackbeard:GoldenRing"},{"floor":43,"key":"vexMod:MysteryBossChallenge"}],"event_choices":[{"cards_removed":["blackbeard:BlackbeardDefend"],"damage_healed":0,"gold_gain":0,"player_choice":"Card Removal","damage_taken":7,"max_hp_gain":0,"max_hp_loss":0,"event_name":"Golden Wing","floor":4,"gold_loss":0},{"cards_removed":["blackbeard:BlackbeardStrike"],"damage_healed":0,"gold_gain":0,"player_choice":"Forget","damage_taken":0,"max_hp_gain":0,"max_hp_loss":0,"event_name":"Living Wall","floor":5,"gold_loss":0},{"damage_healed":0,"gold_gain":0,"player_choice":"Fought Mushrooms","damage_taken":0,"max_hp_gain":0,"max_hp_loss":0,"event_name":"Mushrooms","floor":8,"gold_loss":0},{"damage_healed":0,"gold_gain":0,"player_choice":"Donut","damage_taken":0,"max_hp_gain":5,"max_hp_loss":0,"event_name":"Big Fish","floor":13,"gold_loss":0},{"damage_healed":0,"gold_gain":0,"player_choice":"Fought Bandits","damage_taken":0,"max_hp_gain":0,"max_hp_loss":0,"event_name":"Masked Bandits","floor":20,"gold_loss":0},{"damage_healed":0,"gold_gain":0,"player_choice":"Obtained Book","damage_taken":16,"max_hp_gain":0,"max_hp_loss":0,"event_name":"Cursed Tome","floor":30,"gold_loss":0},{"cards_removed":["blackbeard:BlackbeardStrike"],"damage_healed":0,"gold_gain":0,"player_choice":"Removed Attack","damage_taken":0,"max_hp_gain":0,"max_hp_loss":0,"event_name":"Falling","floor":42,"gold_loss":0},{"damage_healed":0,"gold_gain":0,"player_choice":"Ignored","damage_taken":0,"max_hp_gain":0,"max_hp_loss":0,"event_name":"NoteForYourself","floor":46,"gold_loss":0}],"is_beta":false,"boss_relics":[{"not_picked":["DemoMod:PartiallyEatenCheese","Incubus"],"picked":"blackbeard:PowderCan"},{"not_picked":[]},{"not_picked":["Letter Opener","Velvet Choker"],"picked":"DemoMod:GundromedaStrain"},{"not_picked":[]}],"items_purged_floors":[2,24,37,48],"is_endless":false,"potions_floor_spawned":[8,11,16,27,28,31,33,38,39,40],"ascension_level":0}}