{"host":"08t08ld674si40tv","time":1610250577,"event":{"mods":["AchievementEnabler","BaseMod","Colored Map","Minty Spire (QoL Compilation)","StSLib","SuperFastMode"],"gold_per_floor":[112,112,112,128,148,148,148,175,223,223,251,294,317,346,346,451,451,465,390,390,390,418,418,427,454,454,487,437,450,461,473,473,577,640,659,414,463,483,483,43,54,54,102,137,137,155,155,183,183,183,183],"floor_reached":50,"playtime":1225,"items_purged":["Strike_G","Expertise","Outmaneuver"],"score":608,"play_id":"fe566fa1-5973-49a7-99ea-c6f7db6f657b","local_time":"20210110124937","is_ascension_mode":false,"campfire_choices":[{"data":"Skewer","floor":6,"key":"SMITH"},{"data":"Neutralize","floor":10,"key":"SMITH"},{"data":"Cloak And Dagger","floor":15,"key":"SMITH"},{"data":"Burst","floor":23,"key":"SMITH"},{"data":"Catalyst","floor":32,"key":"SMITH"},{"floor":49,"key":"RECALL"}],"circlet_count":0,"master_deck":["Survivor","Neutralize+1","Cloak And Dagger+1","Catalyst+1","Skewer+1","Blur","Backflip","Backstab","Burst+1","Terror+1","Bouncing Flask","PiercingWail+1","Night Terror","Noxious Fumes","Deflect","Quick Slash","Concentrate","Well Laid Plans","Madness","Madness+1","Footwork"],"relics":["Ring of the Snake","MealTicket","Vajra","CeramicFish","Ninja Scroll","Bronze Scales","Ancient Tea Set","WristBlade","Eternal Feather","Lantern","Blood Vial","Pandora\u0027s Box","Anchor","Shovel","Du-Vu Doll","Juzu Bracelet"],"acts_visited":["Exordium","TheCity","TheBeyond"],"potions_floor_usage":[12,14,33,50,50,50],"damage_taken":[{"damage":0,"enemies":"Jaw Worm","floor":1,"turns":6},{"damage":0,"enemies":"2 Louse","floor":4,"turns":4},{"damage":0,"enemies":"Cultist","floor":5,"turns":4},{"damage":4,"enemies":"3 Sentries","floor":8,"turns":7},{"damage":0,"enemies":"Large Slime","floor":11,"turns":5},{"damage":15,"enemies":"Lagavulin","floor":12,"turns":4},{"damage":0,"enemies":"Gremlin Nob","floor":14,"turns":2},{"damage":25,"enemies":"Hexaghost","floor":16,"turns":10},{"damage":0,"enemies":"2 Thieves","floor":18,"turns":2},{"damage":0,"enemies":"Chosen","floor":22,"turns":3},{"damage":0,"enemies":"Sentry and Sphere","floor":25,"turns":1},{"damage":0,"enemies":"Book of Stabbing","floor":27,"turns":4},{"damage":3,"enemies":"Centurion and Healer","floor":29,"turns":4},{"damage":0,"enemies":"Snake Plant","floor":30,"turns":2},{"damage":6,"enemies":"3 Cultists","floor":31,"turns":3},{"damage":24,"enemies":"Collector","floor":33,"turns":9},{"damage":4,"enemies":"Orb Walker","floor":35,"turns":2},{"damage":33,"enemies":"2 Orb Walkers","floor":37,"turns":4},{"damage":0,"enemies":"3 Darklings","floor":38,"turns":4},{"damage":30,"enemies":"Spire Growth","floor":41,"turns":5},{"damage":16,"enemies":"Reptomancer","floor":44,"turns":7},{"damage":2,"enemies":"Writhing Mass","floor":48,"turns":4},{"damage":63,"enemies":"Awakened One","floor":50,"turns":7}],"seed_played":"5739340054418927456","potions_obtained":[{"floor":5,"key":"Regen Potion"},{"floor":8,"key":"Swift Potion"},{"floor":11,"key":"ColorlessPotion"},{"floor":14,"key":"Ancient Potion"},{"floor":16,"key":"Fire Potion"},{"floor":48,"key":"AttackPotion"}],"is_trial":false,"path_per_floor":["M","?","?","M","M","R","?","E","T","R","M","E","T","E","R","B",null,"M","$","?","T","M","R","?","M","T","E","?","M","M","M","R","B",null,"M","$","?","M","?","$","M","$","T","E","?","?","?","M","R","B"],"character_chosen":"THE_SILENT","items_purchased":["Anchor","Du-Vu Doll"],"campfire_rested":0,"item_purchase_floors":[36,40],"current_hp_per_floor":[70,63,63,63,63,63,63,59,59,59,59,44,44,49,49,24,70,70,70,54,54,54,63,63,63,63,63,63,62,64,60,69,46,70,66,70,37,39,39,54,26,41,41,27,61,53,53,53,61,0,0],"gold":183,"neow_bonus":"RANDOM_COMMON_RELIC","is_daily":false,"chose_seed":false,"campfire_upgraded":5,"win_rate":0.0,"timestamp":1610250577,"path_taken":["M","?","?","?","M","R","?","E","T","R","M","E","?","E","R","BOSS","M","$","?","?","?","R","?","M","T","E","?","M","M","?","R","BOSS","M","?","?","M","?","$","M","$","T","E","?","?","?","M","R","BOSS"],"items_purchased_type":["Relic","Relic"],"build_version":"2020-12-22","purchased_purges":3,"victory":false,"max_hp_per_floor":[70,70,70,70,70,70,70,70,70,70,70,70,70,70,70,70,70,70,70,70,70,70,70,70,70,70,70,70,70,70,70,70,70,70,70,70,70,70,70,70,70,70,70,70,61,61,61,61,61,61,61],"card_choices":[{"not_picked":["Acrobatics","Underhanded Strike"],"picked":"Cloak And Dagger","floor":1},{"not_picked":["Distraction","Well Laid Plans"],"picked":"Skewer","floor":4},{"not_picked":["Concentrate","Catalyst"],"picked":"Blur","floor":5},{"not_picked":["Acrobatics","Underhanded Strike"],"picked":"Backflip","floor":8},{"not_picked":["Slice","Quick Slash"],"picked":"Backstab","floor":11},{"not_picked":["Sucker Punch","Footwork"],"picked":"Burst","floor":12},{"not_picked":["Backflip","Blade Dance","Underhanded Strike"],"picked":"SKIP","floor":14},{"not_picked":["Blade Dance","Flechettes","Distraction+1"],"picked":"SKIP","floor":18},{"not_picked":["Dagger Throw","Flying Knee"],"picked":"Terror+1","floor":22},{"not_picked":["Skewer","Concentrate"],"picked":"PiercingWail+1","floor":25},{"not_picked":["Expertise","Quick Slash","Slice"],"picked":"SKIP","floor":27},{"not_picked":["Dagger Spray","Underhanded Strike","Caltrops+1"],"picked":"SKIP","floor":29},{"not_picked":["Bouncing Flask","Flechettes+1","Predator"],"picked":"SKIP","floor":30},{"not_picked":["Deflect","Flying Knee+1","Setup+1"],"picked":"SKIP","floor":31},{"not_picked":["Bullet Time","Storm of Steel"],"picked":"Night Terror","floor":33},{"not_picked":["Cloak And Dagger+1","Well Laid Plans","Underhanded Strike+1"],"picked":"SKIP","floor":35},{"not_picked":["Cloak And Dagger+1","Underhanded Strike+1"],"picked":"Well Laid Plans","floor":35},{"not_picked":["Masterful Stab","Well Laid Plans+1","Prepared"],"picked":"SKIP","floor":38},{"not_picked":["Bane","Slice","Doppelganger"],"picked":"SKIP","floor":41},{"not_picked":["Deflect+1","Setup+1","Reflex"],"picked":"SKIP","floor":44},{"not_picked":["Finisher","Sucker Punch"],"picked":"Footwork","floor":48}],"player_experience":217362,"relics_obtained":[{"floor":8,"key":"Vajra"},{"floor":9,"key":"CeramicFish"},{"floor":12,"key":"Ninja Scroll"},{"floor":13,"key":"Bronze Scales"},{"floor":14,"key":"Ancient Tea Set"},{"floor":21,"key":"Eternal Feather"},{"floor":26,"key":"Lantern"},{"floor":27,"key":"Blood Vial"},{"floor":37,"key":"Shovel"},{"floor":44,"key":"Juzu Bracelet"}],"event_choices":[{"cards_removed":["Defend_G"],"damage_healed":0,"gold_gain":0,"player_choice":"Card Removal","damage_taken":7,"max_hp_gain":0,"max_hp_loss":0,"event_name":"Golden Wing","floor":2,"gold_loss":0},{"damage_healed":0,"gold_gain":0,"cards_transformed":["Strike_G"],"player_choice":"Transformed","damage_taken":0,"max_hp_gain":0,"max_hp_loss":0,"event_name":"Transmorgrifier","floor":3,"gold_loss":0,"cards_obtained":["Catalyst"]},{"damage_healed":0,"gold_gain":0,"player_choice":"Ignored","damage_taken":0,"max_hp_gain":0,"max_hp_loss":0,"event_name":"Liars Game","floor":7,"gold_loss":0},{"damage_healed":0,"gold_gain":0,"player_choice":"Obtained Book","damage_taken":16,"max_hp_gain":0,"max_hp_loss":0,"event_name":"Cursed Tome","floor":20,"gold_loss":0},{"damage_healed":0,"gold_gain":0,"player_choice":"Read","damage_taken":0,"max_hp_gain":0,"max_hp_loss":0,"event_name":"The Library","floor":24,"gold_loss":0,"cards_obtained":["Bouncing Flask"]},{"damage_healed":0,"gold_gain":0,"player_choice":"Bet on Murderer","damage_taken":0,"max_hp_gain":0,"max_hp_loss":0,"event_name":"The Joust","floor":28,"gold_loss":50},{"damage_healed":0,"gold_gain":0,"player_choice":"Fight","damage_taken":0,"max_hp_gain":0,"max_hp_loss":0,"event_name":"Mysterious Sphere","floor":37,"gold_loss":0},{"cards_removed":["Expertise"],"damage_healed":0,"gold_gain":0,"player_choice":"Removed Skill","damage_taken":0,"max_hp_gain":0,"max_hp_loss":0,"event_name":"Falling","floor":39,"gold_loss":0},{"damage_healed":61,"gold_gain":0,"player_choice":"Heal","damage_taken":0,"max_hp_gain":0,"max_hp_loss":9,"event_name":"The Moai Head","floor":45,"gold_loss":0},{"damage_healed":0,"gold_gain":0,"player_choice":"Embrace Madness","damage_taken":8,"max_hp_gain":0,"max_hp_loss":0,"event_name":"Winding Halls","floor":46,"gold_loss":0,"cards_obtained":["Madness","Madness"]},{"damage_healed":0,"gold_gain":0,"player_choice":"Upgraded","damage_taken":0,"max_hp_gain":0,"max_hp_loss":0,"event_name":"Upgrade Shrine","floor":47,"gold_loss":0,"cards_upgraded":["Madness"]}],"is_beta":false,"boss_relics":[{"not_picked":["Cursed Key","Snecko Eye"],"picked":"WristBlade"},{"not_picked":["HoveringKite","SlaversCollar"],"picked":"Pandora\u0027s Box"}],"items_purged_floors":[19,36,40],"is_endless":false,"potions_floor_spawned":[5,8,11,14,16,18,27,31,48],"killed_by":"Awakened One","ascension_level":0}}