{"host":"m5bsg12zcyqnofur","time":1610310860,"event":{"mods":["BaseMod","BetterRewards","Colored Powertips","Downfall","Highlight Path","Minty Spire (QoL Compilation)","Quick Restart","Replay The Spire","Shop Mod","StSLib"],"gold_per_floor":[112,130,36,55,70,99,99,136,148,40,51,51,82,82,82,183,183,198,113,131,145,1,32,32,46,46,59,89,102,48,59,59,159,159,173,187,199,199,6,39,39,57,84,84,135,10,10,48,48,80,80,80,9,72,82,82],"floor_reached":55,"playtime":3481,"items_purged":["Defend_R","Feed+1","Strike_R"],"score":962,"play_id":"a8ba93f6-ceaf-44c8-857a-f51d8c625e7f","local_time":"20210110143420","is_ascension_mode":true,"campfire_choices":[{"floor":7.0,"key":"DIG"},{"data":"Feed","floor":12,"key":"SMITH"},{"floor":24,"key":"RECALL"},{"data":"Heavy Blade","floor":32,"key":"SMITH"},{"data":"Sword Boomerang","floor":32,"key":"SMITH"},{"floor":41,"key":"DIG"},{"floor":44,"key":"DIG"},{"data":"Replay:SS_forest_2","floor":49,"key":"SMITH"},{"data":"ReplayTheSpireMod:Muscle Training","floor":49,"key":"SMITH"}],"circlet_count":0,"master_deck":["Strike_R","Strike_R","Strike_R","Strike_R","Defend_R","Defend_R","Defend_R","Bash","Replay:Undeath\u0027s Touch","Sword Boomerang+1","Twin Strike","Sword Boomerang+1","Twin Strike","Heavy Blade+1","ReplayTheSpireMod:Muscle Training+1","Massacre+1","Heavy Blade+1","PanicButton","Replay:SS_forest_2+1"],"relics":["Burning Blood","Brimstone","Shovel","Mirror","MawBank","HornCleat","PreservedInsect","Ooze Armor","Pet Ghost","Sling","Chameleon Ring","Replay:Arrowhead","Pen Nib","Electric Blood","Lantern","Replay:Multitool","Juzu Bracelet","Replay:Bandana","Kunai","Calipers","Oddly Smooth Stone"],"acts_visited":["TheCity","TheBeyond","TheEnding"],"potions_floor_usage":[16,23,33,37,50,50,55,55],"damage_taken":[{"damage":0.0,"enemies":"2 Louse","floor":1.0,"turns":2.0},{"damage":12.0,"enemies":"Jaw Worm","floor":2.0,"turns":3.0},{"damage":6.0,"enemies":"Small Slimes","floor":4.0,"turns":2.0},{"damage":11.0,"enemies":"Looter","floor":5.0,"turns":2.0},{"damage":22.0,"enemies":"3 Sentries","floor":6.0,"turns":4.0},{"damage":0,"enemies":"Lagavulin","floor":8,"turns":4},{"damage":9,"enemies":"Exordium Thugs","floor":11,"turns":2},{"damage":0,"enemies":"Gremlin Nob","floor":13,"turns":2},{"damage":70,"enemies":"Hexaghost","floor":16,"turns":5},{"damage":0,"enemies":"Spheric Guardian","floor":18,"turns":2},{"damage":8,"enemies":"Chosen","floor":20,"turns":2},{"damage":9,"enemies":"Centurion and Healer","floor":21,"turns":3},{"damage":11,"enemies":"Replay:Snechameleon","floor":23,"turns":2},{"damage":9,"enemies":"Cultist and Chosen","floor":25,"turns":3},{"damage":4,"enemies":"Snecko","floor":27,"turns":3},{"damage":11,"enemies":"Book of Stabbing","floor":28,"turns":2},{"damage":11,"enemies":"Chosen and Byrds","floor":29,"turns":2},{"damage":15,"enemies":"Centurion and Healer","floor":31,"turns":3},{"damage":42,"enemies":"Collector","floor":33,"turns":5},{"damage":10,"enemies":"3 Shapes","floor":35,"turns":2},{"damage":12,"enemies":"Orb Walker","floor":36,"turns":2},{"damage":24,"enemies":"Spire Growth","floor":37,"turns":2},{"damage":4,"enemies":"Reptomancer","floor":40,"turns":2},{"damage":7,"enemies":"Transient","floor":42,"turns":5},{"damage":4,"enemies":"Nemesis","floor":45,"turns":3},{"damage":12,"enemies":"R_Hoarder","floor":48,"turns":3},{"damage":74,"enemies":"Replay:Hell Engine","floor":50,"turns":7},{"damage":45,"enemies":"Shield and Spear","floor":54,"turns":4},{"damage":83,"enemies":"The Heart","floor":55,"turns":6}],"seed_played":"-4820535183653064298","potions_obtained":[{"floor":2.0,"key":"Block Potion"},{"floor":5.0,"key":"FearPotion"},{"floor":16,"key":"SpeedPotion"},{"floor":20,"key":"Block Potion"},{"floor":23,"key":"Toxic Potion"},{"floor":25,"key":"PowerPotion"},{"floor":27,"key":"BloodPotion"},{"floor":31,"key":"DistilledChaos"},{"floor":35,"key":"ElixirPotion"},{"floor":37,"key":"champ:CounterPotion"},{"floor":52,"key":"ElixirPotion"},{"floor":52,"key":"Block Potion"}],"is_trial":false,"path_per_floor":["M","M","$","M","M","E","R","E","T","$","M","R","E","?","R","B",null,"M","?","M","M","$","E","R","M","T","M","E","M","$","M","R","B",null,"M","M","M","?","$","E","R","M","T","R","E","$","?","E","R","B",null,"R","$","E","B"],"character_chosen":"IRONCLAD","items_purchased":["Brimstone","Sword Boomerang","Twin Strike","Twin Strike","Sling","Heavy Blade","PanicButton","Regen Potion"],"campfire_rested":0,"item_purchase_floors":[0,3,3,10,22,30,39,53],"current_hp_per_floor":[68,62,62,62,57,41,41,47,47,47,47,47,53,58,84,20,88,88,88,90,87,87,82,82,79,79,81,76,75,75,66,66,30,96,96,90,76,76,76,78,78,77,77,77,79,79,79,73,73,36,104,104,104,65,0,0],"gold":82,"neow_bonus":"","is_daily":false,"chose_seed":false,"campfire_upgraded":5,"win_rate":0.0,"timestamp":1610310860,"path_taken":["M","M","$","M","M","E","R","E","T","$","M","R","E","?","R","BOSS","M","?","M","M","$","E","R","M","T","M","E","M","$","M","R","BOSS","M","M","M","?","$","E","R","M","T","R","E","$","?","E","R","BOSS","R","$","E","BOSS"],"items_purchased_type":["Relic","Card","Card","Card","Relic","Card","Card","Potion"],"build_version":"2020-12-22","purchased_purges":3,"victory":false,"max_hp_per_floor":[80,80,80,80,80,80,80,80,80,80,83,83,83,88,88,88,88,88,88,92,92,92,92,92,92,92,92,92,96,96,96,96,96,96,100,100,104,104,104,104,104,104,104,104,104,104,104,104,104,104,104,104,104,104,104,104],"card_choices":[{"not_picked":["Havoc","Battle Trance","Shrug It Off"],"picked":"SKIP","floor":1.0},{"not_picked":["Run Through","Headbutt"],"picked":"Replay:Undeath\u0027s Touch","floor":2.0},{"not_picked":["True Grit","Anger"],"picked":"Warcry","floor":4.0},{"not_picked":["Run Through","Dropkick"],"picked":"Sword Boomerang","floor":5.0},{"not_picked":["Power Through","Rampage","Blood for Blood"],"picked":"SKIP","floor":6.0},{"not_picked":["Pommel Strike","Flex"],"picked":"Feed","floor":8},{"not_picked":["True Grit","Run Through","Hemokinesis"],"picked":"SKIP","floor":11},{"not_picked":["Run Through","Thunderclap","Rupture"],"picked":"SKIP","floor":13},{"not_picked":["Clothesline","Inflame","Shrug It Off+1"],"picked":"SKIP","floor":18},{"not_picked":["Armaments","Metallicize","Havoc+1"],"picked":"SKIP","floor":20},{"not_picked":["ReplayReversal+1","Clothesline"],"picked":"Heavy Blade+1","floor":21},{"not_picked":["Iron Wave+1","Power Through"],"picked":"ReplayTheSpireMod:Muscle Training","floor":23},{"not_picked":["Headbutt","Pommel Strike","Bludgeon"],"picked":"SKIP","floor":25},{"not_picked":["Havoc+1","Warcry"],"picked":"Massacre+1","floor":27},{"not_picked":["Perfected Strike","Shrug It Off","ReplayTheSpireMod:LeadingStrike"],"picked":"SKIP","floor":28},{"not_picked":["Sentinel","ReplayTheSpireMod:Muscle Training","ReplayTheSpireMod:Corrosion Curse"],"picked":"SKIP","floor":29},{"not_picked":["Armaments+1","Clash","Sword Boomerang"],"picked":"SKIP","floor":31},{"not_picked":["Thunderclap+1","Replay:Undeath\u0027s Touch+1","Shrug It Off+1"],"picked":"SKIP","floor":35},{"not_picked":["Fire Breathing+1","Metallicize+1","Thunderclap+1"],"picked":"SKIP","floor":36},{"not_picked":["ReplayTheSpireMod:Strike From Hell+1","True Grit+1","Dark Embrace+1"],"picked":"SKIP","floor":37},{"not_picked":["Twin Strike+1","Searing Blow+1","Berserk"],"picked":"SKIP","floor":40},{"not_picked":["Perfected Strike+1","Blood for Blood+1","Havoc"],"picked":"SKIP","floor":42},{"not_picked":["Anger","Clothesline","Armaments+1"],"picked":"SKIP","floor":45},{"not_picked":["ReplayTheSpireMod:Trickstab","Replay:Sssssssssshield"],"picked":"Replay:SS_forest_2","floor":47},{"not_picked":["Hemokinesis","Warcry","Headbutt"],"picked":"SKIP","floor":48},{"not_picked":["Havoc+1","Abandon","Power Through"],"picked":"SKIP","floor":54}],"player_experience":147014,"relics_obtained":[{"floor":6.0,"key":"Mirror"},{"floor":7.0,"key":"MawBank"},{"floor":8,"key":"HornCleat"},{"floor":13,"key":"PreservedInsect"},{"floor":23,"key":"Chameleon Ring"},{"floor":26,"key":"Replay:Arrowhead"},{"floor":28,"key":"Pen Nib"},{"floor":40,"key":"Lantern"},{"floor":41,"key":"Replay:Multitool"},{"floor":43,"key":"Juzu Bracelet"},{"floor":44,"key":"Replay:Bandana"},{"floor":45,"key":"Kunai"},{"floor":48,"key":"Calipers"},{"floor":54,"key":"Oddly Smooth Stone"}],"event_choices":[{"damage_healed":0,"gold_gain":0,"player_choice":"Donut","damage_taken":0,"max_hp_gain":5,"max_hp_loss":0,"event_name":"Big Fish","floor":14,"gold_loss":0},{"damage_healed":0,"gold_gain":0,"player_choice":"Obtained Relic","damage_taken":0,"relics_obtained":["Pet Ghost"],"max_hp_gain":0,"max_hp_loss":0,"event_name":"Addict","floor":19,"gold_loss":85},{"cards_removed":["Warcry"],"damage_healed":0,"gold_gain":0,"player_choice":"Removed Skill","damage_taken":0,"max_hp_gain":0,"max_hp_loss":0,"event_name":"Falling","floor":38,"gold_loss":0},{"damage_healed":0,"gold_gain":0,"player_choice":"Memory 1","damage_taken":0,"max_hp_gain":0,"max_hp_loss":0,"event_name":"SensoryStone","floor":47,"gold_loss":0}],"is_beta":false,"boss_relics":[{"not_picked":["Runic Pyramid","Replay:Wanted Poster"],"picked":"Ooze Armor"},{"not_picked":["Runic Dome","Painkiller Herb"],"picked":"Electric Blood"}],"items_purged_floors":[10,39,46],"is_endless":false,"potions_floor_spawned":[2,5,16,20,23,25,27,31,35,37,40],"killed_by":"The Heart","ascension_level":1}}