{"host":"adv1uqz3812gqgbw","time":1610259305,"event":{"mods":["BaseMod","Better Note","Colored Powertips","Custom Start","GifTheSpireLib","Hermit","Minty Spire (QoL Compilation)","SacredBarkPlus","StSLib","The Runesmith","Uncapped"],"gold_per_floor":[116,116,116,129,129,129,158,176,246,246,246,2,2,15,15,114,114,124,24,40,74,90,120,120,120,197,197,210,210,62,75,75,75,75],"floor_reached":33,"playtime":1481,"items_purged":["Discovery","Combust","Dual Wield+1"],"score":263,"play_id":"7831a17c-6019-4361-a448-2763c2abe584","local_time":"20210110041505","is_ascension_mode":false,"campfire_choices":[{"data":"Seeing Red","floor":6,"key":"SMITH"},{"data":"Bash","floor":15,"key":"SMITH"},{"floor":25,"key":"REST"},{"floor":29,"key":"REST"},{"data":"Carnage","floor":32,"key":"SMITH"}],"circlet_count":0,"master_deck":["Bash+1","Seeing Red+1","Thunderclap+1","Carnage+1","Shrug It Off+1","Clash","Infernal Blade+1","Impervious+1","Juggernaut","Rage+1","Shrug It Off+1","Flame Barrier+1","Double Tap+1","Shrug It Off+1","Flex+1"],"relics":["Burning Blood","Ginger","Toxic Egg 2","Paper Frog","Pandora\u0027s Box","Red Mask","Gambling Chip","Pantograph"],"acts_visited":["Exordium","TheCity"],"potions_floor_usage":[12,33,33,33],"damage_taken":[{"damage":5,"enemies":"Jaw Worm","floor":1,"turns":3},{"damage":4,"enemies":"2 Louse","floor":4,"turns":3},{"damage":22,"enemies":"Gremlin Nob","floor":7,"turns":4},{"damage":6,"enemies":"Cultist","floor":8,"turns":3},{"damage":0,"enemies":"Looter","floor":14,"turns":2},{"damage":33,"enemies":"Slime Boss","floor":16,"turns":9},{"damage":10,"enemies":"2 Thieves","floor":18,"turns":3},{"damage":0,"enemies":"Spheric Guardian","floor":20,"turns":1},{"damage":0,"enemies":"Masked Bandits","floor":21,"turns":1},{"damage":15,"enemies":"Snake Plant","floor":22,"turns":2},{"damage":53,"enemies":"Book of Stabbing","floor":23,"turns":7},{"damage":21,"enemies":"Cultist and Chosen","floor":28,"turns":5},{"damage":7,"enemies":"Shelled Parasite and Fungi","floor":31,"turns":5},{"damage":102,"enemies":"Automaton","floor":33,"turns":12}],"seed_played":"-5758360612498730486","potions_obtained":[{"floor":8,"key":"Strength Potion"},{"floor":16,"key":"DistilledChaos"},{"floor":20,"key":"BlessingOfTheForge"},{"floor":21,"key":"PowerPotion"}],"is_trial":false,"path_per_floor":["M","?","T","M","?","R","E","M","T","?","?","$","?","M","R","B",null,"M","$","M","?","M","E","$","R","T","?","M","R","$","M","R","B"],"character_chosen":"IRONCLAD","items_purchased":["Shrug It Off+1","Clash","Fruit Juice","Flex+1"],"campfire_rested":2,"item_purchase_floors":[12,12,12,30],"current_hp_per_floor":[80,85,85,85,85,85,69,69,69,69,52,57,57,63,63,36,90,86,86,90,90,81,34,34,61,61,61,46,73,73,72,72,0,0],"gold":75,"neow_bonus":"RANDOM_COLORLESS","is_daily":false,"chose_seed":false,"campfire_upgraded":3,"win_rate":0.0,"timestamp":1610259305,"path_taken":["M","?","?","M","?","R","E","?","T","?","?","$","?","M","R","BOSS","M","?","?","?","M","E","$","R","T","?","M","R","?","M","R","BOSS"],"items_purchased_type":["Card","Card","Potion","Card"],"build_version":"2020-12-22","purchased_purges":3,"victory":false,"max_hp_per_floor":[80,85,85,85,85,85,85,85,85,85,85,90,90,90,90,90,90,90,90,90,90,90,90,90,90,90,90,90,90,90,90,90,90,90],"card_choices":[{"not_picked":["Blind","Panacea"],"picked":"Discovery","floor":0},{"not_picked":["Flex","Headbutt"],"picked":"Seeing Red","floor":1},{"not_picked":["Carnage","Wild Strike"],"picked":"Thunderclap","floor":4},{"not_picked":["Cleave","Hemokinesis","Flame Barrier+1"],"picked":"SKIP","floor":7},{"not_picked":["Dual Wield+1","Pummel","Feel No Pain"],"picked":"SKIP","floor":8},{"not_picked":["Wild Strike","Blood for Blood","Heavy Blade"],"picked":"SKIP","floor":14},{"not_picked":["Iron Wave","Disarm+1"],"picked":"Shrug It Off+1","floor":18},{"not_picked":["Perfected Strike+1","Dual Wield+1","Pommel Strike"],"picked":"SKIP","floor":20},{"not_picked":["Searing Blow","Shrug It Off+1","Clash"],"picked":"SKIP","floor":22},{"not_picked":["Seeing Red+1","Flame Barrier+1","Whirlwind+1"],"picked":"SKIP","floor":23},{"not_picked":["Anger","Entrench+1","Wild Strike"],"picked":"SKIP","floor":28},{"not_picked":["Warcry+1","Corruption","True Grit+1"],"picked":"SKIP","floor":31}],"player_experience":354186,"relics_obtained":[{"floor":3,"key":"Ginger"},{"floor":7,"key":"Toxic Egg 2"},{"floor":9,"key":"Paper Frog"},{"floor":21,"key":"Red Mask"},{"floor":23,"key":"Gambling Chip"},{"floor":26,"key":"Pantograph"}],"event_choices":[{"damage_healed":0,"gold_gain":0,"player_choice":"Donut","damage_taken":0,"max_hp_gain":5,"max_hp_loss":0,"event_name":"Big Fish","floor":2,"gold_loss":0},{"damage_healed":0,"gold_gain":0,"player_choice":"1 cards matched","damage_taken":0,"max_hp_gain":0,"max_hp_loss":0,"event_name":"Match and Keep!","floor":5,"gold_loss":0,"cards_obtained":["Carnage"]},{"damage_healed":0,"gold_gain":0,"player_choice":"Fled","damage_taken":0,"max_hp_gain":0,"max_hp_loss":0,"event_name":"Scrap Ooze","floor":10,"gold_loss":0},{"damage_healed":0,"gold_gain":0,"player_choice":"Entered Light","damage_taken":17,"max_hp_gain":0,"max_hp_loss":0,"event_name":"Shining Light","floor":11,"gold_loss":0,"cards_upgraded":["Thunderclap","Defend_R"]},{"cards_removed":["Seeing Red"],"damage_healed":0,"gold_gain":0,"player_choice":"Give","damage_taken":0,"max_hp_gain":0,"max_hp_loss":0,"event_name":"betterNote:BetterNote","floor":13,"gold_loss":0,"cards_obtained":["Clash"]},{"damage_healed":0,"gold_gain":0,"player_choice":"Fought Bandits","damage_taken":0,"max_hp_gain":0,"max_hp_loss":0,"event_name":"Masked Bandits","floor":21,"gold_loss":0},{"damage_healed":0,"gold_gain":0,"player_choice":"Ignored","damage_taken":0,"max_hp_gain":0,"max_hp_loss":0,"event_name":"Vampires","floor":27,"gold_loss":0}],"is_beta":false,"boss_relics":[{"not_picked":["Sozu","Fusion Hammer"],"picked":"Pandora\u0027s Box"}],"items_purged_floors":[12,19,30],"is_endless":false,"potions_floor_spawned":[8,16,20,21,23],"killed_by":"Automaton","ascension_level":0}}