{"host":"kwvcf9gzgu4x9g41","time":1610291112,"event":{"mods":["AchievementEnabler","AlwaysNeverKeys","BaseMod","BetterRewards","Block Reminder","Colored Map","Colored Powertips","Custom Start","Highlight Path","Keyboard Shortcuts","Minty Spire (QoL Compilation)","Permanent Neow","Rare Cards Sparkle","Relic Stats","Spicy Shops","StSLib","The Cursed","The Servant 0.9.4"],"gold_per_floor":[113,188,202,9,184,184,199,199,199,229,72,72,72,91,91,192,192,204,215,115,115,56,56,155,155,209,247,270,282,308,346,358,472,484,506,531,61,71,88,88,88,88],"floor_reached":41,"playtime":3224,"items_purged":["Strike_G","Doubt","Decay"],"score":726,"play_id":"3bfbe9bc-8b53-4d28-8682-62104ed8953d","local_time":"20210110090512","is_ascension_mode":true,"campfire_choices":[{"data":"Noxious Fumes","floor":6,"key":"SMITH"},{"data":"Dramatic Entrance","floor":8,"key":"SMITH"},{"data":"Poisoned Stab","floor":12,"key":"SMITH"},{"floor":15,"key":"REST"},{"floor":23,"key":"REST"},{"floor":25,"key":"REST"},{"data":"Backflip","floor":29,"key":"SMITH"},{"data":"Deflect","floor":32,"key":"SMITH"},{"data":"Bouncing Flask","floor":40,"key":"SMITH"}],"circlet_count":0,"master_deck":["Strike_G","Strike_G","Strike_G","Strike_G","Defend_G","Defend_G","Defend_G","Defend_G","Defend_G","Survivor+1","Neutralize+1","Noxious Fumes+1","Bouncing Flask","Flying Knee","Flying Knee","Backflip","Dramatic Entrance+1","Dodge and Roll","Poisoned Stab+1","Terror","Burst","Poisoned Stab+1","Deflect+1","Backflip+1","Flying Knee","Clumsy","Bouncing Flask","Bouncing Flask+1","Parasite","Dodge and Roll+1","Setup+1"],"relics":["Ring of the Snake","Snake Skull","Toy Ornithopter","The Specimen","Tiny Chest","TwistedFunnel","Cursed Key","MawBank","Smiling Mask","MealTicket","SacredBark","Calipers","Anchor","Frozen Eye","ClockworkSouvenir"],"acts_visited":["Exordium","TheCity","TheBeyond"],"potions_floor_usage":[14,28,33,36,41,41],"damage_taken":[{"damage":1,"enemies":"Jaw Worm","floor":1,"turns":2},{"damage":0,"enemies":"Small Slimes","floor":3,"turns":3},{"damage":0,"enemies":"2 Louse","floor":7,"turns":2},{"damage":10,"enemies":"Gremlin Nob","floor":10,"turns":3},{"damage":0,"enemies":"Exordium Thugs","floor":14,"turns":1},{"damage":18,"enemies":"Hexaghost","floor":16,"turns":5},{"damage":14,"enemies":"Shell Parasite","floor":18,"turns":3},{"damage":17,"enemies":"2 Thieves","floor":19,"turns":4},{"damage":0,"enemies":"Gremlin Leader","floor":27,"turns":4},{"damage":0,"enemies":"Snecko","floor":28,"turns":3},{"damage":6,"enemies":"Shelled Parasite and Fungi","floor":30,"turns":2},{"damage":21,"enemies":"Automaton","floor":33,"turns":8},{"damage":6,"enemies":"Orb Walker","floor":35,"turns":3},{"damage":6,"enemies":"3 Darklings","floor":36,"turns":3},{"damage":3,"enemies":"4 Shapes","floor":38,"turns":3},{"damage":0,"enemies":"Transient","floor":39,"turns":5},{"damage":82,"enemies":"Giant Head","floor":41,"turns":7}],"seed_played":"1680433029768288855","potions_obtained":[{"floor":1,"key":"Ancient Potion"},{"floor":10,"key":"GamblersBrew"},{"floor":19,"key":"DistilledChaos"},{"floor":28,"key":"Explosive Potion"},{"floor":35,"key":"SteroidPotion"},{"floor":38,"key":"Explosive Potion"}],"is_trial":false,"path_per_floor":["M","?","M","$","?","R","M","R","T","E","$","R","?","M","R","B",null,"M","M","$","?","$","R","?","R","T","E","M","R","M","T","R","B",null,"M","M","$","M","M","R","E"],"character_chosen":"THE_SILENT","items_purchased":["Snake Skull","Noxious Fumes","Toy Ornithopter","Bouncing Flask","Flying Knee","AttackPotion","Backflip","Dramatic Entrance","TwistedFunnel","Deflect","Calipers","Anchor","Frozen Eye","ClockworkSouvenir"],"campfire_rested":3,"item_purchase_floors":[0,0,0,0,0,0,4,4,11,22,37,37,37,37],"current_hp_per_floor":[69,58,58,58,58,58,58,58,58,48,48,48,34,39,60,42,70,56,39,39,23,23,44,44,65,65,65,70,70,64,64,64,48,70,64,63,70,67,67,67,0,0],"gold":88,"neow_bonus":"","is_daily":false,"chose_seed":false,"campfire_upgraded":6,"win_rate":0.0,"timestamp":1610291112,"path_taken":["M","?","M","$","?","R","M","R","T","E","$","R","?","M","R","BOSS","M","M","$","?","$","R","?","R","T","E","M","R","M","?","R","BOSS","M","M","$","M","M","R","E"],"items_purchased_type":["Relic","Card","Relic","Card","Card","Potion","Card","Card","Relic","Card","Relic","Relic","Relic","Relic"],"build_version":"2020-12-22","purchased_purges":3,"victory":false,"max_hp_per_floor":[70,70,70,70,70,70,70,70,70,70,70,70,70,70,70,70,70,70,70,70,70,70,70,70,70,70,70,70,70,70,70,70,70,70,70,70,70,70,70,70,70,70],"relic_stats":{"counters":[17,61],"Tiny Chest":1,"MealTicket":7,"Snake Skull":[250],"Cursed Key":2,"MawBank":132,"Smiling Mask":75,"obtain_stats":[{"TwistedFunnel":11,"Calipers":37,"The Specimen":9,"SacredBark":34,"Snake Skull":0,"Cursed Key":17,"MawBank":26,"Smiling Mask":27,"ClockworkSouvenir":37,"Frozen Eye":37,"Anchor":37,"Tiny Chest":10,"MealTicket":31,"Toy Ornithopter":0,"Ring of the Snake":0},{"TwistedFunnel":4,"Calipers":14,"The Specimen":3,"SacredBark":12,"Snake Skull":0,"Cursed Key":6,"MawBank":8,"Smiling Mask":9,"ClockworkSouvenir":14,"Frozen Eye":14,"Anchor":14,"Tiny Chest":4,"MealTicket":11,"Toy Ornithopter":0,"Ring of the Snake":0},{"TwistedFunnel":10,"Calipers":46,"The Specimen":7,"SacredBark":40,"Snake Skull":0,"Cursed Key":16,"MawBank":23,"Smiling Mask":27,"ClockworkSouvenir":46,"Frozen Eye":46,"Anchor":46,"Tiny Chest":10,"MealTicket":32,"Toy Ornithopter":0,"Ring of the Snake":0}],"Toy Ornithopter":29,"Ring of the Snake":[34]},"card_choices":[{"not_picked":["Distraction","Dagger Throw","Expertise"],"picked":"SKIP","floor":1},{"not_picked":["Dagger Throw","Bane"],"picked":"Flying Knee","floor":3},{"not_picked":["Predator","Eviscerate"],"picked":"Dodge and Roll","floor":7},{"not_picked":["Deflect","Quick Slash"],"picked":"Poisoned Stab","floor":10},{"not_picked":["Calculated Gamble","Dash"],"picked":"Terror","floor":14},{"not_picked":["Grand Finale","Doppelganger"],"picked":"Burst","floor":16},{"not_picked":["Blade Dance","Choke","Sucker Punch"],"picked":"SKIP","floor":18},{"not_picked":["Infinite Blades","Slice"],"picked":"Poisoned Stab+1","floor":19},{"not_picked":["Bullet Time","Flying Knee"],"picked":"Backflip","floor":27},{"not_picked":["Backstab","Heel Hook"],"picked":"Flying Knee","floor":28},{"not_picked":["Slice+1","Choke","Accuracy"],"picked":"SKIP","floor":30},{"not_picked":["Eviscerate+1","Slice"],"picked":"Bouncing Flask","floor":35},{"not_picked":["Calculated Gamble+1","Cloak And Dagger"],"picked":"Bouncing Flask","floor":36},{"not_picked":["Tactician","Acrobatics"],"picked":"Dodge and Roll+1","floor":38},{"not_picked":["Sucker Punch+1","Deflect"],"picked":"Setup+1","floor":39}],"player_experience":334061,"relics_obtained":[{"floor":9,"key":"The Specimen"},{"floor":10,"key":"Tiny Chest"},{"floor":26,"key":"MawBank"},{"floor":27,"key":"Smiling Mask"},{"floor":31,"key":"MealTicket"}],"event_choices":[{"damage_healed":0,"gold_gain":75,"player_choice":"Gather Gold","damage_taken":11,"max_hp_gain":0,"max_hp_loss":0,"event_name":"World of Goop","floor":2,"gold_loss":0},{"damage_healed":0,"gold_gain":175,"player_choice":"AGREE","damage_taken":0,"max_hp_gain":0,"max_hp_loss":0,"event_name":"Liars Game","floor":5,"gold_loss":0,"cards_obtained":["Doubt"]},{"damage_healed":0,"gold_gain":0,"player_choice":"Entered Light","damage_taken":14,"max_hp_gain":0,"max_hp_loss":0,"event_name":"Shining Light","floor":13,"gold_loss":0,"cards_upgraded":["Survivor","Neutralize"]},{"damage_healed":0,"gold_gain":0,"player_choice":"Obtained Book","damage_taken":16,"max_hp_gain":0,"max_hp_loss":0,"event_name":"Cursed Tome","floor":21,"gold_loss":0},{"damage_healed":0,"gold_gain":99,"player_choice":"Stole From Cult","damage_taken":0,"max_hp_gain":0,"max_hp_loss":0,"event_name":"Nest","floor":24,"gold_loss":0}],"is_beta":false,"boss_relics":[{"not_picked":["Velvet Choker","Ring of the Serpent"],"picked":"Cursed Key"},{"not_picked":["Astrolabe","Pandora\u0027s Box"],"picked":"SacredBark"}],"items_purged_floors":[0,20,37],"is_endless":false,"potions_floor_spawned":[1,10,19,28,35,38],"killed_by":"Giant Head","ascension_level":4}}