{"host":"7aiyotzenyrjguht","time":1610276274,"event":{"mods":["AchievementEnabler","BaseMod","BetterRewards","Colored Map","Colored Powertips","Downfall","Highlight Path","Hubris","Infinite Spire","Minty Spire (QoL Compilation)","Replay The Spire","StSLib"],"gold_per_floor":[119,135,150,160,172,203,203,233,233,244,244,261,261,30,30,125,125,141,152,152,152,152,152,152],"floor_reached":23,"playtime":1067,"items_purged":["Strike_R"],"score":315,"play_id":"9fc36320-78db-485d-8e33-b55947b6803f","local_time":"20210110105754","is_ascension_mode":true,"campfire_choices":[{"floor":7,"key":"REST"},{"data":"Evolve","floor":11,"key":"SMITH"},{"data":"Twin Strike","floor":13,"key":"SMITH"},{"floor":15,"key":"REST"}],"circlet_count":0,"master_deck":["AscendersBane","Strike_R","Strike_R","Strike_R","Defend_R","Defend_R","Defend_R","Defend_R","Bash","Armaments+1","Evolve+1","Twin Strike+1","Hemokinesis","Thunderclap","Intimidate","Impervious","Shrug It Off","Power Through","Rupture","Limit Break","True Grit+1","hubris:Fate","Dual Wield"],"relics":["Burning Blood","ReplayFunnel","Iron Hammer","infinitespire:ShieldingShard","ChewingGum"],"acts_visited":["Exordium","TheCity"],"potions_floor_usage":[4,6,8,8],"damage_taken":[{"damage":1,"enemies":"Cultist","floor":1,"turns":6},{"damage":7,"enemies":"Small Slimes","floor":2,"turns":4},{"damage":11,"enemies":"Jaw Worm","floor":3,"turns":4},{"damage":7,"enemies":"Blue Slaver","floor":4,"turns":2},{"damage":20,"enemies":"Red Slaver","floor":5,"turns":3},{"damage":41,"enemies":"3 Sentries","floor":6,"turns":8},{"damage":34,"enemies":"Gremlin Nob","floor":8,"turns":4},{"damage":0,"enemies":"2 Fungi Beasts","floor":10,"turns":4},{"damage":1,"enemies":"Exordium Thugs","floor":12,"turns":4},{"damage":55,"enemies":"The Guardian","floor":16,"turns":15},{"damage":28,"enemies":"3 Byrds","floor":18,"turns":9},{"damage":9,"enemies":"Shell Parasite","floor":19,"turns":7},{"damage":35,"enemies":"Book of Stabbing","floor":23,"turns":6}],"seed_played":"9003777654476476744","potions_obtained":[{"floor":1,"key":"Milkshake"},{"floor":2,"key":"BlessingOfTheForge"},{"floor":5,"key":"SneckoOil"},{"floor":6,"key":"Regen Potion"},{"floor":19,"key":"Dexterity Potion"}],"is_trial":false,"path_per_floor":["M","M","M","M","M","E","R","E","T","M","R","M","R","$","R","B",null,"M","M","?","?","?","E"],"character_chosen":"IRONCLAD","items_purchased":["Armaments+1","Evolve","Power Through","Rupture"],"campfire_rested":2,"item_purchase_floors":[0,0,14,14],"current_hp_per_floor":[77,76,71,70,56,21,45,29,29,35,35,40,40,40,64,15,64,42,39,39,19,19,0,0],"gold":152,"neow_bonus":"","is_daily":false,"chose_seed":false,"campfire_upgraded":2,"win_rate":0.0,"timestamp":1610276274,"path_taken":["M","M","M","M","?","E","R","E","T","M","R","M","R","$","R","BOSS","M","M","?","?","?","E"],"items_purchased_type":["Card","Card","Card","Card"],"build_version":"2020-12-22","purchased_purges":1,"victory":false,"max_hp_per_floor":[80,80,80,80,80,80,80,80,80,80,80,80,80,80,80,80,80,80,80,80,80,80,80,80],"card_choices":[{"not_picked":["Run Through","hubris:ReadiedAction"],"picked":"Twin Strike","floor":1},{"not_picked":["Run Through","Clothesline"],"picked":"Hemokinesis","floor":2},{"not_picked":["hubris:SharpeningStone","Massacre","Replay:Undeath\u0027s Touch"],"picked":"SKIP","floor":3},{"not_picked":["Clash","Replay:Undeath\u0027s Touch"],"picked":"Thunderclap","floor":4},{"not_picked":["Armaments","Second Wind","Dual Wield"],"picked":"SKIP","floor":5},{"not_picked":["Life Link","Entrench","Warcry"],"picked":"SKIP","floor":6},{"not_picked":["Headbutt","Evolve"],"picked":"Intimidate","floor":8},{"not_picked":["ReplayTheSpireMod:Muscle Training","Cleave"],"picked":"Impervious","floor":10},{"not_picked":["Thunderclap","Seeing Red"],"picked":"Shrug It Off","floor":12},{"not_picked":["Eclipse","Demon Form"],"picked":"Limit Break","floor":16},{"not_picked":["Twin Strike","Armaments"],"picked":"True Grit+1","floor":18},{"not_picked":["Carnage+1","Feel No Pain","Infernal Blade"],"picked":"SKIP","floor":19},{"not_picked":["ReplayTheSpireMod:Echoes of Time","hubris:Rewind"],"picked":"hubris:Fate","floor":21}],"player_experience":518158,"relics_obtained":[{"floor":6,"key":"ReplayFunnel"},{"floor":8,"key":"Iron Hammer"},{"floor":9,"key":"infinitespire:ShieldingShard"}],"event_choices":[{"damage_healed":0,"gold_gain":0,"player_choice":"Ignored","damage_taken":0,"max_hp_gain":0,"max_hp_loss":0,"event_name":"Vampires","floor":20,"gold_loss":0},{"damage_healed":0,"gold_gain":0,"cards_transformed":["Strike_R"],"player_choice":"Transformed","damage_taken":0,"max_hp_gain":0,"max_hp_loss":0,"event_name":"Transmorgrifier","floor":22,"gold_loss":0,"cards_obtained":["Dual Wield"]}],"is_beta":false,"boss_relics":[{"not_picked":["hubris:TerracottaHorce","Empty Cage"],"picked":"ChewingGum"}],"items_purged_floors":[14],"is_endless":false,"potions_floor_spawned":[1,2,5,6,19],"killed_by":"Book of Stabbing","ascension_level":11}}