{"host":"msa0wxqjs3jv1k3j","time":1610261418,"event":{"mods":["BaseMod","BetterRewards","Colored Map","Highlight Path","KOR Keyword Fix","Keyboard Shortcuts","Minty Spire (QoL Compilation)","Quick Restart","SuperFastMode","everything is the same but u backflip on backflip"],"gold_per_floor":[116,66,79,79,154,154,7,7,33,33,46,46,58,74,74,179,179,195,215,215,215,243,243,257,287,287,1,1,21,21,21,21,125,175,191,191,207,32,254,254,304,322,370,394,394,394,103,120,120,120,120],"floor_reached":50,"playtime":2039,"items_purged":["Defend_R"],"score":496,"play_id":"fffc69c7-6e46-436e-a01f-cfc700439078","local_time":"20210110155018","is_ascension_mode":false,"campfire_choices":[{"floor":6,"key":"REST"},{"data":"Inflame","floor":8,"key":"SMITH"},{"data":"True Grit","floor":12,"key":"SMITH"},{"data":"Thunderclap","floor":15,"key":"SMITH"},{"data":"Bash","floor":23,"key":"SMITH"},{"data":"Bloodletting","floor":28,"key":"SMITH"},{"data":"Rage","floor":32,"key":"SMITH"},{"data":"The Bomb","floor":40,"key":"SMITH"},{"floor":45,"key":"REST"},{"data":"Madness","floor":49,"key":"SMITH"}],"circlet_count":0,"master_deck":["Strike_R","Strike_R","Strike_R+1","Defend_R","Defend_R","Bash+1","Inflame+1","Flex+1","Panache","Thunderclap+1","Dropkick","Intimidate","True Grit+1","Clothesline","Ghostly Armor","Impervious+1","Uppercut","Bloodletting+1","Burning Pact","Dual Wield","Metallicize","Rage+1","Berserk","Intimidate+1","Pommel Strike+1","The Bomb+1","Combust+1","Shrug It Off","Dramatic Entrance","Finesse","Madness+1","Rampage+1"],"relics":["Black Blood","Thread and Needle","Toolbox","Potion Belt","Ancient Tea Set","Smiling Mask","Gremlin Horn","Mango","Red Mask","Nunchaku","Turnip","Champion Belt","Tiny House","Torii","Juzu Bracelet","PreservedInsect","Red Skull"],"acts_visited":["Exordium","TheCity","TheBeyond"],"potions_floor_usage":[19,19,25,33,50,50],"damage_taken":[{"damage":2,"enemies":"Jaw Worm","floor":1,"turns":3},{"damage":9,"enemies":"2 Louse","floor":3,"turns":3},{"damage":0,"enemies":"Small Slimes","floor":11,"turns":1},{"damage":1,"enemies":"Looter","floor":13,"turns":2},{"damage":0,"enemies":"3 Louse","floor":14,"turns":2},{"damage":70,"enemies":"The Guardian","floor":16,"turns":12},{"damage":9,"enemies":"Shell Parasite","floor":18,"turns":6},{"damage":13,"enemies":"2 Thieves","floor":19,"turns":5},{"damage":6,"enemies":"Masked Bandits","floor":22,"turns":2},{"damage":12,"enemies":"Sentry and Sphere","floor":24,"turns":6},{"damage":52,"enemies":"Slavers","floor":25,"turns":6},{"damage":6,"enemies":"Cultist and Chosen","floor":29,"turns":4},{"damage":33,"enemies":"Automaton","floor":33,"turns":12},{"damage":49,"enemies":"3 Darklings","floor":35,"turns":11},{"damage":0,"enemies":"3 Shapes","floor":37,"turns":2},{"damage":30,"enemies":"Mind Bloom Boss Battle","floor":41,"turns":6},{"damage":25,"enemies":"Sphere and 2 Shapes","floor":42,"turns":6},{"damage":13,"enemies":"3 Darklings","floor":48,"turns":3},{"damage":65,"enemies":"Time Eater","floor":50,"turns":7}],"seed_played":"3588274726852463021","potions_obtained":[{"floor":11,"key":"Explosive Potion"},{"floor":16,"key":"Energy Potion"},{"floor":18,"key":"GamblersBrew"},{"floor":25,"key":"DistilledChaos"},{"floor":34,"key":"Dexterity Potion"},{"floor":41,"key":"BlessingOfTheForge"}],"is_trial":false,"path_per_floor":["M","?","M","?","?","R","$","R","T","?","M","R","M","M","R","B",null,"M","M","?","?","?","R","M","E","T","$","R","M","?","?","R","B",null,"M","?","M","$","?","R","?","M","T","T","R","?","$","M","R","B"],"character_chosen":"IRONCLAD","items_purchased":["Inflame","Flex","Toolbox","Potion Belt","Panache","Thunderclap","Ancient Tea Set","Champion Belt","The Bomb","Red Skull","Madness"],"campfire_rested":2,"item_purchase_floors":[0,0,0,0,0,0,7,27,38,47,47],"current_hp_per_floor":[80,80,77,61,50,74,74,74,74,67,73,73,78,80,80,16,80,80,79,93,93,94,94,94,54,54,54,54,60,60,60,60,39,99,62,62,74,74,74,74,56,43,43,43,71,66,66,65,65,0,0],"gold":120,"neow_bonus":"","is_daily":false,"chose_seed":false,"campfire_upgraded":8,"win_rate":0.0,"timestamp":1610261418,"path_taken":["M","?","M","?","?","R","$","R","T","?","M","R","M","M","R","BOSS","M","M","?","?","?","R","?","E","T","$","R","M","?","?","R","BOSS","M","?","M","$","?","R","?","M","T","?","R","?","?","M","R","BOSS"],"items_purchased_type":["Card","Card","Relic","Relic","Card","Card","Relic","Relic","Card","Relic","Card"],"build_version":"2020-12-22","purchased_purges":1,"victory":false,"max_hp_per_floor":[80,80,80,80,80,80,80,80,80,80,80,80,80,80,80,80,80,80,80,94,94,94,94,94,94,94,94,94,94,94,94,94,94,99,99,94,94,94,94,94,94,94,94,94,94,94,94,94,94,94,94],"card_choices":[{"not_picked":["Thunderclap","Body Slam"],"picked":"Dropkick","floor":1},{"not_picked":["Fire Breathing","Metallicize"],"picked":"Intimidate","floor":3},{"not_picked":["Reckless Charge","Flex"],"picked":"True Grit","floor":11},{"not_picked":["Havoc","Iron Wave"],"picked":"Clothesline","floor":13},{"not_picked":["Whirlwind","Hemokinesis"],"picked":"Ghostly Armor","floor":14},{"not_picked":["Reaper","Exhume"],"picked":"Impervious","floor":16},{"not_picked":["Clothesline+1","Wild Strike+1","Intimidate"],"picked":"SKIP","floor":18},{"not_picked":["Havoc","Twin Strike","Clothesline"],"picked":"SKIP","floor":19},{"not_picked":["Fiend Fire","Iron Wave"],"picked":"Uppercut","floor":24},{"not_picked":["Dropkick","Anger+1"],"picked":"Bloodletting","floor":25},{"not_picked":["Cleave","Heavy Blade"],"picked":"Burning Pact","floor":29},{"not_picked":["Feed","Limit Break"],"picked":"Berserk","floor":33},{"not_picked":["Burning Pact","Perfected Strike+1"],"picked":"Intimidate+1","floor":35},{"not_picked":["Power Through","Disarm"],"picked":"Pommel Strike+1","floor":37},{"not_picked":["Rupture","Twin Strike"],"picked":"Combust+1","floor":41},{"not_picked":["Perfected Strike+1","Iron Wave+1"],"picked":"Shrug It Off","floor":42},{"not_picked":["Mayhem","Jack Of All Trades"],"picked":"Dramatic Entrance","floor":46},{"not_picked":["Enlightenment","Deep Breath"],"picked":"Finesse","floor":46},{"not_picked":["Anger+1","Heavy Blade"],"picked":"Rampage+1","floor":48}],"player_experience":61995,"relics_obtained":[{"floor":9,"key":"Smiling Mask"},{"floor":22,"key":"Red Mask"},{"floor":25,"key":"Nunchaku"},{"floor":26,"key":"Turnip"},{"floor":41,"key":"Torii"},{"floor":43,"key":"Juzu Bracelet"},{"floor":44,"key":"PreservedInsect"}],"event_choices":[{"cards_removed":["Strike_R"],"damage_healed":0,"gold_gain":0,"player_choice":"Card Removal","damage_taken":0,"max_hp_gain":0,"max_hp_loss":0,"event_name":"The Cleric","floor":2,"gold_loss":50},{"damage_healed":0,"gold_gain":0,"player_choice":"Entered Light","damage_taken":16,"max_hp_gain":0,"max_hp_loss":0,"event_name":"Shining Light","floor":4,"gold_loss":0,"cards_upgraded":["Flex","Strike_R"]},{"damage_healed":0,"gold_gain":75,"player_choice":"Gather Gold","damage_taken":11,"max_hp_gain":0,"max_hp_loss":0,"event_name":"World of Goop","floor":5,"gold_loss":0},{"damage_healed":0,"gold_gain":0,"player_choice":"Success","damage_taken":7,"relics_obtained":["Gremlin Horn"],"max_hp_gain":0,"max_hp_loss":0,"event_name":"Scrap Ooze","floor":10,"gold_loss":0},{"damage_healed":0,"gold_gain":0,"player_choice":"Opened","damage_taken":0,"relics_obtained":["Mango"],"max_hp_gain":0,"max_hp_loss":0,"event_name":"The Mausoleum","floor":20,"gold_loss":0},{"damage_healed":0,"gold_gain":0,"player_choice":"Ignored","damage_taken":0,"max_hp_gain":0,"max_hp_loss":0,"event_name":"Ghosts","floor":21,"gold_loss":0},{"damage_healed":0,"gold_gain":0,"player_choice":"Fought Bandits","damage_taken":0,"max_hp_gain":0,"max_hp_loss":0,"event_name":"Masked Bandits","floor":22,"gold_loss":0},{"damage_healed":0,"gold_gain":0,"cards_transformed":["Defend_R","Strike_R"],"player_choice":"Became Test Subject","damage_taken":0,"max_hp_gain":0,"max_hp_loss":0,"event_name":"Drug Dealer","floor":30,"gold_loss":0,"cards_obtained":["Dual Wield","Metallicize"]},{"damage_healed":0,"gold_gain":0,"player_choice":"Read","damage_taken":0,"max_hp_gain":0,"max_hp_loss":0,"event_name":"The Library","floor":31,"gold_loss":0,"cards_obtained":["Rage"]},{"damage_healed":0,"gold_gain":0,"player_choice":"Max HP","damage_taken":0,"max_hp_gain":0,"max_hp_loss":5,"event_name":"Winding Halls","floor":36,"gold_loss":0},{"damage_healed":0,"gold_gain":222,"player_choice":"Wore Mask","damage_taken":0,"max_hp_gain":0,"max_hp_loss":0,"event_name":"Tomb of Lord Red Mask","floor":39,"gold_loss":0},{"damage_healed":0,"gold_gain":0,"player_choice":"Fight","damage_taken":0,"max_hp_gain":0,"max_hp_loss":0,"event_name":"MindBloom","floor":41,"gold_loss":0},{"damage_healed":0,"gold_gain":0,"player_choice":"Memory 2","damage_taken":5,"max_hp_gain":0,"max_hp_loss":0,"event_name":"SensoryStone","floor":46,"gold_loss":0}],"is_beta":false,"boss_relics":[{"not_picked":["SlaversCollar","Sozu"],"picked":"Black Blood"},{"not_picked":["Busted Crown","Runic Cube"],"picked":"Tiny House"}],"items_purged_floors":[47],"is_endless":false,"potions_floor_spawned":[11,16,18,25,41],"killed_by":"Time Eater","ascension_level":0}}