{"host":"s7l2a3wroivred6i","time":1610248858,"event":{"mods":["AchievementEnabler","BaseMod","Better Altar","Better Match","Better Note","Better Sensory Stone","Better Skull","Better Synergies","Better Third Choice","BetterRewards","Conspire","Downfall","GifTheSpireLib","Hubris","Infinite Spire","Minty Spire (QoL Compilation)","Replay The Spire","Retaliation","StSLib","Stuff the Spire","The Blue Laboratory"],"gold_per_floor":[111,122,122,122,222,250,270,66,93,113,123,141,171,191,191,287,287,298,106,106],"floor_reached":19,"playtime":1427,"items_purged":[],"score":206,"play_id":"ff4e83f9-a35c-4bf9-966f-7856099be8fe","local_time":"20210109222058","is_ascension_mode":false,"campfire_choices":[{"floor":15,"key":"REST"}],"circlet_count":0,"master_deck":["Strike_P","Strike_P","Strike_P","Strike_P","Defend_P","Defend_P","Defend_P","Defend_P","Eruption","Vigilance","Omniscience","ClearTheMind","SandsOfTime","PathToVictory","CrushJoints","Vault","PathToVictory"],"relics":["PureWater","NeowsBlessing","Bag of Marbles","Orichalcum","Nunchaku","infinitespire:Joker Card","Vajra"],"acts_visited":["Exordium","TheCity"],"potions_floor_usage":[10,10,13,13,19,19,19],"damage_taken":[{"damage":0,"enemies":"Cultist","floor":1,"turns":1},{"damage":0,"enemies":"Small Slimes","floor":2,"turns":1},{"damage":0,"enemies":"Lagavulin","floor":6,"turns":1},{"damage":0,"enemies":"2 Louse","floor":7,"turns":2},{"damage":0,"enemies":"Gremlin Gang","floor":10,"turns":4},{"damage":7,"enemies":"Exordium Thugs","floor":11,"turns":3},{"damage":2,"enemies":"Looter","floor":12,"turns":3},{"damage":8,"enemies":"Gremlin Nob","floor":13,"turns":3},{"damage":10,"enemies":"3 Louse","floor":14,"turns":4},{"damage":29,"enemies":"The Guardian","floor":16,"turns":12},{"damage":16,"enemies":"Shell Parasite","floor":18,"turns":5},{"damage":59,"enemies":"hubris:Merchant","floor":19,"turns":5}],"seed_played":"165776454666134440","potions_obtained":[{"floor":1,"key":"EssenceOfSteel"},{"floor":7,"key":"DuplicationPotion"},{"floor":12,"key":"AttackPotion"},{"floor":16,"key":"champ:CounterPotion"},{"floor":18,"key":"AttackPotion"}],"is_trial":false,"path_per_floor":["M","M","?","?","?","E","M","$","T","M","M","M","E","M","R","B",null,"M","$"],"character_chosen":"WATCHER","items_purchased":["Orichalcum","SteroidPotion","Vajra","blueLaboratory:FruitPunch"],"campfire_rested":1,"item_purchase_floors":[8,8,19,19],"current_hp_per_floor":[72,72,72,72,72,72,72,72,72,72,65,63,55,45,66,37,72,56,0,0],"gold":106,"neow_bonus":"THREE_ENEMY_KILL","is_daily":false,"chose_seed":false,"campfire_upgraded":0,"win_rate":0.0,"timestamp":1610248858,"path_taken":["M","M","?","?","?","E","M","$","T","M","M","M","E","?","R","BOSS","M","$"],"items_purchased_type":["Relic","Potion","Relic","Potion"],"build_version":"2020-12-22","purchased_purges":0,"victory":false,"max_hp_per_floor":[72,72,72,72,72,72,72,72,72,72,72,72,72,72,72,72,72,72,74,74],"card_choices":[{"not_picked":["Replay:BluntJabs","ForeignInfluence","CrushJoints"],"picked":"SKIP","floor":1},{"not_picked":["FlurryOfBlows","Halt","Replay:AtTheReady"],"picked":"SKIP","floor":2},{"not_picked":["PathToVictory","Devotion"],"picked":"ClearTheMind","floor":6},{"not_picked":["CutThroughFate","ThirdEye"],"picked":"SandsOfTime","floor":7},{"not_picked":["Halt","Prostrate","Consecrate"],"picked":"SKIP","floor":10},{"not_picked":["FollowUp","InnerPeace"],"picked":"PathToVictory","floor":11},{"not_picked":["SashWhip","Weave","CutThroughFate"],"picked":"SKIP","floor":12},{"not_picked":["FlyingSleeves","Crescendo","WaveOfTheHand"],"picked":"SKIP","floor":13},{"not_picked":["Consecrate","JustLucky"],"picked":"CrushJoints","floor":14},{"not_picked":["Blasphemy","Brilliance"],"picked":"Vault","floor":16},{"not_picked":["EmptyBody","Replay:ManipulateFuture+1"],"picked":"PathToVictory","floor":18}],"player_experience":341543,"relics_obtained":[{"floor":6,"key":"Bag of Marbles"},{"floor":9,"key":"Nunchaku"},{"floor":13,"key":"infinitespire:Joker Card"}],"event_choices":[{"damage_healed":0,"gold_gain":0,"player_choice":"Ignored","damage_taken":0,"max_hp_gain":0,"max_hp_loss":0,"event_name":"Golden Wing","floor":4,"gold_loss":0},{"damage_healed":0,"gold_gain":100,"player_choice":"Pray","damage_taken":0,"max_hp_gain":0,"max_hp_loss":0,"event_name":"Golden Shrine","floor":5,"gold_loss":0}],"is_beta":false,"boss_relics":[{"not_picked":["Painkiller Herb","StuffTheSpire:ModemDavis","Pandora\u0027s Box"]}],"items_purged_floors":[],"is_endless":false,"potions_floor_spawned":[1,2,7,12,16,18],"killed_by":"hubris:Merchant","ascension_level":0}}