{"host":"f5y45f7z7ziu0smp","time":1610262835,"event":{"mods":["AchievementEnabler","Ascension Reborn","BaseMod","Koishi","Marisa£¨Ùöéë¡¡Øª×âÞÞ£©","Minty Spire (QoL Compilation)","StSLib","SuperFastMode"],"gold_per_floor":[114,114,10,79,89,89,14,24,24,86,97,97,97,132,132,234,234,234,43,43,43,43,43,43,43,43,43,43,43,43,43,43,43,43,43,43,43,43,0,0,0,0,0,0,0,0,0,0,0,0],"floor_reached":51,"playtime":808,"items_purged":["Defend_R+1"],"score":1074,"play_id":"7aa3e3fe-886c-4dbe-bb28-9eeb8811fa0b","local_time":"20210110161355","daily_mods":["Vintage","Heirloom","Time Dilation","Flight","Lethality"],"is_ascension_mode":true,"campfire_choices":[{"data":"Perfected Strike","floor":6,"key":"SMITH"},{"data":"Flex","floor":13,"key":"SMITH"},{"data":"Twin Strike","floor":15,"key":"SMITH"},{"data":"Pommel Strike","floor":25,"key":"SMITH"},{"data":"Perfected Strike","floor":32,"key":"SMITH"}],"circlet_count":0,"master_deck":["Strike_R+1","Strike_R+1","Strike_R+1","Strike_R+1","Strike_R+1","Defend_R+1","Defend_R+1","Bash+1","Regret","Perfected Strike+1","Flex+1","Twin Strike+1","Pommel Strike+1","Shame","Flex+1","Perfected Strike+1","Perfected Strike+1"],"relics":["Burning Blood","Du-Vu Doll","Regal Pillow","Art of War","Toy Ornithopter","Bag of Preparation","Torii","Sundial","Juzu Bracelet","Mango","Ectoplasm","Toxic Egg 2","Lantern","Smiling Mask","Red Skull","Question Card","Darkstone Periapt","Strawberry","StrikeDummy","MutagenicStrength","MawBank","Coffee Dripper","PreservedInsect","Red Mask","White Beast Statue","MealTicket","Centennial Puzzle","Vajra"],"acts_visited":["Exordium","TheCity","TheBeyond"],"potions_floor_usage":[29,50,50],"damage_taken":[{"damage":0,"enemies":"Small Slimes","floor":1,"turns":2},{"damage":0,"enemies":"2 Louse","floor":5,"turns":1},{"damage":0,"enemies":"Cultist","floor":8,"turns":1},{"damage":24,"enemies":"Lagavulin Event","floor":10,"turns":3},{"damage":4,"enemies":"3 Louse","floor":11,"turns":2},{"damage":0,"enemies":"Gremlin Nob","floor":14,"turns":2},{"damage":37,"enemies":"Slime Boss","floor":16,"turns":6},{"damage":0,"enemies":"Spheric Guardian","floor":18,"turns":1},{"damage":2,"enemies":"Gremlin Leader","floor":23,"turns":2},{"damage":20,"enemies":"Book of Stabbing","floor":24,"turns":2},{"damage":10,"enemies":"Slavers","floor":27,"turns":2},{"damage":30,"enemies":"Gremlin Leader","floor":29,"turns":3},{"damage":24,"enemies":"Automaton","floor":33,"turns":4},{"damage":6,"enemies":"3 Shapes","floor":35,"turns":1},{"damage":0,"enemies":"Reptomancer","floor":40,"turns":1},{"damage":17,"enemies":"Giant Head","floor":42,"turns":3},{"damage":0,"enemies":"Reptomancer","floor":47,"turns":1},{"damage":0,"enemies":"Orb Walker","floor":48,"turns":1},{"damage":84,"enemies":"Awakened One","floor":50,"turns":5}],"seed_played":"-6928275622527480286","potions_obtained":[{"floor":8,"key":"ColorlessPotion"},{"floor":10,"key":"GamblersBrew"},{"floor":29,"key":"FairyPotion"},{"floor":33,"key":"HeartOfIron"},{"floor":47,"key":"SteroidPotion"},{"floor":48,"key":"LiquidMemories"}],"is_trial":true,"path_per_floor":["M","?","$","?","M","R","$","M","T","?","M","?","R","E","R","B",null,"M","$","?","?","?","E","E","R","T","E","?","E","?","T","R","B",null,"M","?","$","?","?","E","?","E","T","?","T","$","E","M","R","B",null],"character_chosen":"IRONCLAD","items_purchased":["Perfected Strike","Flex","Lantern","Pommel Strike"],"campfire_rested":0,"item_purchase_floors":[3,3,19,19],"current_hp_per_floor":[80,80,80,80,80,80,80,80,80,62,64,64,64,84,84,53,94,94,94,94,94,94,94,80,80,80,83,83,64,64,64,64,46,101,101,101,101,101,101,101,101,90,90,90,90,96,96,96,96,28],"gold":0,"neow_bonus":"","is_daily":false,"chose_seed":false,"campfire_upgraded":5,"win_rate":0.0,"timestamp":1610262835,"path_taken":["M","?","$","?","M","R","$","M","T","?","M","?","R","E","R","BOSS","M","$","?","?","?","E","E","R","T","E","?","E","?","?","R","BOSS","M","?","?","?","?","E","?","E","T","?","?","?","E","M","R","BOSS"],"items_purchased_type":["Card","Card","Relic","Card"],"build_version":"2020-12-22","purchased_purges":1,"victory":true,"max_hp_per_floor":[80,80,80,80,80,80,80,80,80,80,80,80,80,94,94,94,94,94,94,94,94,94,94,94,94,94,101,101,101,101,101,101,101,101,101,101,101,101,101,101,101,101,101,96,96,96,96,96,96,96],"card_choices":[{"not_picked":["Shockwave","Spot Weakness"],"picked":"Twin Strike","floor":10},{"not_picked":["Exhume","Iron Wave","Inflame"],"picked":"SKIP","floor":14},{"not_picked":["Fire Breathing","Cleave"],"picked":"Flex+1","floor":23},{"not_picked":["Anger","Hemokinesis","Rampage"],"picked":"SKIP","floor":24},{"not_picked":["Anger","Hemokinesis","Rampage"],"picked":"SKIP","floor":24},{"not_picked":["Dropkick","Armaments+1","Reckless Charge","Fire Breathing"],"picked":"SKIP","floor":27},{"not_picked":["Pummel","Whirlwind+1","Clash"],"picked":"Perfected Strike","floor":29},{"not_picked":["Intimidate+1","Armaments+1","Anger","Body Slam+1"],"picked":"SKIP","floor":40},{"not_picked":["True Grit+1","Heavy Blade","Headbutt","Barricade"],"picked":"SKIP","floor":42},{"not_picked":["Sentinel+1","Clash","Sword Boomerang","Flame Barrier+1"],"picked":"SKIP","floor":47}],"player_experience":80542,"relics_obtained":[{"floor":1,"key":"Regal Pillow"},{"floor":5,"key":"Toy Ornithopter"},{"floor":8,"key":"Bag of Preparation"},{"floor":9,"key":"Torii"},{"floor":10,"key":"Sundial"},{"floor":11,"key":"Juzu Bracelet"},{"floor":14,"key":"Mango"},{"floor":18,"key":"Toxic Egg 2"},{"floor":23,"key":"Red Skull"},{"floor":24,"key":"Question Card"},{"floor":26,"key":"Darkstone Periapt"},{"floor":27,"key":"Strawberry"},{"floor":29,"key":"StrikeDummy"},{"floor":31,"key":"MawBank"},{"floor":35,"key":"PreservedInsect"},{"floor":40,"key":"White Beast Statue"},{"floor":43,"key":"MealTicket"},{"floor":45,"key":"Centennial Puzzle"},{"floor":47,"key":"Vajra"}],"event_choices":[{"damage_healed":0,"gold_gain":0,"player_choice":"Box","damage_taken":0,"relics_obtained":["Art of War"],"max_hp_gain":0,"max_hp_loss":0,"event_name":"Big Fish","floor":2,"gold_loss":0,"cards_obtained":["Regret"]},{"damage_healed":0,"gold_gain":69,"player_choice":"Gained Gold","damage_taken":0,"max_hp_gain":0,"max_hp_loss":0,"event_name":"Golden Wing","floor":4,"gold_loss":0},{"damage_healed":0,"gold_gain":0,"player_choice":"Searched \u00272\u0027 times","damage_taken":0,"max_hp_gain":0,"max_hp_loss":0,"event_name":"Dead Adventurer","floor":10,"gold_loss":0},{"cards_removed":["Defend_R"],"damage_healed":0,"gold_gain":0,"player_choice":"Offered Basic","damage_taken":0,"max_hp_gain":0,"max_hp_loss":0,"event_name":"Bonfire Elementals","floor":12,"gold_loss":0},{"damage_healed":0,"gold_gain":0,"player_choice":"Ignored","damage_taken":0,"max_hp_gain":0,"max_hp_loss":0,"event_name":"Vampires","floor":20,"gold_loss":0},{"damage_healed":0,"gold_gain":0,"player_choice":"Ignored","damage_taken":0,"max_hp_gain":0,"max_hp_loss":0,"event_name":"Ghosts","floor":21,"gold_loss":0},{"damage_healed":0,"gold_gain":0,"player_choice":"Stole Relic","damage_taken":0,"relics_obtained":["Smiling Mask"],"max_hp_gain":0,"max_hp_loss":0,"event_name":"Addict","floor":22,"gold_loss":0,"cards_obtained":["Shame"]},{"damage_healed":0,"gold_gain":0,"player_choice":"Ignored","damage_taken":0,"max_hp_gain":0,"max_hp_loss":0,"event_name":"Upgrade Shrine","floor":28,"gold_loss":0},{"damage_healed":0,"gold_gain":0,"player_choice":"Inject Mutagens","damage_taken":0,"relics_obtained":["MutagenicStrength"],"max_hp_gain":0,"max_hp_loss":0,"event_name":"Drug Dealer","floor":30,"gold_loss":0},{"damage_healed":0,"gold_gain":0,"player_choice":"Copied","damage_taken":0,"max_hp_gain":0,"max_hp_loss":0,"event_name":"Duplicator","floor":36,"gold_loss":0,"cards_obtained":["Perfected Strike"]},{"damage_healed":0,"gold_gain":0,"player_choice":"Memory 1","damage_taken":0,"max_hp_gain":0,"max_hp_loss":0,"event_name":"SensoryStone","floor":38,"gold_loss":0},{"damage_healed":0,"gold_gain":0,"player_choice":"Paid","damage_taken":0,"relics_obtained":["Red Mask"],"max_hp_gain":0,"max_hp_loss":0,"event_name":"Tomb of Lord Red Mask","floor":39,"gold_loss":43},{"damage_healed":0,"gold_gain":0,"player_choice":"Ignored","damage_taken":0,"max_hp_gain":0,"max_hp_loss":0,"event_name":"Upgrade Shrine","floor":41,"gold_loss":0},{"damage_healed":0,"gold_gain":0,"player_choice":"Max HP","damage_taken":0,"max_hp_gain":0,"max_hp_loss":5,"event_name":"Winding Halls","floor":44,"gold_loss":0}],"is_beta":false,"boss_relics":[{"not_picked":["SacredBark","Runic Cube"],"picked":"Ectoplasm"},{"not_picked":["Sozu","SlaversCollar"],"picked":"Coffee Dripper"}],"items_purged_floors":[7],"is_endless":false,"potions_floor_spawned":[8,10,29,33,40,42,47,48],"ascension_level":0}}