{"host":"t3nmszc7fx0d6552","time":1610297071,"event":{"mods":["AchievementEnabler","BaseMod","Colored Map","Minty Spire (QoL Compilation)","Permanent Neow","StSLib","SuperFastMode"],"gold_per_floor":[118,118,118,83,46,46,77,77,77,104,118,137,153,167,167,238,238,256,8,8,23,0,0,12,12,12,39,39,66,66,66,66],"floor_reached":31,"playtime":1214,"items_purged":["Strike_G"],"score":662,"play_id":"bff67873-f032-4525-9313-755cab3a73b4","local_time":"20210111014431","is_ascension_mode":true,"campfire_choices":[{"data":"Neutralize","floor":6,"key":"SMITH"},{"data":"Noxious Fumes","floor":8,"key":"SMITH"},{"data":"Well Laid Plans","floor":15,"key":"SMITH"},{"floor":23,"key":"REST"},{"floor":25,"key":"REST"},{"data":"Catalyst","floor":28,"key":"SMITH"}],"circlet_count":0,"master_deck":["AscendersBane","Defend_G","Defend_G","Defend_G","Defend_G","Defend_G","Survivor","Neutralize+1","Caltrops","Well Laid Plans+1","Noxious Fumes+1","Backflip","Bane","Adrenaline","Quick Slash","Tools of the Trade","Poisoned Stab+1","Catalyst+1","PiercingWail","Bouncing Flask","Poisoned Stab","Outmaneuver"],"relics":["Ring of the Snake","NeowsBlessing","Orichalcum","PreservedInsect","Ornamental Fan","Blue Candle","Black Star","TheAbacus","Eternal Feather","Pantograph","Vajra","Pear","Anchor"],"acts_visited":["Exordium","TheCity"],"potions_floor_usage":[18,21,27,31],"damage_taken":[{"damage":0,"enemies":"Jaw Worm","floor":1,"turns":1},{"damage":0,"enemies":"Lagavulin","floor":7,"turns":1},{"damage":0,"enemies":"Gremlin Nob","floor":10,"turns":1},{"damage":4,"enemies":"2 Louse","floor":11,"turns":3},{"damage":3,"enemies":"Cultist","floor":12,"turns":4},{"damage":6,"enemies":"Large Slime","floor":13,"turns":7},{"damage":0,"enemies":"Exordium Wildlife","floor":14,"turns":3},{"damage":25,"enemies":"Hexaghost","floor":16,"turns":10},{"damage":35,"enemies":"Spheric Guardian","floor":18,"turns":8},{"damage":13,"enemies":"Shell Parasite","floor":21,"turns":6},{"damage":16,"enemies":"Snake Plant","floor":24,"turns":5},{"damage":7,"enemies":"Book of Stabbing","floor":27,"turns":7},{"damage":25,"enemies":"Gremlin Leader","floor":29,"turns":6},{"damage":27,"enemies":"Slavers","floor":31,"turns":3}],"seed_played":"-6688801512047221840","potions_obtained":[{"floor":1,"key":"Ancient Potion"},{"floor":13,"key":"Fire Potion"},{"floor":14,"key":"Weak Potion"},{"floor":18,"key":"Dexterity Potion"},{"floor":21,"key":"LiquidBronze"},{"floor":29,"key":"EssenceOfSteel"}],"is_trial":false,"path_per_floor":["M","?","?","?","$","R","E","R","T","E","M","M","M","M","R","B",null,"M","$","?","M","?","R","M","R","T","E","R","E","?","E"],"character_chosen":"THE_SILENT","items_purchased":["Well Laid Plans","TheAbacus"],"campfire_rested":2,"item_purchase_floors":[5,19],"current_hp_per_floor":[59,48,41,57,57,57,57,57,57,57,53,50,44,44,44,19,54,19,19,19,6,6,25,9,28,28,21,33,18,18,0,0],"gold":66,"neow_bonus":"THREE_ENEMY_KILL","is_daily":false,"chose_seed":false,"campfire_upgraded":4,"win_rate":0.0,"timestamp":1610297071,"path_taken":["M","?","?","?","$","R","E","R","T","E","M","M","M","M","R","BOSS","M","$","?","?","?","R","M","R","T","E","R","E","?","E"],"items_purchased_type":["Card","Relic"],"build_version":"2020-12-22","purchased_purges":1,"victory":false,"max_hp_per_floor":[66,66,66,66,66,66,66,66,66,66,66,66,66,66,66,66,66,66,66,66,66,66,66,66,66,66,66,66,76,76,76,76],"card_choices":[{"not_picked":["Sucker Punch","Backflip"],"picked":"Caltrops","floor":1},{"not_picked":["Die Die Die","Blur"],"picked":"Noxious Fumes","floor":7},{"not_picked":["Masterful Stab","Prepared"],"picked":"Backflip","floor":10},{"not_picked":["Sucker Punch","Outmaneuver"],"picked":"Bane","floor":11},{"not_picked":["Dagger Throw","Dodge and Roll"],"picked":"Adrenaline","floor":12},{"not_picked":["Poisoned Stab","Backflip"],"picked":"Quick Slash","floor":13},{"not_picked":["Endless Agony","Quick Slash","Reflex"],"picked":"SKIP","floor":14},{"not_picked":["Glass Knife","Doppelganger"],"picked":"Tools of the Trade","floor":16},{"not_picked":["Setup","Deflect+1"],"picked":"Poisoned Stab+1","floor":18},{"not_picked":["PiercingWail","Underhanded Strike+1"],"picked":"Catalyst","floor":21},{"not_picked":["Heel Hook","Bullet Time"],"picked":"PiercingWail","floor":24},{"not_picked":["Outmaneuver","All Out Attack"],"picked":"Bouncing Flask","floor":27},{"not_picked":["All Out Attack","Quick Slash","Setup"],"picked":"SKIP","floor":29}],"player_experience":1372808,"relics_obtained":[{"floor":7,"key":"PreservedInsect"},{"floor":9,"key":"Ornamental Fan"},{"floor":10,"key":"Blue Candle"},{"floor":26,"key":"Eternal Feather"},{"floor":27,"key":"Pantograph"},{"floor":27,"key":"Vajra"},{"floor":29,"key":"Pear"},{"floor":29,"key":"Anchor"}],"event_choices":[{"damage_healed":0,"gold_gain":0,"player_choice":"Success","damage_taken":11,"relics_obtained":["Orichalcum"],"max_hp_gain":0,"max_hp_loss":0,"event_name":"Scrap Ooze","floor":2,"gold_loss":0},{"cards_removed":["Strike_G"],"damage_healed":0,"gold_gain":0,"player_choice":"Card Removal","damage_taken":7,"max_hp_gain":0,"max_hp_loss":0,"event_name":"Golden Wing","floor":3,"gold_loss":0},{"damage_healed":16,"gold_gain":0,"player_choice":"Healed","damage_taken":0,"max_hp_gain":0,"max_hp_loss":0,"event_name":"The Cleric","floor":4,"gold_loss":35},{"cards_removed":["Strike_G"],"damage_healed":0,"gold_gain":0,"player_choice":"Purged","damage_taken":0,"max_hp_gain":0,"max_hp_loss":0,"event_name":"Purifier","floor":20,"gold_loss":0},{"damage_healed":0,"gold_gain":0,"player_choice":"Paid Fearfully","damage_taken":0,"max_hp_gain":0,"max_hp_loss":0,"event_name":"Masked Bandits","floor":22,"gold_loss":23},{"damage_healed":0,"gold_gain":0,"cards_transformed":["Strike_G","Strike_G"],"player_choice":"Became Test Subject","damage_taken":0,"max_hp_gain":0,"max_hp_loss":0,"event_name":"Drug Dealer","floor":30,"gold_loss":0,"cards_obtained":["Poisoned Stab","Outmaneuver"]}],"is_beta":false,"boss_relics":[{"not_picked":["WristBlade","SacredBark"],"picked":"Black Star"}],"items_purged_floors":[19],"is_endless":false,"potions_floor_spawned":[1,13,14,18,21,29],"killed_by":"Slavers","ascension_level":20}}