{"host":"9nt1zhl3k8mtcf72","time":1610257309,"event":{"mods":["Aspiration","BaseMod","BetterRewards","Conjunction","Conspire","Downfall","Energized Spire","Friendly Minions","GifTheSpireLib","Halation","HexUI Lib","Hubris","Infinite Spire","Jedi Mod","JesterMod","Mimic Mod","Minty Spire (QoL Compilation)","RatMod","Replay The Spire","Spikes Relics","StSLib","Stuff the Spire","The Jungle","Trackpad","Useless Jewels Mod","Wandering Minibosses","vexMod"],"gold_per_floor":[117,117,117,117,132,163,163,195,207,237,224,236,248,280,292,402,414,439,451,477,505,517,517],"floor_reached":22,"playtime":1073,"items_purged":[],"score":219,"play_id":"1035053a-f10f-4315-85bf-81a85e7b7968","local_time":"20210110004149","is_ascension_mode":false,"campfire_choices":[{"floor":7,"key":"RECALL"},{"floor":13,"key":"REST"},{"data":"jesterMod:Sickle","floor":15,"key":"SMITH"}],"circlet_count":0,"master_deck":["jesterMod:Strike","jesterMod:Strike","jesterMod:Strike","jesterMod:Strike","jesterMod:Sickle+1","jesterMod:Defend","jesterMod:Defend","jesterMod:Defend","jesterMod:Defend","jesterMod:Dodge","jesterMod:QuickStrike","infinitespire:Starlight","Pain","jesterMod:Disposophobia","jesterMod:Disposophobia","jesterMod:DanceOfChaos","jesterMod:BouncingKnife","jesterMod:Tinker","jesterMod:Drunkenness","jesterMod:Precipitation","jesterMod:Unleash","jesterMod:Anticipation+1","jesterMod:BouncingKnife"],"relics":["jesterMod:JesterCap","NeowsBlessing","halation:PinkSoulGem","WarpedTongs","conspire:BottledYoYo","MawBank","SlaversCollar","trackpad:RiggedDice"],"acts_visited":["Exordium","Exordium"],"potions_floor_usage":[18,20],"damage_taken":[{"damage":0,"enemies":"Cultist","floor":1,"turns":1},{"damage":0,"enemies":"Small Slimes","floor":5,"turns":1},{"damage":0,"enemies":"Replay:BlueRogue","floor":6,"turns":1},{"damage":33,"enemies":"Gremlin Nob","floor":8,"turns":4},{"damage":2,"enemies":"2 Louse","floor":10,"turns":3},{"damage":7,"enemies":"Red Slaver","floor":14,"turns":3},{"damage":51,"enemies":"Hexaghost","floor":16,"turns":9},{"damage":40,"enemies":"theJungle:5_Spyders","floor":18,"turns":12},{"damage":44,"enemies":"theJungle:Flameango_and_Byrd","floor":20,"turns":5},{"damage":14,"enemies":"theJungle:Snecko_Cultist_And_Trap","floor":21,"turns":7},{"damage":10,"enemies":"theJungle:Lyon","floor":22,"turns":4}],"seed_played":"-1103180161981713253","potions_obtained":[{"floor":5,"key":"SpeedPotion"},{"floor":14,"key":"Languid Potion"},{"floor":16,"key":"SpeedPotion"},{"floor":20,"key":"jedi:hoardpotion"}],"is_trial":false,"path_per_floor":["M","?","?","?","M","E","R","E","T","M","?","$","R","M","R","B",null,"M","?","M","M","M"],"character_chosen":"THE_JESTER","items_purchased":[],"campfire_rested":1,"item_purchase_floors":[],"current_hp_per_floor":[70,70,54,54,54,54,54,31,31,39,39,39,60,63,63,22,70,44,44,10,6,6,6],"gold":517,"neow_bonus":"THREE_ENEMY_KILL","is_daily":false,"chose_seed":false,"campfire_upgraded":1,"win_rate":0.0,"timestamp":1610257309,"path_taken":["M","?","?","?","M","E","R","E","T","?","?","$","R","M","R","BOSS","M","?","?","M","M"],"items_purchased_type":[],"build_version":"2020-12-22","purchased_purges":0,"victory":false,"max_hp_per_floor":[70,70,70,70,70,70,70,70,70,70,70,70,70,70,70,70,70,70,53,53,53,53,53],"card_choices":[{"not_picked":["jesterMod:Feint","jesterMod:Patience"],"picked":"jesterMod:QuickStrike","floor":1},{"not_picked":["infinitespire:Menacing","infinitespire:Collect"],"picked":"infinitespire:Starlight","floor":3},{"not_picked":["jesterMod:JackInTheBox","jesterMod:Schizophrenia"],"picked":"jesterMod:Disposophobia","floor":5},{"not_picked":["jesterMod:DesperateStrike","jesterMod:RecklessStrike"],"picked":"jesterMod:Disposophobia","floor":6},{"not_picked":["jesterMod:Talion","jesterMod:Twirl"],"picked":"jesterMod:DanceOfChaos","floor":8},{"not_picked":["jesterMod:Feint","jesterMod:Hide"],"picked":"jesterMod:BouncingKnife","floor":10},{"not_picked":["jesterMod:DanceOfChaos","jesterMod:JackInTheBox"],"picked":"jesterMod:Tinker","floor":14},{"not_picked":["jesterMod:ExperimentalTreatment","jesterMod:BoilDown"],"picked":"jesterMod:Drunkenness","floor":16},{"not_picked":["jesterMod:Patience","jesterMod:Loot"],"picked":"jesterMod:Precipitation","floor":18},{"not_picked":["jesterMod:SelfMockery+1","jesterMod:Arrythmia","jesterMod:MudBall"],"picked":"SKIP","floor":21}],"player_experience":482803,"relics_obtained":[{"floor":6,"key":"conspire:BottledYoYo"},{"floor":8,"key":"MawBank"}],"event_choices":[{"damage_healed":0,"gold_gain":0,"player_choice":"Rummage","damage_taken":0,"relics_obtained":["WarpedTongs"],"max_hp_gain":0,"max_hp_loss":0,"event_name":"Accursed Blacksmith","floor":4,"gold_loss":0,"cards_obtained":["Pain"]}],"is_beta":false,"boss_relics":[{"not_picked":["hubris:RunicObelisk","halation:CatFaceCupcake"],"picked":"SlaversCollar"}],"items_purged_floors":[],"is_endless":false,"potions_floor_spawned":[5,14,16,20],"killed_by":"theJungle:Lyon","ascension_level":0}}