{"host":"kxs97zan5mba52e6","time":1610309056,"event":{"mods":["100% Spire Juice","BaseMod","Better Third Choice","BetterRewards","Colored Map","Downfall","Hermit","Magitek Elite","Marisa????????","Minty Spire (QoL Compilation)","Shade Mod","StSLib","The Alterego","The Bug Knight","The Cursed","The Death Knight","The Forsaken","The Senshi"],"gold_per_floor":[99,99,99,99,99,24,69,69,69,95,20,32,48,59,72,168,168,168,168,9,109,128,128,128,148,158,33,33,50,50,50,64,161,161,161,175,175,175,188,215,215,215,215,215,229,249,249,261,276,276],"floor_reached":51,"playtime":4216,"items_purged":["theForsaken:PlagueCurse"],"score":645,"play_id":"e7c5311f-774d-45f3-8682-99fc447e2e16","local_time":"20210110150416","is_ascension_mode":false,"campfire_choices":[{"floor":1,"key":"RECALL"},{"data":"Slimebound:CorrosiveSpit","floor":6,"key":"SMITH"},{"data":"Slimebound:Tackle","floor":8,"key":"SMITH"},{"data":"Slimebound:ItLooksTasty","floor":11,"key":"SMITH"},{"floor":18,"key":"REST"},{"floor":23,"key":"REST"},{"floor":28,"key":"REST"},{"floor":30,"key":"REST"},{"data":"Slimebound:PrepareCrush","floor":35,"key":"SMITH"},{"floor":42,"key":"REST"},{"data":"Slimebound:Darklings","floor":44,"key":"SMITH"},{"floor":47,"key":"REST"}],"circlet_count":0,"master_deck":["Slimebound:Strike_Slimebound+1","Slimebound:Strike_Slimebound","Slimebound:Strike_Slimebound","Slimebound:Tackle+1","Slimebound:Defend_Slimebound","Slimebound:Defend_Slimebound","Slimebound:Defend_Slimebound","Slimebound:Split","Slimebound:CorrosiveSpit+1","Slimebound:RollThrough+1","Slimebound:SplitLeeching+1","Slimebound:SplitAcid","Slimebound:ItLooksTasty+1","Slimebound:LeechEnergy","Slimebound:GoopSpray","Slimebound:ForwardTackle","Slimebound:Schlurp","Slimebound:PrepareCrush+1","CurseOfTheBell","Slimebound:GrowthPunch","Slimebound:GoopTackle+1","Slimebound:LevelUp+1","Slimebound:Nibble","Slimebound:LeadByExample+1","Slimebound:FinishingTackle","Slimebound:LeechingTouch","Slimebound:MegaLick","Slimebound:SamplingLick","expansioncontent:AwakenDeath+1","Slimebound:SlimeSpikes","Slimebound:SlimeTap","Slimebound:Repurpose","Slimebound:ComboTackle","Slimebound:BestDefense+1","Slimebound:DouseInSlime","Slimebound:RainOfGoop+1","Slimebound:Darklings+1","Slimebound:SlimeBrawl+1","Slimebound:SpikyOuterGoop+1","Slimebound:Darklings","Slimebound:SamplingLick+1","Slimebound:ProtectTheBoss+1","Slimebound:PressTheAttack+1","Slimebound:AcidTongue+1","Slimebound:SamplingLick+1"],"relics":["Slimebound:AbsorbEndCombatUpgraded","downfall:HeartsMalice","downfall:HeartBlessingRed","Centennial Puzzle","downfall:HeartBlessingBlue","Calling Bell","Dream Catcher","Frozen Egg 2","Ginger","theForsaken:PlagueMask","CaptainsWheel","theForsaken:ScaryMask","Ornamental Fan","Happy Flower","theForsaken:HumbleEgg"],"acts_visited":["Exordium","TheCity","TheBeyond"],"potions_floor_usage":[15,16,21,27,27,33,39,50],"damage_taken":[{"damage":0,"enemies":"Small Slimes","floor":2,"turns":1},{"damage":0,"enemies":"Jaw Worm","floor":3,"turns":1},{"damage":0,"enemies":"downfall:FleeingMerchant","floor":9,"turns":1},{"damage":27,"enemies":"HollowMod:MossKnight","floor":10,"turns":4},{"damage":12,"enemies":"Cultist","floor":12,"turns":3},{"damage":4,"enemies":"Blue Slaver","floor":13,"turns":1},{"damage":14,"enemies":"2 Fungi Beasts","floor":14,"turns":3},{"damage":25,"enemies":"Exordium Wildlife","floor":15,"turns":3},{"damage":53,"enemies":"downfall:Watcher","floor":16,"turns":6},{"damage":19,"enemies":"downfall:FleeingMerchant","floor":20,"turns":4},{"damage":58,"enemies":"downfall:Ironclad","floor":21,"turns":5},{"damage":19,"enemies":"Shell Parasite","floor":22,"turns":3},{"damage":10,"enemies":"Spheric Guardian","floor":25,"turns":3},{"damage":8,"enemies":"Centurion and Healer","floor":26,"turns":4},{"damage":23,"enemies":"downfall:FleeingMerchant","floor":27,"turns":4},{"damage":0,"enemies":"Snake Plant","floor":29,"turns":3},{"damage":15,"enemies":"Snecko","floor":32,"turns":4},{"damage":101,"enemies":"downfall:Silent","floor":33,"turns":9},{"damage":59,"enemies":"3 Darklings","floor":36,"turns":7},{"damage":21,"enemies":"3 Shapes","floor":39,"turns":3},{"damage":58,"enemies":"Spire Growth","floor":45,"turns":4},{"damage":32,"enemies":"Sphere and 2 Shapes","floor":46,"turns":4},{"damage":16,"enemies":"Jaw Worm Horde","floor":48,"turns":3},{"damage":28,"enemies":"3 Darklings","floor":49,"turns":3},{"damage":46,"enemies":"downfall:Defect","floor":50,"turns":8}],"seed_played":"-4561891522701017453","potions_obtained":[{"floor":12,"key":"ColorlessPotion"},{"floor":15,"key":"LiquidMemories"},{"floor":16,"key":"Block Potion"},{"floor":22,"key":"Energy Potion"},{"floor":25,"key":"Fire Potion"},{"floor":26,"key":"Block Potion"},{"floor":36,"key":"Fire Potion"},{"floor":45,"key":"ColorlessPotion"},{"floor":46,"key":"Weak Potion"},{"floor":49,"key":"Guardian:BlockOnCardUsePotion"}],"is_trial":false,"path_per_floor":["R","M","M","?","?","R","T","R","$","E","R","M","M","M","M","B",null,"R","?","$","?","M","R","T","M","M","$","R","M","R","?","M","B",null,"R","M","?","?","M","?","T","R","?","R","M","M","R","M","M","B",null],"character_chosen":"SLIMEBOUND","items_purchased":["Slimebound:LevelUp+1","expansioncontent:AwakenDeath+1","Slimebound:SlimeSpikes"],"campfire_rested":6,"item_purchase_floors":[20,27,27],"current_hp_per_floor":[60,60,60,60,60,60,60,60,60,47,57,57,61,61,50,19,70,70,70,63,25,14,35,35,25,31,22,43,47,68,55,48,20,75,75,40,40,40,45,45,45,67,67,67,37,33,55,71,71,56],"gold":276,"neow_bonus":"THREE_ENEMY_KILL","is_daily":false,"chose_seed":false,"campfire_upgraded":5,"win_rate":0.0,"timestamp":1610309056,"path_taken":["R","M","M","?","?","R","T","R","$","E","R","?","M","M","M","BOSS","R","?","$","?","M","R","T","M","M","?","R","?","R","?","M","BOSS","R","M","?","?","M","?","T","R","?","R","M","?","R","M","M","BOSS"],"items_purchased_type":["Card","Card","Card"],"build_version":"2020-12-22","purchased_purges":1,"victory":true,"max_hp_per_floor":[60,60,60,60,60,60,60,60,60,60,70,70,70,70,70,70,70,70,70,70,70,70,70,70,70,70,70,70,70,70,75,75,75,75,75,75,75,75,75,75,75,75,75,75,75,75,75,75,75,75],"card_choices":[{"not_picked":["Slimebound:PressTheAttack","Slimebound:LeechEnergy"],"picked":"Slimebound:RollThrough","floor":2},{"not_picked":["Slimebound:SlimeBrawl","Slimebound:Equalize"],"picked":"Slimebound:SplitLeeching","floor":3},{"not_picked":["Slimebound:SlimeSpikes","Slimebound:SplitLeeching"],"picked":"Slimebound:SplitAcid","floor":9},{"not_picked":["Slimebound:SplitBruiser","Slimebound:LeechingTouch"],"picked":"Slimebound:ItLooksTasty","floor":10},{"not_picked":["Slimebound:RollThrough","Slimebound:Schlurp"],"picked":"Slimebound:LeechEnergy","floor":12},{"not_picked":["Slimebound:MassFeed","Slimebound:SplitLeeching"],"picked":"Slimebound:GoopSpray","floor":13},{"not_picked":["Slimebound:LeechEnergy","Slimebound:Grow"],"picked":"Slimebound:ForwardTackle","floor":14},{"not_picked":["Slimebound:Chomp","Slimebound:SplitAcid"],"picked":"Slimebound:Schlurp","floor":15},{"not_picked":["Slimebound:SlimeSlap","Slimebound:SelfFormingGoo"],"picked":"Slimebound:PrepareCrush","floor":16},{"not_picked":["Slimebound:SlimeSpikes","Slimebound:SplitMire"],"picked":"Slimebound:GrowthPunch","floor":18},{"not_picked":["Slimebound:ViciousTackle","Slimebound:MassRepurpose"],"picked":"Slimebound:GoopTackle+1","floor":20},{"not_picked":["Slimebound:Schlurp","Slimebound:LivingWall"],"picked":"Slimebound:Nibble","floor":21},{"not_picked":["Slimebound:HauntingLick","Slimebound:PressTheAttack+1"],"picked":"Slimebound:LeadByExample+1","floor":22},{"not_picked":["Slimebound:LeechEnergy","Slimebound:PressTheAttack"],"picked":"Slimebound:FinishingTackle","floor":23},{"not_picked":["Slimebound:ComboTackle+1","Slimebound:SplitMire+1"],"picked":"Slimebound:LeechingTouch","floor":25},{"not_picked":["Slimebound:Nibble","Slimebound:LeechEnergy+1"],"picked":"Slimebound:MegaLick","floor":26},{"not_picked":["Slimebound:Teamwork","Slimebound:SplitMire"],"picked":"Slimebound:SamplingLick","floor":27},{"not_picked":["Slimebound:Prepare+1","Slimebound:SplitBruiser+1"],"picked":"Slimebound:SlimeTap","floor":28},{"not_picked":["Slimebound:ForwardTackle","Slimebound:Equalize"],"picked":"Slimebound:Repurpose","floor":29},{"not_picked":["Slimebound:ForwardTackle","Slimebound:SplitBruiser"],"picked":"Slimebound:ComboTackle","floor":30},{"not_picked":["Slimebound:LevelUp+1","Slimebound:Prepare"],"picked":"Slimebound:BestDefense+1","floor":32},{"not_picked":["Slimebound:Overexert+1","Slimebound:SelfFormingGoo+1"],"picked":"Slimebound:DouseInSlime","floor":33},{"not_picked":["Slimebound:SplitLeeching+1","Slimebound:Prepare"],"picked":"Slimebound:RainOfGoop+1","floor":36},{"not_picked":["Slimebound:LevelUp+1","Slimebound:SamplingLick"],"picked":"Slimebound:SlimeBrawl+1","floor":39},{"not_picked":["Slimebound:ComboTackle+1","Slimebound:LeechingTouch+1"],"picked":"Slimebound:SpikyOuterGoop+1","floor":42},{"not_picked":["Slimebound:GoopSpray+1","Slimebound:SplitBruiser+1"],"picked":"Slimebound:SamplingLick+1","floor":45},{"not_picked":["Slimebound:SplitLeeching+1","Slimebound:LeechingTouch+1"],"picked":"Slimebound:ProtectTheBoss+1","floor":46},{"not_picked":["Slimebound:SlimeBarrage+1","Slimebound:SamplingLick+1"],"picked":"Slimebound:PressTheAttack+1","floor":47},{"not_picked":["Slimebound:RollThrough+1","Slimebound:FormOfPuddle+1"],"picked":"Slimebound:AcidTongue+1","floor":48},{"not_picked":["Slimebound:Schlurp+1","Slimebound:ComboTackle+1"],"picked":"Slimebound:SamplingLick+1","floor":49}],"player_experience":10317,"relics_obtained":[{"floor":10,"key":"Centennial Puzzle"},{"floor":17,"key":"Dream Catcher"},{"floor":17,"key":"Frozen Egg 2"},{"floor":17,"key":"Ginger"},{"floor":21,"key":"CaptainsWheel"},{"floor":21,"key":"theForsaken:ScaryMask"},{"floor":24,"key":"Ornamental Fan"},{"floor":40,"key":"Happy Flower"},{"floor":41,"key":"theForsaken:HumbleEgg"}],"event_choices":[{"cards_removed":["Regret"],"damage_healed":0,"gold_gain":0,"player_choice":"Purged","damage_taken":0,"max_hp_gain":0,"max_hp_loss":0,"event_name":"Purifier","floor":5,"gold_loss":0},{"damage_healed":0,"gold_gain":0,"player_choice":"Obtain Plague Curse","damage_taken":0,"max_hp_gain":0,"max_hp_loss":0,"event_name":"Plague Doctor","floor":19,"gold_loss":0,"cards_obtained":["theForsaken:PlagueCurse"]},{"cards_removed":["Slimebound:Defend_Slimebound"],"damage_healed":0,"gold_gain":0,"player_choice":"Removed Skill","damage_taken":0,"max_hp_gain":0,"max_hp_loss":0,"event_name":"Falling","floor":37,"gold_loss":0},{"damage_healed":0,"gold_gain":0,"player_choice":"Copied","damage_taken":0,"max_hp_gain":0,"max_hp_loss":0,"event_name":"Duplicator","floor":43,"gold_loss":0,"cards_obtained":["Slimebound:Darklings"]}],"is_beta":false,"boss_relics":[{"not_picked":["Cursed Key","Runic Pyramid"],"picked":"Calling Bell"},{"not_picked":["Sozu","Golden_Hairpin"],"picked":"Slimebound:AbsorbEndCombatUpgraded"}],"items_purged_floors":[20],"is_endless":false,"potions_floor_spawned":[12,15,16,22,25,26,36,45,46,49],"ascension_level":0}}