{"host":"j0tja808rg8hkg8v","time":1610245854,"event":{"mods":["Aspiration","BaseMod","Colored Powertips","Downfall","Energized Spire","Hermit","Infinite Spire","Ironclad Rager","Magitek Elite","Minty Spire (QoL Compilation)","Relic Stats","Replay The Spire","StSLib","The Bladedancer","The Cursed","The Disciple","The Runesmith"],"gold_per_floor":[99,114,130,146,163,88,88,99,109,119,132,40,94,31,51,51,51,51],"floor_reached":16,"playtime":1534,"items_purged":[],"score":98,"play_id":"8e19fe29-2ce1-4cdf-9bfd-3317ebc0dda7","local_time":"20210110023054","is_ascension_mode":false,"campfire_choices":[{"floor":1,"key":"RECALL"},{"data":"Guardian:PrismaticBarrier","floor":6,"key":"SMITH"}],"circlet_count":0,"master_deck":["Guardian:Strike_Guardian","Guardian:Strike_Guardian","Guardian:Strike_Guardian","Guardian:Strike_Guardian","Guardian:Defend_Guardian","Guardian:Defend_Guardian","Guardian:Defend_Guardian","Guardian:Defend_Guardian","Guardian:CurlUp","Guardian:TwinSlam","Guardian:CrystalBeam","Guardian:WalkerClaw","Guardian:PrismaticBarrier+1","Guardian:Gem_Cyan","Guardian:Gem_Red","Guardian:WalkerClaw","Guardian:ExploitGems","Guardian:Gem_Crimson","Guardian:PrismaticBeam","Guardian:Gem_Green","Guardian:Gem_Cyan"],"relics":["Guardian:ModeShifter","downfall:HeartBlessingRed","FossilizedHelix","Mirror"],"acts_visited":["Exordium"],"potions_floor_usage":[8,11,16,16],"damage_taken":[{"damage":0,"enemies":"Small Slimes","floor":2,"turns":3},{"damage":2,"enemies":"2 Louse","floor":3,"turns":3},{"damage":16,"enemies":"Jaw Worm","floor":4,"turns":6},{"damage":9,"enemies":"Exordium Thugs","floor":5,"turns":6},{"damage":0,"enemies":"Blue Slaver","floor":8,"turns":4},{"damage":0,"enemies":"2 Fungi Beasts","floor":9,"turns":3},{"damage":0,"enemies":"3 Louse","floor":10,"turns":5},{"damage":10,"enemies":"Exordium Thugs","floor":11,"turns":5},{"damage":0,"enemies":"downfall:FleeingMerchant","floor":12,"turns":4},{"damage":3,"enemies":"downfall:FleeingMerchant","floor":14,"turns":4},{"damage":0,"enemies":"Large Slime","floor":15,"turns":8},{"damage":51,"enemies":"downfall:Silent","floor":16,"turns":12}],"seed_played":"2061787756039547219","potions_obtained":[{"floor":2,"key":"GamblersBrew"},{"floor":10,"key":"LiquidMemories"},{"floor":11,"key":"Elixir"},{"floor":13,"key":"BlessingOfTheForge"},{"floor":15,"key":"Fire Potion"}],"is_trial":false,"path_per_floor":["R","M","M","M","M","R","T","M","M","M","M","$","?","$","M","B"],"character_chosen":"GUARDIAN","items_purchased":["Guardian:Gem_Crimson","Guardian:Gem_Green"],"campfire_rested":0,"item_purchase_floors":[12,14],"current_hp_per_floor":[88,88,86,70,61,61,61,61,61,61,51,51,51,48,48,0,0,0],"gold":51,"neow_bonus":"TEN_PERCENT_HP_BONUS","is_daily":false,"chose_seed":false,"campfire_upgraded":1,"win_rate":0.0,"timestamp":1610245854,"path_taken":["R","M","M","M","M","R","T","M","M","M","M","$","?","$","M","BOSS"],"items_purchased_type":["Card","Card"],"build_version":"2020-12-22","purchased_purges":0,"victory":false,"max_hp_per_floor":[88,88,88,88,88,88,88,88,88,88,88,88,88,88,88,88,88,88],"relic_stats":{"counters":[12,63],"obtain_stats":[{"downfall:HeartBlessingRed":6,"Guardian:ModeShifter":0,"Mirror":13,"FossilizedHelix":7},{"downfall:HeartBlessingRed":4,"Guardian:ModeShifter":0,"Mirror":9,"FossilizedHelix":4},{"downfall:HeartBlessingRed":18,"Guardian:ModeShifter":0,"Mirror":39,"FossilizedHelix":18}]},"card_choices":[{"not_picked":["Guardian:Gem_White","Guardian:RefractedBeam"],"picked":"Guardian:Gem_Purple","floor":2},{"not_picked":["Guardian:PiercingHide","Guardian:Gem_Lightblue"],"picked":"Guardian:CrystalBeam","floor":3},{"not_picked":["Guardian:ShieldCharger","Guardian:Reroute"],"picked":"Guardian:WalkerClaw","floor":4},{"not_picked":["Guardian:GuardianWhirl","Guardian:Recover"],"picked":"Guardian:PrismaticBarrier","floor":5},{"not_picked":["Guardian:PrimingBeam","Guardian:PiercingHide"],"picked":"Guardian:Gem_Cyan","floor":8},{"not_picked":["Guardian:Gem_Cyan","Guardian:Gem_Lightblue"],"picked":"Guardian:Gem_Red","floor":9},{"not_picked":["Guardian:ShieldCharger","Guardian:DonusPower","Guardian:RefractedBeam"],"picked":"SKIP","floor":10},{"not_picked":["Guardian:Repulse","Guardian:PolyBeam"],"picked":"Guardian:WalkerClaw","floor":11},{"not_picked":["Guardian:DonusPower","Guardian:MultiBeam"],"picked":"Guardian:ExploitGems","floor":12},{"not_picked":["Guardian:ChargeCore","Guardian:VentSteam"],"picked":"Guardian:PrismaticBeam","floor":13},{"not_picked":["Guardian:Gem_Purple","Guardian:Gem_Green","Guardian:TimeBomb"],"picked":"SKIP","floor":14},{"not_picked":["Guardian:TemporalShield","Guardian:VentSteam"],"picked":"Guardian:Gem_Cyan","floor":15}],"player_experience":48541,"relics_obtained":[{"floor":7,"key":"FossilizedHelix"},{"floor":13,"key":"Mirror"}],"event_choices":[],"is_beta":false,"boss_relics":[],"items_purged_floors":[],"is_endless":false,"potions_floor_spawned":[2,10,11,15],"killed_by":"downfall:Silent","ascension_level":0}}