{"host":"g8a0qo0vjtg6u5wv","time":1610283644,"event":{"mods":["BaseMod","Colored Map","Custom Start","KOR Keyword Fix","Minty Spire (QoL Compilation)","StSLib","SuperFastMode"],"gold_per_floor":[117,117,136,148,1,1,13,32,32,32,60,22,22,57,66,175,184,164,164,164,202,202,202],"floor_reached":22,"playtime":590,"items_purged":["Defend_P"],"score":221,"play_id":"c67f2f61-8223-49e0-8e7f-6f7932c42003","local_time":"20210110220044","is_ascension_mode":true,"campfire_choices":[{"data":"Eruption","floor":6.0,"key":"SMITH"},{"data":"SashWhip","floor":10.0,"key":"SMITH"},{"floor":15.0,"key":"REST"}],"circlet_count":0,"master_deck":["Strike_P","Strike_P","Strike_P","Strike_P","Defend_P","Defend_P","Defend_P","Eruption+1","Vigilance","FollowUp","Indignation","SashWhip+1","Protect","FollowUp","Pray","Halt","ClearTheMind","Alpha","CurseOfTheBell","EmptyMind","Swivel"],"relics":["PureWater","Dream Catcher","Membership Card","CeramicFish","Bag of Marbles","Bottled Flame","Calling Bell","Vajra","Yang","Ginger","Nilry\u0027s Codex","Red Mask"],"acts_visited":["Exordium","TheCity"],"potions_floor_usage":[],"damage_taken":[{"damage":12.0,"enemies":"Small Slimes","floor":1.0,"turns":3.0},{"damage":0.0,"enemies":"Cultist","floor":3.0,"turns":4.0},{"damage":9.0,"enemies":"Jaw Worm","floor":4.0,"turns":4.0},{"damage":0.0,"enemies":"Blue Slaver","floor":7.0,"turns":1.0},{"damage":0.0,"enemies":"Looter","floor":8.0,"turns":1.0},{"damage":0.0,"enemies":"Large Slime","floor":11.0,"turns":4.0},{"damage":21.0,"enemies":"Lagavulin","floor":14.0,"turns":8.0},{"damage":21.0,"enemies":"The Guardian","floor":16.0,"turns":16.0},{"damage":13,"enemies":"2 Thieves","floor":18,"turns":5},{"damage":26,"enemies":"Masked Bandits","floor":21,"turns":4},{"damage":18,"enemies":"Shell Parasite","floor":22,"turns":2}],"seed_played":"-2947038284339428431","potions_obtained":[{"floor":1.0,"key":"DuplicationPotion"},{"floor":2.0,"key":"Ambrosia"},{"floor":2.0,"key":"Swift Potion"},{"floor":11.0,"key":"SpeedPotion"},{"floor":16.0,"key":"Dexterity Potion"},{"floor":21,"key":"Swift Potion"}],"is_trial":false,"path_per_floor":["M","?","M","M","$","R","M","M","T","R","M","$","?","E","R","B",null,"M","?","?","?","M"],"character_chosen":"WATCHER","items_purchased":["Membership Card"],"campfire_rested":1,"item_purchase_floors":[5],"current_hp_per_floor":[60,60,60,51,51,51,51,51,51,51,51,51,39,18,39,18,72,59,43,43,17,0,0],"gold":202,"neow_bonus":"RANDOM_COMMON_RELIC","is_daily":false,"chose_seed":false,"campfire_upgraded":2,"win_rate":0.0,"timestamp":1610283644,"path_taken":["M","?","M","M","?","R","M","M","T","R","M","$","?","E","R","BOSS","M","?","?","?","M"],"items_purchased_type":["Relic"],"build_version":"2020-12-22","purchased_purges":1,"victory":false,"max_hp_per_floor":[72,72,72,72,72,72,72,72,72,72,72,72,72,72,72,72,72,72,72,72,72,72,72],"card_choices":[{"not_picked":["CarveReality","Prostrate"],"picked":"FollowUp","floor":1.0},{"not_picked":["Sanctity","Weave"],"picked":"Indignation","floor":3.0},{"not_picked":["Evaluate","Crescendo"],"picked":"SashWhip","floor":4.0},{"not_picked":["JustLucky","FlyingSleeves"],"picked":"Protect","floor":7.0},{"not_picked":["CutThroughFate","WindmillStrike"],"picked":"FollowUp","floor":8.0},{"not_picked":["JustLucky","PathToVictory"],"picked":"Pray","floor":11.0},{"not_picked":["DeusExMachina","CutThroughFate"],"picked":"Halt","floor":14.0},{"not_picked":["Evaluate","EmptyFist"],"picked":"ClearTheMind","floor":15.0},{"not_picked":["Ragnarok","Establishment"],"picked":"Alpha","floor":16.0},{"not_picked":["ClearTheMind","SashWhip"],"picked":"EmptyMind","floor":18},{"not_picked":["Halt","Crescendo"],"picked":"Swivel","floor":21}],"player_experience":559989,"relics_obtained":[{"floor":9.0,"key":"CeramicFish"},{"floor":14.0,"key":"Bottled Flame"},{"floor":17.0,"key":"Vajra"},{"floor":17.0,"key":"Yang"},{"floor":17.0,"key":"Ginger"},{"floor":19,"key":"Nilry\u0027s Codex"},{"floor":21,"key":"Red Mask"}],"event_choices":[{"damage_healed":0.0,"max_hp_gain":0.0,"max_hp_loss":0.0,"gold_gain":0.0,"event_name":"Lab","player_choice":"Got Potions","floor":2.0,"gold_loss":0.0,"damage_taken":0.0},{"damage_healed":0.0,"max_hp_gain":0.0,"max_hp_loss":0.0,"gold_gain":0.0,"event_name":"Scrap Ooze","player_choice":"Success","floor":13.0,"gold_loss":0.0,"damage_taken":12.0,"relics_obtained":["Bag of Marbles"]},{"damage_healed":0,"gold_gain":0,"player_choice":"Obtained Book","damage_taken":16,"max_hp_gain":0,"max_hp_loss":0,"event_name":"Cursed Tome","floor":19,"gold_loss":0},{"damage_healed":0,"gold_gain":0,"player_choice":"Ignored","damage_taken":0,"max_hp_gain":0,"max_hp_loss":0,"event_name":"Vampires","floor":20,"gold_loss":0},{"damage_healed":0,"gold_gain":0,"player_choice":"Fought Bandits","damage_taken":0,"max_hp_gain":0,"max_hp_loss":0,"event_name":"Masked Bandits","floor":21,"gold_loss":0}],"is_beta":false,"boss_relics":[{"not_picked":["Busted Crown","Philosopher\u0027s Stone"],"picked":"Calling Bell"}],"items_purged_floors":[12],"is_endless":false,"potions_floor_spawned":[1,7,11,16,21],"killed_by":"Shell Parasite","ascension_level":4}}