{"host":"2c1pg2m9wpz3w4c0","time":1610247792,"event":{"mods":["AchievementEnabler","Act Like it!","Aspiration","BaseMod","Better Note","BetterRewards","Curses Come First","Disable Question Mark Monsters","Halation","Hubris","Infinite Spire","Lotus Mark","Marisa????????","Minty Spire (QoL Compilation)","Replay The Spire","StSLib","SuperFastMode","The Clintock","The Jungle","The Marked","The Runesmith","Transform Curses"],"gold_per_floor":[111,286,286,303,316,349,349,365,416,435,435,435,455,530,530,629,629,642,642,657,668,533,550,550,550],"floor_reached":24,"playtime":1035,"items_purged":[],"score":300,"play_id":"764d1c8a-6dba-40d5-ae78-c49d78c3773e","local_time":"20210109200312","is_ascension_mode":false,"campfire_choices":[{"floor":7,"key":"REST"},{"floor":12,"key":"REST"},{"data":"Rampage","floor":15,"key":"SMITH"}],"circlet_count":0,"master_deck":["Strike_R","Strike_R","Strike_R","Strike_R","Strike_R","Defend_R+1","Defend_R","Defend_R","Defend_R","Bash","Rampage+1","Twin Strike","Rage","Metallicize","Heavy Blade","Shrug It Off","Shrug It Off+1","hubris:ReadiedAction","ReplayTheSpireMod:Muscle Training","Infernal Blade","Impervious","Ghostly Armor","Runesmith:Fortify+1","True Grit+1","Anger","Flex"],"relics":["Burning Blood","hubris:Towel","War Paint","Juzu Bracelet","Honey Jar","theJungle:Flamango"],"acts_visited":["Exordium","theJungle:Jungle"],"potions_floor_usage":[13,16,21,23,24],"damage_taken":[{"damage":18,"enemies":"Jaw Worm","floor":1,"turns":4},{"damage":0,"enemies":"2 Louse","floor":4,"turns":3},{"damage":10,"enemies":"Cultist","floor":5,"turns":5},{"damage":28,"enemies":"Gremlin Nob","floor":6,"turns":5},{"damage":2,"enemies":"Looter","floor":8,"turns":4},{"damage":8,"enemies":"Exordium Thugs","floor":10,"turns":5},{"damage":11,"enemies":"Large Slime","floor":13,"turns":5},{"damage":40,"enemies":"Hexaghost","floor":16,"turns":11},{"damage":5,"enemies":"theJungle:Flameango_and_Byrd","floor":18,"turns":8},{"damage":7,"enemies":"theJungle:5_Spyders","floor":20,"turns":8},{"damage":14,"enemies":"theJungle:SlimyTreeVines","floor":21,"turns":9},{"damage":4,"enemies":"theJungle:Snecko_Cultist_And_Trap","floor":23,"turns":6},{"damage":86,"enemies":"Nightmare","floor":24,"turns":10}],"seed_played":"-8137488997742640661","potions_obtained":[{"floor":6,"key":"ElixirPotion"},{"floor":8,"key":"Weak Potion"},{"floor":13,"key":"BlessingOfTheForge"},{"floor":16,"key":"Energy Potion"},{"floor":18,"key":"Venom Potion"},{"floor":23,"key":"Fire Potion"}],"is_trial":false,"path_per_floor":["M","?","?","M","M","E","R","M","T","M","?","R","M","?","R","B",null,"M","?","M","M","?","M","NM"],"character_chosen":"IRONCLAD","items_purchased":["Rampage","Twin Strike","Rage","Metallicize"],"campfire_rested":2,"item_purchase_floors":[0,0,0,0],"current_hp_per_floor":[59,59,59,65,61,39,63,67,67,65,65,80,75,64,64,30,80,80,80,79,74,74,76,0,0],"gold":550,"neow_bonus":"","is_daily":false,"chose_seed":false,"campfire_upgraded":1,"win_rate":0.0,"timestamp":1610247792,"path_taken":["M","?","?","M","M","E","R","M","T","M","?","R","M","?","R","BOSS","M","?","M","M","?","M","NM"],"items_purchased_type":["Card","Card","Card","Card"],"build_version":"2020-12-22","purchased_purges":0,"victory":false,"max_hp_per_floor":[80,80,80,80,80,80,80,80,80,80,80,80,80,80,80,80,80,80,80,80,80,80,80,80,80],"card_choices":[{"not_picked":["Iron Wave","Blood for Blood"],"picked":"Heavy Blade","floor":1},{"not_picked":["Pommel Strike","Heavy Blade"],"picked":"Shrug It Off","floor":4},{"not_picked":["Headbutt","Twin Strike"],"picked":"Shrug It Off","floor":5},{"not_picked":["Hemogenesis","Dark Embrace"],"picked":"hubris:ReadiedAction","floor":6},{"not_picked":["Armaments","Evolve"],"picked":"ReplayTheSpireMod:Muscle Training","floor":8},{"not_picked":["Dropkick","ReplayReversal","Havoc"],"picked":"SKIP","floor":10},{"not_picked":["Juggernaut","Wild Strike"],"picked":"Infernal Blade","floor":13},{"not_picked":["Bludgeon","Replay:Many Hands"],"picked":"Impervious","floor":16},{"not_picked":["Iron Wave","Abandon","Shrug It Off"],"picked":"Ghostly Armor","floor":18},{"not_picked":["Infernal Blade","Iron Wave","ReplayTheSpireMod:Strike From Hell"],"picked":"True Grit+1","floor":20},{"not_picked":["Cleave+1","Sentinel+1","hubris:ReadiedAction"],"picked":"Anger","floor":21},{"not_picked":["Carnage","True Grit","Twin Strike"],"picked":"Flex","floor":23}],"player_experience":1162919,"relics_obtained":[{"floor":6,"key":"War Paint"},{"floor":9,"key":"Juzu Bracelet"}],"event_choices":[{"damage_healed":0,"gold_gain":175,"player_choice":"AGREE","damage_taken":0,"max_hp_gain":0,"max_hp_loss":0,"event_name":"Liars Game","floor":2,"gold_loss":0,"cards_obtained":["Doubt"]},{"cards_removed":["Doubt"],"damage_healed":0,"gold_gain":0,"player_choice":"Removed Curses","damage_taken":0,"max_hp_gain":0,"max_hp_loss":0,"event_name":"Fountain of Cleansing","floor":11,"gold_loss":0},{"damage_healed":0,"gold_gain":75,"player_choice":"Gather Gold","damage_taken":11,"max_hp_gain":0,"max_hp_loss":0,"event_name":"World of Goop","floor":14,"gold_loss":0},{"cards_removed":["Rampage"],"damage_healed":0,"gold_gain":0,"player_choice":"Take \u0026 Give","damage_taken":0,"max_hp_gain":0,"max_hp_loss":0,"event_name":"betterNote:BetterNote","floor":19,"gold_loss":0,"cards_obtained":["Runesmith:Fortify"]}],"is_beta":false,"boss_relics":[{"not_picked":["Fusion Hammer","halation:PlatinumPhoenix"],"picked":"Honey Jar"}],"items_purged_floors":[],"is_endless":false,"potions_floor_spawned":[6,8,13,16,18,23],"killed_by":"Nightmare","ascension_level":0}}