{"host":"it4jxgnaprwjes7d","time":1610278039,"event":{"mods":["BaseMod","Downfall","Highlight Path","Minty Spire (QoL Compilation)","Replay The Spire","StSLib"],"gold_per_floor":[217,228,239,254,254,254,56,72,96,96,96,126,126,201,201,298,298,309,329,329,342,10,35,35,50,50,50,50,50,67,20,20,120,120,139,7,60,83,110,122,163,175,187,212,224,248,277,305,317,329,329],"floor_reached":50,"playtime":7892,"items_purged":[],"score":544,"play_id":"74a15604-f374-43fd-9a4b-5e1145c83f89","local_time":"20210110032719","is_ascension_mode":false,"campfire_choices":[{"floor":6.0,"key":"REST"},{"floor":10,"key":"REST"},{"data":"Defragment","floor":13,"key":"SMITH"},{"floor":15,"key":"REST"},{"floor":24,"key":"REST"},{"floor":27,"key":"REST"},{"floor":32,"key":"REST"},{"floor":40,"key":"REST"},{"floor":42,"key":"REST"},{"floor":49,"key":"REST"}],"circlet_count":0,"master_deck":["Strike_B","Strike_B+1","Strike_B+1","Defend_B","Defend_B","Defend_B+1","Zap","Dualcast","Defragment+1","FTL","BasicCrystalCard","Go for the Eyes+1","Go for the Eyes+1","All For One","Beam Cell","Pot Of Greed","Loop","Electrodynamics","Go for the Eyes","Gash","Necronomicurse","Cold Snap+1","Doom and Gloom","Pot Of Greed","Beam Cell","Loop","Streamline+1","Conserve Battery","Multi-Cast","Stack+1","Barrage+1","Violence+1","Chaos","Go for the Eyes","Blind","Gash+1","Pot Of Greed","Loop","Streamline+1","Fusion+1","Parasite","Cold Snap","Hologram","Streamline"],"relics":["Cracked Core","Regal Pillow","Grinning Jar","Whetstone","Nuclear Battery","Necronomicon","Ice Cream","Question Card","Onion Ring","Astrolabe","MawBank","MealTicket","HornCleat"],"acts_visited":["Exordium","TheCity","TheBeyond"],"potions_floor_usage":[12,16,16,30,33,33,39,50,50],"damage_taken":[{"damage":0.0,"enemies":"Small Slimes","floor":1.0,"turns":3.0},{"damage":0.0,"enemies":"2 Louse","floor":2.0,"turns":4.0},{"damage":1.0,"enemies":"Jaw Worm","floor":3.0,"turns":3.0},{"damage":23.0,"enemies":"Lots of Slimes","floor":4.0,"turns":4.0},{"damage":17.0,"enemies":"Exordium Thugs","floor":8.0,"turns":3.0},{"damage":19,"enemies":"3 Sentries","floor":12,"turns":5},{"damage":46,"enemies":"The Guardian","floor":16,"turns":8},{"damage":5,"enemies":"3 Byrds","floor":18,"turns":3},{"damage":2,"enemies":"Chosen","floor":19,"turns":3},{"damage":5,"enemies":"3 Cultists","floor":21,"turns":3},{"damage":27,"enemies":"Replay:Snechameleon","floor":23,"turns":4},{"damage":27,"enemies":"Snake Plant","floor":25,"turns":4},{"damage":34,"enemies":"Shelled Parasite and Fungi","floor":30,"turns":3},{"damage":55,"enemies":"Collector","floor":33,"turns":5},{"damage":0,"enemies":"Orb Walker","floor":35,"turns":1},{"damage":21,"enemies":"3 Darklings","floor":38,"turns":3},{"damage":18,"enemies":"Maw","floor":39,"turns":5},{"damage":38,"enemies":"Giant Head","floor":41,"turns":7},{"damage":9,"enemies":"Transient","floor":44,"turns":5},{"damage":15,"enemies":"Writhing Mass","floor":46,"turns":5},{"damage":10,"enemies":"Jaw Worm Horde","floor":47,"turns":5},{"damage":8,"enemies":"Maw","floor":48,"turns":6},{"damage":84,"enemies":"Awakened One","floor":50,"turns":4}],"seed_played":"5540753919510586908","potions_obtained":[{"floor":2.0,"key":"hexamod:EctoCoolerPotion"},{"floor":3.0,"key":"Toxic Potion"},{"floor":4.0,"key":"AttackPotion"},{"floor":21,"key":"DuplicationPotion"},{"floor":25,"key":"champ:CounterPotion"},{"floor":30,"key":"FearPotion"},{"floor":33,"key":"FocusPotion"},{"floor":39,"key":"FearPotion"},{"floor":41,"key":"Block Potion"},{"floor":44,"key":"Adrenaline Potion"}],"is_trial":false,"path_per_floor":["M","M","M","M","?","R","$","M","T","R","?","E","R","?","R","B",null,"M","M","?","M","$","E","R","M","T","R","$","?","M","$","R","B",null,"M","$","T","M","M","R","E","R","T","M","$","M","M","M","R","B"],"character_chosen":"DEFECT","items_purchased":["Go for the Eyes+1","All For One","Ice Cream","Doom and Gloom","Conserve Battery","Go for the Eyes","Blind"],"campfire_rested":9,"item_purchase_floors":[7,7,22,22,31,36,36],"current_hp_per_floor":[75,75,74,51,36,58,58,41,41,75,75,56,56,45,75,29,75,70,68,52,47,47,20,57,30,30,67,67,53,19,19,58,3,80,80,80,80,59,41,80,42,80,80,71,80,65,55,47,80,0,0],"gold":329,"neow_bonus":"HUNDRED_GOLD","is_daily":false,"chose_seed":false,"campfire_upgraded":1,"win_rate":0.0,"timestamp":1610278039,"path_taken":["M","M","M","M","?","R","$","M","T","R","?","E","R","?","R","BOSS","M","M","?","M","$","E","R","M","T","R","$","?","M","?","R","BOSS","M","?","?","M","M","R","E","R","T","M","$","?","M","M","R","BOSS"],"items_purchased_type":["Card","Card","Relic","Card","Card","Card","Card"],"build_version":"2020-12-22","purchased_purges":0,"victory":false,"max_hp_per_floor":[75,75,75,75,75,75,75,75,75,75,75,75,75,75,75,75,75,75,75,75,75,75,75,75,75,75,75,75,80,80,80,80,80,80,80,80,80,80,80,80,80,80,80,80,80,80,80,80,80,80,80],"card_choices":[{"not_picked":["BasicCrystalCard","Compile Driver"],"picked":"Defragment","floor":1.0},{"not_picked":["Beam Cell","Lockon"],"picked":"FTL","floor":2.0},{"not_picked":["Doom and Gloom","Ball Lightning"],"picked":"BasicCrystalCard","floor":3.0},{"not_picked":["Steam","ReplayTheSpireMod:GoodbyeWorld"],"picked":"Go for the Eyes","floor":4.0},{"not_picked":["ReplayTheSpireMod:Reroute Power","BootSequence"],"picked":"Beam Cell","floor":8.0},{"not_picked":["Rip and Tear","Darkness"],"picked":"Loop","floor":12},{"not_picked":["Mirror Shield","Seek"],"picked":"Electrodynamics","floor":16},{"not_picked":["Compile Driver","Leap"],"picked":"Go for the Eyes","floor":18},{"not_picked":["Barrage","FTL"],"picked":"Gash","floor":19},{"not_picked":["Steam","Sweeping Beam"],"picked":"Cold Snap+1","floor":21},{"not_picked":["Stack+1","BasicCrystalCard"],"picked":"Beam Cell","floor":23},{"not_picked":["BootSequence","Steam","Consume"],"picked":"Loop","floor":25},{"not_picked":["Cold Snap","Compile Driver","Lockon"],"picked":"Streamline+1","floor":30},{"not_picked":["Thunder Strike","Reboot","Amplify"],"picked":"Multi-Cast","floor":33},{"not_picked":["Force Field+1","Rip and Tear","Sweeping Beam"],"picked":"Chaos","floor":35},{"not_picked":["Go for the Eyes+1","Conserve Battery","Ball Lightning"],"picked":"Gash+1","floor":38},{"not_picked":["Doom and Gloom","Sweeping Beam","Tempest+1"],"picked":"Loop","floor":39},{"not_picked":["ReplayTheSpireMod:Calculation Training+1","BasicCrystalCard+1","Ball Lightning+1"],"picked":"Streamline+1","floor":41},{"not_picked":["Ball Lightning","ReplaySolidLightProjector+1","Stack+1"],"picked":"Fusion+1","floor":44},{"not_picked":["Steam","ReplayTheSpireMod:Repulse","Genetic Algorithm+1"],"picked":"Cold Snap","floor":46},{"not_picked":["Tempest","Melter","BasicCrystalCard"],"picked":"Hologram","floor":47},{"not_picked":["ReplayGash","ReplayTheSpireMod:GoodbyeWorld+1","Defragment"],"picked":"Streamline","floor":48}],"player_experience":10005,"relics_obtained":[{"floor":9.0,"key":"Regal Pillow"},{"floor":12,"key":"Whetstone"},{"floor":20,"key":"Necronomicon"},{"floor":23,"key":"Question Card"},{"floor":26,"key":"Onion Ring"},{"floor":37,"key":"MawBank"},{"floor":41,"key":"MealTicket"},{"floor":43,"key":"HornCleat"}],"event_choices":[{"damage_healed":0.0,"max_hp_gain":0.0,"max_hp_loss":0.0,"gold_gain":0.0,"event_name":"Shining Light","player_choice":"Entered Light","floor":5.0,"gold_loss":0.0,"damage_taken":15.0,"cards_upgraded":["Defend_B","Go for the Eyes"]},{"damage_healed":0,"gold_gain":0,"player_choice":"Searched \u00271\u0027 times","damage_taken":0,"relics_obtained":["Grinning Jar"],"max_hp_gain":0,"max_hp_loss":0,"event_name":"Dead Adventurer","floor":11,"gold_loss":0},{"damage_healed":0,"gold_gain":75,"player_choice":"Gather Gold","damage_taken":11,"max_hp_gain":0,"max_hp_loss":0,"event_name":"World of Goop","floor":14,"gold_loss":0},{"damage_healed":0,"gold_gain":0,"player_choice":"Obtained Book","damage_taken":16,"max_hp_gain":0,"max_hp_loss":0,"event_name":"Cursed Tome","floor":20,"gold_loss":0},{"damage_healed":0,"gold_gain":0,"player_choice":"Shed Blood","damage_taken":19,"max_hp_gain":5,"max_hp_loss":0,"event_name":"Forgotten Altar","floor":29,"gold_loss":0}],"is_beta":false,"boss_relics":[{"not_picked":["Ectoplasm","Empty Cage"],"picked":"Nuclear Battery"},{"not_picked":["Black Star","Velvet Choker"],"picked":"Astrolabe"}],"items_purged_floors":[],"is_endless":false,"potions_floor_spawned":[2,3,4,21,25,30,33,39,41,44,47],"killed_by":"Awakened One","ascension_level":0}}