{"host":"ig7tc0uedzltt2sr","time":1610241668,"event":{"mods":["BaseMod","Better Twitch Integration","Block Reminder","Colored Map","Colored Powertips","Communication Mod","Current Relic Mod","GifTheSpireLib","HexUI Lib","Minty Spire (QoL Compilation)","Quick Restart","Random Character Button","Rare Cards Sparkle","Relic Sorter","Relic Stats","Slay the Relics Exporter","StSLib","SuperFastMode","Synergy Search","Twitch Decklist","Twitch Utils","everything is the same but u backflip on backflip","slay the spire mod where everything is the same but ironclad has a cowboy hat"],"gold_per_floor":[115,130,130,16,29,29,20,35,60,70,70,70],"floor_reached":11,"playtime":43,"items_purged":[],"score":67,"play_id":"c1d68072-948c-436d-8025-ca57c8d40f59","local_time":"20210109172108","is_ascension_mode":false,"campfire_choices":[{"data":"Headbutt","floor":6,"key":"SMITH"}],"circlet_count":0,"master_deck":["Strike_R","Strike_R","Strike_R","Strike_R","Strike_R","Defend_R","Defend_R","Defend_R","Defend_R","Bash","Headbutt+1","Shockwave","Disarm"],"relics":["Burning Blood","NeowsBlessing"],"acts_visited":["Exordium"],"potions_floor_usage":[],"damage_taken":[{"damage":0,"enemies":"Jaw Worm","floor":1,"turns":1},{"damage":0,"enemies":"Cultist","floor":2,"turns":1},{"damage":0,"enemies":"Small Slimes","floor":5,"turns":1},{"damage":37,"enemies":"Exordium Thugs","floor":7,"turns":5},{"damage":18,"enemies":"2 Fungi Beasts","floor":8,"turns":4},{"damage":26,"enemies":"Looter","floor":10,"turns":4},{"damage":18,"enemies":"Lagavulin","floor":11,"turns":2}],"seed_played":"8379719874317272150","potions_obtained":[{"floor":2,"key":"Weak Potion"},{"floor":8,"key":"PowerPotion"},{"floor":10,"key":"BlessingOfTheForge"}],"is_trial":false,"path_per_floor":["M","M","?","$","M","R","M","M","T","M","E"],"character_chosen":"IRONCLAD","items_purchased":["Shockwave","Disarm"],"campfire_rested":0,"item_purchase_floors":[4,4],"current_hp_per_floor":[80,80,80,80,80,80,49,37,37,17,0,0],"gold":70,"neow_bonus":"THREE_ENEMY_KILL","is_daily":false,"chose_seed":false,"campfire_upgraded":1,"win_rate":0.0,"timestamp":1610241668,"path_taken":["M","M","?","?","M","R","M","M","T","M","E"],"items_purchased_type":["Card","Card"],"build_version":"2020-12-22","purchased_purges":0,"victory":false,"max_hp_per_floor":[80,80,80,80,80,80,80,80,80,80,80,80],"relic_stats":{"counters":[7,18],"obtain_stats":[{"NeowsBlessing":0,"Burning Blood":0},{"NeowsBlessing":0,"Burning Blood":0},{"NeowsBlessing":0,"Burning Blood":0}],"Burning Blood":18},"card_choices":[{"not_picked":["True Grit","Dropkick","Wild Strike"],"picked":"SKIP","floor":1},{"not_picked":["Body Slam","True Grit"],"picked":"Headbutt","floor":2},{"not_picked":["Sword Boomerang","Shrug It Off","Reckless Charge"],"picked":"SKIP","floor":5},{"not_picked":["Carnage","Body Slam","Rampage"],"picked":"SKIP","floor":7},{"not_picked":["Clash","Thunderclap","Entrench"],"picked":"SKIP","floor":8},{"not_picked":["Armaments","Cleave","Infernal Blade"],"picked":"SKIP","floor":10}],"player_experience":1478983,"relics_obtained":[],"event_choices":[{"damage_healed":0,"gold_gain":0,"player_choice":"Full Heal","damage_taken":0,"max_hp_gain":0,"max_hp_loss":0,"event_name":"Wheel of Change","floor":3,"gold_loss":0}],"is_beta":false,"boss_relics":[],"items_purged_floors":[],"is_endless":false,"potions_floor_spawned":[2,8,10],"killed_by":"Lagavulin","ascension_level":0}}