{"host":"gf95gjygaqy6b70i","time":1610285763,"event":{"mods":["BaseMod","Colored Map","Colored Powertips","Minty Spire (QoL Compilation)"],"gold_per_floor":[112,122,122,142,142,170,170,188,188,198,232,242,256,271,271,375,375,391,402,7,7,24,24,36,12,39,57,57,71,83,93,93,194,194,204,217,234,284,304,334,334,334],"floor_reached":41,"playtime":2516,"items_purged":[],"score":470,"play_id":"4db297bd-0d8b-4ff1-91e6-4f242ac967b4","local_time":"20210110143603","is_ascension_mode":false,"campfire_choices":[{"data":"Bash","floor":7.0,"key":"SMITH"},{"data":"Metallicize","floor":15.0,"key":"SMITH"},{"floor":23.0,"key":"REST"},{"floor":28.0,"key":"REST"},{"floor":32.0,"key":"RECALL"}],"circlet_count":0,"master_deck":["Strike_R","Strike_R","Strike_R","Defend_R","Defend_R","Defend_R","Defend_R","Bash+1","Flame Barrier+1","Ghostly Armor+1","Thunderclap","Jack Of All Trades","Shrug It Off","Warcry","Iron Wave","Iron Wave","Reckless Charge","Metallicize+1","Reckless Charge","Demon Form","Pommel Strike","Clothesline","Fire Breathing","Limit Break","Dropkick","Disarm","Sword Boomerang","Shrug It Off","Spot Weakness","Double Tap","Shockwave","Barricade","Clash+1","Shockwave","Battle Trance","Flame Barrier"],"relics":["Burning Blood","Happy Flower","Bag of Marbles","War Paint","Mummified Hand","Philosopher\u0027s Stone","Blood Vial","Sozu","Charon\u0027s Ashes","Molten Egg 2"],"acts_visited":["Exordium","TheCity","TheBeyond"],"potions_floor_usage":[40,40],"damage_taken":[{"damage":1.0,"enemies":"2 Louse","floor":1.0,"turns":2.0},{"damage":5.0,"enemies":"Cultist","floor":2.0,"turns":4.0},{"damage":0.0,"enemies":"Jaw Worm","floor":4.0,"turns":3.0},{"damage":20.0,"enemies":"3 Sentries","floor":6.0,"turns":10.0},{"damage":17.0,"enemies":"Exordium Thugs","floor":8.0,"turns":7.0},{"damage":2.0,"enemies":"Looter","floor":10.0,"turns":3.0},{"damage":7.0,"enemies":"Gremlin Nob","floor":11.0,"turns":4.0},{"damage":5.0,"enemies":"Lots of Slimes","floor":12.0,"turns":2.0},{"damage":0.0,"enemies":"Exordium Thugs","floor":13.0,"turns":5.0},{"damage":8.0,"enemies":"3 Louse","floor":14.0,"turns":3.0},{"damage":18.0,"enemies":"Hexaghost","floor":16.0,"turns":12.0},{"damage":0.0,"enemies":"3 Byrds","floor":18.0,"turns":2.0},{"damage":22.0,"enemies":"Spheric Guardian","floor":19.0,"turns":6.0},{"damage":40.0,"enemies":"Cultist and Chosen","floor":22.0,"turns":7.0},{"damage":24.0,"enemies":"Chosen and Byrds","floor":24.0,"turns":6.0},{"damage":8.0,"enemies":"Snake Plant","floor":27.0,"turns":3.0},{"damage":5.0,"enemies":"Cultist and Chosen","floor":29.0,"turns":7.0},{"damage":9.0,"enemies":"Shelled Parasite and Fungi","floor":30.0,"turns":6.0},{"damage":4.0,"enemies":"Snecko","floor":31.0,"turns":4.0},{"damage":65.0,"enemies":"Champ","floor":33.0,"turns":10.0},{"damage":13.0,"enemies":"3 Shapes","floor":35.0,"turns":7.0},{"damage":31.0,"enemies":"3 Darklings","floor":36.0,"turns":7.0},{"damage":58.0,"enemies":"Spire Growth","floor":37.0,"turns":6.0},{"damage":11,"enemies":"Mind Bloom Boss Battle","floor":38,"turns":8},{"damage":16,"enemies":"Transient","floor":39,"turns":5},{"damage":20,"enemies":"Reptomancer","floor":40,"turns":7},{"damage":16,"enemies":"3 Darklings","floor":41,"turns":5}],"seed_played":"1210690200909109525","potions_obtained":[{"floor":4.0,"key":"Swift Potion"},{"floor":8.0,"key":"FearPotion"},{"floor":10.0,"key":"AttackPotion"},{"floor":11.0,"key":"FearPotion"},{"floor":16.0,"key":"Block Potion"},{"floor":18.0,"key":"SteroidPotion"},{"floor":24.0,"key":"LiquidMemories"},{"floor":30.0,"key":"ElixirPotion"},{"floor":33.0,"key":"FairyPotion"}],"is_trial":false,"path_per_floor":["M","M","?","M","?","E","R","M","T","M","E","M","M","M","R","B",null,"M","M","$","?","M","R","M","$","T","M","R","M","M","M","R","B",null,"M","M","M","?","M","E","M"],"character_chosen":"IRONCLAD","items_purchased":["Fire Breathing","Blood Vial","Limit Break","Dropkick","Sword Boomerang"],"campfire_rested":2,"item_purchase_floors":[20,20,20,20,25],"current_hp_per_floor":[80,80,73,79,79,65,65,54,54,58,57,58,64,62,62,50,80,80,64,64,64,32,56,40,40,40,40,64,67,66,70,70,13,80,73,50,30,27,19,7,0,0],"gold":334,"neow_bonus":"RANDOM_COMMON_RELIC","is_daily":false,"chose_seed":false,"campfire_upgraded":2,"win_rate":0.0,"timestamp":1610285763,"path_taken":["M","M","?","M","?","E","R","M","T","?","E","?","M","M","R","BOSS","M","M","$","?","M","R","M","?","T","M","R","M","?","M","R","BOSS","M","M","M","?","M","E","M"],"items_purchased_type":["Card","Relic","Card","Card","Card"],"build_version":"2020-12-22","purchased_purges":0,"victory":false,"max_hp_per_floor":[80,80,80,80,80,80,80,80,80,80,80,80,80,80,80,80,80,80,80,80,80,80,80,80,80,80,80,80,80,80,80,80,80,80,80,80,80,80,80,80,80,80],"card_choices":[{"not_picked":["Iron Wave","Disarm"],"picked":"Flame Barrier","floor":1.0},{"not_picked":["Second Wind","Clothesline"],"picked":"Ghostly Armor","floor":2.0},{"not_picked":["Anger","Bloodletting"],"picked":"Thunderclap","floor":4.0},{"not_picked":["Cleave","Entrench"],"picked":"Shrug It Off","floor":6.0},{"not_picked":["Perfected Strike","Combust"],"picked":"Warcry","floor":8.0},{"not_picked":["Second Wind","Brutality"],"picked":"Iron Wave","floor":10.0},{"not_picked":["Warcry","Armaments"],"picked":"Iron Wave","floor":11.0},{"not_picked":["True Grit","Second Wind"],"picked":"Reckless Charge","floor":12.0},{"not_picked":["Hemokinesis","Uppercut"],"picked":"Metallicize","floor":13.0},{"not_picked":["Whirlwind","Entrench"],"picked":"Reckless Charge","floor":14.0},{"not_picked":["Barricade","Berserk"],"picked":"Demon Form","floor":16.0},{"not_picked":["Shrug It Off","Twin Strike+1"],"picked":"Pommel Strike","floor":18.0},{"not_picked":["Headbutt","Thunderclap"],"picked":"Clothesline","floor":19.0},{"not_picked":["Iron Wave","Clothesline","Armaments"],"picked":"SKIP","floor":22.0},{"not_picked":["Sever Soul","Dropkick"],"picked":"Disarm","floor":24.0},{"not_picked":["Dual Wield","Iron Wave"],"picked":"Shrug It Off","floor":27.0},{"not_picked":["Anger+1","Headbutt"],"picked":"Spot Weakness","floor":29.0},{"not_picked":["Sword Boomerang","Thunderclap"],"picked":"Double Tap","floor":30.0},{"not_picked":["Sever Soul","Bloodletting"],"picked":"Shockwave","floor":31.0},{"not_picked":["Limit Break","Juggernaut"],"picked":"Barricade","floor":33.0},{"not_picked":["Warcry","Perfected Strike+1","Searing Blow"],"picked":"SKIP","floor":35.0},{"not_picked":["True Grit","Blood for Blood","Twin Strike"],"picked":"SKIP","floor":36.0},{"not_picked":["Pommel Strike","Sever Soul"],"picked":"Clash+1","floor":37.0},{"not_picked":["Shrug It Off","Reckless Charge+1"],"picked":"Shockwave","floor":38},{"not_picked":["Carnage","Offering"],"picked":"Battle Trance","floor":39},{"not_picked":["Combust","Pummel+1"],"picked":"Flame Barrier","floor":40}],"player_experience":26238,"relics_obtained":[{"floor":6.0,"key":"Bag of Marbles"},{"floor":9.0,"key":"War Paint"},{"floor":11.0,"key":"Mummified Hand"},{"floor":38,"key":"Charon\u0027s Ashes"},{"floor":40,"key":"Molten Egg 2"}],"event_choices":[{"cards_removed":["Strike_R"],"damage_healed":0.0,"max_hp_gain":0.0,"max_hp_loss":0.0,"gold_gain":0.0,"event_name":"Golden Wing","player_choice":"Card Removal","floor":3.0,"gold_loss":0.0,"damage_taken":7.0},{"damage_healed":0.0,"max_hp_gain":0.0,"max_hp_loss":0.0,"gold_gain":0.0,"event_name":"Match and Keep!","player_choice":"1 cards matched","floor":5.0,"gold_loss":0.0,"damage_taken":0.0,"cards_obtained":["Jack Of All Trades"]},{"cards_removed":["Strike_R"],"damage_healed":0.0,"max_hp_gain":0.0,"max_hp_loss":0.0,"gold_gain":0.0,"event_name":"Bonfire Elementals","player_choice":"Offered Basic","floor":21.0,"gold_loss":0.0,"damage_taken":0.0},{"damage_healed":0,"gold_gain":0,"player_choice":"Fight","damage_taken":0,"max_hp_gain":0,"max_hp_loss":0,"event_name":"MindBloom","floor":38,"gold_loss":0}],"is_beta":false,"boss_relics":[{"not_picked":["SlaversCollar","Tiny House"],"picked":"Philosopher\u0027s Stone"},{"not_picked":["Coffee Dripper","Runic Pyramid"],"picked":"Sozu"}],"items_purged_floors":[],"is_endless":false,"potions_floor_spawned":[4,8,10,11,16,18,24,30,33,36,37,39],"killed_by":"3 Darklings","ascension_level":0}}