{"host":"dtm4abeon6jfxj1d","time":1610242522,"event":{"mods":["BaseMod","Downfall","Minty Spire (QoL Compilation)","Rare Cards Sparkle","StSLib"],"gold_per_floor":[113,128,143,218,73,73,73,148,148,158,175,175,175,175,175,254,254,254,254,254,171,171,171,171,171,171,171,171,71,71,71],"floor_reached":30,"playtime":1427,"items_purged":["Strike_P","Decay"],"score":389,"play_id":"196035d1-6ef2-476d-9ec0-4d7358004b28","local_time":"20210109203522","is_ascension_mode":true,"campfire_choices":[{"data":"Study","floor":6.0,"key":"SMITH"},{"floor":13,"key":"REST"},{"data":"PathToVictory","floor":15,"key":"SMITH"},{"floor":23,"key":"REST"},{"data":"DeceiveReality","floor":25,"key":"SMITH"},{"data":"SpiritShield","floor":27,"key":"SMITH"}],"circlet_count":0,"master_deck":["AscendersBane","Strike_P","Defend_P+1","Defend_P","Defend_P+1","Defend_P","Eruption","Vigilance","PathToVictory+1","Wallop","Study+1","SpiritShield+1","PathToVictory","DeceiveReality+1","Study+1","Bandage Up","Collect+1"],"relics":["PureWater","Blue Candle","War Paint","Ectoplasm","Ornamental Fan","Toy Ornithopter"],"acts_visited":["Exordium","TheCity"],"potions_floor_usage":[28,28],"damage_taken":[{"damage":0.0,"enemies":"Small Slimes","floor":1.0,"turns":4.0},{"damage":8.0,"enemies":"2 Louse","floor":2.0,"turns":3.0},{"damage":0.0,"enemies":"Cultist","floor":3.0,"turns":3.0},{"damage":9,"enemies":"3 Louse","floor":10,"turns":6},{"damage":0,"enemies":"2 Fungi Beasts","floor":11,"turns":4},{"damage":20,"enemies":"The Guardian","floor":16,"turns":9},{"damage":20,"enemies":"Spheric Guardian","floor":18,"turns":7},{"damage":10,"enemies":"3 Byrds","floor":19,"turns":6},{"damage":22,"enemies":"Snake Plant","floor":20,"turns":5},{"damage":38,"enemies":"Book of Stabbing","floor":28,"turns":8},{"damage":8,"enemies":"Cultist and Chosen","floor":30,"turns":4}],"seed_played":"4282425443815197058","potions_obtained":[{"floor":2.0,"key":"hexamod:EctoCoolerPotion"},{"floor":10,"key":"BottledMiracle"}],"is_trial":false,"path_per_floor":["M","M","M","?","$","R","?","?","T","M","M","?","R","?","R","B",null,"M","M","M","$","?","R","?","R","T","R","E","$","M"],"character_chosen":"WATCHER","items_purchased":["SpiritShield","Bandage Up"],"campfire_rested":2,"item_purchase_floors":[5,21],"current_hp_per_floor":[61,53,53,42,42,42,42,34,34,25,25,25,50,43,43,23,70,50,40,18,18,18,43,37,37,37,37,3,3,0,0],"gold":71,"neow_bonus":"TWENTY_PERCENT_HP_BONUS","is_daily":false,"chose_seed":false,"campfire_upgraded":4,"win_rate":0.0,"timestamp":1610242522,"path_taken":["M","M","M","?","$","R","?","?","T","M","?","?","R","?","R","BOSS","M","M","M","$","?","R","?","R","T","R","E","$","?"],"items_purchased_type":["Card","Card"],"build_version":"2020-12-22","purchased_purges":2,"victory":false,"max_hp_per_floor":[86,86,86,86,86,86,86,86,86,86,86,86,86,86,86,86,86,86,86,86,86,86,86,86,86,86,86,86,86,86,86],"card_choices":[{"not_picked":["Halt","Consecrate"],"picked":"PathToVictory","floor":1.0},{"not_picked":["Consecrate","Tantrum"],"picked":"Wallop","floor":2.0},{"not_picked":["Adaptation","Vengeance"],"picked":"Study","floor":3.0},{"not_picked":["WaveOfTheHand","CutThroughFate","FlurryOfBlows"],"picked":"SKIP","floor":10},{"not_picked":["Crescendo","ThirdEye","EmptyFist"],"picked":"SKIP","floor":11},{"not_picked":["ReachHeaven","SashWhip"],"picked":"PathToVictory","floor":18},{"not_picked":["Collect","WaveOfTheHand"],"picked":"DeceiveReality","floor":19},{"not_picked":["FlyingSleeves","ThirdEye+1"],"picked":"Study+1","floor":20},{"not_picked":["Halt+1","Conclude"],"picked":"Collect+1","floor":28}],"player_experience":204484,"relics_obtained":[{"floor":9,"key":"Blue Candle"},{"floor":26,"key":"Ornamental Fan"},{"floor":28,"key":"Toy Ornithopter"}],"event_choices":[{"damage_healed":0.0,"max_hp_gain":0.0,"max_hp_loss":0.0,"gold_gain":75.0,"event_name":"World of Goop","player_choice":"Gather Gold","floor":4.0,"gold_loss":0.0,"damage_taken":11.0},{"cards_removed":["Strike_P"],"damage_healed":0.0,"max_hp_gain":0.0,"max_hp_loss":0.0,"gold_gain":0.0,"event_name":"Living Wall","player_choice":"Forget","floor":7.0,"gold_loss":0.0,"damage_taken":0.0},{"damage_healed":0,"gold_gain":75,"player_choice":"Touch","damage_taken":8,"max_hp_gain":0,"max_hp_loss":0,"event_name":"FaceTrader","floor":8,"gold_loss":0},{"damage_healed":0,"gold_gain":0,"player_choice":"Searched \u00272\u0027 times","damage_taken":0,"relics_obtained":["War Paint"],"max_hp_gain":0,"max_hp_loss":0,"event_name":"Dead Adventurer","floor":12,"gold_loss":0},{"cards_removed":["Strike_P"],"damage_healed":0,"gold_gain":0,"player_choice":"Card Removal","damage_taken":7,"max_hp_gain":0,"max_hp_loss":0,"event_name":"Golden Wing","floor":14,"gold_loss":0},{"damage_healed":0,"gold_gain":0,"player_choice":"Smashed Altar","damage_taken":0,"max_hp_gain":0,"max_hp_loss":0,"event_name":"Forgotten Altar","floor":22,"gold_loss":0,"cards_obtained":["Decay"]},{"damage_healed":0,"gold_gain":0,"player_choice":"","damage_taken":6,"max_hp_gain":0,"max_hp_loss":0,"event_name":"Knowing Skull","floor":24,"potions_obtained":[],"gold_loss":0,"cards_obtained":[]}],"is_beta":false,"boss_relics":[{"not_picked":["Snecko Eye","Tiny House"],"picked":"Ectoplasm"}],"items_purged_floors":[5,29],"is_endless":false,"potions_floor_spawned":[2,10,11,16,18,19,20],"killed_by":"Cultist and Chosen","ascension_level":13}}