{"host":"v4pe0ixo3k7iwzp0","time":1610239800,"event":{"mods":["Ascension Reborn","BaseMod","Bestiary","Highlight Path","Minty Spire (QoL Compilation)","StSLib","The Marked"],"gold_per_floor":[119,119,134,149,167,167,198,198,224,240,315,315,331,343,343,447,447,463,463,478,498,57,77,29,29,29],"floor_reached":25,"playtime":1434,"items_purged":[],"score":207,"play_id":"b768f19f-6cb6-4e02-977e-a527301c5e36","local_time":"20210109165000","is_ascension_mode":true,"campfire_choices":[{"data":"theMarked:EmpowerWeapon","floor":6.0,"key":"SMITH"},{"data":"theMarked:Abjuration","floor":8.0,"key":"SMITH"},{"floor":12.0,"key":"REST"},{"data":"theMarked:ReduceFriction","floor":15.0,"key":"SMITH"}],"circlet_count":0,"master_deck":["theMarked:Strike+1","theMarked:Strike+1","theMarked:Strike+1","theMarked:Strike+1","theMarked:Defend+1","theMarked:Defend+1","theMarked:Defend+1","theMarked:Defend+1","theMarked:SoldierOfQuellstein+1","theMarked:ParalyzingBlade","theMarked:EmpowerWeapon+1","theMarked:ResourceFulStrike","theMarked:Abjuration+1","theMarked:SwordAndMagic","theMarked:ChainLightning","theMarked:ReduceFriction+1","theMarked:Challenge","theMarked:Reabsorb","theMarked:HeightenedSenses","theMarked:Parry","theMarked:StartUp+1","theMarked:Aftermath"],"relics":["theMarked:ArtifactOfAir","Art of War","PreservedInsect","Runic Pyramid","Gambling Chip"],"acts_visited":["Exordium","TheCity"],"potions_floor_usage":[21,25,25],"damage_taken":[{"damage":0.0,"enemies":"Jaw Worm","floor":1.0,"turns":2.0},{"damage":0.0,"enemies":"2 Louse","floor":3.0,"turns":2.0},{"damage":0.0,"enemies":"Cultist","floor":4.0,"turns":3.0},{"damage":1.0,"enemies":"2 Fungi Beasts","floor":5.0,"turns":4.0},{"damage":4.0,"enemies":"3 Sentries","floor":7.0,"turns":6.0},{"damage":3.0,"enemies":"Large Slime","floor":10.0,"turns":5.0},{"damage":0.0,"enemies":"Looter","floor":13.0,"turns":2.0},{"damage":0.0,"enemies":"2 Fungi Beasts","floor":14.0,"turns":3.0},{"damage":15.0,"enemies":"Slime Boss","floor":16.0,"turns":7.0},{"damage":6.0,"enemies":"Chosen","floor":18.0,"turns":4.0},{"damage":0.0,"enemies":"Shell Parasite","floor":20.0,"turns":5.0},{"damage":4,"enemies":"Chosen and Byrds","floor":21,"turns":6},{"damage":55,"enemies":"3 Cultists","floor":23,"turns":8},{"damage":0,"enemies":"Snake Plant","floor":25,"turns":1}],"seed_played":"2730276634170764494","potions_obtained":[{"floor":1.0,"key":"Fire Potion"},{"floor":10.0,"key":"SkillPotion"},{"floor":13.0,"key":"PowerPotion"},{"floor":14.0,"key":"SpeedPotion"},{"floor":21,"key":"theMarked:ChargePotion"}],"is_trial":true,"path_per_floor":["M","$","M","M","M","R","E","R","T","M","?","R","M","M","R","B",null,"M","?","M","M","$","M","$","M"],"character_chosen":"THE_DEFAULT","items_purchased":["Gambling Chip","Strength Potion","theMarked:Parry","theMarked:Aftermath"],"campfire_rested":1,"item_purchase_floors":[22,22,22,24],"current_hp_per_floor":[70,70,70,70,69,69,65,65,65,62,51,70,70,70,70,55,70,64,64,64,60,60,5,5,5,5],"gold":29,"neow_bonus":"","is_daily":false,"chose_seed":false,"campfire_upgraded":3,"win_rate":0.0,"timestamp":1610239800,"path_taken":["M","$","M","M","M","R","E","R","T","M","?","R","M","M","R","BOSS","M","?","M","M","$","M","?","M"],"items_purchased_type":["Relic","Potion","Card","Card"],"build_version":"2020-12-22","purchased_purges":0,"victory":false,"max_hp_per_floor":[70,70,70,70,70,70,70,70,70,70,70,70,70,70,70,70,70,70,70,70,70,70,70,70,70,70],"card_choices":[{"not_picked":["theMarked:MaelstromOfLightning","theMarked:Generate"],"picked":"theMarked:ParalyzingBlade","floor":1.0},{"not_picked":["theMarked:Improvise","theMarked:Parkour"],"picked":"theMarked:EmpowerWeapon","floor":3.0},{"not_picked":["theMarked:Opportunist","theMarked:ShockingTouch","theMarked:Static"],"picked":"SKIP","floor":4.0},{"not_picked":["theMarked:TurnInvisible","theMarked:Seal"],"picked":"theMarked:ResourceFulStrike","floor":5.0},{"not_picked":["theMarked:Parkour","theMarked:Improvise"],"picked":"theMarked:Abjuration","floor":7.0},{"not_picked":["theMarked:MysticalArsenal","theMarked:PowerFlow"],"picked":"theMarked:SwordAndMagic","floor":10.0},{"not_picked":["theMarked:WastefulAttack","theMarked:BanishingStrike"],"picked":"theMarked:ChainLightning","floor":13.0},{"not_picked":["theMarked:Frustration","theMarked:Panic"],"picked":"theMarked:ReduceFriction","floor":14.0},{"not_picked":["theMarked:SummonStrength","theMarked:TurnInvisible"],"picked":"theMarked:Challenge","floor":16.0},{"not_picked":["theMarked:Static","theMarked:TunnelVision","theMarked:CreepingChasm"],"picked":"SKIP","floor":18.0},{"not_picked":["theMarked:TakeCover+1","theMarked:WastefulAttack"],"picked":"theMarked:Reabsorb","floor":20.0},{"not_picked":["theMarked:ResourceFulStrike","theMarked:RepellingDischarge"],"picked":"theMarked:HeightenedSenses","floor":21},{"not_picked":["theMarked:Frustration","theMarked:Seal"],"picked":"theMarked:StartUp+1","floor":23}],"player_experience":107026,"relics_obtained":[{"floor":7.0,"key":"Art of War"},{"floor":9.0,"key":"PreservedInsect"}],"event_choices":[{"damage_healed":0.0,"max_hp_gain":0.0,"max_hp_loss":0.0,"gold_gain":75.0,"event_name":"World of Goop","player_choice":"Gather Gold","floor":11.0,"gold_loss":0.0,"damage_taken":11.0},{"cards_removed":["theMarked:Strike"],"damage_healed":0.0,"max_hp_gain":0.0,"max_hp_loss":0.0,"gold_gain":0.0,"event_name":"Bonfire Elementals","player_choice":"Offered Basic","floor":19.0,"gold_loss":0.0,"damage_taken":0.0}],"is_beta":false,"boss_relics":[{"not_picked":["Philosopher\u0027s Stone","Empty Cage"],"picked":"Runic Pyramid"}],"items_purged_floors":[],"is_endless":false,"potions_floor_spawned":[1,10,13,14,21],"killed_by":"Snake Plant","ascension_level":0}}