{"host":"q206iib20se9i6w7","time":1610264404,"event":{"mods":["AchievementEnabler","BaseMod","Block Reminder","Colored Map","Colored Powertips","Highlight Path","Key Reminder","Minty Spire (QoL Compilation)","Quick Restart","Random Character Button","Relic Stats","StSLib","SuperFastMode","Unceasing Turn Reminder"],"gold_per_floor":[116,66,76,149,149,149,164,164,164,180,193,220,220,230,230,331,331,341,357,376,376,386,416,416,449,520,520,533,549,578,591,591,693,693,704,721,776,776,789,789,820,820,820,853,34,48,78,88,88,88,88,88,32,61,61,61],"floor_reached":55,"playtime":3679,"items_purged":["Strike_B+1"],"score":1065,"play_id":"9a016f71-58b5-4cb0-875e-2dcb69ce4e93","local_time":"20210110014004","is_ascension_mode":true,"campfire_choices":[{"data":"Zap","floor":6,"key":"SMITH"},{"data":"Redo","floor":8,"key":"SMITH"},{"data":"Lockon","floor":13,"key":"SMITH"},{"data":"Dualcast","floor":15,"key":"SMITH"},{"floor":27,"key":"REST"},{"data":"Coolheaded","floor":32,"key":"SMITH"},{"floor":40,"key":"REST"},{"floor":42,"key":"RECALL"},{"data":"Defragment","floor":49,"key":"SMITH"},{"data":"Steam Power","floor":52,"key":"SMITH"}],"circlet_count":0,"master_deck":["Defend_B+1","Defend_B+1","Defend_B+1","Zap+1","Dualcast+1","Fission+1","Capacitor+1","Compile Driver+1","Hologram","Redo+1","Conserve Battery","Leap","Compile Driver","Lockon+1","Coolheaded+1","Electrodynamics","Self Repair+1","Rip and Tear","Go for the Eyes+1","Reinforced Body","Barrage+1","Recycle+1","Heatsinks+1","Redo","Ball Lightning","Echo Form","Skim","Force Field+1","Cold Snap","Madness","Madness","Redo+1","All For One","Defragment","Defragment+1","Meteor Strike","Melter","Capacitor+1","Steam Power+1","Compile Driver+1","Storm"],"relics":["Astrolabe","The Courier","Art of War","Nuclear Battery","Anchor","Enchiridion","Bottled Tornado","Letter Opener","Tiny Chest","SlaversCollar","Mango","Bottled Flame","White Beast Statue","DollysMirror","PreservedInsect","Oddly Smooth Stone","Mummified Hand","Strawberry"],"acts_visited":["Exordium","TheCity","TheBeyond","TheEnding"],"potions_floor_usage":[12,16,19,20,23,28,33,33,37,46,50,54],"damage_taken":[{"damage":0,"enemies":"Small Slimes","floor":1,"turns":3},{"damage":4,"enemies":"Jaw Worm","floor":3,"turns":5},{"damage":1,"enemies":"2 Louse","floor":7,"turns":3},{"damage":3,"enemies":"Exordium Thugs","floor":10,"turns":3},{"damage":0,"enemies":"Looter","floor":11,"turns":4},{"damage":34,"enemies":"Gremlin Nob","floor":12,"turns":5},{"damage":0,"enemies":"2 Fungi Beasts","floor":14,"turns":4},{"damage":13,"enemies":"Hexaghost","floor":16,"turns":11},{"damage":3,"enemies":"2 Thieves","floor":18,"turns":3},{"damage":16,"enemies":"Chosen","floor":19,"turns":5},{"damage":1,"enemies":"Snake Plant","floor":20,"turns":4},{"damage":35,"enemies":"Cultist and Chosen","floor":22,"turns":5},{"damage":20,"enemies":"Gremlin Leader","floor":23,"turns":5},{"damage":8,"enemies":"Slavers","floor":25,"turns":4},{"damage":21,"enemies":"Shelled Parasite and Fungi","floor":28,"turns":5},{"damage":12,"enemies":"Centurion and Healer","floor":29,"turns":4},{"damage":0,"enemies":"Gremlin Leader","floor":30,"turns":5},{"damage":13,"enemies":"Snake Plant","floor":31,"turns":4},{"damage":9,"enemies":"Champ","floor":33,"turns":9},{"damage":2,"enemies":"3 Darklings","floor":35,"turns":3},{"damage":11,"enemies":"Orb Walker","floor":36,"turns":4},{"damage":28,"enemies":"2 Orb Walkers","floor":37,"turns":5},{"damage":16,"enemies":"3 Darklings","floor":39,"turns":5},{"damage":3,"enemies":"Giant Head","floor":41,"turns":6},{"damage":0,"enemies":"Reptomancer","floor":44,"turns":5},{"damage":0,"enemies":"Transient","floor":46,"turns":5},{"damage":3,"enemies":"Giant Head","floor":47,"turns":5},{"damage":0,"enemies":"4 Shapes","floor":48,"turns":1},{"damage":4,"enemies":"Donu and Deca","floor":50,"turns":5},{"damage":83,"enemies":"Shield and Spear","floor":54,"turns":4},{"damage":74,"enemies":"The Heart","floor":55,"turns":5}],"seed_played":"-8007013182910238226","potions_obtained":[{"floor":7,"key":"SpeedPotion"},{"floor":10,"key":"Ancient Potion"},{"floor":11,"key":"Strength Potion"},{"floor":19,"key":"Block Potion"},{"floor":20,"key":"PowerPotion"},{"floor":23,"key":"ColorlessPotion"},{"floor":30,"key":"Dexterity Potion"},{"floor":31,"key":"Energy Potion"},{"floor":35,"key":"Dexterity Potion"},{"floor":36,"key":"Block Potion"},{"floor":46,"key":"AttackPotion"},{"floor":48,"key":"FairyPotion"},{"floor":54,"key":"Fire Potion"}],"is_trial":false,"path_per_floor":["M","?","M","?","?","R","M","R","T","M","M","E","R","M","R","B",null,"M","M","M","?","M","E","?","E","T","R","M","M","E","M","R","B",null,"M","M","?","?","M","R","E","R","T","E","$","M","E","M","R","B",null,"R","$","E","B"],"character_chosen":"DEFECT","items_purchased":["Defragment","Defragment","PowerPotion","DuplicationPotion","Meteor Strike","Melter","DollysMirror","PreservedInsect","Oddly Smooth Stone","Storm"],"campfire_rested":2,"item_purchase_floors":[45,45,45,45,45,45,45,45,45,53],"current_hp_per_floor":[75,75,71,71,71,71,70,70,70,67,67,33,33,33,33,20,75,72,66,75,75,50,50,34,26,26,48,47,35,45,42,42,43,75,73,75,61,50,44,70,87,87,87,89,89,89,89,89,89,89,89,89,89,23,0,0],"gold":61,"neow_bonus":"BOSS_RELIC","is_daily":false,"chose_seed":false,"campfire_upgraded":7,"win_rate":0.0,"timestamp":1610264404,"path_taken":["M","?","M","?","?","R","M","R","T","M","M","E","R","?","R","BOSS","M","M","M","?","M","E","?","E","T","R","M","M","E","M","R","BOSS","M","M","?","?","M","R","E","R","T","E","$","M","E","M","R","BOSS","R","$","E","BOSS"],"items_purchased_type":["Card","Card","Potion","Potion","Card","Card","Relic","Relic","Relic","Card"],"build_version":"2020-12-22","purchased_purges":1,"victory":false,"max_hp_per_floor":[75,75,75,75,75,75,75,75,75,75,75,75,75,75,75,75,75,75,75,75,75,75,75,75,75,75,75,75,75,75,75,75,75,75,75,75,89,89,89,89,89,89,89,89,89,89,89,89,89,89,89,89,89,96,96,96],"relic_stats":{"counters":[31,144],"Mummified Hand":[47],"Astrolabe":["Fission","Capacitor","Compile Driver"],"Tiny Chest":0,"PreservedInsect":193,"Art of War":[17],"Letter Opener":[383],"obtain_stats":[{"Astrolabe":0,"Enchiridion":24,"Oddly Smooth Stone":45,"Mango":37,"The Courier":9,"PreservedInsect":45,"Letter Opener":26,"Bottled Tornado":25,"White Beast Statue":44,"Nuclear Battery":17,"keyreminder:keyreminder":42,"SlaversCollar":34,"Anchor":23,"Bottled Flame":41,"DollysMirror":45,"Mummified Hand":47,"Strawberry":54,"Tiny Chest":30,"Art of War":12,"Cracked Core":0},{"Astrolabe":0,"Enchiridion":13,"Oddly Smooth Stone":25,"Mango":22,"The Courier":3,"PreservedInsect":25,"Letter Opener":14,"Bottled Tornado":14,"White Beast Statue":25,"Nuclear Battery":8,"keyreminder:keyreminder":24,"SlaversCollar":19,"Anchor":13,"Bottled Flame":24,"DollysMirror":25,"Mummified Hand":27,"Strawberry":30,"Tiny Chest":17,"Art of War":6,"Cracked Core":0},{"Astrolabe":0,"Enchiridion":60,"Oddly Smooth Stone":119,"Mango":103,"The Courier":11,"PreservedInsect":119,"Letter Opener":64,"Bottled Tornado":64,"White Beast Statue":119,"Nuclear Battery":38,"keyreminder:keyreminder":114,"SlaversCollar":91,"Anchor":60,"Bottled Flame":114,"DollysMirror":119,"Mummified Hand":129,"Strawberry":139,"Tiny Chest":78,"Art of War":23,"Cracked Core":0}]},"card_choices":[{"not_picked":["Rip and Tear","Gash"],"picked":"Hologram","floor":1},{"not_picked":["Beam Cell","Steam"],"picked":"Redo","floor":3},{"not_picked":["Reprogram","Steam Power"],"picked":"Conserve Battery","floor":7},{"not_picked":["Auto Shields","Steam Power"],"picked":"Leap","floor":10},{"not_picked":["Auto Shields","Conserve Battery"],"picked":"Compile Driver","floor":11},{"not_picked":["Capacitor","Go for the Eyes"],"picked":"Lockon","floor":12},{"not_picked":["Go for the Eyes","Leap"],"picked":"Coolheaded","floor":14},{"not_picked":["Biased Cognition","Machine Learning"],"picked":"Electrodynamics","floor":16},{"not_picked":["Redo","Beam Cell"],"picked":"Self Repair+1","floor":18},{"not_picked":["Redo","Hologram"],"picked":"Rip and Tear","floor":19},{"not_picked":["Beam Cell","Stack"],"picked":"Go for the Eyes+1","floor":20},{"not_picked":["Coolheaded","Aggregate"],"picked":"Reinforced Body","floor":22},{"not_picked":["Steam","Self Repair"],"picked":"Barrage+1","floor":23},{"not_picked":["Rip and Tear","White Noise"],"picked":"Recycle+1","floor":25},{"not_picked":["Beam Cell","Rebound"],"picked":"Heatsinks+1","floor":28},{"not_picked":["Gash","Rip and Tear"],"picked":"Redo","floor":29},{"not_picked":["Sweeping Beam","Hologram","Doom and Gloom"],"picked":"SKIP","floor":30},{"not_picked":["Hologram","Conserve Battery+1"],"picked":"Ball Lightning","floor":31},{"not_picked":["Seek","All For One"],"picked":"Echo Form","floor":33},{"not_picked":["Reinforced Body","Lockon"],"picked":"Skim","floor":35},{"not_picked":["Sunder+1","Compile Driver"],"picked":"Force Field+1","floor":36},{"not_picked":["Steam+1","Stack+1"],"picked":"Cold Snap","floor":37},{"not_picked":["Barrage","Leap"],"picked":"Redo+1","floor":39},{"not_picked":["Steam+1","Gash+1","Go for the Eyes"],"picked":"SKIP","floor":41},{"not_picked":["Barrage","Streamline"],"picked":"All For One","floor":44},{"not_picked":["Blizzard","Go for the Eyes"],"picked":"Steam Power","floor":46},{"not_picked":["Rebound+1","Sweeping Beam+1"],"picked":"Compile Driver+1","floor":47},{"not_picked":["Stack+1","Ball Lightning","Recycle"],"picked":"SKIP","floor":48},{"not_picked":["Steam","Recycle+1","Heatsinks"],"picked":"SKIP","floor":54}],"player_experience":218104,"relics_obtained":[{"floor":9,"key":"The Courier"},{"floor":12,"key":"Art of War"},{"floor":23,"key":"Anchor"},{"floor":24,"key":"Enchiridion"},{"floor":25,"key":"Bottled Tornado"},{"floor":26,"key":"Letter Opener"},{"floor":30,"key":"Tiny Chest"},{"floor":37,"key":"Mango"},{"floor":41,"key":"Bottled Flame"},{"floor":44,"key":"White Beast Statue"},{"floor":47,"key":"Mummified Hand"},{"floor":54,"key":"Strawberry"}],"event_choices":[{"cards_removed":["Strike_B"],"damage_healed":0,"gold_gain":0,"player_choice":"Card Removal","damage_taken":0,"max_hp_gain":0,"max_hp_loss":0,"event_name":"The Cleric","floor":2,"gold_loss":50},{"damage_healed":0,"gold_gain":73,"player_choice":"Gained Gold","damage_taken":0,"max_hp_gain":0,"max_hp_loss":0,"event_name":"Golden Wing","floor":4,"gold_loss":0},{"damage_healed":0,"gold_gain":0,"player_choice":"0 cards matched","damage_taken":0,"max_hp_gain":0,"max_hp_loss":0,"event_name":"Match and Keep!","floor":5,"gold_loss":0,"cards_obtained":[]},{"damage_healed":0,"gold_gain":0,"player_choice":"Simplicity","damage_taken":0,"max_hp_gain":0,"max_hp_loss":0,"event_name":"Back to Basics","floor":21,"gold_loss":0,"cards_upgraded":["Strike_B","Defend_B","Defend_B","Defend_B"]},{"damage_healed":0,"gold_gain":0,"player_choice":"Obtained Book","damage_taken":16,"max_hp_gain":0,"max_hp_loss":0,"event_name":"Cursed Tome","floor":24,"gold_loss":0},{"damage_healed":0,"gold_gain":0,"player_choice":"Fight","damage_taken":0,"max_hp_gain":0,"max_hp_loss":0,"event_name":"Mysterious Sphere","floor":37,"gold_loss":0},{"damage_healed":0,"gold_gain":0,"player_choice":"Embrace Madness","damage_taken":11,"max_hp_gain":0,"max_hp_loss":0,"event_name":"Winding Halls","floor":38,"gold_loss":0,"cards_obtained":["Madness","Madness"]}],"is_beta":false,"boss_relics":[{"not_picked":["Calling Bell","Coffee Dripper"],"picked":"Nuclear Battery"},{"not_picked":["Runic Pyramid","Empty Cage"],"picked":"SlaversCollar"}],"items_purged_floors":[45],"is_endless":false,"potions_floor_spawned":[7,10,11,19,20,23,30,31,35,36,46,47,48,54],"killed_by":"The Heart","ascension_level":4}}