{"host":"xb8s6f94jxtwitgf","time":1610245723,"event":{"mods":["Act Like it!","BaseMod","Better Third Choice","BetterRewards","GifTheSpireLib","Hubris","Kratos Character Expansion","Minty Spire (QoL Compilation)","Remove Card Discount Mod","Spicy Shops","Spikes Relics","StSLib"],"gold_per_floor":[139,71,85,104,104,118,118,153,153,163,195,195,224,259,271,388,400,425,437,459,471,39,74,74,107,107,133,146,181,181,181,181,278,328,341,341,341,453,473,506,537,564,590,590,620,374,390,424,424,424,424,424,212,340,290],"floor_reached":56,"playtime":5123,"items_purged":["KratosMod:Strike_K","KratosMod:Defend_K","KratosMod:Defend_K","KratosMod:Defend_K","KratosMod:Defend_K","KratosMod:Strike_K","KratosMod:Strike_K","KratosMod:ShieldBash","KratosMod:ShieldBash","KratosMod:Strike_K+1","KratosMod:ShieldBash+1"],"score":1829,"play_id":"73786167-3e39-4845-bcca-521cc46c0412","local_time":"20210110022843","is_ascension_mode":true,"campfire_choices":[{"data":"KratosMod:rattle","floor":7.0,"key":"SMITH"},{"data":"KratosMod:ShieldBash","floor":15.0,"key":"SMITH"},{"data":"KratosMod:ShieldBash","floor":24,"key":"SMITH"},{"floor":30,"key":"RECALL"},{"data":"KratosMod:BladeWhip","floor":32,"key":"SMITH"},{"floor":49,"key":"REST"},{"floor":52,"key":"REST"}],"circlet_count":0,"master_deck":["KratosMod:AthenaBane","KratosMod:rattle+1","KratosMod:BladeWhip+1","KratosMod:Revenge","KratosMod:BladeWhip+1","KratosMod:BladeWhip+1","KratosMod:ShieldBash+1","KratosMod:BladeWhip+1","KratosMod:kBerserk+1","KratosMod:kBerserk+1","Injury"],"relics":["KratosMod:eagle","KratosMod:chalice","Philosopher\u0027s Stone","MiniBlackHole","WingedGreaves","HornCleat","RoseTintedShades","MawBank","Runic Pyramid","hubris:Icosahedron","Membership Card","Singing Bowl","Matryoshka","Meat on the Bone","hubris:Reverence","Question Card","hubris:PeanutButter","Frozen Egg 2","Darkstone Periapt","Nilry\u0027s Codex","Tiny House","SnailShell","Shuriken","hubris:Metronome","Strawberry","hubris:Towel","hubris:CrystalStatue","Lee\u0027s Waffle","hubris:BottledRain","Medical Kit","Molten Egg 2","Cauldron","hubris:HerbalPaste","Nunchaku","hubris:TinFlute"],"acts_visited":[],"potions_floor_usage":[23,25,42,45,55,55,55],"damage_taken":[{"damage":5.0,"enemies":"Small Slimes","floor":1.0,"turns":3.0},{"damage":2.0,"enemies":"Jaw Worm","floor":3.0,"turns":2.0},{"damage":2.0,"enemies":"2 Louse","floor":4.0,"turns":2.0},{"damage":2.0,"enemies":"Looter","floor":6.0,"turns":2.0},{"damage":12.0,"enemies":"Gremlin Nob","floor":8.0,"turns":3.0},{"damage":2.0,"enemies":"3 Louse","floor":10.0,"turns":2.0},{"damage":12.0,"enemies":"Lagavulin","floor":11.0,"turns":4.0},{"damage":2.0,"enemies":"3 Sentries","floor":13.0,"turns":2.0},{"damage":3.0,"enemies":"Gremlin Nob","floor":14.0,"turns":3.0},{"damage":8.0,"enemies":"The Guardian","floor":16.0,"turns":4.0},{"damage":13.0,"enemies":"Shell Parasite","floor":18.0,"turns":2.0},{"damage":10.0,"enemies":"Chosen","floor":20.0,"turns":2.0},{"damage":12,"enemies":"Book of Stabbing","floor":23,"turns":2},{"damage":3,"enemies":"Slavers","floor":25,"turns":3},{"damage":8,"enemies":"Book of Stabbing","floor":27,"turns":2},{"damage":0,"enemies":"Snecko","floor":28,"turns":1},{"damage":0,"enemies":"Gremlin Leader","floor":29,"turns":2},{"damage":14,"enemies":"Champ","floor":33,"turns":4},{"damage":10,"enemies":"3 Shapes","floor":35,"turns":2},{"damage":4,"enemies":"Orb Walker","floor":38,"turns":2},{"damage":7,"enemies":"Sphere and 2 Shapes","floor":39,"turns":3},{"damage":0,"enemies":"Reptomancer","floor":40,"turns":3},{"damage":0,"enemies":"Nemesis","floor":41,"turns":3},{"damage":19,"enemies":"Reptomancer","floor":42,"turns":2},{"damage":3,"enemies":"Giant Head","floor":45,"turns":2},{"damage":22,"enemies":"3 Darklings","floor":47,"turns":2},{"damage":0,"enemies":"Nemesis","floor":48,"turns":1},{"damage":11,"enemies":"Awakened One","floor":50,"turns":3},{"damage":0,"enemies":"Shield and Spear","floor":54,"turns":2},{"damage":18,"enemies":"The Heart","floor":55,"turns":3}],"seed_played":"7499512386138548429","potions_obtained":[{"floor":4.0,"key":"Block Potion"},{"floor":6.0,"key":"SkillPotion"},{"floor":10.0,"key":"Explosive Potion"},{"floor":14.0,"key":"Block Potion"},{"floor":16.0,"key":"DistilledChaos"},{"floor":25,"key":"PowerPotion"},{"floor":27,"key":"SkillPotion"},{"floor":34,"key":"Strength Potion"},{"floor":40,"key":"PowerPotion"},{"floor":45,"key":"Fruit Juice"},{"floor":53,"key":"CultistPotion"}],"is_trial":false,"path_per_floor":["M","$","M","M","?","M","R","E","T","M","E","?","E","E","R","B",null,"M","?","M","?","$","E","R","E","T","E","M","E","R","?","R","B",null,"M","?","?","M","M","E","E","E","T","?","E","$","M","E","R","B",null,"R","$","E","B",null],"character_chosen":"KRATOS","items_purchased":["KratosMod:ShieldBash","Membership Card","Singing Bowl","Matryoshka","KratosMod:ShieldBash","Lee\u0027s Waffle","hubris:BottledRain","Medical Kit","Cauldron","hubris:HerbalPaste","KratosMod:kBerserk+1","Nunchaku"],"campfire_rested":2,"item_purchase_floors":[2,22,22,22,22,46,46,46,53,53,53,53],"current_hp_per_floor":[61,61,59,57,57,55,55,43,43,41,29,16,14,11,11,3,66,53,53,43,43,43,33,33,66,66,60,62,62,62,46,46,46,81,73,73,76,74,69,71,73,61,68,68,72,117,97,99,121,110,121,121,127,129,111],"gold":290,"neow_bonus":"TEN_PERCENT_HP_BONUS","is_daily":false,"chose_seed":false,"campfire_upgraded":4,"win_rate":0.0,"timestamp":1610245723,"path_taken":["M","$","M","M","?","M","R","E","T","M","E","?","E","E","R","BOSS","M","?","M","?","$","E","R","E","T","E","M","E","R","?","R","BOSS","M","?","?","M","M","E","E","E","T","?","E","?","?","E","R","BOSS","R","$","E","BOSS"],"items_purchased_type":["Card","Relic","Relic","Relic","Card","Relic","Relic","Relic","Relic","Relic","Card","Relic"],"build_version":"2020-12-22","purchased_purges":11,"victory":true,"max_hp_per_floor":[66,66,66,66,66,66,66,66,66,66,66,66,66,66,66,66,66,66,66,66,66,66,68,68,68,68,70,72,72,72,72,72,74,81,83,83,86,88,90,92,94,96,103,103,110,117,119,121,121,121,121,121,127,129,129],"card_choices":[{"not_picked":["KratosMod:Endure","KratosMod:Tempor"],"picked":"KratosMod:ShieldBash","floor":1.0},{"not_picked":["KratosMod:ShieldBash","KratosMod:Endure"],"picked":"KratosMod:rattle","floor":3.0},{"not_picked":["KratosMod:Tempor","KratosMod:Roll"],"picked":"KratosMod:ShieldBash","floor":4.0},{"not_picked":["KratosMod:Endure","KratosMod:Roll"],"picked":"KratosMod:BladeWhip","floor":6.0},{"not_picked":["KratosMod:conjuresoul","KratosMod:Roll","KratosMod:Endure"],"picked":"SKIP","floor":8.0},{"not_picked":["KratosMod:clawsofhades","KratosMod:Tempor"],"picked":"KratosMod:Revenge","floor":10.0},{"not_picked":["KratosMod:Roll","KratosMod:Endure","KratosMod:settle"],"picked":"SKIP","floor":11.0},{"not_picked":["KratosMod:Tempor","KratosMod:rattle"],"picked":"KratosMod:BladeWhip","floor":13.0},{"not_picked":["KratosMod:Roll","KratosMod:Endure"],"picked":"KratosMod:BladeWhip","floor":14.0},{"not_picked":["KratosMod:BladeWhip","KratosMod:rattle","KratosMod:clawsofhades"],"picked":"SKIP","floor":18.0},{"not_picked":["KratosMod:conjuresoul","KratosMod:rattle+1","KratosMod:BladeWhip"],"picked":"SKIP","floor":20.0},{"not_picked":["KratosMod:BladeWhip","KratosMod:Endure","KratosMod:rattle"],"picked":"Singing Bowl","floor":23},{"not_picked":["KratosMod:clawsofhades+1","KratosMod:settle"],"picked":"KratosMod:BladeWhip+1","floor":25},{"not_picked":["KratosMod:ablockalypse","KratosMod:Endure","KratosMod:rattle+1","KratosMod:settle"],"picked":"Singing Bowl","floor":27},{"not_picked":["KratosMod:Roll","KratosMod:ShieldBash","KratosMod:BladeWhip","KratosMod:Tempor"],"picked":"Singing Bowl","floor":28},{"not_picked":["KratosMod:Roll","KratosMod:BladeWhip+1","KratosMod:Tempor"],"picked":"KratosMod:kBerserk+1","floor":29},{"not_picked":["KratosMod:kBerserk+1","KratosMod:Revenge","KratosMod:styx","KratosMod:ablockalypse"],"picked":"Singing Bowl","floor":33},{"not_picked":["KratosMod:settle+1","KratosMod:Tempor+1","KratosMod:Roll","KratosMod:BladeWhip"],"picked":"Singing Bowl","floor":34},{"not_picked":["KratosMod:Roll","KratosMod:BladeWhip","KratosMod:settle+1","KratosMod:Tempor"],"picked":"Singing Bowl","floor":35},{"not_picked":["KratosMod:ShieldBash+1","KratosMod:rattle+1","KratosMod:clawsofhades","KratosMod:Endure+1"],"picked":"Singing Bowl","floor":38},{"not_picked":["KratosMod:SmashStone","KratosMod:Roll","KratosMod:settle+1","KratosMod:ShieldBash"],"picked":"Singing Bowl","floor":39},{"not_picked":["KratosMod:BladeWhip","KratosMod:settle+1","KratosMod:clawsofhades","KratosMod:tartarusrage"],"picked":"Singing Bowl","floor":40},{"not_picked":["KratosMod:Roll","KratosMod:SmashStone","KratosMod:Endure","KratosMod:blades"],"picked":"Singing Bowl","floor":41},{"not_picked":["KratosMod:Endure+1","KratosMod:ShieldBash","KratosMod:tartarusrage","KratosMod:BladeWhip"],"picked":"Singing Bowl","floor":42},{"not_picked":["KratosMod:rattle+1","KratosMod:conjuresoul+1","KratosMod:Roll","KratosMod:ShieldBash"],"picked":"Singing Bowl","floor":45},{"not_picked":["KratosMod:ablockalypse","KratosMod:BladeWhip+1","KratosMod:Roll+1","KratosMod:Endure"],"picked":"Singing Bowl","floor":47},{"not_picked":["KratosMod:BladeWhip+1","KratosMod:rattle+1","KratosMod:Tempor","KratosMod:Endure"],"picked":"Singing Bowl","floor":48},{"not_picked":["KratosMod:SmashStone+1","KratosMod:BladeWhip+1","KratosMod:Roll+1","KratosMod:Endure"],"picked":"Singing Bowl","floor":54}],"player_experience":981779,"relics_obtained":[{"floor":8.0,"key":"MiniBlackHole"},{"floor":9.0,"key":"WingedGreaves"},{"floor":11.0,"key":"HornCleat"},{"floor":13.0,"key":"RoseTintedShades"},{"floor":14.0,"key":"MawBank"},{"floor":23,"key":"Meat on the Bone"},{"floor":25,"key":"hubris:Reverence"},{"floor":26,"key":"Question Card"},{"floor":26,"key":"hubris:PeanutButter"},{"floor":27,"key":"Frozen Egg 2"},{"floor":29,"key":"Darkstone Periapt"},{"floor":31,"key":"Nilry\u0027s Codex"},{"floor":40,"key":"SnailShell"},{"floor":41,"key":"Shuriken"},{"floor":42,"key":"hubris:Metronome"},{"floor":43,"key":"Strawberry"},{"floor":45,"key":"hubris:CrystalStatue"},{"floor":48,"key":"Molten Egg 2"},{"floor":54,"key":"hubris:TinFlute"}],"event_choices":[{"damage_healed":29.0,"max_hp_gain":0.0,"max_hp_loss":66.0,"gold_gain":0.0,"event_name":"betterThird:BetterShining","player_choice":"Upgrade","floor":12.0,"gold_loss":0.0,"damage_taken":13.0,"cards_upgraded":["KratosMod:cyclone","KratosMod:BladeWhip"]},{"damage_healed":0.0,"max_hp_gain":0.0,"max_hp_loss":1.0,"gold_gain":0.0,"event_name":"betterThird:BetterWriting","player_choice":"Simplicity","floor":21.0,"gold_loss":0.0,"damage_taken":0.0},{"damage_healed":0,"gold_gain":0,"player_choice":"Obtained Book","damage_taken":16,"max_hp_gain":0,"max_hp_loss":0,"event_name":"Cursed Tome","floor":31,"gold_loss":0},{"cards_removed":["KratosMod:cyclone"],"damage_healed":0,"gold_gain":0,"player_choice":"Removed Attack","damage_taken":0,"max_hp_gain":0,"max_hp_loss":0,"event_name":"Falling","floor":36,"gold_loss":0}],"is_beta":false,"boss_relics":[{"not_picked":["hubris:GrandSneckoEye","hubris:VirtuousBlindfold"],"picked":"Runic Pyramid"},{"not_picked":["hubris:RunicObelisk","Velvet Choker"],"picked":"Tiny House"}],"items_purged_floors":[2,2,2,2,2,2,2,22,22,46,46],"is_endless":false,"potions_floor_spawned":[4,6,10,14,16,25,27,38,40,41,45],"ascension_level":2}}