{"host":"z4nt7tdd4gjrinn7","time":1610304629,"event":{"mods":["BaseMod","Minty Spire (QoL Compilation)","StSLib"],"gold_per_floor":[114,114,114,124,143,143,153,153,222,242,273,120,133,145,145,240,240,258,258,101,114,88,88,104,104,104,115,115,126,126,161,161,161,161],"floor_reached":33,"playtime":1695,"items_purged":[],"score":294,"play_id":"1fd1fc7d-dc97-498d-96a0-c5e48528569c","local_time":"20210110135029","is_ascension_mode":false,"campfire_choices":[{"data":"Cleave","floor":6,"key":"SMITH"},{"data":"Shrug It Off","floor":8,"key":"SMITH"},{"data":"Cleave","floor":15,"key":"SMITH"},{"floor":23,"key":"REST"},{"floor":25,"key":"REST"},{"floor":32,"key":"REST"}],"circlet_count":0,"master_deck":["Strike_R","Strike_R","Strike_R","Strike_R+1","Strike_R","Defend_R","Defend_R","Defend_R","Defend_R","Bash+1","Anger","Cleave+1","Shrug It Off+1","Cleave+1","Anger","Power Through","Anger","Demon Form","Blood for Blood+1","Writhe","Fire Breathing","Wild Strike","Sword Boomerang","Armaments+1","Decay","Anger","Rage"],"relics":["Burning Blood","NeowsBlessing","Bottled Lightning","Bag of Marbles","SlaversCollar","Nunchaku","Happy Flower","Red Skull","Nloth\u0027s Gift","Mercury Hourglass"],"acts_visited":["Exordium","TheCity"],"potions_floor_usage":[11,16,27,29,29,33],"damage_taken":[{"damage":0,"enemies":"Small Slimes","floor":1,"turns":1},{"damage":0,"enemies":"2 Louse","floor":4,"turns":1},{"damage":0,"enemies":"Cultist","floor":5,"turns":1},{"damage":8,"enemies":"Red Slaver","floor":7,"turns":3},{"damage":0,"enemies":"Large Slime","floor":10,"turns":3},{"damage":14,"enemies":"Gremlin Nob","floor":11,"turns":3},{"damage":0,"enemies":"2 Fungi Beasts","floor":13,"turns":2},{"damage":5,"enemies":"Lots of Slimes","floor":14,"turns":3},{"damage":74,"enemies":"The Guardian","floor":16,"turns":18},{"damage":19,"enemies":"Shell Parasite","floor":18,"turns":5},{"damage":29,"enemies":"2 Thieves","floor":21,"turns":3},{"damage":30,"enemies":"Centurion and Healer","floor":24,"turns":6},{"damage":25,"enemies":"Snake Plant","floor":27,"turns":4},{"damage":0,"enemies":"Cultist and Chosen","floor":29,"turns":5},{"damage":37,"enemies":"Gremlin Leader","floor":31,"turns":6},{"damage":63,"enemies":"Collector","floor":33,"turns":6}],"seed_played":"-2210510505128127379","potions_obtained":[{"floor":5,"key":"DistilledChaos"},{"floor":11,"key":"Strength Potion"},{"floor":16,"key":"LiquidMemories"},{"floor":24,"key":"Explosive Potion"},{"floor":27,"key":"Fire Potion"},{"floor":31,"key":"Regen Potion"}],"is_trial":false,"path_per_floor":["M","?","?","M","M","R","M","R","T","M","E","$","M","M","R","B",null,"M","?","$","M","$","R","M","R","T","M","?","M","?","E","R","B"],"character_chosen":"IRONCLAD","items_purchased":["Bag of Marbles","Happy Flower","Wild Strike"],"campfire_rested":3,"item_purchase_floors":[12,20,22],"current_hp_per_floor":[80,80,80,80,80,80,78,78,78,80,72,72,78,79,79,11,80,67,67,67,44,44,68,44,68,68,49,49,55,55,24,48,0,0],"gold":161,"neow_bonus":"THREE_ENEMY_KILL","is_daily":false,"chose_seed":false,"campfire_upgraded":3,"win_rate":0.0,"timestamp":1610304629,"path_taken":["M","?","?","M","M","R","M","R","T","M","E","$","?","M","R","BOSS","M","?","$","M","$","R","M","R","T","M","?","M","?","E","R","BOSS"],"items_purchased_type":["Relic","Relic","Card"],"build_version":"2020-12-22","purchased_purges":0,"victory":false,"max_hp_per_floor":[80,80,80,80,80,80,80,80,80,80,80,80,80,80,80,80,80,80,80,80,80,80,80,80,80,80,80,80,80,80,80,80,80,80],"card_choices":[{"not_picked":["Armaments","True Grit"],"picked":"Twin Strike","floor":1},{"not_picked":["Infernal Blade","Evolve"],"picked":"Anger","floor":4},{"not_picked":["Power Through","Ghostly Armor"],"picked":"Cleave","floor":5},{"not_picked":["Havoc","Impervious"],"picked":"Shrug It Off","floor":7},{"not_picked":["Disarm","Body Slam"],"picked":"Cleave","floor":10},{"not_picked":["True Grit","Spot Weakness"],"picked":"Anger","floor":11},{"not_picked":["Sentinel","Bloodletting"],"picked":"Power Through","floor":13},{"not_picked":["Exhume","Dark Embrace"],"picked":"Anger","floor":14},{"not_picked":["Bludgeon","Corruption"],"picked":"Demon Form","floor":16},{"not_picked":["Heavy Blade","Sword Boomerang"],"picked":"Blood for Blood+1","floor":18},{"not_picked":["Clash","Whirlwind"],"picked":"Fire Breathing","floor":21},{"not_picked":["Pummel","Body Slam+1"],"picked":"Sword Boomerang","floor":24},{"not_picked":["True Grit","Dropkick"],"picked":"Armaments+1","floor":27},{"not_picked":["Clothesline","Heavy Blade"],"picked":"Anger","floor":29},{"not_picked":["Entrench","Blood for Blood"],"picked":"Rage","floor":31}],"player_experience":46275,"relics_obtained":[{"floor":9,"key":"Bottled Lightning"},{"floor":11,"key":"Whetstone"},{"floor":26,"key":"Red Skull"},{"floor":31,"key":"Mercury Hourglass"}],"event_choices":[{"damage_healed":0,"gold_gain":0,"player_choice":"Leave","damage_taken":0,"max_hp_gain":0,"max_hp_loss":0,"event_name":"The Cleric","floor":2,"gold_loss":0},{"cards_removed":["Twin Strike"],"damage_healed":5,"gold_gain":0,"player_choice":"Offered Common","damage_taken":0,"max_hp_gain":0,"max_hp_loss":0,"event_name":"Bonfire Elementals","floor":3,"gold_loss":0},{"cards_removed":["Twin Strike"],"damage_healed":5,"gold_gain":0,"player_choice":"Offered Special","damage_taken":0,"max_hp_gain":0,"max_hp_loss":0,"event_name":"Bonfire Elementals","floor":3,"gold_loss":0},{"damage_healed":0,"gold_gain":0,"player_choice":"Opened","damage_taken":0,"relics_obtained":["Nunchaku"],"max_hp_gain":0,"max_hp_loss":0,"event_name":"The Mausoleum","floor":19,"gold_loss":0,"cards_obtained":["Writhe"]},{"damage_healed":0,"gold_gain":0,"player_choice":"Smashed Altar","damage_taken":0,"max_hp_gain":0,"max_hp_loss":0,"event_name":"Forgotten Altar","floor":28,"gold_loss":0,"cards_obtained":["Decay"]},{"damage_healed":0,"gold_gain":0,"player_choice":"Traded Relic","damage_taken":0,"relics_obtained":["Nloth\u0027s Gift"],"max_hp_gain":0,"max_hp_loss":0,"event_name":"N\u0027loth","floor":30,"relics_lost":["Whetstone"],"gold_loss":0}],"is_beta":false,"boss_relics":[{"not_picked":["SacredBark","Tiny House"],"picked":"SlaversCollar"}],"items_purged_floors":[],"is_endless":false,"potions_floor_spawned":[5,11,16,24,27,31],"killed_by":"Collector","ascension_level":0}}