{"host":"sdjng9zhqonqi3uc","time":1610316414,"event":{"mods":["2.2 Compatiblity","AchievementEnabler","BaseMod","BetterRewards","Clawfect","Colored Powertips","Hero for Fun","Minty Spire (QoL Compilation)","Shop Mod","StSLib","SuperFastMode","Td1madao Mod","The Animator","The Cursed","The Servant 0.9.4"],"gold_per_floor":[112,130,144,155,172,207,207,224,224,224,224],"floor_reached":10,"playtime":416,"items_purged":[],"score":97,"play_id":"b9d57def-7854-4db9-9ff9-4bbfdb76cf18","local_time":"20210110230654","is_ascension_mode":false,"campfire_choices":[{"data":"Clawfect:ScrapingClaw","floor":7,"key":"SMITH"}],"circlet_count":0,"master_deck":["Gash","Gash","Gash","Gash","Gash","Recycle","Stack","Clawfect:ScrapingClaw+1","Conserve Battery","Stack","White Noise","Clawfect:ClawForTheEyes","Clawfect:ClawCell","Clawfect:ClawCell","Clawfect:ClawAndTear","Rainbow"],"relics":["Pandora\u0027s Box","The Courier","Molten Egg 2"],"acts_visited":["Exordium"],"potions_floor_usage":[],"damage_taken":[{"damage":8,"enemies":"Small Slimes","floor":1,"turns":4},{"damage":0,"enemies":"Cultist","floor":2,"turns":4},{"damage":8,"enemies":"2 Louse","floor":3,"turns":3},{"damage":7,"enemies":"Looter","floor":4,"turns":3},{"damage":16,"enemies":"3 Louse","floor":5,"turns":3},{"damage":16,"enemies":"Lagavulin","floor":6,"turns":5},{"damage":16,"enemies":"Large Slime","floor":8,"turns":4},{"damage":1,"enemies":"Gremlin Nob","floor":10,"turns":3}],"seed_played":"5664244362888729399","potions_obtained":[{"floor":2,"key":"AttackPotion"},{"floor":3,"key":"Regen Potion"}],"is_trial":false,"path_per_floor":["M","M","M","M","M","E","R","M","T","E"],"character_chosen":"DEFECT","items_purchased":[],"campfire_rested":0,"item_purchase_floors":[],"current_hp_per_floor":[67,67,59,52,36,20,20,4,4,3,3],"gold":224,"neow_bonus":"BOSS_RELIC","is_daily":false,"chose_seed":false,"campfire_upgraded":1,"win_rate":0.0,"timestamp":1610316414,"path_taken":["M","M","M","M","M","E","R","M","T","E"],"items_purchased_type":[],"build_version":"2020-12-22","purchased_purges":0,"victory":false,"max_hp_per_floor":[75,75,75,75,75,75,75,75,75,75,75],"card_choices":[{"not_picked":["Clawfect:Clawter","BootSequence"],"picked":"White Noise","floor":1},{"not_picked":["Coolheaded","Clawfect:ClawpileDriver"],"picked":"Clawfect:ClawForTheEyes","floor":2},{"not_picked":["Redo","Conserve Battery"],"picked":"Clawfect:ClawCell","floor":3},{"not_picked":["Clawfect:ClawpileDriver","Leap"],"picked":"Clawfect:ClawCell","floor":4},{"not_picked":["Force Field","Clawfect:ClawCell","Conserve Battery"],"picked":"SKIP","floor":5},{"not_picked":["BootSequence","Sunder"],"picked":"Clawfect:ClawAndTear","floor":6},{"not_picked":["Blizzard","Capacitor"],"picked":"Rainbow","floor":8}],"player_experience":303305,"relics_obtained":[{"floor":6,"key":"The Courier"},{"floor":9,"key":"Molten Egg 2"}],"event_choices":[],"is_beta":false,"boss_relics":[],"items_purged_floors":[],"is_endless":false,"potions_floor_spawned":[2,3],"killed_by":"Gremlin Nob","ascension_level":0}}