{"host":"wk46m6kgjezp23jj","time":1610245110,"event":{"mods":["AchievementEnabler","BaseMod","Beaked The Cultist","Bestiary","Colored Map","Colored Powertips","Downfall","Hermit","Minty Spire (QoL Compilation)","Replay The Spire","StSLib","The Bladedancer","The Construct","The Cursed","The Marked","The Servant 0.9.4"],"gold_per_floor":[111,81,81,92,107,123,0,0,0,51,61,11,36,105,105,210,210,230,145,17,17,17,17,49,49,72,91,105,105,119,130,130,229,229,245,257,257,257,257],"floor_reached":38,"playtime":2542,"items_purged":[],"score":344,"play_id":"318e446e-f378-4d59-a6af-077d0c31adda","local_time":"20210109211830","is_ascension_mode":false,"campfire_choices":[{"data":"Replay:SS_forest_6","floor":8,"key":"SMITH"},{"data":"Zap","floor":15,"key":"SMITH"}],"circlet_count":0,"master_deck":["Strike_B","Strike_B","Strike_B","Defend_B","Defend_B","Defend_B","Zap+1","Dualcast","Leap","Rip and Tear","Compile Driver","Cold Snap","Replay:SS_forest_6+1","Doom and Gloom","Lockon","Rainbow","Writhe","Languid","Sweeping Beam","Storm","FTL","FTL","Compile Driver","Redo+1","Injury","Self Repair","Coolheaded+1","Auto Shields+1","Fusion","Coolheaded","AbeCurse","ReplayRNGCard","ReplayTheSpireMod:System Scan+1","BasicCrystalCard+1"],"relics":["Busted Crown","Lantern","Question Card","Mango","construct:FoamFinger","Replay:Ancient Bell","Replay:Baseball","Meat on the Bone","Replay:Multitool","Anchor","Thread and Needle","Replay:Mystery Machine","ReplayTheSpireMod:Lightbulb","construct:WeddingRing"],"acts_visited":["Exordium","TheCity","TheBeyond"],"potions_floor_usage":[13,16,24,33,33,33],"damage_taken":[{"damage":6,"enemies":"Jaw Worm","floor":1,"turns":3},{"damage":1,"enemies":"Cultist","floor":4,"turns":4},{"damage":5,"enemies":"Small Slimes","floor":5,"turns":3},{"damage":0,"enemies":"Exordium Wildlife","floor":6,"turns":3},{"damage":5,"enemies":"Blue Slaver","floor":11,"turns":3},{"damage":23,"enemies":"Gremlin Nob","floor":13,"turns":4},{"damage":39,"enemies":"The Guardian","floor":16,"turns":10},{"damage":3,"enemies":"Shell Parasite","floor":18,"turns":5},{"damage":21,"enemies":"Replay:Snechameleon","floor":24,"turns":7},{"damage":14,"enemies":"Spheric Guardian","floor":27,"turns":4},{"damage":0,"enemies":"Chosen and Byrds","floor":28,"turns":5},{"damage":0,"enemies":"Snake Plant","floor":30,"turns":3},{"damage":3,"enemies":"Cultist and Chosen","floor":31,"turns":5},{"damage":90,"enemies":"Pondfish","floor":33,"turns":25},{"damage":66,"enemies":"3 Darklings","floor":35,"turns":7},{"damage":27,"enemies":"Orb Walker","floor":36,"turns":4},{"damage":69,"enemies":"Jaw Worm Horde","floor":38,"turns":4}],"seed_played":"-2226539849026417165","potions_obtained":[{"floor":5,"key":"BlessingOfTheForge"},{"floor":6,"key":"Flashbang"},{"floor":13,"key":"GamblersBrew"},{"floor":24,"key":"GamblersBrew"},{"floor":27,"key":"Energy Potion"}],"is_trial":false,"path_per_floor":["M","?","?","M","M","M","$","R","T","?","M","$","E","T","R","B",null,"M","?","$","?","?","R","E","?","T","M","M","?","M","M","R_BF","B",null,"M","M","?","M"],"character_chosen":"DEFECT","items_purchased":["Replay:SS_forest_6","Doom and Gloom","AttackPotion","Storm","FTL"],"campfire_rested":0,"item_purchase_floors":[7,7,12,20,20],"current_hp_per_floor":[69,69,57,56,51,51,51,51,51,51,58,58,61,61,61,34,89,86,86,86,69,69,69,60,60,60,58,77,94,94,91,91,20,94,47,51,51,0,0],"gold":257,"neow_bonus":"BOSS_RELIC","is_daily":false,"chose_seed":false,"campfire_upgraded":2,"win_rate":0.0,"timestamp":1610245110,"path_taken":["M","?","?","?","M","M","?","R","T","?","M","?","E","?","R","BOSS","M","?","$","?","?","R","E","?","T","M","?","?","?","M","R_BF","BOSS","M","M","?","M"],"items_purchased_type":["Card","Card","Potion","Card","Card"],"build_version":"2020-12-22","purchased_purges":0,"victory":false,"max_hp_per_floor":[75,75,75,75,75,75,75,75,75,75,75,75,89,89,89,89,89,89,89,89,94,94,94,94,94,94,94,94,94,94,94,94,94,94,94,94,94,94,94],"card_choices":[{"not_picked":[],"picked":"Leap","floor":1},{"not_picked":[],"picked":"Rip and Tear","floor":4},{"not_picked":[],"picked":"Compile Driver","floor":5},{"not_picked":[],"picked":"Cold Snap","floor":6},{"not_picked":["Stack"],"picked":"Lockon","floor":11},{"not_picked":["Panic Button"],"picked":"Consume","floor":13},{"not_picked":["Reboot"],"picked":"Rainbow","floor":16},{"not_picked":["Doubt"],"picked":"ReplayTheSpireMod:Restless Dread","floor":17},{"not_picked":["hexamod:Haunted"],"picked":"Writhe","floor":17},{"not_picked":["AbeCurse"],"picked":"Languid","floor":17},{"not_picked":["Stack"],"picked":"Sweeping Beam","floor":18},{"not_picked":["Machine Learning"],"picked":"Redo+1","floor":24},{"not_picked":["Consume"],"picked":"Self Repair","floor":27},{"not_picked":["Sweeping Beam"],"picked":"Coolheaded+1","floor":28},{"not_picked":["Hologram"],"picked":"Auto Shields+1","floor":30},{"not_picked":["Compile Driver"],"picked":"Fusion","floor":31},{"not_picked":["Multi-Cast"],"picked":"ReplayRNGCard","floor":33},{"not_picked":["BootSequence+1"],"picked":"ReplayTheSpireMod:System Scan+1","floor":35},{"not_picked":["Hologram"],"picked":"BasicCrystalCard+1","floor":36}],"player_experience":27400,"relics_obtained":[{"floor":9,"key":"Question Card"},{"floor":13,"key":"Mango"},{"floor":14,"key":"construct:FoamFinger"},{"floor":24,"key":"Thread and Needle"},{"floor":26,"key":"ReplayTheSpireMod:Lightbulb"}],"event_choices":[{"damage_healed":0,"gold_gain":0,"player_choice":"Left Gold","damage_taken":0,"max_hp_gain":0,"max_hp_loss":0,"event_name":"World of Goop","floor":2,"gold_loss":30},{"damage_healed":0,"gold_gain":0,"player_choice":"Success","damage_taken":12,"relics_obtained":["Lantern"],"max_hp_gain":0,"max_hp_loss":0,"event_name":"Scrap Ooze","floor":3,"gold_loss":0},{"damage_healed":0,"gold_gain":51,"player_choice":"Gained Gold","damage_taken":0,"max_hp_gain":0,"max_hp_loss":0,"event_name":"Golden Wing","floor":10,"gold_loss":0},{"damage_healed":0,"gold_gain":0,"player_choice":"Obtained Relic","damage_taken":0,"relics_obtained":["Anchor"],"max_hp_gain":0,"max_hp_loss":0,"event_name":"Addict","floor":19,"gold_loss":85},{"damage_healed":0,"gold_gain":0,"player_choice":"Shed Blood","damage_taken":22,"max_hp_gain":5,"max_hp_loss":0,"event_name":"Forgotten Altar","floor":21,"gold_loss":0},{"damage_healed":0,"gold_gain":0,"cards_transformed":["Strike_B"],"player_choice":"Transformed","damage_taken":0,"max_hp_gain":0,"max_hp_loss":0,"event_name":"Transmorgrifier","floor":22,"gold_loss":0,"cards_obtained":["Compile Driver"]},{"cards_removed":["ReplayTheSpireMod:Restless Dread"],"damage_healed":0,"gold_gain":0,"player_choice":"Purged","damage_taken":0,"max_hp_gain":0,"max_hp_loss":0,"event_name":"Purifier","floor":23,"gold_loss":0},{"cards_removed":["Consume"],"damage_healed":17,"gold_gain":0,"player_choice":"Offered Uncommon","damage_taken":0,"max_hp_gain":0,"max_hp_loss":0,"event_name":"Bonfire Elementals","floor":29,"gold_loss":0},{"damage_healed":0,"gold_gain":0,"player_choice":"Ignored","damage_taken":0,"max_hp_gain":0,"max_hp_loss":0,"event_name":"Tomb of Lord Red Mask","floor":37,"gold_loss":0}],"is_beta":false,"boss_relics":[{"not_picked":["Coffee Dripper","beaked:SacredDeck"],"picked":"Replay:Ancient Bell"},{"not_picked":["Gremlin Food","Replay:Wax Seal"],"picked":"Replay:Baseball"},{"not_picked":["ReplayTheSpireMod:Shallot","Kunai"],"picked":"Meat on the Bone"},{"not_picked":["Unceasing Top","Old Coin"],"picked":"Replay:Multitool"},{"not_picked":["construct:ClawGrip","Sozu"],"picked":"construct:WeddingRing"}],"items_purged_floors":[],"is_endless":false,"potions_floor_spawned":[5,6,13,24,27,28],"killed_by":"Jaw Worm Horde","ascension_level":0}}