{"host":"z9grmtg2w0nmz8n1","time":1610246095,"event":{"mods":["Aspiration","Bard","BaseMod","Beaked The Cultist","Better Altar","Better Match","Better Note","Better Sensory Stone","Better Skull","Better Third Choice","BetterRewards","CCEM","Colored Map","Conspire","Downfall","GifTheSpireLib","Googly Eyes","Halation","Hermit","Highlight Path","Hubris","Hunter ??","Jedi Mod","Jorbs\u0027s Wanderer Trilogy","Mad Scientist","Marisa????????","Minty Spire (QoL Compilation)","Permanent Neow","Replay The Spire","Shade Mod","Shop Mod","Spicy Shops","StSLib","Stuff the Spire","The Bug Knight","The Construct","The Necromancer","The Runesmith","The Witch"],"gold_per_floor":[109,218,234,184,184,201,229,242,242,242,253,253,124,136,136,240,240,260,15,15,34,34,34,44,70,95,112,132,165,165,181,181,284,284,302,320,320,195,210,244,244,244,268,303,303,303],"floor_reached":45,"playtime":1869,"items_purged":["Strike_G","Strike_G","Strike_G+1"],"score":567,"play_id":"87a96627-65c1-4e10-a29d-2f152e2a8a5a","local_time":"20210110003455","is_ascension_mode":true,"campfire_choices":[{"floor":10,"key":"RECALL"},{"floor":12,"key":"REST"},{"data":"Noxious Fumes","floor":15,"key":"SMITH"},{"data":"Noxious Fumes","floor":23,"key":"SMITH"},{"floor":30,"key":"REST"},{"floor":32,"key":"REST"},{"data":"jedi:collectorvenom","floor":42,"key":"SMITH"}],"circlet_count":0,"master_deck":["Defend_G","Defend_G","Defend_G","Defend_G","Defend_G","Survivor","Neutralize","Dash+1","All Out Attack+1","Cloak And Dagger","jedi:collectorvenom+1","Deadly Poison","Noxious Fumes+1","Noxious Fumes+1"],"relics":["Ring of the Snake","aspiration:DSix","Anchor","Basket Of Snakes","Ring of Chaos","Replay:Mystery Machine","hubris:PeanutButter","Whetstone","Runesmith:UraniumAnvil","aspiration:Lifesprig","StoneCalendar","halation:PapillonHeart","hubris:ToyBattleship"],"acts_visited":["Exordium","TheCity","TheBeyond"],"potions_floor_usage":[11,16,16,18,27],"damage_taken":[{"damage":0,"enemies":"2 Louse","floor":1,"turns":4},{"damage":1,"enemies":"Cultist","floor":3,"turns":5},{"damage":0,"enemies":"Small Slimes","floor":6,"turns":3},{"damage":29,"enemies":"Gremlin Nob","floor":7,"turns":7},{"damage":0,"enemies":"2 Fungi Beasts","floor":8,"turns":3},{"damage":0,"enemies":"Exordium Thugs","floor":11,"turns":5},{"damage":0,"enemies":"Red Slaver","floor":14,"turns":2},{"damage":31,"enemies":"Fading Forest","floor":16,"turns":11},{"damage":0,"enemies":"3 Byrds","floor":18,"turns":3},{"damage":5,"enemies":"2 Thieves","floor":21,"turns":4},{"damage":7,"enemies":"Shelled Parasite and Fungi","floor":24,"turns":5},{"damage":25,"enemies":"Book of Stabbing","floor":25,"turns":8},{"damage":0,"enemies":"Centurion and Healer","floor":27,"turns":6},{"damage":13,"enemies":"Snake Plant","floor":28,"turns":6},{"damage":14,"enemies":"Gremlin Leader","floor":29,"turns":5},{"damage":0,"enemies":"Shelled Parasite and Fungi","floor":31,"turns":4},{"damage":45,"enemies":"Champ","floor":33,"turns":12},{"damage":0,"enemies":"3 Shapes","floor":35,"turns":4},{"damage":0,"enemies":"Orb Walker","floor":36,"turns":3},{"damage":9,"enemies":"Maw","floor":39,"turns":6},{"damage":19,"enemies":"Nemesis","floor":40,"turns":5},{"damage":33,"enemies":"Reptomancer","floor":44,"turns":5},{"damage":10,"enemies":"Sphere and 2 Shapes","floor":45,"turns":3}],"seed_played":"1281325805066818003","potions_obtained":[{"floor":6,"key":"LiquidBronze"},{"floor":7,"key":"BlessingOfTheForge"},{"floor":8,"key":"Swift Potion"},{"floor":16,"key":"LiquidBronze"},{"floor":18,"key":"construct:ShiftPotion"},{"floor":25,"key":"Block Potion"},{"floor":28,"key":"champ:CounterPotion"},{"floor":31,"key":"SneckoOil"},{"floor":44,"key":"Strength Potion"}],"is_trial":false,"path_per_floor":["M","?","M","?","?","M","E","M","T","R","M","R","$","M","R","B",null,"M","$","?","M","$","R","M","E","T","M","M","E","R","M","R","B",null,"M","M","?","$","M","E","?","R","T","E","M"],"character_chosen":"THE_SILENT","items_purchased":["Deadly Poison","Noxious Fumes","Replay:Mystery Machine"],"campfire_rested":3,"item_purchase_floors":[13,19,19],"current_hp_per_floor":[70,39,38,38,38,38,9,9,9,9,9,30,30,30,30,19,70,70,70,70,65,65,65,58,33,33,33,20,6,27,27,48,3,70,70,70,70,70,61,42,42,42,42,9,0,0],"gold":303,"neow_bonus":"DSIX","is_daily":false,"chose_seed":false,"campfire_upgraded":3,"win_rate":0.0,"timestamp":1610246095,"path_taken":["M","?","?","?","?","M","E","M","T","R","?","R","$","M","R","BOSS","M","$","?","?","?","R","M","E","T","M","M","E","R","M","R","BOSS","M","M","?","$","?","E","?","R","T","E","M"],"items_purchased_type":["Card","Card","Relic"],"build_version":"2020-12-22","purchased_purges":3,"victory":false,"max_hp_per_floor":[70,70,70,70,70,70,70,70,70,70,70,70,70,70,70,70,70,70,70,70,70,70,70,70,70,70,70,70,70,70,70,70,70,70,70,70,70,70,70,70,66,66,66,66,66,66],"card_choices":[{"not_picked":["Dagger Throw","Dagger Spray"],"picked":"Dash","floor":1},{"not_picked":["hubris:SlightOfHand","hubris:Counter"],"picked":"All Out Attack","floor":3},{"not_picked":["StuffTheSpire:BumpUp","Slice"],"picked":"Cloak And Dagger","floor":6},{"not_picked":["Unload","Blur"],"picked":"jedi:collectorvenom","floor":7},{"not_picked":["Blade Dance","Slice"],"picked":"jedi:collectorvenom","floor":8},{"not_picked":["Hidden Blade","Endless Agony"],"picked":"jedi:collectorvenom","floor":11},{"not_picked":["Slice","jedi:collectorvenom"],"picked":"Noxious Fumes","floor":14},{"not_picked":["StuffTheSpire:BumpUp","jedi:acidrain"],"picked":"jedi:collectorvenom","floor":18},{"not_picked":["StuffTheSpire:Repulse+1","Dodge and Roll","Acrobatics"],"picked":"SKIP","floor":21},{"not_picked":["Quick Slash+1","Flying Knee"],"picked":"jedi:collectorvenom","floor":24},{"not_picked":["Tactician+1","Replay:Bag of Tricks"],"picked":"jedi:collectorvenom","floor":25},{"not_picked":["Poisoned Stab","Setup"],"picked":"jedi:collectorvenom","floor":27},{"not_picked":["Deflect","Outmaneuver"],"picked":"jedi:collectorvenom","floor":28},{"not_picked":["Dagger Spray","Caltrops"],"picked":"jedi:collectorvenom","floor":29},{"not_picked":["Poisoned Stab","jedi:unstablefumes+1"],"picked":"jedi:collectorvenom","floor":31},{"not_picked":["jedi:studyshivs","Die Die Die"],"picked":"jedi:collectorvenom","floor":33},{"not_picked":["Dagger Throw+1","Terror+1"],"picked":"jedi:collectorvenom","floor":35},{"not_picked":["ReplayTheSpireMod:Exploit Weakness+1","Hidden Blade"],"picked":"jedi:collectorvenom","floor":36},{"not_picked":["StuffTheSpire:ClusterCrunch+1","Crippling Poison"],"picked":"jedi:collectorvenom","floor":39},{"not_picked":["ReplayTheSpireMod:Exploit Weakness+1","Deflect"],"picked":"jedi:collectorvenom","floor":40},{"not_picked":["Slice","jedi:unstablefumes"],"picked":"jedi:collectorvenom+1","floor":44}],"player_experience":826914,"relics_obtained":[{"floor":7,"key":"Basket Of Snakes"},{"floor":25,"key":"hubris:PeanutButter"},{"floor":29,"key":"Whetstone"},{"floor":40,"key":"StoneCalendar"},{"floor":43,"key":"hubris:ToyBattleship"}],"event_choices":[{"damage_healed":0,"gold_gain":109,"player_choice":"GO UP RE ","damage_taken":36,"relics_obtained":["Anchor"],"max_hp_gain":0,"max_hp_loss":0,"event_name":"betterSkull:BetterSkull","floor":2,"gold_loss":0,"cards_upgraded":["Dash"]},{"cards_removed":["Strike_G"],"damage_healed":0,"gold_gain":0,"player_choice":"Card Removal","damage_taken":0,"max_hp_gain":0,"max_hp_loss":0,"event_name":"The Cleric","floor":4,"gold_loss":50},{"cards_removed":["Strike_G"],"damage_healed":0,"gold_gain":0,"player_choice":"Offered Basic","damage_taken":0,"max_hp_gain":0,"max_hp_loss":0,"event_name":"Bonfire Elementals","floor":5,"gold_loss":0},{"cards_removed":["Strike_G"],"damage_healed":0,"gold_gain":0,"player_choice":"Give","damage_taken":0,"max_hp_gain":0,"max_hp_loss":0,"event_name":"betterNote:BetterNote","floor":20,"gold_loss":0,"cards_obtained":["Strike_B"]},{"damage_healed":0,"gold_gain":0,"player_choice":"Gave Potion","damage_taken":0,"relics_obtained":["aspiration:Lifesprig"],"max_hp_gain":0,"max_hp_loss":0,"event_name":"WeMeetAgain","floor":37,"gold_loss":0}],"is_beta":false,"boss_relics":[{"not_picked":["CCEMRelics:TransientCore","halation:LoveArrow"],"picked":"Ring of Chaos"},{"not_picked":["Snecko Scales","Abe\u0027s Treasure"],"picked":"Runesmith:UraniumAnvil"}],"items_purged_floors":[13,19,38],"is_endless":false,"potions_floor_spawned":[6,7,8,16,18,25,28,31,44],"killed_by":"Sphere and 2 Shapes","ascension_level":1}}