{"host":"8i4doyxqctgl5qb0","time":1610299010,"event":{"mods":["AchievementEnabler","BaseMod","Block Reminder","Colored Powertips","Downfall","Minty Spire (QoL Compilation)","Permanent Neow","Potion Indicator Mod","Rare Cards Sparkle","StSLib","SuperFastMode"],"gold_per_floor":[199,216,229,229,246,258,258,258,258,277,377,394,63,76,87,189,189,189,201,201,212,212,212,212,212,232,232,252,252,66,85,103,208,208,208,221,246,268,268,268,294,318,318,318,343,401,401,14,33,33,33,33],"floor_reached":50,"playtime":2348,"items_purged":["hexamod:Strike","Shame"],"score":540,"play_id":"04a6df70-9a89-449b-a337-482fcb680f5a","local_time":"20210111011650","is_ascension_mode":false,"campfire_choices":[{"data":"hexamod:Sear","floor":1.0,"key":"SMITH"},{"data":"hexamod:Hexaguard","floor":9.0,"key":"SMITH"},{"data":"hexamod:VolcanoVisage","floor":18.0,"key":"SMITH"},{"data":"hexamod:VolcanoVisage","floor":23.0,"key":"SMITH"},{"data":"J.A.X.","floor":25.0,"key":"SMITH"},{"floor":27.0,"key":"REST"},{"data":"hexamod:VolcanoVisage","floor":35.0,"key":"SMITH"},{"floor":40.0,"key":"REST"},{"floor":43,"key":"REST"},{"floor":47,"key":"REST"}],"circlet_count":0,"master_deck":["hexamod:Strike","hexamod:Strike+1","hexamod:Defend+1","hexamod:Defend","hexamod:Defend+1","hexamod:Defend+1","hexamod:Sear+1","hexamod:Float+1","hexamod:Hexaguard+1","hexamod:Hexaguard","hexamod:StepThrough","hexamod:ExtraCrispy","hexamod:ThermalTransfer","hexamod:VolcanoVisage+1","hexamod:BurningTouch","hexamod:RadiantFlame+1","hexamod:ChargedBarrage+1","hexamod:VolcanoVisage+1","hexamod:ShieldOfDarkness+1","hexamod:PhantomFireball+1","J.A.X.+1","hexamod:BurningTouch+1","hexamod:SixthSeal","hexamod:SecondSeal","hexamod:HeatCrush","hexamod:BurningTouch","hexamod:PowerFromBeyond+1","hexamod:VolcanoVisage+1","hexamod:RainOfEmbers+1","hexamod:HeatCrush","hexamod:Hexaguard+1","hexamod:FlamesFromBeyond+1","hexamod:AdvancingGuard+1","hexamod:BurningTouch","hexamod:Toasty","hexamod:HexaLevel","hexamod:RecurringNightmare+1"],"relics":["hexamod:SpiritBrand","Gambling Chip","Pocketwatch","Regal Pillow","SacredBark","Du-Vu Doll","Sundial","Philosopher\u0027s Stone","War Paint","TungstenRod","Turnip"],"acts_visited":["Exordium","TheCity","TheBeyond"],"potions_floor_usage":[45],"damage_taken":[{"damage":2.0,"enemies":"2 Louse","floor":2.0,"turns":3.0},{"damage":0.0,"enemies":"Jaw Worm","floor":3.0,"turns":3.0},{"damage":0.0,"enemies":"Cultist","floor":5.0,"turns":3.0},{"damage":0.0,"enemies":"Red Slaver","floor":6.0,"turns":3.0},{"damage":3.0,"enemies":"2 Fungi Beasts","floor":10.0,"turns":3.0},{"damage":1.0,"enemies":"Blue Slaver","floor":12.0,"turns":3.0},{"damage":0.0,"enemies":"downfall:FleeingMerchant","floor":13.0,"turns":4.0},{"damage":7.0,"enemies":"Lots of Slimes","floor":14.0,"turns":4.0},{"damage":0.0,"enemies":"Red Slaver","floor":15.0,"turns":3.0},{"damage":29.0,"enemies":"downfall:Silent","floor":16.0,"turns":7.0},{"damage":0.0,"enemies":"Chosen","floor":19.0,"turns":4.0},{"damage":21.0,"enemies":"Snake Plant","floor":21.0,"turns":6.0},{"damage":6.0,"enemies":"3 Cultists","floor":26.0,"turns":4.0},{"damage":10.0,"enemies":"Shelled Parasite and Fungi","floor":28.0,"turns":6.0},{"damage":0.0,"enemies":"downfall:FleeingMerchant","floor":30.0,"turns":4.0},{"damage":3.0,"enemies":"Chosen and Byrds","floor":31.0,"turns":6.0},{"damage":14.0,"enemies":"Centurion and Healer","floor":32.0,"turns":5.0},{"damage":28.0,"enemies":"downfall:Ironclad","floor":33.0,"turns":7.0},{"damage":8.0,"enemies":"3 Darklings","floor":36.0,"turns":5.0},{"damage":7.0,"enemies":"Orb Walker","floor":37.0,"turns":3.0},{"damage":27.0,"enemies":"Writhing Mass","floor":38.0,"turns":6.0},{"damage":40,"enemies":"4 Shapes","floor":42,"turns":5},{"damage":22,"enemies":"Sphere and 2 Shapes","floor":45,"turns":5},{"damage":18,"enemies":"Mind Bloom Boss Battle","floor":46,"turns":5},{"damage":0,"enemies":"downfall:FleeingMerchant","floor":48,"turns":4},{"damage":32,"enemies":"Spire Growth","floor":49,"turns":6},{"damage":66,"enemies":"downfall:Watcher","floor":50,"turns":6}],"seed_played":"5024439329910784061","potions_obtained":[{"floor":5.0,"key":"Fire Potion"},{"floor":12.0,"key":"EssenceOfSteel"},{"floor":14.0,"key":"Regen Potion"},{"floor":15.0,"key":"CultistPotion"},{"floor":29.0,"key":"EntropicBrew"},{"floor":36.0,"key":"DuplicationPotion"},{"floor":45,"key":"Fruit Juice"}],"is_trial":false,"path_per_floor":["R","M","M","?","M","M","T","?","R","M","?","M","$","M","M","B",null,"R","M","?","M","?","R","T","R","M","R","M","?","$","M","M","B",null,"R","M","M","M","?","R","T","M","R","?","M","?","R","$","M","B"],"character_chosen":"THE_SPIRIT","items_purchased":["Regal Pillow","Fruit Juice","hexamod:HeatCrush","Turnip","hexamod:HexaLevel"],"campfire_rested":4,"item_purchase_floors":[13,13,30,48,48],"current_hp_per_floor":[70,68,68,61,61,61,61,61,61,58,58,57,62,55,55,26,75,75,75,75,54,54,54,54,54,48,75,65,65,65,62,48,65,75,75,67,60,33,33,70,70,30,67,67,55,37,77,77,45,0,0,0],"gold":33,"neow_bonus":"HUNDRED_GOLD","is_daily":false,"chose_seed":false,"campfire_upgraded":6,"win_rate":0.0,"timestamp":1610299010,"path_taken":["R","M","M","?","M","M","T","?","R","M","?","M","?","?","M","BOSS","R","M","?","M","?","R","T","R","M","R","M","?","$","M","M","BOSS","R","M","M","M","?","R","T","?","R","?","M","?","R","?","M","BOSS"],"items_purchased_type":["Relic","Potion","Card","Relic","Card"],"build_version":"2020-12-22","purchased_purges":2,"victory":false,"max_hp_per_floor":[70,70,70,70,70,70,70,70,70,70,70,70,75,75,75,75,75,75,75,75,75,75,75,75,75,75,75,75,75,75,75,75,75,75,75,75,75,75,75,75,75,75,75,75,85,85,85,85,85,85,85,85],"card_choices":[{"not_picked":["hexamod:HeatMetal","hexamod:FastForward"],"picked":"hexamod:Hexaguard","floor":2.0},{"not_picked":["hexamod:RainOfEmbers","hexamod:BurningTouch"],"picked":"hexamod:Hexaguard","floor":3.0},{"not_picked":["hexamod:GhostShield","hexamod:SpectersWail"],"picked":"hexamod:StepThrough","floor":5.0},{"not_picked":["hexamod:ShieldOfDarkness","hexamod:Firestarter"],"picked":"hexamod:ExtraCrispy","floor":6.0},{"not_picked":["hexamod:GhostOfSpirePast","hexamod:SwordOfDarkness"],"picked":"hexamod:ThermalTransfer","floor":10.0},{"not_picked":["hexamod:SwordOfDarkness","hexamod:DynamicBlow"],"picked":"hexamod:VolcanoVisage","floor":12.0},{"not_picked":["hexamod:SwordOfDarkness","hexamod:ThermalTransfer"],"picked":"hexamod:BurningTouch","floor":13.0},{"not_picked":["hexamod:GhostShield","hexamod:RecurringNightmare"],"picked":"hexamod:RadiantFlame","floor":14.0},{"not_picked":["hexamod:HeatShield","hexamod:GhostLash"],"picked":"hexamod:ChargedBarrage","floor":15.0},{"not_picked":["hexamod:FifthSeal","hexamod:UnleashSpirits"],"picked":"hexamod:VolcanoVisage","floor":16.0},{"not_picked":["hexamod:NightmareStrike+1","hexamod:GhostLash"],"picked":"hexamod:ShieldOfDarkness","floor":19.0},{"not_picked":["hexamod:NightmareGuise","hexamod:Firestarter"],"picked":"hexamod:PhantomFireball+1","floor":21.0},{"not_picked":["hexamod:GhostOfSpireFuture","hexamod:NightmareGuise"],"picked":"hexamod:BurningTouch+1","floor":26.0},{"not_picked":["hexamod:GhostLash","hexamod:FastForward"],"picked":"hexamod:SixthSeal","floor":28.0},{"not_picked":["hexamod:NightmareStrike+1","hexamod:HeatMetal"],"picked":"hexamod:SecondSeal","floor":30.0},{"not_picked":["hexamod:SuperheatedStrike","hexamod:SpectersWail"],"picked":"hexamod:BurningTouch","floor":31.0},{"not_picked":["hexamod:Firestarter+1","hexamod:ThermalTransfer"],"picked":"hexamod:PowerFromBeyond+1","floor":32.0},{"not_picked":["hexamod:HexaLevel","hexamod:TimeWarp"],"picked":"hexamod:VolcanoVisage","floor":33.0},{"not_picked":["hexamod:NightmareGuise+1","hexamod:EmpoweredFlame+1"],"picked":"hexamod:RainOfEmbers+1","floor":36.0},{"not_picked":["hexamod:Firestarter+1","hexamod:GhostLash+1"],"picked":"hexamod:HeatCrush","floor":37.0},{"not_picked":["hexamod:GhostOfSpirePresent+1","hexamod:AdvancingGuard"],"picked":"hexamod:Hexaguard+1","floor":38.0},{"not_picked":["hexamod:SoulSteal+1","hexamod:SpectersWail+1"],"picked":"hexamod:FlamesFromBeyond","floor":42},{"not_picked":["hexamod:SpectralSpark","hexamod:NightmareStrike"],"picked":"hexamod:AdvancingGuard+1","floor":45},{"not_picked":["hexamod:SoulSteal","hexamod:FirstSeal"],"picked":"hexamod:BurningTouch","floor":46},{"not_picked":["hexamod:ShieldOfDarkness+1","hexamod:SuperheatedStrike"],"picked":"hexamod:Toasty","floor":48},{"not_picked":["hexamod:Haunt+1","hexamod:DynamicBlow+1"],"picked":"hexamod:RecurringNightmare+1","floor":49}],"player_experience":144413,"relics_obtained":[{"floor":7.0,"key":"Pocketwatch"},{"floor":24.0,"key":"Sundial"},{"floor":41.0,"key":"War Paint"},{"floor":46,"key":"TungstenRod"}],"event_choices":[{"damage_healed":0.0,"max_hp_gain":0.0,"max_hp_loss":0.0,"gold_gain":0.0,"event_name":"Scrap Ooze","player_choice":"Success","floor":4.0,"gold_loss":0.0,"damage_taken":7.0,"relics_obtained":["Gambling Chip"]},{"damage_healed":0.0,"max_hp_gain":0.0,"max_hp_loss":0.0,"gold_gain":0.0,"event_name":"Addict","player_choice":"Stole Relic","floor":20.0,"gold_loss":0.0,"damage_taken":0.0,"relics_obtained":["Du-Vu Doll"],"cards_obtained":["Shame"]},{"damage_healed":0.0,"max_hp_gain":0.0,"max_hp_loss":0.0,"gold_gain":0.0,"event_name":"Drug Dealer","player_choice":"Obtain J.A.X.","floor":22.0,"gold_loss":0.0,"damage_taken":0.0,"cards_obtained":["J.A.X."]},{"damage_healed":0.0,"max_hp_gain":0.0,"max_hp_loss":0.0,"gold_gain":0.0,"event_name":"Lab","player_choice":"Got Potions","floor":29.0,"gold_loss":0.0,"damage_taken":0.0},{"cards_removed":["hexamod:Strike"],"damage_healed":0.0,"max_hp_gain":0.0,"max_hp_loss":0.0,"gold_gain":0.0,"event_name":"Purifier","player_choice":"Purged","floor":39.0,"gold_loss":0.0,"damage_taken":0.0}],"is_beta":false,"boss_relics":[{"not_picked":["Empty Cage","downfall:Hecktoplasm"],"picked":"SacredBark"},{"not_picked":["Busted Crown","Astrolabe"],"picked":"Philosopher\u0027s Stone"}],"items_purged_floors":[13,30],"is_endless":false,"potions_floor_spawned":[5,12,14,15,16,21,28,32,36,45],"killed_by":"downfall:Watcher","ascension_level":0}}