{"host":"uzcks4yhskks9i02","time":1610244613,"event":{"mods":["BaseMod","Minty Spire (QoL Compilation)","Quick Restart"],"gold_per_floor":[117,136,411,174,174,208,220,254,254,274,104,121,121,148,148,227,227,246,280,300,310,321,321,596,596,619,619,634,480,480,491,491,570,570,589,607,623,637,637,668,668,687,687,687,700,729,746,127,127,127],"floor_reached":51,"playtime":2599,"items_purged":["Regret","Regret","Defend_R"],"score":1315,"play_id":"15446c8a-78ad-40b2-a266-2254e333ea11","local_time":"20210109191013","is_ascension_mode":true,"campfire_choices":[{"floor":13.0,"key":"REST"},{"floor":15.0,"key":"DIG"},{"floor":23.0,"key":"DIG"},{"floor":25.0,"key":"DIG"},{"floor":27.0,"key":"DIG"},{"floor":30.0,"key":"DIG"},{"floor":32.0,"key":"DIG"},{"floor":41.0,"key":"DIG"},{"floor":44.0,"key":"DIG"},{"floor":49.0,"key":"DIG"}],"circlet_count":0,"master_deck":["AscendersBane","Strike_R","Strike_R","Strike_R","Strike_R","Strike_R","Defend_R","Defend_R+1","Bash","Intimidate","Spot Weakness","Inflame","Uppercut","Warcry","Infernal Blade","Sword Boomerang","Thunderclap","Corruption","Sword Boomerang","Hemokinesis","Reaper","CurseOfTheBell","Pommel Strike+1","Pummel+1","Flex+1","Pommel Strike+1","Perfected Strike+1","Heavy Blade+1","Sword Boomerang+1","Reaper+1","Rage+1","Disarm+1","Metallicize","Clothesline+1","Uppercut+1","Battle Trance","Exhume","Uppercut+1","Heavy Blade+1"],"relics":["Burning Blood","Sundial","Thread and Needle","Ice Cream","Shovel","Orichalcum","Smiling Mask","Calipers","Calling Bell","Bag of Preparation","Molten Egg 2","Magic Flower","Red Mask","StrikeDummy","Bronze Scales","MealTicket","Akabeko","Tiny Chest","Dream Catcher","SlaversCollar","Anchor","Vajra","Paper Frog","Bag of Marbles","War Paint","CaptainsWheel","Medical Kit","Pen Nib"],"acts_visited":["Exordium","TheCity","TheBeyond"],"potions_floor_usage":[50,50],"damage_taken":[{"damage":15.0,"enemies":"Cultist","floor":1.0,"turns":5.0},{"damage":11.0,"enemies":"Small Slimes","floor":2.0,"turns":4.0},{"damage":42.0,"enemies":"3 Sentries","floor":6.0,"turns":7.0},{"damage":0.0,"enemies":"Jaw Worm","floor":7.0,"turns":3.0},{"damage":16.0,"enemies":"Lagavulin","floor":8.0,"turns":6.0},{"damage":0.0,"enemies":"Looter","floor":10.0,"turns":3.0},{"damage":0.0,"enemies":"Gremlin Gang","floor":12.0,"turns":5.0},{"damage":6.0,"enemies":"Gremlin Nob","floor":14.0,"turns":4.0},{"damage":21.0,"enemies":"Hexaghost","floor":16.0,"turns":7.0},{"damage":14.0,"enemies":"Spheric Guardian","floor":18.0,"turns":4.0},{"damage":26.0,"enemies":"Masked Bandits","floor":19.0,"turns":5.0},{"damage":4.0,"enemies":"3 Byrds","floor":20.0,"turns":5.0},{"damage":16.0,"enemies":"Cultist and Chosen","floor":21.0,"turns":5.0},{"damage":22.0,"enemies":"Shelled Parasite and Fungi","floor":22.0,"turns":5.0},{"damage":9.0,"enemies":"Centurion and Healer","floor":28.0,"turns":3.0},{"damage":15.0,"enemies":"3 Cultists","floor":31.0,"turns":5.0},{"damage":67.0,"enemies":"Automaton","floor":33.0,"turns":8.0},{"damage":23.0,"enemies":"3 Shapes","floor":35.0,"turns":6.0},{"damage":23.0,"enemies":"3 Darklings","floor":36.0,"turns":4.0},{"damage":9.0,"enemies":"4 Shapes","floor":37.0,"turns":5.0},{"damage":16.0,"enemies":"Jaw Worm Horde","floor":38.0,"turns":4.0},{"damage":20.0,"enemies":"Nemesis","floor":40.0,"turns":7.0},{"damage":12.0,"enemies":"Sphere and 2 Shapes","floor":42.0,"turns":4.0},{"damage":13.0,"enemies":"4 Shapes","floor":45.0,"turns":5.0},{"damage":36.0,"enemies":"Giant Head","floor":46.0,"turns":7.0},{"damage":0.0,"enemies":"Jaw Worm Horde","floor":47.0,"turns":2.0},{"damage":46,"enemies":"Donu and Deca","floor":50,"turns":7}],"seed_played":"-1733021747503448391","potions_obtained":[{"floor":1.0,"key":"Ancient Potion"},{"floor":2.0,"key":"Weak Potion"},{"floor":7.0,"key":"BlessingOfTheForge"},{"floor":18.0,"key":"Dexterity Potion"},{"floor":33.0,"key":"Regen Potion"},{"floor":35.0,"key":"DuplicationPotion"}],"is_trial":false,"path_per_floor":["M","M","?","$","?","E","M","E","T","M","$","M","R","E","R","B",null,"M","?","M","M","M","R","?","R","T","R","M","$","R","M","R","B",null,"M","M","M","M","?","E","R","M","T","R","M","E","M","$","R","B",null],"character_chosen":"IRONCLAD","items_purchased":["Inflame","Uppercut","Warcry","Orichalcum","Sword Boomerang","CultistPotion","CaptainsWheel","Uppercut+1","Heavy Blade+1","Medical Kit"],"campfire_rested":1,"item_purchase_floors":[4,4,4,11,11,29,48,48,48,48],"current_hp_per_floor":[71,66,66,66,63,27,33,23,23,29,29,35,61,61,61,46,78,73,67,72,74,78,78,78,78,78,78,78,88,88,82,82,62,82,68,82,82,75,75,77,77,83,83,83,88,61,70,85,85,77],"gold":127,"neow_bonus":"TEN_PERCENT_HP_BONUS","is_daily":false,"chose_seed":false,"campfire_upgraded":0,"win_rate":0.0,"timestamp":1610244613,"path_taken":["M","?","?","?","?","E","M","E","T","M","$","M","R","E","R","BOSS","M","?","M","M","M","R","?","R","T","R","?","$","R","M","R","BOSS","M","M","M","M","?","E","R","M","T","R","?","E","M","$","R","BOSS"],"items_purchased_type":["Card","Card","Card","Relic","Card","Potion","Relic","Card","Card","Relic"],"build_version":"2020-12-22","purchased_purges":3,"victory":true,"max_hp_per_floor":[88,88,88,88,88,88,88,88,88,88,88,88,88,88,88,88,88,88,88,88,88,88,88,88,88,88,88,88,88,88,88,88,88,88,88,88,88,88,88,88,88,88,88,88,88,88,88,88,88,88],"card_choices":[{"not_picked":["Seeing Red","Heavy Blade"],"picked":"Intimidate","floor":1.0},{"not_picked":["Havoc","Feel No Pain"],"picked":"Spot Weakness","floor":2.0},{"not_picked":["Iron Wave","Perfected Strike"],"picked":"Infernal Blade","floor":6.0},{"not_picked":["Flex","Entrench"],"picked":"Sword Boomerang","floor":7.0},{"not_picked":["Havoc","Dropkick"],"picked":"Thunderclap","floor":8.0},{"not_picked":["Pummel","Ghostly Armor"],"picked":"Corruption","floor":10.0},{"not_picked":["Dual Wield","Combust","True Grit"],"picked":"SKIP","floor":12.0},{"not_picked":["Sentinel","Dropkick"],"picked":"Hemokinesis","floor":14.0},{"not_picked":["Immolate","Impervious"],"picked":"Reaper","floor":16.0},{"not_picked":["Perfected Strike+1","Wild Strike+1"],"picked":"Pommel Strike+1","floor":18.0},{"not_picked":["Searing Blow+1","Sever Soul+1"],"picked":"Pummel+1","floor":19.0},{"not_picked":["Ghostly Armor","Rage"],"picked":"Flex","floor":20.0},{"not_picked":["Bloodletting","Dual Wield"],"picked":"Pommel Strike+1","floor":21.0},{"not_picked":["Pommel Strike+1","Twin Strike+1"],"picked":"Perfected Strike+1","floor":22.0},{"not_picked":["Clothesline+1","Searing Blow+1"],"picked":"Heavy Blade+1","floor":28.0},{"not_picked":["Evolve+1","Ghostly Armor"],"picked":"Sword Boomerang+1","floor":31.0},{"not_picked":["Impervious","Offering"],"picked":"Reaper+1","floor":33.0},{"not_picked":["Havoc","True Grit"],"picked":"Rage+1","floor":35.0},{"not_picked":["True Grit","Searing Blow+1"],"picked":"Disarm+1","floor":36.0},{"not_picked":["Wild Strike+1","Feel No Pain"],"picked":"Metallicize","floor":37.0},{"not_picked":["Clash+1","Pommel Strike+1"],"picked":"Clothesline+1","floor":38.0},{"not_picked":["Rupture+1","Shockwave","Intimidate"],"picked":"SKIP","floor":40.0},{"not_picked":["Sword Boomerang+1","Body Slam+1"],"picked":"Uppercut+1","floor":42.0},{"not_picked":["Anger+1","Havoc"],"picked":"Battle Trance","floor":45.0},{"not_picked":["Twin Strike+1","Rage"],"picked":"Exhume","floor":46.0},{"not_picked":["Rupture","Intimidate","Searing Blow+1"],"picked":"SKIP","floor":47.0}],"player_experience":492680,"relics_obtained":[{"floor":6.0,"key":"Thread and Needle"},{"floor":8.0,"key":"Ice Cream"},{"floor":9.0,"key":"Shovel"},{"floor":14.0,"key":"Smiling Mask"},{"floor":15.0,"key":"Calipers"},{"floor":17.0,"key":"Bag of Preparation"},{"floor":17.0,"key":"Molten Egg 2"},{"floor":17.0,"key":"Magic Flower"},{"floor":19.0,"key":"Red Mask"},{"floor":23.0,"key":"StrikeDummy"},{"floor":25.0,"key":"Bronze Scales"},{"floor":26.0,"key":"MealTicket"},{"floor":27.0,"key":"Akabeko"},{"floor":30.0,"key":"Tiny Chest"},{"floor":32.0,"key":"Dream Catcher"},{"floor":40.0,"key":"Anchor"},{"floor":41.0,"key":"Vajra"},{"floor":43.0,"key":"Paper Frog"},{"floor":44.0,"key":"Bag of Marbles"},{"floor":46.0,"key":"War Paint"},{"floor":49.0,"key":"Pen Nib"}],"event_choices":[{"damage_healed":0.0,"max_hp_gain":0.0,"max_hp_loss":0.0,"gold_gain":275.0,"event_name":"Golden Shrine","player_choice":"Desecrate","floor":3.0,"gold_loss":0.0,"damage_taken":0.0,"cards_obtained":["Regret"]},{"damage_healed":0.0,"max_hp_gain":0.0,"max_hp_loss":0.0,"gold_gain":0.0,"event_name":"Scrap Ooze","player_choice":"Success","floor":5.0,"gold_loss":0.0,"damage_taken":3.0,"relics_obtained":["Sundial"]},{"damage_healed":0.0,"max_hp_gain":0.0,"max_hp_loss":0.0,"gold_gain":0.0,"event_name":"Masked Bandits","player_choice":"Fought Bandits","floor":19.0,"gold_loss":0.0,"damage_taken":0.0},{"damage_healed":0.0,"max_hp_gain":0.0,"max_hp_loss":0.0,"gold_gain":275.0,"event_name":"Golden Shrine","player_choice":"Desecrate","floor":24.0,"gold_loss":0.0,"damage_taken":0.0,"cards_obtained":["Regret"]},{"cards_removed":["Defend_R"],"damage_healed":0.0,"max_hp_gain":0.0,"max_hp_loss":0.0,"gold_gain":0.0,"event_name":"Purifier","player_choice":"Purged","floor":39.0,"gold_loss":0.0,"damage_taken":0.0}],"is_beta":false,"boss_relics":[{"not_picked":["SacredBark","Velvet Choker"],"picked":"Calling Bell"},{"not_picked":["Astrolabe","Empty Cage"],"picked":"SlaversCollar"}],"items_purged_floors":[4,29,48],"is_endless":false,"potions_floor_spawned":[1,2,7,10,18,20,21,33,35,36,40,42,45],"ascension_level":13}}