{"host":"mdbnki27vzqujy5q","time":1610260135,"event":{"mods":["BaseMod","Colored Powertips","Minty Spire (QoL Compilation)","Quick Restart"],"gold_per_floor":[110,129,54,54,64,64,99,117,117,117,149,162,193,206,206,206,206],"floor_reached":16,"playtime":866,"items_purged":["Defend_R"],"score":134,"play_id":"d2169ecd-6ab7-447e-aab3-8ff49573c5aa","local_time":"20210109222855","is_ascension_mode":true,"campfire_choices":[{"data":"Seeing Red","floor":6,"key":"SMITH"},{"floor":15,"key":"REST"}],"circlet_count":0,"master_deck":["Strike_R","Strike_R","Strike_R","Strike_R","Strike_R","Defend_R","Defend_R","Defend_R","Bash","Ghostly Armor","Clash","Seeing Red+1","Evolve","Dropkick","Body Slam","Uppercut"],"relics":["Burning Blood","Potion Belt","Lantern","The Courier","Bronze Scales","Girya"],"acts_visited":["Exordium"],"potions_floor_usage":[11,12,16],"damage_taken":[{"damage":12,"enemies":"Jaw Worm","floor":1,"turns":3},{"damage":11,"enemies":"2 Louse","floor":2,"turns":5},{"damage":5,"enemies":"Small Slimes","floor":5,"turns":3},{"damage":29,"enemies":"3 Sentries","floor":7,"turns":12},{"damage":5,"enemies":"2 Fungi Beasts","floor":8,"turns":4},{"damage":20,"enemies":"Gremlin Nob","floor":11,"turns":4},{"damage":14,"enemies":"Red Slaver","floor":12,"turns":2},{"damage":30,"enemies":"3 Sentries","floor":13,"turns":8},{"damage":6,"enemies":"Looter","floor":14,"turns":3},{"damage":42,"enemies":"Hexaghost","floor":16,"turns":9}],"seed_played":"7339739946397411531","potions_obtained":[{"floor":1,"key":"BloodPotion"},{"floor":5,"key":"ColorlessPotion"},{"floor":12,"key":"SpeedPotion"},{"floor":13,"key":"Regen Potion"},{"floor":14,"key":"PowerPotion"}],"is_trial":false,"path_per_floor":["M","M","$","?","M","R","E","M","T","?","E","M","E","M","R","B"],"character_chosen":"IRONCLAD","items_purchased":[],"campfire_rested":1,"item_purchase_floors":[],"current_hp_per_floor":[82,77,77,82,83,83,60,61,61,43,29,39,15,15,42,0,0],"gold":206,"neow_bonus":"TEN_PERCENT_HP_BONUS","is_daily":false,"chose_seed":false,"campfire_upgraded":1,"win_rate":0.0,"timestamp":1610260135,"path_taken":["M","M","$","?","M","R","E","M","T","?","E","M","E","?","R","BOSS"],"items_purchased_type":[],"build_version":"2020-12-22","purchased_purges":1,"victory":false,"max_hp_per_floor":[88,88,88,93,93,93,93,93,93,93,93,93,93,93,93,93,93],"card_choices":[{"not_picked":["Headbutt","Combust"],"picked":"Ghostly Armor","floor":1},{"not_picked":["Reckless Charge","Clothesline"],"picked":"Clash","floor":2},{"not_picked":["Perfected Strike","Iron Wave"],"picked":"Seeing Red","floor":5},{"not_picked":["Heavy Blade","Body Slam"],"picked":"Evolve","floor":7},{"not_picked":["Shockwave","Metallicize"],"picked":"Dropkick","floor":8},{"not_picked":["Brutality","Wild Strike"],"picked":"Body Slam","floor":11},{"not_picked":["Whirlwind","Wild Strike","Twin Strike"],"picked":"SKIP","floor":12},{"not_picked":["Twin Strike","Combust"],"picked":"Uppercut","floor":13},{"not_picked":["Body Slam","Offering","Sword Boomerang"],"picked":"SKIP","floor":14}],"player_experience":53297,"relics_obtained":[{"floor":7,"key":"Potion Belt"},{"floor":9,"key":"Lantern"},{"floor":11,"key":"Bronze Scales"},{"floor":13,"key":"Girya"}],"event_choices":[{"damage_healed":0,"gold_gain":0,"player_choice":"Donut","damage_taken":0,"max_hp_gain":5,"max_hp_loss":0,"event_name":"Big Fish","floor":4,"gold_loss":0},{"damage_healed":0,"gold_gain":0,"player_choice":"Success","damage_taken":18,"relics_obtained":["The Courier"],"max_hp_gain":0,"max_hp_loss":0,"event_name":"Scrap Ooze","floor":10,"gold_loss":0}],"is_beta":false,"boss_relics":[],"items_purged_floors":[3],"is_endless":false,"potions_floor_spawned":[1,5,12,13,14],"killed_by":"Hexaghost","ascension_level":2}}