{"host":"3hmbl3ngp1w6m17c","time":1610268920,"event":{"mods":["ATMod(°¢èªMod)","Arknights The Spire","BaseMod","Colored Powertips","Dota2Spire","KinomotoSakuraMod(Ä¾Ö®±¾Ó£)","Lobotomy","LobotomyExtend","Marisa£¨ìFÓê¡¡Ä§ÀíÉ³£©","Minty Spire (QoL Compilation)","Replay The Spire","StSLib","The Cursed","The Hierophant","Waifu the Spire","Yakumo Yukari mod","¡¾ÒÅÎï¿¨ÅÆ¡¿REMEMod","²ÐÁôÖ®Îï"],"gold_per_floor":[132,149,168,268,287,321,321,337,409,428,447,457,471,33,33,33,33],"floor_reached":16,"playtime":1045,"items_purged":[],"score":108,"play_id":"950af2ae-7fad-4aec-aad0-b03b165d744d","local_time":"20210110165520","is_ascension_mode":false,"campfire_choices":[{"floor":7,"key":"REST"},{"floor":15,"key":"REST"}],"circlet_count":0,"master_deck":["AT_purpleEX","AT_purpleEX","AT_purpleEX","AT_purpleEX","Defend_purpleEX","Defend_purpleEX","Defend_purpleEX","Defend_purpleEX","Observe_purple_1","Observe_purple_2","Pray","AT_FamilyPortrait","Charmbait_purple","Fantasy_PerpetualMotionMachine_purple","StateErode_purple","Umbrella_purple","WangLiang_OokamiKakushi_purple","WorldDissolvedintheRealm_purple","Umbrella_purple","OmniscientAndOmnipotent_Monster_purple","Shallow_ocean_purpleEX","ExternalForce_HighSpeedFlying_purple","OmniscientAndOmnipotent_Monster_purple","PurpleNeedle_purple","Mirror_FormAndEmptin_purple","SfantasyHide_purple"],"relics":["Boundary_crack","Memoryfragments_purpleEX","AT_ATBox","REME_ComplimentaryCards","Strawberry","Ornamental Fan","AT_BellowingDragoncrestRing","Matryoshka"],"acts_visited":["Exordium"],"potions_floor_usage":[6,12,13],"damage_taken":[{"damage":5,"enemies":"Jaw Worm","floor":1,"turns":7},{"damage":0,"enemies":"Cultist","floor":2,"turns":2},{"damage":0,"enemies":"2 Louse","floor":3,"turns":3},{"damage":15,"enemies":"Exordium Wildlife","floor":5,"turns":3},{"damage":29,"enemies":"Gremlin Nob","floor":6,"turns":3},{"damage":9,"enemies":"Blue Slaver","floor":8,"turns":3},{"damage":0,"enemies":"Gremlin Gang","floor":10,"turns":3},{"damage":11,"enemies":"Looter","floor":11,"turns":3},{"damage":7,"enemies":"Exordium Wildlife","floor":12,"turns":3},{"damage":7,"enemies":"Exordium Thugs","floor":13,"turns":3},{"damage":60,"enemies":"Fading Forest","floor":16,"turns":8}],"seed_played":"8297823778533321303","potions_obtained":[{"floor":1,"key":"SteroidPotion"},{"floor":8,"key":"Explosive Potion"},{"floor":10,"key":"GamblersBrew"},{"floor":12,"key":"Energy Potion"}],"is_trial":false,"path_per_floor":["M","M","M","?","M","E","R","M","T","M","M","M","M","$","R","B"],"character_chosen":"Youkari","items_purchased":["Matryoshka","OmniscientAndOmnipotent_Monster_purple","PurpleNeedle_purple","Mirror_FormAndEmptin_purple","SfantasyHide_purple"],"campfire_rested":2,"item_purchase_floors":[14,14,14,14,14],"current_hp_per_floor":[76,76,76,76,61,32,55,47,47,47,36,29,22,22,45,0,0],"gold":33,"neow_bonus":"RANDOM_COMMON_RELIC","is_daily":false,"chose_seed":false,"campfire_upgraded":0,"win_rate":0.0,"timestamp":1610268920,"path_taken":["M","M","M","?","M","E","R","M","T","M","M","M","M","?","R","BOSS"],"items_purchased_type":["Relic","Card","Card","Card","Card"],"build_version":"2020-12-22","purchased_purges":0,"victory":false,"max_hp_per_floor":[77,77,77,77,77,77,77,77,77,77,77,77,77,77,77,77,77],"card_choices":[{"not_picked":["StretchesForeverDream_purple","MNeedle_purple"],"picked":"Charmbait_purple","floor":1},{"not_picked":["Line_surface_state_purple","WingOfChimera_purple"],"picked":"Fantasy_PerpetualMotionMachine_purple","floor":2},{"not_picked":["ExistenceContinue_purple","Boundary_LightAndDark_purple"],"picked":"StateErode_purple","floor":3},{"not_picked":["RuleDissolution_purple","StretchesForeverDream_purple"],"picked":"Umbrella_purple","floor":5},{"not_picked":["ExternalForce_HighSpeedFlying_purple","Extrememeaning_purpleEX"],"picked":"WangLiang_OokamiKakushi_purple","floor":6},{"not_picked":["MetroBOOM_purple","Umbrella_purple"],"picked":"WorldDissolvedintheRealm_purple","floor":8},{"not_picked":["Extrememeaning_purpleEX","MonsterNeedle_purple"],"picked":"Umbrella_purple","floor":10},{"not_picked":["Mirror_FormAndEmptin_purple","Realm_recovery_purpleEX"],"picked":"OmniscientAndOmnipotent_Monster_purple","floor":11},{"not_picked":["Charmbait_purple","MNeedle_purple"],"picked":"Shallow_ocean_purpleEX","floor":12},{"not_picked":["MeetDecomposer_purple","StateErode_purple"],"picked":"ExternalForce_HighSpeedFlying_purple","floor":13}],"player_experience":34992,"relics_obtained":[{"floor":6,"key":"Ornamental Fan"},{"floor":9,"key":"AT_BellowingDragoncrestRing"}],"event_choices":[{"damage_healed":0,"gold_gain":100,"player_choice":"Pray","damage_taken":0,"max_hp_gain":0,"max_hp_loss":0,"event_name":"Golden Shrine","floor":4,"gold_loss":0}],"is_beta":false,"boss_relics":[],"items_purged_floors":[],"is_endless":false,"potions_floor_spawned":[1,8,10,12],"killed_by":"Fading Forest","ascension_level":0}}