{"host":"y3h3n3f7seyagppx","time":1610311775,"event":{"mods":["AlwaysNeverKeys","BaseMod","Better Vampires","Colored Powertips","DeckTracker","Emptier Cage","Minty Spire (QoL Compilation)","Permanent Neow","Quick Restart","Rare Cards Sparkle","Relic Sorter","Relic Stats","StSLib","Transform Curses"],"gold_per_floor":[111,122,136,61,81,115,130,130,130,156,136,164,177,188,188,262,262,282,301,301,185,200,232,232,267,290,318,338,370,370,370,370,447,447,457,457,285,64,84,117,117,130,130,183,10,45,62,62,62,62,62,62,62,8,8,8],"floor_reached":55,"playtime":6455,"items_purged":["Strike_R","Combust"],"score":2150,"play_id":"6d25efda-f2ae-4918-91e3-2615de71b84c","local_time":"20210110154935","is_ascension_mode":true,"campfire_choices":[{"data":"Immolate","floor":8,"key":"SMITH"},{"data":"Armaments","floor":15,"key":"SMITH"},{"data":"Uppercut","floor":24,"key":"SMITH"},{"data":"Demon Form","floor":32,"key":"SMITH"},{"floor":41,"key":"REST"},{"floor":49,"key":"REST"},{"floor":53,"key":"REST"}],"circlet_count":0,"master_deck":["AscendersBane","Strike_R+1","Strike_R","Strike_R+1","Defend_R","Defend_R","Defend_R","Defend_R","Bash+1","Flame Barrier","Cleave","Immolate+1","Uppercut+1","Battle Trance","Power Through","Spot Weakness","Shrug It Off","Armaments+1","Impervious","Entrench","Carnage","Demon Form+1","Sword Boomerang+1","Flame Barrier","Writhe","Ghostly","Ghostly","Ghostly","Demon Form","Impervious","Impervious","Shockwave","Dual Wield+1","Reaper"],"relics":["Gremlin Horn","Paper Frog","White Beast Statue","Dead Branch","Snecko Eye","Nloth\u0027s Gift","Art of War","Charon\u0027s Ashes","Whetstone","Nunchaku","Blue Candle","Smiling Mask","Fusion Hammer","ClockworkSouvenir","Oddly Smooth Stone","Frozen Egg 2","StrikeDummy","Ice Cream","Strange Spoon","Centennial Puzzle"],"acts_visited":["Exordium","TheCity","TheBeyond","TheEnding"],"potions_floor_usage":[6,11,12,16,23,25,27,28,29,29,40,44,44,47,50,55,55],"damage_taken":[{"damage":2,"enemies":"2 Louse","floor":1,"turns":4},{"damage":9,"enemies":"Small Slimes","floor":2,"turns":5},{"damage":0,"enemies":"Cultist","floor":3,"turns":4},{"damage":15,"enemies":"Blue Slaver","floor":5,"turns":4},{"damage":34,"enemies":"Gremlin Nob","floor":6,"turns":4},{"damage":7,"enemies":"Gremlin Gang","floor":7,"turns":3},{"damage":6,"enemies":"3 Sentries","floor":10,"turns":2},{"damage":0,"enemies":"Gremlin Nob","floor":12,"turns":2},{"damage":1,"enemies":"3 Louse","floor":13,"turns":2},{"damage":3,"enemies":"Looter","floor":14,"turns":2},{"damage":29,"enemies":"The Guardian","floor":16,"turns":11},{"damage":0,"enemies":"Spheric Guardian","floor":18,"turns":1},{"damage":1,"enemies":"2 Thieves","floor":19,"turns":2},{"damage":3,"enemies":"Snake Plant","floor":22,"turns":2},{"damage":9,"enemies":"Slavers","floor":23,"turns":4},{"damage":12,"enemies":"Book of Stabbing","floor":25,"turns":3},{"damage":7,"enemies":"Slavers","floor":27,"turns":3},{"damage":6,"enemies":"3 Cultists","floor":28,"turns":3},{"damage":36,"enemies":"Book of Stabbing","floor":29,"turns":5},{"damage":1,"enemies":"Automaton","floor":33,"turns":5},{"damage":1,"enemies":"3 Darklings","floor":35,"turns":2},{"damage":0,"enemies":"Orb Walker","floor":39,"turns":2},{"damage":12,"enemies":"Giant Head","floor":40,"turns":8},{"damage":6,"enemies":"3 Darklings","floor":42,"turns":4},{"damage":22,"enemies":"2 Orb Walkers","floor":44,"turns":7},{"damage":0,"enemies":"Reptomancer","floor":46,"turns":3},{"damage":0,"enemies":"4 Shapes","floor":47,"turns":4},{"damage":23,"enemies":"Time Eater","floor":50,"turns":9},{"damage":30,"enemies":"Donu and Deca","floor":51,"turns":7},{"damage":43,"enemies":"Shield and Spear","floor":55,"turns":6}],"seed_played":"3833359741422628315","potions_obtained":[{"floor":3,"key":"BloodPotion"},{"floor":5,"key":"DistilledChaos"},{"floor":7,"key":"Energy Potion"},{"floor":11,"key":"EntropicBrew"},{"floor":12,"key":"Fire Potion"},{"floor":16,"key":"DuplicationPotion"},{"floor":23,"key":"BlessingOfTheForge"},{"floor":25,"key":"Fruit Juice"},{"floor":27,"key":"ColorlessPotion"},{"floor":28,"key":"ColorlessPotion"},{"floor":29,"key":"SpeedPotion"},{"floor":33,"key":"FearPotion"},{"floor":35,"key":"DuplicationPotion"},{"floor":40,"key":"PowerPotion"},{"floor":44,"key":"BlessingOfTheForge"},{"floor":46,"key":"LiquidMemories"},{"floor":47,"key":"LiquidMemories"}],"is_trial":false,"path_per_floor":["M","M","M","?","M","E","M","R","T","E","?","E","M","M","R","B",null,"M","M","?","$","M","E","R","E","T","E","M","E","?","?","R","B",null,"M","?","$","$","M","E","R","M","T","?","$","E","M","?","R","B","B",null,"R","$","E"],"character_chosen":"IRONCLAD","items_purchased":["Entrench","ClockworkSouvenir","Oddly Smooth Stone","Strange Spoon","SkillPotion"],"campfire_rested":3,"item_purchase_floors":[21,37,38,45,54],"current_hp_per_floor":[72,69,75,75,66,38,37,37,37,37,52,58,63,66,66,43,67,73,75,75,75,72,63,63,51,51,49,43,7,7,7,7,6,32,31,31,31,31,31,19,31,25,25,3,3,3,39,38,38,38,8,31,38,38,0,0],"gold":8,"neow_bonus":"UPGRADE_CARD","is_daily":false,"chose_seed":false,"campfire_upgraded":4,"win_rate":0.0,"timestamp":1610311775,"path_taken":["M","M","M","?","M","E","M","R","T","E","?","E","?","M","R","BOSS","M","M","?","$","?","E","R","E","T","E","M","E","?","?","R","BOSS","M","?","?","$","M","E","R","M","T","?","$","E","?","?","R","BOSS","BOSS","R","$","E"],"items_purchased_type":["Card","Relic","Relic","Relic","Potion"],"build_version":"2020-12-22","purchased_purges":2,"victory":false,"max_hp_per_floor":[75,75,75,75,75,75,75,75,75,75,75,75,75,75,75,75,75,75,75,75,75,75,75,75,75,75,80,80,80,80,40,40,40,40,40,40,40,40,40,40,40,40,40,40,40,40,40,38,38,38,38,38,38,38,38,38],"relic_stats":{"Gremlin Horn":[26,26],"counters":[30,123],"Dead Branch":[90],"Blue Candle":[9],"Charon\u0027s Ashes":[369],"Whetstone":["Strike_R","Strike_R"],"Smiling Mask":50,"Strange Spoon":[23],"Nunchaku":[8],"Centennial Puzzle":[8],"Snecko Eye":[133,164,145,130],"Nloth\u0027s Gift":2,"Art of War":[20],"obtain_stats":[{"Ice Cream":44,"Gremlin Horn":6,"Dead Branch":12,"Blue Candle":29,"Oddly Smooth Stone":38,"Charon\u0027s Ashes":25,"Whetstone":26,"Frozen Egg 2":40,"Smiling Mask":30,"Burning Blood":0,"White Beast Statue":10,"ClockworkSouvenir":37,"Strange Spoon":45,"Nunchaku":27,"Centennial Puzzle":46,"Snecko Eye":17,"Fusion Hammer":34,"Nloth\u0027s Gift":20,"Art of War":23,"StrikeDummy":43,"Paper Frog":9},{"Ice Cream":25,"Gremlin Horn":5,"Dead Branch":8,"Blue Candle":19,"Oddly Smooth Stone":21,"Charon\u0027s Ashes":16,"Whetstone":16,"Frozen Egg 2":23,"Smiling Mask":19,"Burning Blood":0,"White Beast Statue":7,"ClockworkSouvenir":21,"Strange Spoon":25,"Nunchaku":17,"Centennial Puzzle":26,"Snecko Eye":11,"Fusion Hammer":20,"Nloth\u0027s Gift":13,"Art of War":15,"StrikeDummy":24,"Paper Frog":6},{"Ice Cream":94,"Gremlin Horn":21,"Dead Branch":28,"Blue Candle":66,"Oddly Smooth Stone":73,"Charon\u0027s Ashes":55,"Whetstone":55,"Frozen Egg 2":83,"Smiling Mask":66,"Burning Blood":0,"White Beast Statue":26,"ClockworkSouvenir":73,"Strange Spoon":94,"Nunchaku":58,"Centennial Puzzle":97,"Snecko Eye":43,"Fusion Hammer":71,"Nloth\u0027s Gift":46,"Art of War":52,"StrikeDummy":87,"Paper Frog":24}]},"card_choices":[{"not_picked":["Shrug It Off","Burning Pact"],"picked":"Flame Barrier","floor":1},{"not_picked":["Havoc","Clash"],"picked":"Cleave","floor":2},{"not_picked":["Whirlwind","Headbutt"],"picked":"Combust","floor":3},{"not_picked":["Body Slam","Reckless Charge"],"picked":"Immolate","floor":5},{"not_picked":["Feel No Pain","Iron Wave"],"picked":"Uppercut","floor":6},{"not_picked":["Havoc","Pummel"],"picked":"Battle Trance","floor":7},{"not_picked":["Dual Wield","Reckless Charge"],"picked":"Power Through","floor":10},{"not_picked":["Twin Strike","Rage"],"picked":"Spot Weakness","floor":12},{"not_picked":["Iron Wave","Thunderclap"],"picked":"Shrug It Off","floor":13},{"not_picked":["Clash","Pommel Strike"],"picked":"Armaments","floor":14},{"not_picked":["Bludgeon","Barricade"],"picked":"Impervious","floor":16},{"not_picked":["Battle Trance","Perfected Strike","Iron Wave"],"picked":"SKIP","floor":18},{"not_picked":["Headbutt","Clash+1","Perfected Strike"],"picked":"SKIP","floor":19},{"not_picked":["Flex","Cleave","Pommel Strike"],"picked":"SKIP","floor":22},{"not_picked":["Clothesline","Reckless Charge"],"picked":"Carnage","floor":23},{"not_picked":["Berserk","Warcry","Perfected Strike"],"picked":"SKIP","floor":25},{"not_picked":["Clothesline","Impervious"],"picked":"Demon Form","floor":27},{"not_picked":["Armaments","Iron Wave+1"],"picked":"Sword Boomerang+1","floor":28},{"not_picked":["Anger","Pummel"],"picked":"Flame Barrier","floor":29},{"not_picked":["Spot Weakness","Flex"],"picked":"Demon Form","floor":35},{"not_picked":["Havoc","Bloodletting"],"picked":"Impervious","floor":39},{"not_picked":["Headbutt","Seeing Red"],"picked":"Shockwave","floor":40},{"not_picked":["Flex","Thunderclap"],"picked":"Dual Wield+1","floor":42},{"not_picked":["Feel No Pain+1","Dropkick"],"picked":"Reaper","floor":46},{"not_picked":["Anger","Havoc","Warcry"],"picked":"SKIP","floor":47},{"not_picked":["Anger","Havoc","Warcry"],"picked":"SKIP","floor":47}],"player_experience":20615264,"relics_obtained":[{"floor":6,"key":"Gremlin Horn"},{"floor":9,"key":"Paper Frog"},{"floor":10,"key":"White Beast Statue"},{"floor":12,"key":"Dead Branch"},{"floor":23,"key":"Art of War"},{"floor":25,"key":"Charon\u0027s Ashes"},{"floor":26,"key":"Whetstone"},{"floor":27,"key":"Nunchaku"},{"floor":29,"key":"Blue Candle"},{"floor":40,"key":"Frozen Egg 2"},{"floor":43,"key":"StrikeDummy"},{"floor":44,"key":"Ice Cream"},{"floor":46,"key":"Centennial Puzzle"}],"event_choices":[{"cards_removed":["Strike_R"],"damage_healed":0,"gold_gain":0,"player_choice":"Card Removal","damage_taken":0,"max_hp_gain":0,"max_hp_loss":0,"event_name":"The Cleric","floor":4,"gold_loss":75},{"damage_healed":0,"gold_gain":0,"player_choice":"Bought 1 Potion","damage_taken":0,"max_hp_gain":0,"max_hp_loss":0,"event_name":"The Woman in Blue","floor":11,"gold_loss":0},{"damage_healed":0,"gold_gain":0,"player_choice":"Traded Relic","damage_taken":0,"relics_obtained":["Nloth\u0027s Gift"],"max_hp_gain":0,"max_hp_loss":0,"event_name":"N\u0027loth","floor":20,"relics_lost":["Burning Blood"],"gold_loss":0},{"damage_healed":0,"gold_gain":0,"player_choice":"Opened","damage_taken":0,"relics_obtained":["Smiling Mask"],"max_hp_gain":0,"max_hp_loss":0,"event_name":"The Mausoleum","floor":30,"gold_loss":0,"cards_obtained":["Writhe"]},{"damage_healed":0,"gold_gain":0,"player_choice":"Became a Ghost","damage_taken":0,"max_hp_gain":0,"max_hp_loss":40,"event_name":"Ghosts","floor":31,"gold_loss":0,"cards_obtained":["Ghostly","Ghostly","Ghostly"]},{"damage_healed":0,"gold_gain":0,"player_choice":"Copied","damage_taken":0,"max_hp_gain":0,"max_hp_loss":0,"event_name":"Duplicator","floor":36,"gold_loss":0,"cards_obtained":["Impervious"]},{"damage_healed":0,"gold_gain":0,"player_choice":"Fight","damage_taken":0,"max_hp_gain":0,"max_hp_loss":0,"event_name":"Mysterious Sphere","floor":44,"gold_loss":0},{"damage_healed":0,"gold_gain":0,"player_choice":"Max HP","damage_taken":0,"max_hp_gain":0,"max_hp_loss":2,"event_name":"Winding Halls","floor":48,"gold_loss":0}],"is_beta":false,"boss_relics":[{"not_picked":["Ectoplasm","Busted Crown"],"picked":"Snecko Eye"},{"not_picked":["Astrolabe","Runic Pyramid"],"picked":"Fusion Hammer"}],"items_purged_floors":[21,38],"is_endless":false,"potions_floor_spawned":[3,5,7,12,13,14,16,18,19,22,23,25,27,28,29,33,35,39,40,42,44,46,47],"killed_by":"Shield and Spear","ascension_level":20}}