{"host":"07e1k1rk6c4zn0bu","time":1610238727,"event":{"mods":["AchievementEnabler","BaseMod","Bestiary","Colored Map","Colored Powertips","DeckTracker","Minty Spire (QoL Compilation)"],"gold_per_floor":[116,131,206,218,238,238,6,6,30,30,54,77,95,45,45,174,174,190,190,68,83,104,104,135,135,135,135,158,8,8,8,8,8,8],"floor_reached":33,"playtime":1523,"items_purged":[],"score":257,"play_id":"5699f74d-1802-4418-ba02-59cc47bf3b68","local_time":"20210109193207","is_ascension_mode":false,"campfire_choices":[{"data":"Well Laid Plans","floor":6,"key":"SMITH"},{"floor":8,"key":"REST"},{"data":"Skewer","floor":15,"key":"SMITH"},{"floor":23,"key":"REST"},{"data":"Caltrops","floor":25,"key":"SMITH"},{"floor":30,"key":"REST"},{"data":"Burst","floor":32,"key":"SMITH"}],"circlet_count":0,"master_deck":["Strike_G","Strike_G","Strike_G","Defend_G","Defend_G","Defend_G","Defend_G","Defend_G","Survivor","Neutralize","Distraction","Flechettes","Sucker Punch","Well Laid Plans+1","Crippling Poison","Prepared","Backstab","Skewer+1","Burst+1","Caltrops+1","Noxious Fumes","Blur+1","Deadly Poison","Deadly Poison","Enlightenment"],"relics":["Ring of the Snake","NeowsBlessing","Anchor","Bronze Scales","Golden Idol","Velvet Choker","Tiny Chest","Gremlin Horn","Kunai","Incense Burner"],"acts_visited":["Exordium","TheCity"],"potions_floor_usage":[],"damage_taken":[{"damage":0,"enemies":"2 Louse","floor":1,"turns":1},{"damage":0,"enemies":"Small Slimes","floor":2,"turns":1},{"damage":0,"enemies":"Cultist","floor":4,"turns":1},{"damage":13,"enemies":"Exordium Wildlife","floor":5,"turns":4},{"damage":7,"enemies":"Blue Slaver","floor":11,"turns":3},{"damage":0,"enemies":"2 Fungi Beasts","floor":12,"turns":3},{"damage":8,"enemies":"Gremlin Gang","floor":13,"turns":3},{"damage":33,"enemies":"The Guardian","floor":16,"turns":13},{"damage":19,"enemies":"3 Byrds","floor":18,"turns":5},{"damage":7,"enemies":"Chosen","floor":21,"turns":4},{"damage":18,"enemies":"Snake Plant","floor":22,"turns":2},{"damage":14,"enemies":"Book of Stabbing","floor":24,"turns":5},{"damage":4,"enemies":"Chosen and Byrds","floor":28,"turns":5},{"damage":50,"enemies":"Collector","floor":33,"turns":7}],"seed_played":"-3471777194519992354","potions_obtained":[{"floor":5,"key":"Weak Potion"},{"floor":11,"key":"SkillPotion"},{"floor":21,"key":"SkillPotion"}],"is_trial":false,"path_per_floor":["M","M","?","M","M","R","$","R","T","?","M","M","M","?","R","B",null,"M","?","$","M","M","R","E","R","T","?","M","$","R","T","R","B"],"character_chosen":"THE_SILENT","items_purchased":["Crippling Poison","Anchor","Caltrops","Swift Potion","Deadly Poison","Enlightenment"],"campfire_rested":3,"item_purchase_floors":[7,7,20,20,29,29],"current_hp_per_floor":[70,70,59,59,46,46,46,67,67,50,43,43,35,35,35,2,70,51,51,51,44,26,47,33,33,33,33,29,29,50,50,50,0,0],"gold":8,"neow_bonus":"THREE_ENEMY_KILL","is_daily":false,"chose_seed":false,"campfire_upgraded":4,"win_rate":0.0,"timestamp":1610238727,"path_taken":["M","M","?","M","M","R","$","R","T","?","M","M","M","?","R","BOSS","M","?","?","?","M","R","E","R","T","?","M","$","R","?","R","BOSS"],"items_purchased_type":["Card","Relic","Card","Potion","Card","Card"],"build_version":"2020-12-22","purchased_purges":0,"victory":false,"max_hp_per_floor":[70,70,70,70,70,70,70,70,70,70,70,70,70,70,70,70,70,70,70,70,70,70,70,70,70,70,70,70,70,70,70,70,70,70],"card_choices":[{"not_picked":["Dagger Spray","Cloak And Dagger"],"picked":"Distraction","floor":1},{"not_picked":["Blur","PiercingWail"],"picked":"Flechettes","floor":2},{"not_picked":["Slice","PiercingWail"],"picked":"Sucker Punch","floor":4},{"not_picked":["Deflect","Backflip"],"picked":"Well Laid Plans","floor":5},{"not_picked":["Blade Dance","Finisher"],"picked":"Prepared","floor":11},{"not_picked":["Bane","Leg Sweep"],"picked":"Backstab","floor":12},{"not_picked":["Poisoned Stab","Expertise"],"picked":"Skewer","floor":13},{"not_picked":["Doppelganger","Bullet Time"],"picked":"Burst","floor":16},{"not_picked":["Choke+1","Deadly Poison","Endless Agony"],"picked":"SKIP","floor":18},{"not_picked":["Tactician+1","Deadly Poison"],"picked":"Noxious Fumes","floor":21},{"not_picked":["Footwork","Prepared","Dodge and Roll"],"picked":"SKIP","floor":22},{"not_picked":["Dash","Slice+1"],"picked":"Blur+1","floor":24},{"not_picked":["Backflip","Accuracy"],"picked":"Deadly Poison","floor":28}],"player_experience":24065,"relics_obtained":[{"floor":9,"key":"Bronze Scales"},{"floor":24,"key":"Gremlin Horn"},{"floor":26,"key":"Kunai"},{"floor":31,"key":"Incense Burner"}],"event_choices":[{"damage_healed":0,"gold_gain":75,"player_choice":"Gather Gold","damage_taken":11,"max_hp_gain":0,"max_hp_loss":0,"event_name":"World of Goop","floor":3,"gold_loss":0},{"damage_healed":0,"gold_gain":0,"player_choice":"Take Damage","damage_taken":17,"relics_obtained":["Golden Idol"],"max_hp_gain":0,"max_hp_loss":0,"event_name":"Golden Idol","floor":10,"gold_loss":0},{"cards_removed":["Strike_G"],"damage_healed":0,"gold_gain":0,"player_choice":"Card Removal","damage_taken":0,"max_hp_gain":0,"max_hp_loss":0,"event_name":"The Cleric","floor":14,"gold_loss":50},{"damage_healed":0,"gold_gain":0,"player_choice":"Gave Potion","damage_taken":0,"relics_obtained":["Tiny Chest"],"max_hp_gain":0,"max_hp_loss":0,"event_name":"WeMeetAgain","floor":19,"gold_loss":0},{"cards_removed":["Strike_G"],"damage_healed":0,"gold_gain":0,"player_choice":"Elegance","damage_taken":0,"max_hp_gain":0,"max_hp_loss":0,"event_name":"Back to Basics","floor":27,"gold_loss":0}],"is_beta":false,"boss_relics":[{"not_picked":["SlaversCollar","Busted Crown"],"picked":"Velvet Choker"}],"items_purged_floors":[],"is_endless":false,"potions_floor_spawned":[5,11,21,24],"killed_by":"Collector","ascension_level":0}}