{"host":"mmqs5ul2bvb60kyc","time":1610248476,"event":{"mods":["AchievementEnabler","BaseMod","Minty Spire (QoL Compilation)","Reimu£®≤©¿ˆ¡È√Œ£©","Spicy Shops","StSLib","The Servant 0.9.4","[IsaacMod]“‘»ˆº‚À˛","°æ“≈ŒÔø®≈∆°øREMEMod"],"gold_per_floor":[118,118,218,31,50,75,75,75,75,91,116,116,129,36,36,137,137,149,149,156,172,191,208,237,197,221,235,255,42,42,62,62,159,159,178,178,216,185,0,0,12,12,12,24,24,24,24,36,36,50,70,80,98,98,133,147,178,178,210,210,210,230,243,243,243,243,243,243,283,231],"floor_reached":56,"playtime":4683,"items_purged":["Strike_Lin:ReiMu","Strike_Lin:ReiMu","Strike_Lin:ReiMu","Decay","Shame","Defend_Lin:ReiMu","Defend_Lin:ReiMu","OctopathBindingBorder2:ReiMu+1"],"score":1581,"play_id":"e277b3cb-aa3a-4ff9-bd1c-54792bb19508","local_time":"20210110111436","is_ascension_mode":false,"campfire_choices":[{"data":"EpicFetus","floor":7.0,"key":"SMITH"},{"data":"KyokaiOfKami:ReiMu","floor":12.0,"key":"SMITH"},{"data":"HakureiPhantom:ReiMu","floor":15.0,"key":"SMITH"},{"data":"ZunPunch:ReiMu","floor":30.0,"key":"SMITH"},{"data":"SubcavityFantasy:ReiMu","floor":32,"key":"SMITH"},{"data":"Authority:ReiMu","floor":40,"key":"SMITH"},{"floor":45,"key":"RECALL"},{"data":"FantasyBorder:ReiMu","floor":47,"key":"SMITH"},{"data":"Free:ReiMu","floor":49,"key":"SMITH"},{"data":"LovePray:ReiMu","floor":45,"key":"SMITH"},{"data":"Calculated Gamble","floor":49,"key":"SMITH"},{"data":"Purity","floor":52,"key":"SMITH"}],"circlet_count":0,"master_deck":["Defend_Lin:ReiMu","Defend_Lin:ReiMu","NB:ReiMu","Stagnation:ReiMu","EpicFetus+1","KyokaiOfKami:ReiMu+1","PrayRite:ReiMu","FantasyBorder:ReiMu+1","ForcedLanding:ReiMu","OctopathBindingBorder2:ReiMu","HakureiPhantom:ReiMu+1","LearningPray:ReiMu","Free:ReiMu+1","Mountainwind:ReiMu","Ghostly","Ghostly","Ghostly","Ghostly","Ghostly","Meditation:ReiMu","SafetyPray:ReiMu+1","ZunPunch:ReiMu+1","LovePray:ReiMu+1","SubcavityFantasy:ReiMu+1","Authority:ReiMu+1","Gathering:ReiMu","EmergencyTakeOff:ReiMu","Purity+1","Calculated Gamble+1","TightArray:ReiMu","FoulBorder2:ReiMu+1","DoctorFetus+1","Corruption+1","Fan+1","Bandage Up+1","PrepareRite:ReiMu+1","Blind+1","Meditation:ReiMu+1","Transmutation+1","FlawlessForm+1","ShadowOfCrow2:ReiMu+1","Madness+1","Violence+1","BottledTime+1","Good Instincts+1","CareerPray:ReiMu+1","Dreaming:ReiMu","SpreadBorder2:ReiMu+1"],"relics":["FlyPower:ReiMu","HushsDoor","Void","SteamSale","Dead Branch","GuppysPaw","SalivaCoin","DonationBox:ReiMu","SkyOrb:ReiMu","FossilizedHelix","Boot","Bag of Preparation","Mango","Happy Flower","AnarchistCookbook","REME_CardOfGreed","REME_PuzzleBoxRelic","KaguraBell:ReiMu","Philosopher\u0027s Stone","GuppysTail","InkBottle","Membership Card","Frozen Egg 2","RuthlessExorcism:ReiMu","Question Card","PrismaticShard","Red Mask","Leech","NineVolt","Meat on the Bone","Nunchaku","Ice Cream","Letter Opener","Lee\u0027s Waffle","TentaclePot:ReiMu","Shuriken","Toxic Egg 2","Chaos","Bottled Lightning","EdensBlessing","NineLifeCat","Sozu","Medical Kit","Regal Pillow","Orichalcum","BFFS","Pen Nib","Kunai","MoneyPower","SacredBark","SlaversCollar","CrazyTorch:ReiMu","StoneCalendar","Gambling Chip"],"acts_visited":["Exordium","TheCity","TheBeyond","TheEnding"],"potions_floor_usage":[39,39],"damage_taken":[{"damage":0.0,"enemies":"Jaw Worm","floor":1.0,"turns":1.0},{"damage":0.0,"enemies":"Small Slimes","floor":5.0,"turns":2.0},{"damage":0.0,"enemies":"Gremlin Nob","floor":6.0,"turns":2.0},{"damage":0.0,"enemies":"2 Louse","floor":10.0,"turns":2.0},{"damage":0.0,"enemies":"Lagavulin","floor":11.0,"turns":5.0},{"damage":0.0,"enemies":"Lots of Slimes","floor":13.0,"turns":1.0},{"damage":0.0,"enemies":"Slime Boss","floor":16.0,"turns":6.0},{"damage":0.0,"enemies":"Spheric Guardian","floor":18.0,"turns":4.0},{"damage":0.0,"enemies":"2 Thieves","floor":21.0,"turns":4.0},{"damage":0.0,"enemies":"3 Cultists","floor":22.0,"turns":8.0},{"damage":0.0,"enemies":"Cultist and Chosen","floor":23.0,"turns":1.0},{"damage":0.0,"enemies":"Slavers","floor":24.0,"turns":1.0},{"damage":0.0,"enemies":"Shelled Parasite and Fungi","floor":27.0,"turns":4.0},{"damage":0.0,"enemies":"3 Cultists","floor":28.0,"turns":3.0},{"damage":0,"enemies":"Cultist and Chosen","floor":31,"turns":3},{"damage":0,"enemies":"Automaton","floor":33,"turns":1},{"damage":0,"enemies":"Orb Walker","floor":35,"turns":3},{"damage":0,"enemies":"3 Shapes","floor":37,"turns":1},{"damage":0,"enemies":"Maw","floor":41,"turns":6},{"damage":0,"enemies":"Writhing Mass","floor":44,"turns":3},{"damage":0,"enemies":"Spire Growth","floor":48,"turns":2},{"damage":0,"enemies":"3 Darklings","floor":35,"turns":1},{"damage":0,"enemies":"3 Shapes","floor":36,"turns":1},{"damage":0,"enemies":"3 Darklings","floor":37,"turns":1},{"damage":0,"enemies":"Maw","floor":38,"turns":1},{"damage":0,"enemies":"Giant Head","floor":40,"turns":1},{"damage":0,"enemies":"4 Shapes","floor":41,"turns":1},{"damage":0,"enemies":"Reptomancer","floor":42,"turns":1},{"damage":0,"enemies":"Giant Head","floor":44,"turns":1},{"damage":0,"enemies":"Writhing Mass","floor":47,"turns":1},{"damage":0,"enemies":"Maw","floor":48,"turns":2},{"damage":0,"enemies":"Time Eater","floor":50,"turns":4},{"damage":0,"enemies":"Shield and Spear","floor":54,"turns":3},{"damage":0,"enemies":"Delirium","floor":55,"turns":5}],"seed_played":"-6580593150138420054","potions_obtained":[{"floor":1.0,"key":"AttackPotion"},{"floor":10.0,"key":"FearPotion"},{"floor":11.0,"key":"FairyPotion"},{"floor":18.0,"key":"PinkPotion:ReiMu"},{"floor":23.0,"key":"Swift Potion"},{"floor":28.0,"key":"DuplicationPotion"}],"is_trial":false,"path_per_floor":["M","?","?","$","M","E","R","?","T","M","E","R","M","$","R","B",null,"M","?","?","M","M","M","E","?","T","M","M","$","R","M","R","B",null,"M","?","M","$","?","R","M","?","T","M","R","$","R","M","R","M","M","M","M","$","E","M","E","T","E","R","$","M","M","R","B",null,"R","$","E","B",null],"character_chosen":"REIMU","items_purchased":["SteamSale","Damocles","MegaBlast","REME_CardOfGreed","REME_PuzzleBoxRelic","JudasShadow","Gathering:ReiMu","GuppysTail","FairyPotion","Membership Card","Frozen Egg 2","RuthlessExorcism:ReiMu","Question Card","PrismaticShard","ForgetMeNow","OctopathBindingBorder2:ReiMu+1","EmergencyTakeOff:ReiMu","Purity","NineVolt","Meat on the Bone","Nunchaku","Ice Cream","Letter Opener","Lee\u0027s Waffle","TightArray:ReiMu","FoulBorder2:ReiMu+1","DoctorFetus+1","TentaclePot:ReiMu","Shuriken","Strawberry","Toxic Egg 2","Chaos","Bottled Lightning","Blind+1","Meditation:ReiMu+1","REME_GoldPotion","REME_GoldPotion","Weak Potion","Regal Pillow","Orichalcum","BFFS","Pen Nib","Kunai","ShadowOfCrow2:ReiMu+1","Madness+1","Violence+1","MoneyPower","Velvet Choker","SacredBark","SlaversCollar","CrazyTorch:ReiMu","StoneCalendar","Good Instincts+1","CareerPray:ReiMu+1","Dreaming:ReiMu","SpreadBorder2:ReiMu+1"],"campfire_rested":0,"item_purchase_floors":[4,14,17,29,29,34,34,34,34,38,38,38,38,38,38,38,38,38,46,46,46,46,46,46,46,46,46,39,39,39,39,39,39,39,39,39,39,39,46,46,46,46,46,46,46,46,53,53,53,53,53,53,53,53,53,53],"current_hp_per_floor":[65,58,58,58,58,58,58,58,58,58,58,58,58,58,58,58,25,25,12,14,14,14,14,28,28,28,28,28,28,28,28,28,28,1,1,1,1,1,1,1,1,1,1,1,1,8,8,8,8,8,8,8,8,15,15,15,4,4,4,4,4,4,4,4,4,4,4,4,4,4],"gold":231,"neow_bonus":"THREE_ENEMY_KILL","is_daily":false,"chose_seed":false,"campfire_upgraded":11,"win_rate":0.0,"timestamp":1610248476,"path_taken":["M","?","?","$","?","E","R","?","T","M","E","R","M","?","R","BOSS","M","?","?","M","?","M","E","?","T","M","M","?","R","M","R","BOSS","M","?","M","?","?","R","?","?","T","?","R","$","R","M","R","M","M","M","M","$","E","M","E","T","E","R","$","M","M","R","BOSS","R","$","E","BOSS"],"items_purchased_type":["Relic","Relic","Relic","Relic","Relic","Relic","Card","Relic","Potion","Relic","Relic","Relic","Relic","Relic","Relic","Card","Card","Card","Relic","Relic","Relic","Relic","Relic","Relic","Card","Card","Card","Relic","Relic","Relic","Relic","Card","Relic","Card","Card","Potion","Potion","Potion","Relic","Relic","Relic","Relic","Relic","Card","Card","Card","Relic","Relic","Relic","Relic","Relic","Relic","Card","Card","Card","Card"],"build_version":"2020-12-22","purchased_purges":8,"victory":true,"max_hp_per_floor":[65,65,65,65,65,65,65,65,65,65,65,65,65,65,65,65,25,25,12,17,17,17,17,31,31,31,31,31,31,31,31,31,31,1,1,1,1,1,1,1,1,1,1,1,1,8,8,8,8,8,8,8,8,15,15,15,4,4,4,4,4,4,4,4,4,4,4,4,4,4],"card_choices":[{"not_picked":[],"picked":"EpicFetus","floor":0.0},{"not_picked":["RainPray2:ReiMu","WonderfulDomain:ReiMu"],"picked":"PrayRite:ReiMu","floor":1.0},{"not_picked":["Enchanting:ReiMu","AirStrike:ReiMu"],"picked":"FantasyBorder:ReiMu","floor":3.0},{"not_picked":["OrbThrow:ReiMu","SubcavityInstant:ReiMu"],"picked":"SpringWay:ReiMu","floor":5.0},{"not_picked":["TightArray:ReiMu","Amulet:ReiMu"],"picked":"ForcedLanding:ReiMu","floor":6.0},{"not_picked":["SpringWay:ReiMu","Amulet:ReiMu"],"picked":"OctopathBindingBorder2:ReiMu","floor":10.0},{"not_picked":["RainPray2:ReiMu","ManaGlint:ReiMu"],"picked":"HakureiPhantom:ReiMu","floor":11.0},{"not_picked":["Amulet:ReiMu","SubAcupoint:ReiMu"],"picked":"LearningPray:ReiMu","floor":13.0},{"not_picked":["KamiRite:ReiMu","Shading:ReiMu"],"picked":"Free:ReiMu","floor":16.0},{"not_picked":["Amulet:ReiMu","TakeOff:ReiMu+1"],"picked":"Mountainwind:ReiMu","floor":18.0},{"not_picked":["MikOfLucky:ReiMu","Enchanting:ReiMu"],"picked":"Meditation:ReiMu","floor":21.0},{"not_picked":["OrbThrow:ReiMu+1","SpreadBorder2:ReiMu"],"picked":"SafetyPray:ReiMu+1","floor":22.0},{"not_picked":["Conquer:ReiMu+1","AlertArray:ReiMu","SpreadBorder2:ReiMu"],"picked":"SKIP","floor":23.0},{"not_picked":["CollectionFlower2:ReiMu+1","Enchanting:ReiMu","Amulet:ReiMu"],"picked":"SKIP","floor":24.0},{"not_picked":["PrepareRite:ReiMu","ShadowOfCrow2:ReiMu"],"picked":"LovePray:ReiMu","floor":27.0},{"not_picked":["AirStrike:ReiMu","SafetyPray:ReiMu","SpringWay:ReiMu"],"picked":"SKIP","floor":28.0},{"not_picked":["TightArray:ReiMu","ForcedLanding:ReiMu"],"picked":"SubcavityFantasy:ReiMu","floor":31},{"not_picked":["Determination:ReiMu","CardOfSanctity:ReiMu"],"picked":"Authority:ReiMu","floor":33},{"not_picked":["TightArray:ReiMu","Amulet:ReiMu","OrbThrow:ReiMu+1"],"picked":"SKIP","floor":35},{"not_picked":["SpringWay:ReiMu+1","PrepareRite:ReiMu","Amulet:ReiMu"],"picked":"SKIP","floor":37},{"not_picked":["Leap","FastForward+1","EmergencyTakeOff:ReiMu"],"picked":"Calculated Gamble","floor":41},{"not_picked":["PiercingWail","CrushJoints+1","Melter","Clash"],"picked":"SKIP","floor":44},{"not_picked":["Ball Lightning","Clash","FastForward"],"picked":"Corruption+1","floor":48},{"not_picked":["Deflect+1","AlertArray:ReiMu","Whirlwind+1"],"picked":"Fan+1","floor":35},{"not_picked":["SubcavityInstant:ReiMu+1","Protect","Metallicize+1"],"picked":"Bandage Up+1","floor":36},{"not_picked":["Dagger Spray+1","Iron Wave","Prostrate"],"picked":"PrepareRite:ReiMu+1","floor":37},{"not_picked":["InherentArray:ReiMu+1","BarrageOfMoneybags:ReiMu+1","Stack+1","Replace+1"],"picked":"SKIP","floor":38},{"not_picked":["Chaos+1","Ball Lightning","Tools of the Trade+1"],"picked":"Transmutation+1","floor":40},{"not_picked":["SashWhip+1","Revelation:ReiMu+1","EmptyBody+1","Auto Shields+1"],"picked":"SKIP","floor":41},{"not_picked":["Cold Snap+1","Protect+1","Deflect+1"],"picked":"FlawlessForm+1","floor":42},{"not_picked":["SpringWay:ReiMu+1","Intuition:ReiMu+1","Heavy Blade","Headbutt+1"],"picked":"SKIP","floor":44},{"not_picked":["Double Energy+1","JustLucky+1","SafetyPray:ReiMu+1"],"picked":"BottledTime+1","floor":47},{"not_picked":["Blur+1","Sanctity+1","REME_GreenPollution+1","Rearm+1"],"picked":"SKIP","floor":48},{"not_picked":["Rebound+1","Barrier+1","Bouncing Flask+1","Eviscerate+1"],"picked":"SKIP","floor":54}],"player_experience":255121,"relics_obtained":[{"floor":6.0,"key":"Dead Branch"},{"floor":9.0,"key":"GuppysPaw"},{"floor":11.0,"key":"SalivaCoin"},{"floor":18.0,"key":"SkyOrb:ReiMu"},{"floor":21.0,"key":"SharpPlug"},{"floor":22.0,"key":"FossilizedHelix"},{"floor":23.0,"key":"Boot"},{"floor":24.0,"key":"Bag of Preparation"},{"floor":24.0,"key":"Mango"},{"floor":27.0,"key":"Happy Flower"},{"floor":28.0,"key":"AnarchistCookbook"},{"floor":31,"key":"KaguraBell:ReiMu"},{"floor":35,"key":"InkBottle"},{"floor":43,"key":"Leech"},{"floor":40,"key":"EdensBlessing"},{"floor":42,"key":"NineLifeCat"},{"floor":43,"key":"Sozu"},{"floor":44,"key":"Medical Kit"},{"floor":54,"key":"Gambling Chip"}],"event_choices":[{"cards_removed":["Strike_Lin:ReiMu"],"damage_healed":0.0,"max_hp_gain":0.0,"max_hp_loss":0.0,"gold_gain":0.0,"event_name":"Golden Wing","player_choice":"Card Removal","floor":2.0,"gold_loss":0.0,"damage_taken":7.0},{"damage_healed":0.0,"max_hp_gain":0.0,"max_hp_loss":0.0,"gold_gain":0.0,"event_name":"The Woman in Blue","player_choice":"Bought 0 Potions","floor":8.0,"gold_loss":0.0,"damage_taken":0.0},{"damage_healed":0.0,"max_hp_gain":0.0,"max_hp_loss":13.0,"gold_gain":0.0,"event_name":"Ghosts","player_choice":"Became a Ghost","floor":19.0,"gold_loss":0.0,"damage_taken":0.0,"cards_obtained":["Ghostly","Ghostly","Ghostly","Ghostly","Ghostly"]},{"damage_healed":0.0,"max_hp_gain":5.0,"max_hp_loss":0.0,"gold_gain":0.0,"event_name":"Forgotten Altar","player_choice":"Shed Blood","floor":20.0,"gold_loss":0.0,"damage_taken":3.0},{"damage_healed":0.0,"max_hp_gain":0.0,"max_hp_loss":0.0,"gold_gain":0.0,"event_name":"ZunEvent","player_choice":"Ωª≥ˆ…Òæ∆","floor":25.0,"relics_lost":["ZunR:ReiMu"],"gold_loss":0.0,"damage_taken":0.0,"cards_obtained":["ZunPunch:ReiMu"]},{"damage_healed":0,"gold_gain":0,"player_choice":"Cursed","damage_taken":0,"max_hp_gain":0,"max_hp_loss":0,"event_name":"Wheel of Change","floor":36,"gold_loss":0,"cards_obtained":["Decay"]},{"damage_healed":0,"gold_gain":0,"player_choice":"Paid","damage_taken":0,"relics_obtained":["Red Mask"],"max_hp_gain":0,"max_hp_loss":0,"event_name":"Tomb of Lord Red Mask","floor":39,"gold_loss":185},{"cards_removed":["SpringWay:ReiMu"],"damage_healed":0,"gold_gain":0,"player_choice":"Removed Skill","damage_taken":0,"max_hp_gain":0,"max_hp_loss":0,"event_name":"Falling","floor":42,"gold_loss":0}],"is_beta":false,"boss_relics":[{"not_picked":["Fusion Hammer","Snecko Eye"],"picked":"DonationBox:ReiMu"},{"not_picked":[]},{"not_picked":["RedLine:ReiMu","Runic Dome"],"picked":"Philosopher\u0027s Stone"},{"not_picked":[]}],"items_purged_floors":[4,14,29,38,46,39,46,53],"is_endless":false,"potions_floor_spawned":[1,10,11,18,23,28,37,41,37,41,42,44,48],"ascension_level":0}}