{"host":"Vert","time":1610290061,"event":{"mods":["BaseMod","Minty Spire (QoL Compilation)","StSLib","The Marked"],"gold_per_floor":[111,128,88,102,113,132,132,160,160,160,176,190,203,227,227,325,325,300,319,319,319],"floor_reached":20,"playtime":1145,"items_purged":[],"score":180,"play_id":"e171f8ec-510b-4777-bac1-cbd5dcd86bfd","local_time":"20210110174741","is_ascension_mode":false,"campfire_choices":[{"floor":7,"key":"REST"},{"floor":10,"key":"REST"},{"floor":15,"key":"REST"}],"circlet_count":0,"master_deck":["theMarked:Strike","theMarked:Strike","theMarked:Strike","theMarked:Strike","theMarked:Strike","theMarked:Defend","theMarked:Defend","theMarked:Defend","theMarked:Defend","theMarked:SoldierOfQuellstein","theMarked:Reabsorb","theMarked:EmpowerWeapon","theMarked:PowerFlow","theMarked:MysticalArsenal","theMarked:ContemptForTheProud","theMarked:HeritageOfTheMarked","theMarked:Frustration","theMarked:CreepingChasm","theMarked:Defy","CurseOfTheBell","theMarked:WardOff","theMarked:Opportunist+1"],"relics":["theMarked:ArtifactOfAir","Gremlin Horn","Question Card","theMarked:DemonDagger","Calling Bell","Omamori","Frozen Egg 2","CaptainsWheel"],"acts_visited":["Exordium","TheCity"],"potions_floor_usage":[6,8,13,19,20],"damage_taken":[{"damage":3,"enemies":"Small Slimes","floor":1,"turns":3},{"damage":1,"enemies":"Cultist","floor":2,"turns":3},{"damage":12,"enemies":"2 Louse","floor":4,"turns":3},{"damage":11,"enemies":"Blue Slaver","floor":5,"turns":4},{"damage":18,"enemies":"Lots of Slimes","floor":6,"turns":3},{"damage":17,"enemies":"3 Sentries","floor":8,"turns":5},{"damage":8,"enemies":"3 Louse","floor":11,"turns":3},{"damage":8,"enemies":"Large Slime","floor":12,"turns":6},{"damage":3,"enemies":"Exordium Wildlife","floor":13,"turns":3},{"damage":55,"enemies":"The Guardian","floor":16,"turns":9},{"damage":20,"enemies":"2 Thieves","floor":18,"turns":5},{"damage":33,"enemies":"Spheric Guardian","floor":19,"turns":6},{"damage":28,"enemies":"Shelled Parasite and Fungi","floor":20,"turns":5}],"seed_played":"-3198270015924858732","potions_obtained":[{"floor":2,"key":"Explosive Potion"},{"floor":3,"key":"SpeedPotion"},{"floor":3,"key":"SpeedPotion"},{"floor":3,"key":"AttackPotion"},{"floor":8,"key":"ColorlessPotion"},{"floor":12,"key":"PowerPotion"}],"is_trial":false,"path_per_floor":["M","M","?","M","M","M","R","E","T","R","M","M","M","T","R","B",null,"M","M","M"],"character_chosen":"THE_DEFAULT","items_purchased":[],"campfire_rested":3,"item_purchase_floors":[],"current_hp_per_floor":[74,73,73,61,50,32,55,38,38,61,53,45,42,42,65,10,77,57,24,0,0],"gold":319,"neow_bonus":"TEN_PERCENT_HP_BONUS","is_daily":false,"chose_seed":false,"campfire_upgraded":0,"win_rate":0.0,"timestamp":1610290061,"path_taken":["M","M","?","M","M","M","R","E","T","R","?","M","M","?","R","BOSS","M","?","M"],"items_purchased_type":[],"build_version":"2020-12-18","purchased_purges":0,"victory":false,"max_hp_per_floor":[77,77,77,77,77,77,77,77,77,77,77,77,77,77,77,77,77,77,77,77,77],"card_choices":[{"not_picked":["theMarked:WastefulDefense","theMarked:RepellingDischarge"],"picked":"theMarked:Reabsorb","floor":1},{"not_picked":["theMarked:WastefulDefense","theMarked:Convert"],"picked":"theMarked:EmpowerWeapon","floor":2},{"not_picked":["theMarked:RepellingDischarge","theMarked:Frustration"],"picked":"theMarked:PowerFlow","floor":4},{"not_picked":["theMarked:SwordAndMagic","theMarked:Convert"],"picked":"theMarked:MysticalArsenal","floor":5},{"not_picked":["theMarked:ElectricStrings","theMarked:Parry"],"picked":"theMarked:ContemptForTheProud","floor":6},{"not_picked":["theMarked:WastefulAttack","theMarked:Standoff","theMarked:WastefulDefense"],"picked":"SKIP","floor":8},{"not_picked":["theMarked:Improvise","theMarked:Frustration","theMarked:Parkour"],"picked":"theMarked:HeritageOfTheMarked","floor":11},{"not_picked":["theMarked:Static","theMarked:ResourceFulStrike","theMarked:ChannelForce"],"picked":"theMarked:Frustration","floor":12},{"not_picked":["theMarked:Parry","theMarked:ElectricStrings","theMarked:Parkour"],"picked":"theMarked:CreepingChasm","floor":13},{"not_picked":["theMarked:ChannelForce","theMarked:MuscleMemory","theMarked:Snap"],"picked":"theMarked:Defy","floor":16},{"not_picked":["theMarked:RepellingDischarge","theMarked:ChainLightning","theMarked:ResourceFulStrike"],"picked":"theMarked:WardOff","floor":18},{"not_picked":["theMarked:Aftermath","theMarked:SelfDefenseTraining+1","theMarked:BanishingStrike+1"],"picked":"theMarked:Opportunist+1","floor":19}],"player_experience":527589,"relics_obtained":[{"floor":8,"key":"Gremlin Horn"},{"floor":9,"key":"Question Card"},{"floor":14,"key":"theMarked:DemonDagger"},{"floor":17,"key":"Omamori"},{"floor":17,"key":"Frozen Egg 2"},{"floor":17,"key":"CaptainsWheel"}],"event_choices":[{"damage_healed":0,"gold_gain":0,"player_choice":"Bought 3 Potions","damage_taken":0,"max_hp_gain":0,"max_hp_loss":0,"event_name":"The Woman in Blue","floor":3,"gold_loss":0}],"is_beta":true,"boss_relics":[{"not_picked":["SacredBark","Runic Dome"],"picked":"Calling Bell"}],"items_purged_floors":[],"is_endless":false,"potions_floor_spawned":[2,8,12],"killed_by":"Shelled Parasite and Fungi","ascension_level":0}}