{"host":"ig7tc0uedzltt2sr","time":1610259767,"event":{"mods":["BaseMod","Better Twitch Integration","Block Reminder","Colored Map","Colored Powertips","Communication Mod","Current Relic Mod","GifTheSpireLib","HexUI Lib","Minty Spire (QoL Compilation)","Quick Restart","Random Character Button","Rare Cards Sparkle","Relic Sorter","Relic Stats","Slay the Relics Exporter","StSLib","SuperFastMode","Synergy Search","Twitch Decklist","Twitch Utils","everything is the same but u backflip on backflip","slay the spire mod where everything is the same but ironclad has a cowboy hat"],"gold_per_floor":[113,124,142,157,157,157,75,75,75,75,94,94,113,132,132,132,132],"floor_reached":16,"playtime":68,"items_purged":[],"score":94,"play_id":"e57d4805-f625-4095-9eea-5b4d2840154d","local_time":"20210109222247","is_ascension_mode":false,"campfire_choices":[{"floor":6,"key":"RECALL"},{"data":"Defend_R","floor":8,"key":"SMITH"},{"data":"Strike_R","floor":12,"key":"SMITH"},{"data":"Defend_R","floor":15,"key":"SMITH"}],"circlet_count":0,"master_deck":["Strike_R+1","Strike_R","Strike_R","Strike_R","Strike_R","Defend_R+1","Defend_R+1","Defend_R","Defend_R","Bash"],"relics":["Burning Blood","Unceasing Top","Lizard Tail"],"acts_visited":["Exordium"],"potions_floor_usage":[],"damage_taken":[{"damage":11,"enemies":"2 Louse","floor":1,"turns":2},{"damage":15,"enemies":"Cultist","floor":2,"turns":4},{"damage":0,"enemies":"Small Slimes","floor":3,"turns":3},{"damage":33,"enemies":"3 Louse","floor":4,"turns":3},{"damage":24,"enemies":"Blue Slaver","floor":11,"turns":3},{"damage":43,"enemies":"2 Fungi Beasts","floor":13,"turns":6},{"damage":36,"enemies":"Red Slaver","floor":14,"turns":6},{"damage":32,"enemies":"The Guardian","floor":16,"turns":2}],"seed_played":"-4866591835549748993","potions_obtained":[{"floor":1,"key":"SteroidPotion"},{"floor":4,"key":"BloodPotion"},{"floor":11,"key":"ColorlessPotion"},{"floor":13,"key":"Swift Potion"}],"is_trial":false,"path_per_floor":["M","M","M","M","$","R","?","R","T","$","M","R","M","M","R","B"],"character_chosen":"IRONCLAD","items_purchased":[],"campfire_rested":0,"item_purchase_floors":[],"current_hp_per_floor":[83,74,80,53,53,53,53,53,53,53,35,35,50,20,20,0,0],"gold":132,"neow_bonus":"TEN_PERCENT_HP_BONUS","is_daily":false,"chose_seed":false,"campfire_upgraded":3,"win_rate":0.0,"timestamp":1610259767,"path_taken":["M","M","M","M","$","R","?","R","T","$","?","R","M","M","R","BOSS"],"items_purchased_type":[],"build_version":"2020-12-22","purchased_purges":0,"victory":false,"max_hp_per_floor":[88,88,88,88,88,88,88,88,88,88,88,88,88,88,88,88,88],"relic_stats":{"Lizard Tail":44,"counters":[8,29],"obtain_stats":[{"Lizard Tail":9,"Burning Blood":0,"Unceasing Top":7},{"Lizard Tail":4,"Burning Blood":0,"Unceasing Top":4},{"Lizard Tail":12,"Burning Blood":0,"Unceasing Top":12}],"Burning Blood":42,"Unceasing Top":[0]},"card_choices":[{"not_picked":["Whirlwind","Clothesline","Headbutt"],"picked":"SKIP","floor":1},{"not_picked":["Clash","Thunderclap","Infernal Blade"],"picked":"SKIP","floor":2},{"not_picked":["Pummel","Inflame","Wild Strike"],"picked":"SKIP","floor":3},{"not_picked":["Body Slam","Dark Embrace","Fire Breathing"],"picked":"SKIP","floor":4},{"not_picked":["Rupture","Body Slam","Ghostly Armor"],"picked":"SKIP","floor":11},{"not_picked":["Warcry","Burning Pact","True Grit"],"picked":"SKIP","floor":13},{"not_picked":["Offering","Anger","Perfected Strike"],"picked":"SKIP","floor":14}],"player_experience":1496300,"relics_obtained":[{"floor":9,"key":"Lizard Tail"}],"event_choices":[{"damage_healed":0,"gold_gain":0,"player_choice":"Paid Gold","damage_taken":0,"relics_obtained":["Unceasing Top"],"max_hp_gain":0,"max_hp_loss":0,"event_name":"WeMeetAgain","floor":7,"gold_loss":82}],"is_beta":false,"boss_relics":[],"items_purged_floors":[],"is_endless":false,"potions_floor_spawned":[1,4,11,13,14],"killed_by":"The Guardian","ascension_level":0}}