{"host":"4qkvkh7pd9qr2mca","time":1610304717,"event":{"mods":["AchievementEnabler","BaseMod","Colored Map","Colored Powertips","Highlight Path","Minty Spire (QoL Compilation)","Permanent Neow","Quick Restart","StSLib","SuperFastMode"],"gold_per_floor":[368,293,293,293,313,313,347,347,347,347,390,465,480,513,513,609,609,587,502,427,441,456,495,495,495,495],"floor_reached":25,"playtime":868,"items_purged":[],"score":474,"play_id":"81e79852-705b-4b9a-8688-d4f08800822c","local_time":"20210110195157","is_ascension_mode":true,"campfire_choices":[{"data":"Zap","floor":6,"key":"SMITH"},{"floor":8,"key":"REST"},{"floor":10,"key":"REST"},{"floor":15,"key":"REST"},{"floor":24,"key":"REST"}],"circlet_count":0,"master_deck":["AscendersBane","Strike_B","Strike_B","Strike_B","Defend_B","Defend_B","Defend_B","Defend_B","Zap+1","Dualcast+1","Leap","Auto Shields","FTL","Ball Lightning","Creative AI","Echo Form","Undo","Barrage"],"relics":["Cracked Core","Golden Idol","Torii","CaptainsWheel","PreservedInsect","Orichalcum","Fusion Hammer","Darkstone Periapt","Juzu Bracelet"],"acts_visited":["Exordium","TheCity"],"potions_floor_usage":[7,14,23,25,25],"damage_taken":[{"damage":9,"enemies":"Jaw Worm","floor":1,"turns":4},{"damage":0,"enemies":"2 Louse","floor":5,"turns":2},{"damage":39,"enemies":"Gremlin Nob","floor":7,"turns":4},{"damage":21,"enemies":"3 Sentries","floor":11,"turns":10},{"damage":0,"enemies":"Small Slimes","floor":13,"turns":2},{"damage":13,"enemies":"Lagavulin","floor":14,"turns":4},{"damage":1,"enemies":"Slime Boss","floor":16,"turns":9},{"damage":17,"enemies":"2 Thieves","floor":18,"turns":4},{"damage":23,"enemies":"Chosen","floor":21,"turns":7},{"damage":7,"enemies":"Snake Plant","floor":22,"turns":5},{"damage":3,"enemies":"Book of Stabbing","floor":23,"turns":5},{"damage":27,"enemies":"Gremlin Leader","floor":25,"turns":4}],"seed_played":"341938901745963800","potions_obtained":[{"floor":1,"key":"SkillPotion"},{"floor":13,"key":"Dexterity Potion"},{"floor":14,"key":"Explosive Potion"},{"floor":21,"key":"SpeedPotion"},{"floor":23,"key":"LiquidBronze"}],"is_trial":false,"path_per_floor":["M","?","?","?","M","R","E","R","T","R","E","?","M","E","R","B",null,"M","?","?","M","M","E","R","E"],"character_chosen":"DEFECT","items_purchased":[],"campfire_rested":4,"item_purchase_floors":[],"current_hp_per_floor":[55,55,55,55,55,55,16,35,35,54,33,22,22,9,28,27,55,38,38,38,15,8,5,24,0,0],"gold":495,"neow_bonus":"TWO_FIFTY_GOLD","is_daily":false,"chose_seed":false,"campfire_upgraded":1,"win_rate":0.0,"timestamp":1610304717,"path_taken":["M","?","?","?","M","R","E","R","T","R","E","?","M","E","R","BOSS","M","?","?","?","M","E","R","E"],"items_purchased_type":[],"build_version":"2020-12-22","purchased_purges":0,"victory":false,"max_hp_per_floor":[71,71,71,64,64,64,64,64,64,64,64,64,64,64,64,64,64,64,64,64,64,64,64,64,64,64],"card_choices":[{"not_picked":["Turbo","Stack"],"picked":"Leap","floor":1},{"not_picked":["Chaos","Rebound"],"picked":"Auto Shields","floor":5},{"not_picked":["Melter","Heatsinks"],"picked":"FTL","floor":7},{"not_picked":["Sweeping Beam","Beam Cell"],"picked":"Ball Lightning","floor":11},{"not_picked":["Storm","Force Field","Conserve Battery"],"picked":"SKIP","floor":13},{"not_picked":["Gash","Hologram"],"picked":"Creative AI","floor":14},{"not_picked":["Hyperbeam","Machine Learning"],"picked":"Echo Form","floor":16},{"not_picked":["Aggregate","Ball Lightning"],"picked":"Undo","floor":18},{"not_picked":["Streamline","Sweeping Beam","Aggregate"],"picked":"SKIP","floor":21},{"not_picked":["Leap","FTL"],"picked":"Barrage","floor":22},{"not_picked":["Reprogram","Conserve Battery","Blizzard"],"picked":"SKIP","floor":23}],"player_experience":534350,"relics_obtained":[{"floor":7,"key":"Torii"},{"floor":9,"key":"CaptainsWheel"},{"floor":11,"key":"PreservedInsect"},{"floor":14,"key":"Orichalcum"},{"floor":23,"key":"Juzu Bracelet"}],"event_choices":[{"cards_removed":["Injury"],"damage_healed":0,"gold_gain":0,"player_choice":"Card Removal","damage_taken":0,"max_hp_gain":0,"max_hp_loss":0,"event_name":"The Cleric","floor":2,"gold_loss":75},{"damage_healed":0,"gold_gain":0,"player_choice":"Grow","damage_taken":0,"max_hp_gain":0,"max_hp_loss":0,"event_name":"Living Wall","floor":3,"gold_loss":0,"cards_upgraded":["Dualcast"]},{"damage_healed":0,"gold_gain":0,"player_choice":"Lose Max HP","damage_taken":0,"relics_obtained":["Golden Idol"],"max_hp_gain":0,"max_hp_loss":7,"event_name":"Golden Idol","floor":4,"gold_loss":0},{"damage_healed":0,"gold_gain":75,"player_choice":"Gather Gold","damage_taken":11,"max_hp_gain":0,"max_hp_loss":0,"event_name":"World of Goop","floor":12,"gold_loss":0},{"damage_healed":0,"gold_gain":0,"player_choice":"Obtained Relic","damage_taken":0,"relics_obtained":["Darkstone Periapt"],"max_hp_gain":0,"max_hp_loss":0,"event_name":"Addict","floor":19,"gold_loss":85},{"cards_removed":["Strike_B"],"damage_healed":0,"gold_gain":0,"player_choice":"Gave Gold","damage_taken":0,"max_hp_gain":0,"max_hp_loss":0,"event_name":"Beggar","floor":20,"gold_loss":75}],"is_beta":false,"boss_relics":[{"not_picked":["Astrolabe","Philosopher\u0027s Stone"],"picked":"Fusion Hammer"}],"items_purged_floors":[],"is_endless":false,"potions_floor_spawned":[1,13,14,21,23],"killed_by":"Gremlin Leader","ascension_level":20}}