{"host":"fa35vd3kig5td25x","time":1611165494,"event":{"mods":["BaseMod","Colored Powertips","Minty Spire (QoL Compilation)","Relic Stats","Slay the Relics Exporter"],"gold_per_floor":[118,13,13,33,51,51,83,98,124,157,157,192,73,83,83,157,157,168,184,184,16,26,57,57,57,84,84,115,115,140,140,140,211,211,228,253,269,322,13,44,44,72,143,143,143,12,12,36,36,36,36,36,36,36,69,69,69],"floor_reached":56,"language":"ENG","playtime":2253,"items_purged":["Strike_P","Strike_P+1"],"score":2254,"play_id":"580efcc6-d537-4b21-aca0-957fcd151c92","local_time":"20210120185814","is_ascension_mode":true,"campfire_choices":[{"floor":6.0,"key":"REST"},{"floor":11.0,"key":"REST"},{"floor":15.0,"key":"REST"},{"floor":27,"key":"REST"},{"floor":29,"key":"REST"},{"floor":32,"key":"REST"},{"floor":44,"key":"REST"},{"floor":47,"key":"RECALL"},{"floor":49,"key":"REST"},{"floor":53,"key":"REST"}],"circlet_count":0,"master_deck":["AscendersBane","Strike_P+1","Strike_P+1","Defend_P+1","Defend_P+1","Defend_P+1","Defend_P+1","Eruption","Vigilance+1","ThirdEye","Consecrate","FearNoEvil+1","MentalFortress+1","WheelKick+1","Weave","EmptyBody","Scrawl","FlurryOfBlows","Conclude","Indignation","Crescendo","FlurryOfBlows+1","WheelKick+1","Tantrum","RitualDagger+1","LessonLearned","JustLucky+1","Adaptation","ThirdEye","TalkToTheHand+1","Flash of Steel","Halt+1","TalkToTheHand","InnerPeace"],"relics":["Fusion Hammer","Orichalcum","Whetstone","Happy Flower","Akabeko","Torii","Black Star","Pen Nib","Regal Pillow","Lantern","Toy Ornithopter","Darkstone Periapt","Shuriken","Damaru","Juzu Bracelet","Runic Pyramid","Girya","GoldenEye","Vajra","Anchor","Yang","Frozen Egg 2","CeramicFish","Boot","Centennial Puzzle"],"acts_visited":["Exordium","TheCity","TheBeyond","TheEnding"],"potions_floor_usage":[23,38,48,50,50],"damage_taken":[{"damage":0.0,"enemies":"Cultist","floor":1.0,"turns":4.0},{"damage":6.0,"enemies":"Small Slimes","floor":4.0,"turns":3.0},{"damage":0.0,"enemies":"2 Louse","floor":5.0,"turns":2.0},{"damage":33.0,"enemies":"3 Sentries","floor":7.0,"turns":6.0},{"damage":2.0,"enemies":"Red Slaver","floor":8.0,"turns":2.0},{"damage":0.0,"enemies":"Lagavulin","floor":10.0,"turns":4.0},{"damage":12.0,"enemies":"Gremlin Nob","floor":12.0,"turns":3.0},{"damage":0.0,"enemies":"2 Fungi Beasts","floor":14.0,"turns":1.0},{"damage":0.0,"enemies":"Slime Boss","floor":16.0,"turns":5.0},{"damage":7.0,"enemies":"3 Byrds","floor":18.0,"turns":3.0},{"damage":9.0,"enemies":"2 Thieves","floor":19.0,"turns":2.0},{"damage":0.0,"enemies":"Sentry and Sphere","floor":22.0,"turns":2.0},{"damage":23,"enemies":"Slavers","floor":23,"turns":3},{"damage":14,"enemies":"Gremlin Leader","floor":28,"turns":5},{"damage":16,"enemies":"Book of Stabbing","floor":30,"turns":4},{"damage":6,"enemies":"Collector","floor":33,"turns":4},{"damage":0,"enemies":"Orb Walker","floor":35,"turns":2},{"damage":19,"enemies":"Mind Bloom Boss Battle","floor":36,"turns":4},{"damage":22,"enemies":"3 Shapes","floor":37,"turns":4},{"damage":14,"enemies":"2 Orb Walkers","floor":38,"turns":3},{"damage":0,"enemies":"Nemesis","floor":40,"turns":3},{"damage":0,"enemies":"Giant Head","floor":42,"turns":4},{"damage":11,"enemies":"Sphere and 2 Shapes","floor":48,"turns":4},{"damage":41,"enemies":"Time Eater","floor":50,"turns":5},{"damage":28,"enemies":"Awakened One","floor":51,"turns":7},{"damage":29,"enemies":"Shield and Spear","floor":55,"turns":4},{"damage":41,"enemies":"The Heart","floor":56,"turns":3}],"seed_played":"-4999281377893672079","potions_obtained":[{"floor":1.0,"key":"Strength Potion"},{"floor":5.0,"key":"SpeedPotion"},{"floor":8.0,"key":"Regen Potion"},{"floor":16.0,"key":"Weak Potion"},{"floor":23,"key":"PowerPotion"},{"floor":28,"key":"BottledMiracle"},{"floor":30,"key":"DuplicationPotion"},{"floor":48,"key":"PowerPotion"}],"is_trial":false,"path_per_floor":["M","$","?","M","M","R","E","M","T","E","R","E","$","M","R","B",null,"M","M","?","$","M","E","?","?","T","R","E","R","E","?","R","B",null,"M","?","M","?","$","E","?","E","T","R","$","$","R","M","R","B","B",null,"R","$","E","B"],"character_chosen":"WATCHER","items_purchased":["Consecrate","FearNoEvil","Conclude","Pen Nib","Flash of Steel","Halt","BlessingOfTheForge","TalkToTheHand","Block Potion"],"campfire_rested":9,"item_purchase_floors":[2,2,13,21,39,39,39,46,46],"current_hp_per_floor":[61,61,35,29,29,49,16,14,14,26,46,34,34,34,54,54,65,58,49,49,49,49,26,26,26,26,61,47,68,52,46,68,62,67,67,48,26,17,17,17,17,17,17,52,52,52,52,46,68,37,9,53,68,68,39,0,0],"gold":69,"neow_bonus":"BOSS_RELIC","is_daily":false,"chose_seed":false,"campfire_upgraded":0,"win_rate":0.0,"timestamp":1611165494,"path_taken":["M","?","?","M","M","R","E","M","T","E","R","E","$","M","R","BOSS","M","M","?","$","?","E","?","?","T","R","E","R","E","?","R","BOSS","M","?","M","?","$","E","?","E","T","R","?","$","R","M","R","BOSS","BOSS","R","$","E","BOSS"],"items_purchased_type":["Card","Card","Card","Relic","Card","Card","Potion","Card","Potion"],"build_version":"2020-12-22","purchased_purges":2,"victory":false,"max_hp_per_floor":[68,68,68,68,68,68,68,68,68,68,68,68,68,68,68,68,68,68,68,68,68,68,68,68,68,68,68,68,68,68,68,68,68,68,68,68,68,68,68,68,68,68,68,68,68,68,68,68,68,68,68,68,68,68,68,68,68],"relic_stats":{"Darkstone Periapt":0,"Regal Pillow":35,"Happy Flower":[26],"Torii":34,"counters":[27,96],"CeramicFish":18,"Yang":[120],"Pen Nib":[24],"Juzu Bracelet":1,"Whetstone":["Strike_P","WheelKick"],"Orichalcum":[54],"GoldenEye":[30],"Boot":[11],"Centennial Puzzle":[3],"Shuriken":[53],"Black Star":6,"obtain_stats":[{"Darkstone Periapt":28,"Regal Pillow":23,"Lantern":23,"Torii":12,"CeramicFish":42,"Vajra":40,"Yang":41,"Juzu Bracelet":30,"Whetstone":7,"Boot":55,"Centennial Puzzle":55,"Fusion Hammer":0,"Runic Pyramid":34,"Girya":36,"Happy Flower":9,"Damaru":30,"Pen Nib":21,"Orichalcum":3,"Frozen Egg 2":42,"GoldenEye":38,"Akabeko":10,"Anchor":40,"Shuriken":28,"Black Star":17,"PureWater":0,"Toy Ornithopter":26},{"Darkstone Periapt":14,"Regal Pillow":13,"Lantern":13,"Torii":7,"CeramicFish":22,"Vajra":21,"Yang":21,"Juzu Bracelet":15,"Whetstone":4,"Boot":26,"Centennial Puzzle":26,"Fusion Hammer":0,"Runic Pyramid":16,"Girya":18,"Happy Flower":5,"Damaru":15,"Pen Nib":11,"Orichalcum":1,"Frozen Egg 2":22,"GoldenEye":20,"Akabeko":6,"Anchor":21,"Shuriken":14,"Black Star":9,"PureWater":0,"Toy Ornithopter":13},{"Darkstone Periapt":45,"Regal Pillow":40,"Lantern":40,"Torii":24,"CeramicFish":73,"Vajra":69,"Yang":69,"Juzu Bracelet":49,"Whetstone":15,"Boot":93,"Centennial Puzzle":93,"Fusion Hammer":0,"Runic Pyramid":53,"Girya":59,"Happy Flower":17,"Damaru":49,"Pen Nib":35,"Orichalcum":4,"Frozen Egg 2":73,"GoldenEye":66,"Akabeko":21,"Anchor":69,"Shuriken":45,"Black Star":30,"PureWater":0,"Toy Ornithopter":40}],"Toy Ornithopter":20},"card_choices":[{"not_picked":["Worship","Halt"],"picked":"ThirdEye","floor":1.0},{"not_picked":["WreathOfFlame","Fasting2"],"picked":"MentalFortress","floor":4.0},{"not_picked":["CrushJoints","FlurryOfBlows"],"picked":"WheelKick","floor":5.0},{"not_picked":["Crescendo","Halt"],"picked":"Weave","floor":7.0},{"not_picked":["SashWhip","FollowUp"],"picked":"EmptyBody","floor":8.0},{"not_picked":["Consecrate","JustLucky"],"picked":"Scrawl","floor":10.0},{"not_picked":["Consecrate","Wallop"],"picked":"FlurryOfBlows","floor":12.0},{"not_picked":["EmptyFist","ClearTheMind"],"picked":"Indignation","floor":14.0},{"not_picked":["EmptyBody","BowlingBash"],"picked":"Crescendo","floor":18.0},{"not_picked":["WindmillStrike","Consecrate"],"picked":"FlurryOfBlows+1","floor":19.0},{"not_picked":["SashWhip","FollowUp","ReachHeaven+1"],"picked":"SKIP","floor":22.0},{"not_picked":["Perseverance","EmptyFist","Nirvana"],"picked":"SKIP","floor":23},{"not_picked":["SpiritShield","WaveOfTheHand","Crescendo"],"picked":"SKIP","floor":28},{"not_picked":["Indignation","Ragnarok"],"picked":"Tantrum","floor":30},{"not_picked":["Blasphemy","Alpha"],"picked":"LessonLearned","floor":33},{"not_picked":["Prostrate","Consecrate+1"],"picked":"JustLucky+1","floor":35},{"not_picked":["Conclude","Sanctity+1"],"picked":"Adaptation","floor":36},{"not_picked":["SandsOfTime+1","Protect"],"picked":"ThirdEye","floor":37},{"not_picked":["Protect","FlurryOfBlows"],"picked":"TalkToTheHand","floor":38},{"not_picked":["Perseverance","Conclude","CrushJoints"],"picked":"SKIP","floor":40},{"not_picked":["MasterReality+1","FollowUp+1","Evaluate"],"picked":"SKIP","floor":42},{"not_picked":["Evaluate","PathToVictory"],"picked":"InnerPeace","floor":48},{"not_picked":["Wireheading+1","WindmillStrike","CarveReality"],"picked":"SKIP","floor":55}],"player_experience":2965822,"relics_obtained":[{"floor":7.0,"key":"Whetstone"},{"floor":9.0,"key":"Happy Flower"},{"floor":10.0,"key":"Akabeko"},{"floor":12.0,"key":"Torii"},{"floor":23,"key":"Regal Pillow"},{"floor":23,"key":"Lantern"},{"floor":26,"key":"Toy Ornithopter"},{"floor":28,"key":"Darkstone Periapt"},{"floor":28,"key":"Shuriken"},{"floor":30,"key":"Damaru"},{"floor":30,"key":"Juzu Bracelet"},{"floor":36,"key":"Girya"},{"floor":38,"key":"GoldenEye"},{"floor":40,"key":"Vajra"},{"floor":40,"key":"Anchor"},{"floor":41,"key":"Yang"},{"floor":42,"key":"Frozen Egg 2"},{"floor":42,"key":"CeramicFish"},{"floor":55,"key":"Boot"},{"floor":55,"key":"Centennial Puzzle"}],"event_choices":[{"damage_healed":0.0,"max_hp_gain":0.0,"max_hp_loss":0.0,"gold_gain":0.0,"event_name":"Scrap Ooze","player_choice":"Success","floor":3.0,"gold_loss":0.0,"damage_taken":26.0,"relics_obtained":["Orichalcum"]},{"damage_healed":0.0,"max_hp_gain":0.0,"max_hp_loss":0.0,"gold_gain":0.0,"event_name":"Duplicator","player_choice":"Copied","floor":20.0,"gold_loss":0.0,"damage_taken":0.0,"cards_obtained":["WheelKick"]},{"damage_healed":0,"gold_gain":0,"player_choice":"Ignored","damage_taken":0,"max_hp_gain":0,"max_hp_loss":0,"event_name":"The Mausoleum","floor":24,"gold_loss":0},{"damage_healed":0,"gold_gain":0,"player_choice":"Simplicity","damage_taken":0,"max_hp_gain":0,"max_hp_loss":0,"event_name":"Back to Basics","floor":25,"gold_loss":0,"cards_upgraded":["Strike_P","Strike_P","Defend_P","Defend_P","Defend_P","Defend_P"]},{"damage_healed":0,"gold_gain":0,"player_choice":"Joined the Cult","damage_taken":6,"max_hp_gain":0,"max_hp_loss":0,"event_name":"Nest","floor":31,"gold_loss":0,"cards_obtained":["RitualDagger"]},{"damage_healed":0,"gold_gain":0,"player_choice":"Fight","damage_taken":0,"max_hp_gain":0,"max_hp_loss":0,"event_name":"MindBloom","floor":36,"gold_loss":0},{"damage_healed":0,"gold_gain":0,"player_choice":"Fight","damage_taken":0,"max_hp_gain":0,"max_hp_loss":0,"event_name":"Mysterious Sphere","floor":38,"gold_loss":0},{"damage_healed":0,"gold_gain":0,"player_choice":"Relic","damage_taken":0,"max_hp_gain":0,"max_hp_loss":0,"event_name":"Wheel of Change","floor":41,"gold_loss":0}],"is_beta":false,"boss_relics":[{"not_picked":["Cursed Key","Astrolabe"],"picked":"Black Star"},{"not_picked":["Sozu","VioletLotus"],"picked":"Runic Pyramid"}],"items_purged_floors":[13,39],"is_endless":false,"potions_floor_spawned":[1,5,8,16,23,28,30,40,42,48],"killed_by":"The Heart","ascension_level":20}}