{"host":"0ricjaa7rfq9v76t","time":1611148901,"event":{"mods":["AchievementEnabler","Aspiration","BaseMod","Better Vampires","BetterRewards","Colored Powertips","Highlight Path","Hubris","Infinite Spire","Minty Spire (QoL Compilation)","Quick Restart","Rare Cards Sparkle","Relic Sorter","Replay The Spire","StSLib","SuperFastMode","Synergy Search","The Cursed","The Disciple","The Jungle","The Marked","The Runesmith","Uncapped"],"gold_per_floor":[111,11,11,11,11,55,55,86,110,110,123,167,241,257,257,257,257],"floor_reached":16,"language":"ENG","playtime":1096,"items_purged":["Strike_B","Defend_B"],"score":116,"play_id":"57cc6fa3-b927-4529-8a26-a00ba39e0607","local_time":"20210120212141","is_ascension_mode":false,"campfire_choices":[{"floor":7,"key":"REST"},{"floor":15,"key":"REST"}],"circlet_count":0,"master_deck":["Strike_B","Strike_B","Defend_B","Defend_B","Defend_B","Zap","Dualcast","Gash","Pain","SwitchThreat","infinitespire:SevenWalls","Turbo","Genetic Algorithm","Gash"],"relics":["Cracked Core","Golden Idol","hubris:Towel","Replay:Wax Seal","Mango","Happy Flower","Garlic","hubris:BottledRain"],"acts_visited":["Exordium"],"potions_floor_usage":[8,12],"damage_taken":[{"damage":1,"enemies":"Jaw Worm","floor":1,"turns":4},{"damage":42,"enemies":"3 Sentries","floor":6,"turns":9},{"damage":20,"enemies":"Lagavulin","floor":8,"turns":3},{"damage":4,"enemies":"Small Slimes","floor":11,"turns":3},{"damage":14,"enemies":"Gremlin Nob","floor":12,"turns":3},{"damage":3,"enemies":"2 Louse","floor":14,"turns":3},{"damage":38,"enemies":"Fading Forest","floor":16,"turns":6}],"seed_played":"-8867309750658819575","potions_obtained":[{"floor":1,"key":"Death Potion"},{"floor":6,"key":"SpeedPotion"},{"floor":11,"key":"Reflective Coating"}],"is_trial":false,"path_per_floor":["M","$","?","?","?","E","R","E","T","?","M","E","T","M","R","B"],"character_chosen":"DEFECT","items_purchased":[],"campfire_rested":2,"item_purchase_floors":[],"current_hp_per_floor":[74,74,56,49,49,7,29,23,23,23,19,5,5,2,28,0,0],"gold":257,"neow_bonus":"","is_daily":false,"chose_seed":false,"campfire_upgraded":0,"win_rate":0.0,"timestamp":1611148901,"path_taken":["M","$","?","?","?","E","R","E","T","?","?","E","?","M","R","BOSS"],"items_purchased_type":[],"build_version":"2020-12-22","purchased_purges":2,"victory":false,"max_hp_per_floor":[75,75,75,75,75,75,75,89,89,89,89,89,89,89,89,89,89],"card_choices":[{"not_picked":["ReplaySolidLightProjector","Stack"],"picked":"Gash","floor":1},{"not_picked":["Go for the Eyes","ReplaySort","Chill"],"picked":"SKIP","floor":6},{"not_picked":["Sunder","Cold Snap","Fusion"],"picked":"SKIP","floor":8},{"not_picked":["infinitespire:Menacing","infinitespire:UltimateForm"],"picked":"infinitespire:SevenWalls","floor":10},{"not_picked":["Redo","Coolheaded"],"picked":"Turbo","floor":11},{"not_picked":["Beam Cell","Turbo"],"picked":"Genetic Algorithm","floor":12},{"not_picked":["Rebound","Skim"],"picked":"Gash","floor":14}],"player_experience":171278,"relics_obtained":[{"floor":6,"key":"Replay:Wax Seal"},{"floor":8,"key":"Mango"},{"floor":9,"key":"Happy Flower"},{"floor":12,"key":"Garlic"},{"floor":13,"key":"hubris:BottledRain"}],"event_choices":[{"damage_healed":0,"gold_gain":0,"player_choice":"Take Damage","damage_taken":18,"relics_obtained":["Golden Idol"],"max_hp_gain":0,"max_hp_loss":0,"event_name":"Golden Idol","floor":3,"gold_loss":0},{"cards_removed":["Strike_B"],"damage_healed":0,"gold_gain":0,"player_choice":"Card Removal","damage_taken":7,"max_hp_gain":0,"max_hp_loss":0,"event_name":"Golden Wing","floor":4,"gold_loss":0}],"is_beta":false,"boss_relics":[],"items_purged_floors":[0,2],"is_endless":false,"potions_floor_spawned":[1,6,11],"killed_by":"Fading Forest","ascension_level":0}}