{"host":"6jrd8fn9k88n08be","time":1611169097,"event":{"mods":["BaseMod","Minty Spire (QoL Compilation)","StSLib"],"gold_per_floor":[109,125,46,59,59,89,89,101,101,101,118,118,135,164,164,267,267,283,283,283,283,296,20,20,48,73,73,93,119,50,80,80,184,184,203,213,213,263,339,339,359,110,134,150,150,170,187,201,201,201,201,201,56,88,88],"floor_reached":56,"language":"ENG","playtime":4323,"items_purged":["Defend_B","Strike_B"],"score":1419,"play_id":"a4a387ae-fb78-4327-b60d-c59bccd378e4","local_time":"20210120135817","is_ascension_mode":true,"campfire_choices":[{"data":"Zap","floor":7.0,"key":"SMITH"},{"data":"Dualcast","floor":10.0,"key":"SMITH"},{"data":"Glacier","floor":12.0,"key":"SMITH"},{"data":"Defragment","floor":15.0,"key":"SMITH"},{"data":"Meteor Strike","floor":24,"key":"SMITH"},{"data":"Skim","floor":32,"key":"SMITH"},{"floor":40,"key":"RECALL"},{"data":"Echo Form","floor":45,"key":"SMITH"},{"data":"Meteor Strike","floor":49,"key":"SMITH"},{"data":"Multi-Cast","floor":52,"key":"SMITH"}],"circlet_count":0,"master_deck":["Strike_B","Defend_B","Defend_B+1","Defend_B+1","Zap+1","Dualcast+1","Coolheaded","Glacier+1","Self Repair","Tempest","Glacier+1","Streamline","Cold Snap","Defragment+1","Multi-Cast+1","Streamline","Conserve Battery","Biased Cognition","Meteor Strike+1","Skim+1","Coolheaded","Rebound","Meteor Strike+1","All For One","Rebound+1","Madness","Madness","Coolheaded+1","Sunder","Echo Form+1","Double Energy","Blizzard+1","Coolheaded"],"relics":["Cracked Core","NeowsBlessing","Nunchaku","Bronze Scales","Mercury Hourglass","Snecko Eye","Enchiridion","Lantern","War Paint","Strawberry","NlothsMask","Meat on the Bone","Anchor","SlaversCollar","Unceasing Top","Pen Nib","Bag of Preparation"],"acts_visited":["Exordium","TheCity","TheBeyond","TheEnding"],"potions_floor_usage":[25,25,33,33,38,50,50,55],"damage_taken":[{"damage":0.0,"enemies":"Cultist","floor":1.0,"turns":1.0},{"damage":0.0,"enemies":"Small Slimes","floor":2.0,"turns":1.0},{"damage":0.0,"enemies":"Jaw Worm","floor":4.0,"turns":1.0},{"damage":33.0,"enemies":"Lagavulin","floor":6.0,"turns":12.0},{"damage":4.0,"enemies":"Exordium Wildlife","floor":8.0,"turns":4.0},{"damage":1.0,"enemies":"2 Fungi Beasts","floor":11.0,"turns":3.0},{"damage":8.0,"enemies":"Lots of Slimes","floor":13.0,"turns":4.0},{"damage":2.0,"enemies":"Gremlin Nob","floor":14.0,"turns":5.0},{"damage":8.0,"enemies":"The Guardian","floor":16.0,"turns":8.0},{"damage":0.0,"enemies":"Spheric Guardian","floor":18.0,"turns":4.0},{"damage":0,"enemies":"Shell Parasite","floor":22,"turns":1},{"damage":9,"enemies":"Slavers","floor":25,"turns":3},{"damage":0,"enemies":"Sentry and Sphere","floor":28,"turns":2},{"damage":0,"enemies":"Book of Stabbing","floor":29,"turns":4},{"damage":29,"enemies":"Slavers","floor":31,"turns":4},{"damage":0,"enemies":"Collector","floor":33,"turns":4},{"damage":0,"enemies":"3 Darklings","floor":35,"turns":3},{"damage":4,"enemies":"3 Shapes","floor":36,"turns":3},{"damage":0,"enemies":"Mind Bloom Boss Battle","floor":38,"turns":2},{"damage":0,"enemies":"Maw","floor":41,"turns":4},{"damage":0,"enemies":"Sphere and 2 Shapes","floor":44,"turns":3},{"damage":0,"enemies":"Transient","floor":46,"turns":5},{"damage":0,"enemies":"Maw","floor":47,"turns":3},{"damage":0,"enemies":"4 Shapes","floor":48,"turns":2},{"damage":21,"enemies":"Awakened One","floor":50,"turns":4},{"damage":0,"enemies":"Shield and Spear","floor":54,"turns":3},{"damage":12,"enemies":"The Heart","floor":55,"turns":6}],"seed_played":"5338617990885821614","potions_obtained":[{"floor":2.0,"key":"FairyPotion"},{"floor":11.0,"key":"Energy Potion"},{"floor":14.0,"key":"BlessingOfTheForge"},{"floor":16.0,"key":"EssenceOfDarkness"},{"floor":25,"key":"Regen Potion"},{"floor":31,"key":"Swift Potion"},{"floor":33,"key":"SneckoOil"},{"floor":35,"key":"FocusPotion"},{"floor":41,"key":"PowerPotion"},{"floor":47,"key":"DuplicationPotion"},{"floor":54,"key":"Block Potion"}],"is_trial":false,"path_per_floor":["M","M","$","M","?","E","R","M","T","R","M","R","M","E","R","B",null,"M","?","?","?","M","$","R","E","T","?","M","E","$","E","R","B",null,"M","M","?","?","T","R","M","$","T","M","R","M","M","M","R","B",null,"R","$","E","B",null],"character_chosen":"DEFECT","items_purchased":["Self Repair","Coolheaded","Lantern","Meteor Strike","Echo Form","Pen Nib"],"campfire_rested":0,"item_purchase_floors":[3,23,23,30,42,53],"current_hp_per_floor":[75,75,75,75,75,49,49,52,52,52,58,58,57,62,62,61,75,75,59,59,59,59,59,59,57,64,64,64,71,71,49,49,65,82,82,78,68,68,68,68,75,75,75,75,75,82,82,82,82,68,82,82,82,82,77],"gold":88,"neow_bonus":"THREE_ENEMY_KILL","is_daily":false,"chose_seed":false,"campfire_upgraded":9,"win_rate":0.0,"timestamp":1611169097,"path_taken":["M","?","$","M","?","E","R","?","T","R","M","R","M","E","R","BOSS","M","?","?","?","?","$","R","E","T","?","?","E","$","E","R","BOSS","M","?","?","?","?","R","M","$","T","M","R","?","M","?","R","BOSS","R","$","E","BOSS"],"items_purchased_type":["Card","Card","Relic","Card","Card","Relic"],"build_version":"2020-12-22","purchased_purges":2,"victory":true,"max_hp_per_floor":[75,75,75,75,75,75,75,75,75,75,75,75,75,75,75,75,75,75,75,75,75,75,75,75,75,82,82,82,82,82,82,82,82,82,82,82,82,82,82,82,82,82,82,82,82,82,82,82,82,82,82,82,82,82,82],"card_choices":[{"not_picked":["Conserve Battery","Cold Snap"],"picked":"Coolheaded","floor":1.0},{"not_picked":["Barrage","Blizzard"],"picked":"Glacier","floor":2.0},{"not_picked":["Recycle","Hello World"],"picked":"Tempest","floor":4.0},{"not_picked":["Aggregate","Fusion"],"picked":"Glacier","floor":6.0},{"not_picked":["Glacier","Redo","Leap"],"picked":"SKIP","floor":8.0},{"not_picked":["Turbo","Storm"],"picked":"Streamline","floor":11.0},{"not_picked":["Coolheaded","Reinforced Body"],"picked":"Cold Snap","floor":13.0},{"not_picked":["Seek","Leap"],"picked":"Defragment","floor":14.0},{"not_picked":["Machine Learning","Reboot"],"picked":"Multi-Cast","floor":16.0},{"not_picked":["Ball Lightning+1","Coolheaded"],"picked":"Streamline","floor":18.0},{"not_picked":["Melter","Tempest"],"picked":"Skim","floor":22},{"not_picked":["Glacier","Aggregate","Beam Cell+1"],"picked":"SKIP","floor":25},{"not_picked":["Undo","Turbo","Leap"],"picked":"SKIP","floor":28},{"not_picked":["Turbo","Cold Snap"],"picked":"Rebound","floor":29},{"not_picked":["Leap","Barrage+1","Steam"],"picked":"SKIP","floor":31},{"not_picked":["Thunder Strike","Core Surge"],"picked":"All For One","floor":33},{"not_picked":["Beam Cell+1","Lockon","Steam"],"picked":"SKIP","floor":35},{"not_picked":["Steam","Reinforced Body"],"picked":"Rebound+1","floor":36},{"not_picked":["Gash+1","Recycle"],"picked":"Coolheaded+1","floor":38},{"not_picked":["Hello World","Compile Driver+1"],"picked":"Sunder","floor":41},{"not_picked":["Hologram+1","Beam Cell+1"],"picked":"Double Energy","floor":44},{"not_picked":["Storm+1","Loop+1"],"picked":"Blizzard+1","floor":46},{"not_picked":["Conserve Battery+1","Leap"],"picked":"Coolheaded","floor":47},{"not_picked":["Cold Snap","Gash+1","Streamline+1"],"picked":"SKIP","floor":48},{"not_picked":["Defragment","Conserve Battery+1","Undo"],"picked":"SKIP","floor":54}],"player_experience":102093,"relics_obtained":[{"floor":6.0,"key":"Nunchaku"},{"floor":9.0,"key":"Bronze Scales"},{"floor":14.0,"key":"Mercury Hourglass"},{"floor":19,"key":"Enchiridion"},{"floor":25,"key":"War Paint"},{"floor":26,"key":"Strawberry"},{"floor":29,"key":"Meat on the Bone"},{"floor":31,"key":"Anchor"},{"floor":38,"key":"Unceasing Top"},{"floor":54,"key":"Bag of Preparation"}],"event_choices":[{"damage_healed":0.0,"max_hp_gain":0.0,"max_hp_loss":0.0,"gold_gain":0.0,"event_name":"Upgrade Shrine","player_choice":"Upgraded","floor":5.0,"gold_loss":0.0,"damage_taken":0.0,"cards_upgraded":["Glacier"]},{"damage_healed":0,"gold_gain":0,"player_choice":"Obtained Book","damage_taken":16,"max_hp_gain":0,"max_hp_loss":0,"event_name":"Cursed Tome","floor":19,"gold_loss":0},{"damage_healed":0,"gold_gain":0,"cards_transformed":["Strike_B","Strike_B"],"player_choice":"Became Test Subject","damage_taken":0,"max_hp_gain":0,"max_hp_loss":0,"event_name":"Drug Dealer","floor":20,"gold_loss":0,"cards_obtained":["Conserve Battery","Biased Cognition"]},{"damage_healed":0,"gold_gain":0,"player_choice":"Read","damage_taken":0,"max_hp_gain":0,"max_hp_loss":0,"event_name":"The Library","floor":21,"gold_loss":0,"cards_obtained":["Meteor Strike"]},{"damage_healed":0,"gold_gain":0,"player_choice":"Trade","damage_taken":0,"relics_obtained":["NlothsMask"],"max_hp_gain":0,"max_hp_loss":0,"event_name":"FaceTrader","floor":27,"gold_loss":0},{"damage_healed":0,"gold_gain":0,"player_choice":"Embrace Madness","damage_taken":10,"max_hp_gain":0,"max_hp_loss":0,"event_name":"Winding Halls","floor":37,"gold_loss":0,"cards_obtained":["Madness","Madness"]},{"damage_healed":0,"gold_gain":0,"player_choice":"Fight","damage_taken":0,"max_hp_gain":0,"max_hp_loss":0,"event_name":"MindBloom","floor":38,"gold_loss":0}],"is_beta":false,"boss_relics":[{"not_picked":["Busted Crown","Fusion Hammer"],"picked":"Snecko Eye"},{"not_picked":["FrozenCore","Runic Dome"],"picked":"SlaversCollar"}],"items_purged_floors":[23,42],"is_endless":false,"potions_floor_spawned":[2,11,14,16,22,25,31,33,35,41,47,54],"ascension_level":2}}