{"host":"3h5qf14xt40jhha0","time":1611105555,"event":{"mods":["BaseMod","Colored Powertips","Minty Spire (QoL Compilation)","Permanent Neow","StSLib"],"gold_per_floor":[110,110,130,130,146,146,181,193,193,163,163,10,40,53,53,130,130,148,38,51,1,1,30,44,44,44,58,86,86,115,115,115,189,189,189,189,206,220,12,41,55,80,128,155,155,167,197,208,208,208,208,208,208,35,70,70],"floor_reached":57,"language":"ENG","playtime":4652,"items_purged":[],"score":3255,"play_id":"76ff9dd6-3cff-4340-a761-fb4c03e4fae5","local_time":"20210119201915","is_ascension_mode":true,"campfire_choices":[{"data":"Flying Knee","floor":6.0,"key":"SMITH"},{"data":"Dash","floor":11.0,"key":"SMITH"},{"data":"Die Die Die","floor":15.0,"key":"SMITH"},{"data":"Glass Knife","floor":25.0,"key":"SMITH"},{"data":"Night Terror","floor":29.0,"key":"SMITH"},{"data":"Calculated Gamble","floor":32.0,"key":"SMITH"},{"floor":49.0,"key":"RECALL"},{"data":"Acrobatics","floor":53.0,"key":"SMITH"}],"circlet_count":0,"master_deck":["AscendersBane","Strike_G","Strike_G","Strike_G","Defend_G+1","Defend_G","Defend_G","Defend_G","Defend_G","Survivor","Neutralize+1","Flying Knee+1","Well Laid Plans+1","Wraith Form v2+1","Backflip","Dash+1","Die Die Die+1","Wraith Form v2+1","Underhanded Strike","Glass Knife+1","Backstab","Sucker Punch+1","Caltrops+1","Distraction+1","Night Terror+1","Calculated Gamble+1","Corpse Explosion","Phantasmal Killer","Infinite Blades+1","Acrobatics+1","Bouncing Flask","Blade Dance","Terror","Night Terror+1","Leg Sweep","Acrobatics","Well Laid Plans+1","Backflip"],"relics":["Coffee Dripper","Frozen Egg 2","NlothsMask","Paper Crane","CaptainsWheel","SlaversCollar","Orichalcum","Torii","Ice Cream","WristBlade","Toolbox","TungstenRod","Lantern","StrikeDummy","Bag of Preparation","Mummified Hand"],"acts_visited":["Exordium","TheCity","TheBeyond","TheEnding"],"potions_floor_usage":[56],"damage_taken":[{"damage":9.0,"enemies":"Cultist","floor":1.0,"turns":5.0},{"damage":0.0,"enemies":"2 Louse","floor":3.0,"turns":4.0},{"damage":2.0,"enemies":"Jaw Worm","floor":5.0,"turns":5.0},{"damage":22.0,"enemies":"Lagavulin","floor":7.0,"turns":10.0},{"damage":11.0,"enemies":"Exordium Thugs","floor":8.0,"turns":8.0},{"damage":1.0,"enemies":"Gremlin Nob","floor":13.0,"turns":4.0},{"damage":0.0,"enemies":"3 Louse","floor":14.0,"turns":3.0},{"damage":3.0,"enemies":"Slime Boss","floor":16.0,"turns":13.0},{"damage":30.0,"enemies":"3 Byrds","floor":18.0,"turns":7.0},{"damage":0.0,"enemies":"Spheric Guardian","floor":20.0,"turns":5.0},{"damage":9.0,"enemies":"Gremlin Leader","floor":23.0,"turns":9.0},{"damage":12.0,"enemies":"Snecko","floor":24.0,"turns":7.0},{"damage":0.0,"enemies":"Shelled Parasite and Fungi","floor":27.0,"turns":4.0},{"damage":7.0,"enemies":"Book of Stabbing","floor":28.0,"turns":5.0},{"damage":0.0,"enemies":"Gremlin Leader","floor":30.0,"turns":5.0},{"damage":19.0,"enemies":"Automaton","floor":33.0,"turns":14.0},{"damage":0.0,"enemies":"3 Shapes","floor":35.0,"turns":1.0},{"damage":0.0,"enemies":"Orb Walker","floor":37.0,"turns":4.0},{"damage":14.0,"enemies":"Transient","floor":38.0,"turns":6.0},{"damage":23.0,"enemies":"Giant Head","floor":40.0,"turns":9.0},{"damage":0.0,"enemies":"4 Shapes","floor":41.0,"turns":6.0},{"damage":0.0,"enemies":"Nemesis","floor":42.0,"turns":7.0},{"damage":0.0,"enemies":"Giant Head","floor":44.0,"turns":7.0},{"damage":0.0,"enemies":"3 Darklings","floor":46.0,"turns":1.0},{"damage":0.0,"enemies":"Nemesis","floor":47.0,"turns":7.0},{"damage":0.0,"enemies":"Transient","floor":48.0,"turns":6.0},{"damage":0.0,"enemies":"Awakened One","floor":50.0,"turns":18.0},{"damage":0.0,"enemies":"Donu and Deca","floor":51.0,"turns":16.0},{"damage":39.0,"enemies":"Shield and Spear","floor":55.0,"turns":10.0},{"damage":13,"enemies":"The Heart","floor":56,"turns":15}],"seed_played":"-2302049161573475724","potions_obtained":[{"floor":1.0,"key":"GamblersBrew"},{"floor":10.0,"key":"FearPotion"},{"floor":10.0,"key":"LiquidBronze"},{"floor":14.0,"key":"GhostInAJar"},{"floor":23.0,"key":"Regen Potion"},{"floor":27.0,"key":"Regen Potion"},{"floor":30.0,"key":"FearPotion"},{"floor":33.0,"key":"SmokeBomb"},{"floor":38.0,"key":"AttackPotion"},{"floor":42.0,"key":"Explosive Potion"},{"floor":44.0,"key":"SpeedPotion"},{"floor":46.0,"key":"AttackPotion"}],"is_trial":false,"path_per_floor":["M","T","M","?","M","R","E","M","T","?","R","$","E","M","R","B",null,"M","?","M","?","$","E","M","R","T","M","E","R","E","?","R","B",null,"M","?","M","M","$","E","M","E","T","E","?","M","E","M","R","B","B",null,"R","$","E","B",null],"character_chosen":"THE_SILENT","items_purchased":["Die Die Die","Bouncing Flask","Toolbox","Well Laid Plans+1","LiquidMemories"],"campfire_rested":0,"item_purchase_floors":[12,39,39,54,54],"current_hp_per_floor":[50,50,50,50,48,48,26,15,15,15,15,15,14,14,14,11,52,22,22,22,22,22,13,16,16,16,16,23,23,23,23,23,4,51,51,51,51,37,37,14,14,14,14,14,14,14,14,14,14,14,14,53,53,53,14,1],"gold":70,"neow_bonus":"BOSS_RELIC","is_daily":false,"chose_seed":false,"campfire_upgraded":7,"win_rate":0.0,"timestamp":1611105555,"path_taken":["M","?","M","?","M","R","E","?","T","?","R","?","E","M","R","BOSS","M","?","?","?","?","E","M","R","T","M","E","R","E","?","R","BOSS","M","?","M","M","$","E","?","E","T","E","?","?","E","M","R","BOSS","BOSS","R","$","E","BOSS"],"items_purchased_type":["Card","Card","Relic","Card","Potion"],"build_version":"2020-12-22","purchased_purges":0,"victory":true,"max_hp_per_floor":[66,66,66,66,66,66,66,66,66,66,66,66,66,66,66,66,66,66,66,66,66,66,66,66,66,66,66,66,66,66,66,66,66,66,66,66,66,66,66,66,66,66,66,66,66,66,66,66,66,66,66,66,66,66,66,66],"card_choices":[{"not_picked":["Catalyst","Cloak And Dagger"],"picked":"Flying Knee","floor":1.0},{"not_picked":["Quick Slash","Prepared"],"picked":"Well Laid Plans+1","floor":3.0},{"not_picked":["Bane","Flying Knee"],"picked":"Wraith Form v2+1","floor":5.0},{"not_picked":["Underhanded Strike","Outmaneuver"],"picked":"Backflip","floor":7.0},{"not_picked":["Endless Agony","Acrobatics"],"picked":"Dash","floor":8.0},{"not_picked":["Cloak And Dagger","Acrobatics"],"picked":"Wraith Form v2+1","floor":13.0},{"not_picked":["Calculated Gamble","Outmaneuver"],"picked":"Underhanded Strike","floor":14.0},{"not_picked":["Malaise","After Image+1"],"picked":"Glass Knife","floor":16.0},{"not_picked":["Bane","Sucker Punch"],"picked":"Backstab","floor":18.0},{"not_picked":["Poisoned Stab","Blur+1"],"picked":"Sucker Punch+1","floor":20.0},{"not_picked":["Dagger Spray","Malaise"],"picked":"Caltrops+1","floor":23.0},{"not_picked":["Quick Slash","Concentrate"],"picked":"Distraction+1","floor":24.0},{"not_picked":["Catalyst","PiercingWail","Deadly Poison"],"picked":"SKIP","floor":27.0},{"not_picked":["Reflex","All Out Attack"],"picked":"Night Terror","floor":28.0},{"not_picked":["Accuracy+1","Prepared"],"picked":"Calculated Gamble","floor":30.0},{"not_picked":["Bullet Time","Die Die Die"],"picked":"Corpse Explosion","floor":33.0},{"not_picked":["Underhanded Strike","Deflect"],"picked":"Infinite Blades+1","floor":37.0},{"not_picked":["Footwork+1","Prepared"],"picked":"Acrobatics","floor":38.0},{"not_picked":["Concentrate","Malaise","Expertise"],"picked":"SKIP","floor":40.0},{"not_picked":["Sucker Punch","Footwork+1"],"picked":"Blade Dance","floor":41.0},{"not_picked":["Cloak And Dagger","Skewer+1","All Out Attack"],"picked":"SKIP","floor":42.0},{"not_picked":["Grand Finale","Footwork+1"],"picked":"Terror","floor":44.0},{"not_picked":["Deadly Poison+1","Calculated Gamble","Blade Dance"],"picked":"SKIP","floor":46.0},{"not_picked":["Malaise","PiercingWail"],"picked":"Leg Sweep","floor":47.0},{"not_picked":["Underhanded Strike+1","Eviscerate"],"picked":"Acrobatics","floor":48.0},{"not_picked":["Skewer","Riddle With Holes+1"],"picked":"Backflip","floor":55.0}],"player_experience":1358393,"relics_obtained":[{"floor":2.0,"key":"Frozen Egg 2"},{"floor":7.0,"key":"Paper Crane"},{"floor":13.0,"key":"CaptainsWheel"},{"floor":23.0,"key":"Orichalcum"},{"floor":28.0,"key":"Torii"},{"floor":30.0,"key":"Ice Cream"},{"floor":40.0,"key":"TungstenRod"},{"floor":43.0,"key":"Lantern"},{"floor":44.0,"key":"StrikeDummy"},{"floor":47.0,"key":"Bag of Preparation"},{"floor":55.0,"key":"Mummified Hand"}],"event_choices":[{"damage_healed":0.0,"max_hp_gain":0.0,"max_hp_loss":0.0,"gold_gain":0.0,"event_name":"FaceTrader","player_choice":"Trade","floor":4.0,"gold_loss":0.0,"damage_taken":0.0,"relics_obtained":["NlothsMask"]},{"damage_healed":0.0,"max_hp_gain":0.0,"max_hp_loss":0.0,"gold_gain":0.0,"event_name":"The Woman in Blue","player_choice":"Bought 2 Potions","floor":10.0,"gold_loss":0.0,"damage_taken":0.0},{"cards_removed":["Strike_G"],"damage_healed":0.0,"max_hp_gain":0.0,"max_hp_loss":0.0,"gold_gain":0.0,"event_name":"Designer","player_choice":"Upgrade and Remove","floor":19.0,"gold_loss":110.0,"damage_taken":0.0,"cards_upgraded":["Defend_G"]},{"damage_healed":0.0,"max_hp_gain":0.0,"max_hp_loss":0.0,"gold_gain":0.0,"event_name":"The Joust","player_choice":"Bet on Murderer","floor":21.0,"gold_loss":50.0,"damage_taken":0.0},{"damage_healed":0.0,"max_hp_gain":0.0,"max_hp_loss":0.0,"gold_gain":0.0,"event_name":"Accursed Blacksmith","player_choice":"Forge","floor":31.0,"gold_loss":0.0,"damage_taken":0.0,"cards_upgraded":["Neutralize"]},{"damage_healed":0.0,"max_hp_gain":0.0,"max_hp_loss":0.0,"gold_gain":0.0,"cards_transformed":["Strike_G"],"event_name":"Transmorgrifier","player_choice":"Transformed","floor":36.0,"gold_loss":0.0,"damage_taken":0.0,"cards_obtained":["Phantasmal Killer"]},{"damage_healed":0.0,"max_hp_gain":0.0,"max_hp_loss":0.0,"gold_gain":0.0,"event_name":"Duplicator","player_choice":"Copied","floor":45.0,"gold_loss":0.0,"damage_taken":0.0,"cards_obtained":["Night Terror"]}],"is_beta":false,"boss_relics":[{"not_picked":["Empty Cage","Velvet Choker"],"picked":"SlaversCollar"},{"not_picked":["Sozu","Tiny House"],"picked":"WristBlade"}],"items_purged_floors":[],"is_endless":false,"potions_floor_spawned":[1,14,23,27,30,33,35,38,42,44,46],"ascension_level":20}}