{"host":"1ecbliur7lfoj0sl","time":1611153444,"event":{"mods":["BaseMod","Downfall","Minty Spire (QoL Compilation)","StSLib","Waifu the Spire"],"gold_per_floor":[0,12,29,29,93,119,119,138,38,48,33,68,68,79,95,195,195,195,215,233,233,233,233,280,311,326,226,226,256,256,266,281,379,379,379,389,379,379,390,409,433,446,462,477,477,477,477,502,402,402,402,435,153,153,153,153],"floor_reached":57,"language":"ZHS","playtime":3115,"items_purged":["bronze:Defend+1","bronze:Repair+1"],"score":1406,"play_id":"478d64c8-4656-46dc-89ba-e3f0d301d4e4","local_time":"20210120223723","is_ascension_mode":true,"campfire_choices":[{"data":"bronze:Goto","floor":1.0,"key":"SMITH"},{"data":"bronze:Replicate","floor":9.0,"key":"SMITH"},{"data":"bronze:Constructor","floor":13.0,"key":"SMITH"},{"floor":18.0,"key":"RECALL"},{"data":"bronze:ChosenStrike","floor":27.0,"key":"SMITH"},{"data":"bronze:Defend","floor":30.0,"key":"SMITH"},{"data":"bronze:Repair","floor":35.0,"key":"SMITH"},{"data":"bronze:Terminator","floor":45.0,"key":"SMITH"},{"data":"bronze:ClassDefault","floor":47.0,"key":"SMITH"},{"floor":49.0,"key":"REST"},{"floor":54.0,"key":"REST"}],"circlet_count":0,"master_deck":["bronze:Replicate+1","bronze:Goto+1","bronze:ClassDefault+1","bronze:Constructor+1","bronze:ChosenStrike+1","bronze:CleanCode+1","bronze:MaxOutput+1","bronze:FineTuning+1","bronze:Repulsor+1","expansioncontent:LastStand+1","bronze:NullPointer+1","bronze:Terminator+1","bronze:Mutator+1"],"relics":["bronze:BronzeCore","Boot","Blood Vial","downfall:HeartBlessingBlue","Frozen Egg 2","Empty Cage","Happy Flower","bronze:CableSpool","downfall:HeartBlessingRed","War Paint","Runic Pyramid","Membership Card","Sundial","Whetstone","Pen Nib","downfall:HeartBlessingGreen","Kunai","Bag of Preparation","TheAbacus"],"acts_visited":["Exordium","TheCity","TheBeyond","TheEnding"],"potions_floor_usage":[55,55],"damage_taken":[{"damage":5.0,"enemies":"Jaw Worm","floor":2.0,"turns":4.0},{"damage":0.0,"enemies":"2 Louse","floor":3.0,"turns":2.0},{"damage":26.0,"enemies":"Gremlin Nob","floor":5.0,"turns":4.0},{"damage":13.0,"enemies":"3 Sentries","floor":6.0,"turns":6.0},{"damage":0.0,"enemies":"Small Slimes","floor":8.0,"turns":3.0},{"damage":8.0,"enemies":"2 Fungi Beasts","floor":10.0,"turns":3.0},{"damage":2.0,"enemies":"downfall:FleeingMerchant","floor":11.0,"turns":4.0},{"damage":2.0,"enemies":"Gremlin Nob","floor":12.0,"turns":5.0},{"damage":8.0,"enemies":"Red Slaver","floor":14.0,"turns":5.0},{"damage":2.0,"enemies":"2 Fungi Beasts","floor":15.0,"turns":4.0},{"damage":33.0,"enemies":"SI_SHIV_ARCHETYPE","floor":16.0,"turns":11.0},{"damage":0.0,"enemies":"Shell Parasite","floor":19.0,"turns":4.0},{"damage":9.0,"enemies":"Cultist and Chosen","floor":20.0,"turns":8.0},{"damage":15.0,"enemies":"Book of Stabbing","floor":25.0,"turns":6.0},{"damage":9.0,"enemies":"Snake Plant","floor":26.0,"turns":4.0},{"damage":18.0,"enemies":"Slavers","floor":29.0,"turns":3.0},{"damage":13.0,"enemies":"Centurion and Healer","floor":31.0,"turns":3.0},{"damage":0.0,"enemies":"Snecko","floor":32.0,"turns":2.0},{"damage":60.0,"enemies":"DF_ARCHETYPE_CLAW","floor":33.0,"turns":6.0},{"damage":0.0,"enemies":"3 Shapes","floor":36.0,"turns":2.0},{"damage":0.0,"enemies":"downfall:FleeingMerchant","floor":37.0,"turns":3.0},{"damage":0.0,"enemies":"3 Darklings","floor":39.0,"turns":2.0},{"damage":7.0,"enemies":"Jaw Worm Horde","floor":40.0,"turns":4.0},{"damage":0.0,"enemies":"Writhing Mass","floor":42.0,"turns":2.0},{"damage":1.0,"enemies":"3 Darklings","floor":43.0,"turns":4.0},{"damage":8.0,"enemies":"Jaw Worm Horde","floor":44.0,"turns":3.0},{"damage":0.0,"enemies":"Reptomancer","floor":48.0,"turns":4.0},{"damage":38.0,"enemies":"WA_ARCHETYPE_DIVINITY","floor":50.0,"turns":4.0},{"damage":7.0,"enemies":"downfall:CharBossMerchant","floor":52.0,"turns":3.0},{"damage":26,"enemies":"downfall:NeowBoss","floor":55,"turns":7},{"damage":34,"enemies":"downfall:NeowBossFinal","floor":56,"turns":7}],"seed_played":"8923925038967584624","potions_obtained":[{"floor":2.0,"key":"bronze:FreeFunctionsPotion"},{"floor":5.0,"key":"champ:CounterPotion"},{"floor":8.0,"key":"SpeedPotion"},{"floor":15.0,"key":"Weak Potion"},{"floor":22.0,"key":"CultistPotion"},{"floor":31.0,"key":"Block Potion"},{"floor":33.0,"key":"bronze:FreeFunctionsPotion"},{"floor":43.0,"key":"Fruit Juice"},{"floor":44.0,"key":"Fire Potion"}],"is_trial":false,"path_per_floor":["R","M","M","?","?","E","T","M","R","M","$","E","R","M","M","B",null,"R","M","M","?","?","?","T","E","M","R","?","E","R","M","M","B",null,"R","M","$","?","M","M","T","M","M","M","R","?","R","E","R","B",null,"E","$","R","B","B",null],"character_chosen":"THE_AUTOMATON","items_purchased":["Membership Card","Sundial","bronze:Repulsor+1","Bag of Preparation","TheAbacus","bronze:Mutator+1"],"campfire_rested":2,"item_purchase_floors":[37,37,37,53,53,53],"current_hp_per_floor":[70,65,70,70,51,45,45,54,64,65,72,78,78,79,78,47,80,80,80,76,76,76,76,76,65,65,65,65,56,56,52,54,3,80,80,80,80,80,80,80,80,80,84,85,85,95,95,95,95,57,95,88,88,95,69,37],"gold":153,"neow_bonus":"REMOVE_TWO","is_daily":false,"chose_seed":false,"campfire_upgraded":8,"win_rate":0.0,"timestamp":1611153443,"path_taken":["R","M","M","?","?","E","T","M","R","M","$","E","R","?","M","BOSS","R","M","M","?","?","?","T","E","?","R","?","E","R","M","M","BOSS","R","M","$","?","M","M","T","M","M","M","R","?","R","E","R","BOSS","E","$","R","BOSS","BOSS"],"items_purchased_type":["Relic","Relic","Card","Relic","Relic","Card"],"build_version":"2020-12-22","purchased_purges":2,"victory":true,"max_hp_per_floor":[70,70,70,70,70,70,70,70,80,80,80,80,80,80,80,80,80,80,80,80,80,80,80,80,80,80,80,80,80,80,80,80,80,80,80,80,80,80,80,80,80,80,85,85,85,95,95,95,95,95,95,95,95,95,95,95],"card_choices":[{"not_picked":["bronze:Deprecate","bronze:Frontload"],"picked":"bronze:Repair","floor":2.0},{"not_picked":["bronze:Repair","bronze:Iterate","bronze:Fortify"],"picked":"SKIP","floor":3.0},{"not_picked":["bronze:OilSpill","bronze:Frontload","bronze:DelayedSlice"],"picked":"SKIP","floor":6.0},{"not_picked":["bronze:ChildClass","bronze:Flail"],"picked":"bronze:ClassDefault","floor":8.0},{"not_picked":["bronze:ForceShield","bronze:WhirlingStrike","bronze:Deprecate"],"picked":"SKIP","floor":10.0},{"not_picked":["bronze:ThunderWave","bronze:BitShift"],"picked":"bronze:Constructor","floor":11.0},{"not_picked":["bronze:BuggyMess","bronze:ClassDefault+1"],"picked":"bronze:ChosenStrike","floor":12.0},{"not_picked":["bronze:BuggyMess","bronze:WildBeam","bronze:RecursiveStrike"],"picked":"SKIP","floor":14.0},{"not_picked":["bronze:Constructor","bronze:OilSpill","bronze:Turbo"],"picked":"SKIP","floor":15.0},{"not_picked":["bronze:Verify+1","bronze:Format"],"picked":"bronze:CleanCode+1","floor":16.0},{"not_picked":["bronze:Iterate","bronze:Overload","bronze:Backtrace"],"picked":"SKIP","floor":19.0},{"not_picked":["bronze:BitShift+1","bronze:CutThrough","bronze:BugBarrage"],"picked":"SKIP","floor":20.0},{"not_picked":["bronze:Invalidate","bronze:WildBeam"],"picked":"bronze:SpaghettiCode","floor":25.0},{"not_picked":["bronze:ChildClass","bronze:DelayedGuard"],"picked":"bronze:MaxOutput+1","floor":26.0},{"not_picked":["bronze:BuggyMess","bronze:Invalidate"],"picked":"bronze:FineTuning","floor":29.0},{"not_picked":["bronze:BuggyMess","bronze:BitShift","bronze:Separator+1"],"picked":"SKIP","floor":31.0},{"not_picked":["bronze:ChosenStrike","bronze:Frontload","bronze:BurnOut"],"picked":"SKIP","floor":32.0},{"not_picked":["bronze:Constructor+1","bronze:ClassDefault+1","bronze:OilSpill"],"picked":"SKIP","floor":36.0},{"not_picked":["bronze:WildBeam+1","bronze:BitShift+1","bronze:ItsAFeature+1"],"picked":"SKIP","floor":37.0},{"not_picked":["expansioncontent:Chronoboost+1","expansioncontent:Hexaburn+1"],"picked":"expansioncontent:LastStand+1","floor":38.0},{"not_picked":["bronze:Separator","bronze:Deprecate+1"],"picked":"bronze:NullPointer+1","floor":39.0},{"not_picked":["bronze:CloningBeam+1","bronze:Allocate","bronze:BuggyMess"],"picked":"SKIP","floor":40.0},{"not_picked":["bronze:DelayedSlice","bronze:Invalidate"],"picked":"bronze:Terminator","floor":42.0},{"not_picked":["bronze:ItsAFeature+1","bronze:Invalidate","bronze:DigitalCarnage+1"],"picked":"SKIP","floor":43.0},{"not_picked":["bronze:BronzeArmor+1","bronze:Iterate+1","bronze:Frontload"],"picked":"SKIP","floor":44.0},{"not_picked":["bronze:Shell+1","bronze:Shield+1","bronze:WildBeam"],"picked":"SKIP","floor":48.0},{"not_picked":["bronze:Shield+1","bronze:BuggyMess+1","bronze:BugBarrage+1"],"picked":"SKIP","floor":52.0}],"player_experience":79576,"relics_obtained":[{"floor":6.0,"key":"Blood Vial"},{"floor":12.0,"key":"Frozen Egg 2"},{"floor":24.0,"key":"Happy Flower"},{"floor":25.0,"key":"bronze:CableSpool"},{"floor":29.0,"key":"War Paint"},{"floor":41.0,"key":"Whetstone"},{"floor":48.0,"key":"Pen Nib"},{"floor":52.0,"key":"Kunai"}],"event_choices":[{"cards_removed":["bronze:Strike"],"damage_healed":0.0,"max_hp_gain":0.0,"max_hp_loss":0.0,"gold_gain":0.0,"event_name":"The Cleric","player_choice":"Card Removal","floor":4.0,"gold_loss":0.0,"damage_taken":0.0},{"cards_removed":["bronze:Defend"],"damage_healed":0.0,"max_hp_gain":0.0,"max_hp_loss":0.0,"gold_gain":0.0,"event_name":"Bonfire Elementals","player_choice":"Offered Basic","floor":23.0,"gold_loss":0.0,"damage_taken":0.0}],"is_beta":false,"boss_relics":[{"not_picked":["Sozu","Astrolabe"],"picked":"Empty Cage"},{"not_picked":["Cursed Key","Calling Bell"],"picked":"Runic Pyramid"}],"items_purged_floors":[37,53],"is_endless":false,"potions_floor_spawned":[2,5,8,15,16,26,31,32,33,39,43,44,48,52],"ascension_level":1}}