{"host":"j4g6ia6asvpyu2b0","time":1611142591,"event":{"mods":["BaseMod","Colored Map","Minty Spire (QoL Compilation)","Permanent Neow","Quick Restart","Relic Stats","StSLib","Unceasing Turn Reminder"],"gold_per_floor":[14,29,42,2,2,2,18,18,71,90,123,140,169,185,185,185,185],"floor_reached":16,"language":"ENG","playtime":590,"items_purged":[],"score":182,"play_id":"6c4521f4-b392-46ae-b142-ee59a33280e4","local_time":"20210120043631","is_ascension_mode":true,"campfire_choices":[{"data":"Defragment","floor":6,"key":"SMITH"},{"data":"Zap","floor":8,"key":"SMITH"},{"data":"Defragment","floor":15,"key":"SMITH"}],"circlet_count":0,"master_deck":["AscendersBane","Strike_B","Strike_B","Strike_B","Strike_B","Defend_B","Defend_B","Defend_B","Defend_B","Zap+1","Dualcast","The Bomb","Glacier","Self Repair","Capacitor","Defragment+1","Pain","Coolheaded","Static Discharge","Double Energy","Undo","Defragment+1","Ball Lightning"],"relics":["Cracked Core","WarpedTongs","Potion Belt","Ornamental Fan"],"acts_visited":["Exordium"],"potions_floor_usage":[13,13,16],"damage_taken":[{"damage":6,"enemies":"Cultist","floor":1,"turns":4},{"damage":8,"enemies":"Small Slimes","floor":2,"turns":4},{"damage":2,"enemies":"2 Louse","floor":3,"turns":4},{"damage":4,"enemies":"Looter","floor":7,"turns":4},{"damage":5,"enemies":"Large Slime","floor":10,"turns":6},{"damage":21,"enemies":"Gremlin Nob","floor":11,"turns":4},{"damage":14,"enemies":"Blue Slaver","floor":12,"turns":5},{"damage":21,"enemies":"3 Sentries","floor":13,"turns":6},{"damage":28,"enemies":"Gremlin Gang","floor":14,"turns":4},{"damage":36,"enemies":"The Guardian","floor":16,"turns":2}],"seed_played":"9070851257051559171","potions_obtained":[{"floor":2,"key":"Explosive Potion"},{"floor":11,"key":"SkillPotion"},{"floor":12,"key":"Explosive Potion"},{"floor":13,"key":"Ancient Potion"}],"is_trial":false,"path_per_floor":["M","M","M","$","?","R","M","R","T","M","E","M","E","M","R","B"],"character_chosen":"DEFECT","items_purchased":["Defragment"],"campfire_rested":0,"item_purchase_floors":[4],"current_hp_per_floor":[62,54,59,59,59,59,65,65,65,67,53,49,38,17,17,0,0],"gold":185,"neow_bonus":"RANDOM_COLORLESS_2","is_daily":false,"chose_seed":false,"campfire_upgraded":3,"win_rate":0.0,"timestamp":1611142591,"path_taken":["M","M","M","?","?","R","?","R","T","M","E","M","E","M","R","BOSS"],"items_purchased_type":["Card"],"build_version":"2020-12-22","purchased_purges":0,"victory":false,"max_hp_per_floor":[75,75,75,75,75,75,75,75,75,75,75,75,75,75,75,75,75],"relic_stats":{"counters":[10,43],"Ornamental Fan":[0],"obtain_stats":[{"Potion Belt":11,"Ornamental Fan":13,"Cracked Core":0,"WarpedTongs":5},{"Potion Belt":6,"Ornamental Fan":8,"Cracked Core":0,"WarpedTongs":3},{"Potion Belt":26,"Ornamental Fan":37,"Cracked Core":0,"WarpedTongs":12}],"WarpedTongs":[31]},"card_choices":[{"not_picked":["Thinking Ahead","Mayhem"],"picked":"The Bomb","floor":0},{"not_picked":["Redo","Beam Cell"],"picked":"Glacier","floor":1},{"not_picked":["Hello World","Coolheaded"],"picked":"Self Repair","floor":2},{"not_picked":["Cold Snap","Stack"],"picked":"Capacitor","floor":3},{"not_picked":["Skim","Double Energy"],"picked":"Coolheaded","floor":7},{"not_picked":["Redo","Rainbow"],"picked":"Static Discharge","floor":10},{"not_picked":["Steam","Beam Cell"],"picked":"Double Energy","floor":11},{"not_picked":["Go for the Eyes","Fusion"],"picked":"Undo","floor":12},{"not_picked":["White Noise","Steam"],"picked":"Defragment","floor":13},{"not_picked":["Steam Power","Stack"],"picked":"Ball Lightning","floor":14}],"player_experience":873236,"relics_obtained":[{"floor":11,"key":"Potion Belt"},{"floor":13,"key":"Ornamental Fan"}],"event_choices":[{"damage_healed":0,"gold_gain":0,"player_choice":"Rummage","damage_taken":0,"relics_obtained":["WarpedTongs"],"max_hp_gain":0,"max_hp_loss":0,"event_name":"Accursed Blacksmith","floor":5,"gold_loss":0,"cards_obtained":["Pain"]}],"is_beta":false,"boss_relics":[],"items_purged_floors":[],"is_endless":false,"potions_floor_spawned":[2,11,12,13],"killed_by":"The Guardian","ascension_level":12}}