{"host":"u4zac1ah2fyo4jwu","time":1611140278,"event":{"mods":["AchievementEnabler","BaseMod","Keyboard Shortcuts","Minty Spire (QoL Compilation)","Quick Restart","Rare Cards Sparkle","SuperFastMode"],"gold_per_floor":[114,124,140,54,71,71,103,122,148,174,174,189,33,33,33,135,135,148,58,68,85,95,126,138,161,254,266,305,14,41,60,60,60,60],"floor_reached":33,"language":"KOR","playtime":2121,"items_purged":[],"score":344,"play_id":"7d105470-5f22-4d5f-a599-9611eb5bedee","local_time":"20210120195758","is_ascension_mode":false,"campfire_choices":[{"data":"Armaments","floor":6,"key":"SMITH"},{"floor":15,"key":"REST"},{"floor":24,"key":"REST"},{"floor":27,"key":"REST"},{"data":"Limit Break","floor":32,"key":"SMITH"}],"circlet_count":0,"master_deck":["Strike_R","Strike_R","Strike_R","Strike_R","Strike_R","Defend_R+1","Defend_R","Defend_R","Defend_R","Bash","Fire Breathing","Cleave","Inflame","Perfected Strike","Armaments+1","Cleave","Cleave","Anger","Shockwave","Juggernaut","Fire Breathing","Shrug It Off","Shrug It Off+1","Shrug It Off","Limit Break+1","Body Slam+1","Headbutt+1","Impervious","Armaments"],"relics":["Black Blood","Blood Vial","Lantern","Bag of Marbles","WarpedTongs","Sling","MawBank","Darkstone Periapt","Paper Frog","Lee\u0027s Waffle","Oddly Smooth Stone","Pen Nib"],"acts_visited":["TheCity"],"potions_floor_usage":[5,10,10,16,20,20,33,33],"damage_taken":[{"damage":22,"enemies":"Small Slimes","floor":1,"turns":4},{"damage":5,"enemies":"Cultist","floor":2,"turns":4},{"damage":17,"enemies":"2 Louse","floor":3,"turns":4},{"damage":9,"enemies":"Large Slime","floor":5,"turns":4},{"damage":31,"enemies":"Lagavulin","floor":7,"turns":8},{"damage":8,"enemies":"Lots of Slimes","floor":8,"turns":3},{"damage":28,"enemies":"Gremlin Nob","floor":10,"turns":4},{"damage":0,"enemies":"3 Louse","floor":12,"turns":1},{"damage":46,"enemies":"The Guardian","floor":16,"turns":11},{"damage":20,"enemies":"Shell Parasite","floor":18,"turns":5},{"damage":28,"enemies":"Spheric Guardian","floor":20,"turns":6},{"damage":52,"enemies":"Snake Plant","floor":21,"turns":5},{"damage":3,"enemies":"Snecko","floor":22,"turns":5},{"damage":17,"enemies":"Gremlin Leader","floor":23,"turns":7},{"damage":37,"enemies":"Centurion and Healer","floor":25,"turns":9},{"damage":68,"enemies":"Book of Stabbing","floor":28,"turns":7},{"damage":19,"enemies":"Slavers","floor":30,"turns":4},{"damage":20,"enemies":"Snake Plant","floor":31,"turns":6},{"damage":86,"enemies":"Collector","floor":33,"turns":10}],"seed_played":"-3442809709280712974","potions_obtained":[{"floor":1,"key":"Ancient Potion"},{"floor":2,"key":"SkillPotion"},{"floor":8,"key":"Dexterity Potion"},{"floor":10,"key":"GamblersBrew"},{"floor":16,"key":"Weak Potion"},{"floor":18,"key":"Weak Potion"},{"floor":25,"key":"FairyPotion"},{"floor":30,"key":"Weak Potion"},{"floor":31,"key":"SpeedPotion"}],"is_trial":false,"path_per_floor":["M","M","M","$","M","R","E","M","T","E","?","M","$","?","R","B",null,"M","?","M","M","M","E","R","M","T","R","E","$","E","M","R","B"],"character_chosen":"IRONCLAD","items_purchased":["Inflame","Perfected Strike","Sling","Lee\u0027s Waffle","Oddly Smooth Stone"],"campfire_rested":3,"item_purchase_floors":[4,4,13,29,29],"current_hp_per_floor":[72,73,62,62,59,59,34,34,34,14,14,22,22,22,48,10,88,80,80,66,28,39,36,62,39,39,65,38,95,88,82,82,0,0],"gold":60,"neow_bonus":"TEN_PERCENT_HP_BONUS","is_daily":false,"chose_seed":false,"campfire_upgraded":2,"win_rate":0.0,"timestamp":1611140278,"path_taken":["M","M","M","$","M","R","E","M","T","E","?","M","?","?","R","BOSS","M","?","M","M","M","E","R","M","T","R","E","$","E","?","R","BOSS"],"items_purchased_type":["Card","Card","Relic","Relic","Relic"],"build_version":"2020-12-22","purchased_purges":0,"victory":false,"max_hp_per_floor":[88,88,88,88,88,88,88,88,88,88,88,88,88,88,88,88,88,88,88,88,88,88,88,88,88,88,88,88,95,95,95,95,95,95],"card_choices":[{"not_picked":["Second Wind","Hemokinesis","Headbutt"],"picked":"SKIP","floor":1},{"not_picked":["Sever Soul","Clothesline"],"picked":"Fire Breathing","floor":2},{"not_picked":["Heavy Blade","Body Slam"],"picked":"Cleave","floor":3},{"not_picked":["Body Slam","Sever Soul"],"picked":"Armaments","floor":5},{"not_picked":["Uppercut","Entrench"],"picked":"Cleave","floor":7},{"not_picked":["Thunderclap","Battle Trance"],"picked":"Cleave","floor":8},{"not_picked":["Dark Embrace","Rampage"],"picked":"Anger","floor":10},{"not_picked":["Battle Trance","Rupture"],"picked":"Shockwave","floor":12},{"not_picked":["Reaper","Impervious"],"picked":"Juggernaut","floor":16},{"not_picked":["Perfected Strike+1","Battle Trance"],"picked":"Fire Breathing","floor":18},{"not_picked":["Headbutt+1","Iron Wave"],"picked":"Shrug It Off","floor":20},{"not_picked":["Perfected Strike","Flex"],"picked":"Shrug It Off+1","floor":21},{"not_picked":["Rupture","Combust"],"picked":"Shrug It Off","floor":22},{"not_picked":["Rupture","Shockwave+1"],"picked":"Limit Break","floor":23},{"not_picked":["Twin Strike","Warcry"],"picked":"Body Slam+1","floor":25},{"not_picked":["Fire Breathing","Battle Trance"],"picked":"Headbutt+1","floor":28},{"not_picked":["Uppercut","Armaments+1"],"picked":"Impervious","floor":30},{"not_picked":["Sword Boomerang","True Grit"],"picked":"Armaments","floor":31}],"player_experience":6409,"relics_obtained":[{"floor":7,"key":"Blood Vial"},{"floor":9,"key":"Lantern"},{"floor":10,"key":"Bag of Marbles"},{"floor":23,"key":"MawBank"},{"floor":26,"key":"Darkstone Periapt"},{"floor":28,"key":"Paper Frog"},{"floor":30,"key":"Pen Nib"}],"event_choices":[{"damage_healed":0,"gold_gain":0,"player_choice":"Rummage","damage_taken":0,"relics_obtained":["WarpedTongs"],"max_hp_gain":0,"max_hp_loss":0,"event_name":"Accursed Blacksmith","floor":11,"gold_loss":0,"cards_obtained":["Pain"]},{"damage_healed":0,"gold_gain":0,"player_choice":"Ignored","damage_taken":0,"max_hp_gain":0,"max_hp_loss":0,"event_name":"NoteForYourself","floor":14,"gold_loss":0},{"cards_removed":["Pain"],"damage_healed":0,"gold_gain":0,"player_choice":"Upgrade and Remove","damage_taken":0,"max_hp_gain":0,"max_hp_loss":0,"event_name":"Designer","floor":19,"gold_loss":90,"cards_upgraded":["Defend_R"]}],"is_beta":false,"boss_relics":[{"not_picked":["Fusion Hammer","Ectoplasm"],"picked":"Black Blood"}],"items_purged_floors":[],"is_endless":false,"potions_floor_spawned":[1,2,8,10,16,18,25,30,31],"killed_by":"Collector","ascension_level":0}}