{"host":"7fyy23rucerupe6i","time":1611130863,"event":{"mods":["AchievementEnabler","Act Like it!","BaseMod","BetterRewards","Colored Map","Colored Powertips","Conspire","Custom Start","Downfall","Mad Scientist","Marisa£®ÏF”Í°°ƒß¿Ì…≥£©","Minty Spire (QoL Compilation)","Pale of the Ancients","Quick Restart","Shop Mod","ShortenTheSpire","Spicy Shops","StSLib","SuperFastMode","The Bug Knight","The Construct","The Cursed","The Factory","The Jungle","The Servant 0.9.4","UnlockEverythingMod"],"gold_per_floor":[110,110,110,120,132,165,165,179,179,209,229,229,249,277,277,363,363,391,404,404,436,464,464,464,464],"floor_reached":24,"language":"ZHS","playtime":1007,"items_purged":["Strike_R"],"score":461,"play_id":"e7b0d8cb-baf6-46c4-9e3d-43b7cf230ebc","local_time":"20210120162103","is_ascension_mode":true,"campfire_choices":[{"data":"Limit Break","floor":7,"key":"SMITH"},{"data":"conspire:Banana","floor":12,"key":"SMITH"},{"data":"Heavy Blade","floor":15,"key":"SMITH"},{"data":"Spot Weakness","floor":23,"key":"SMITH"}],"circlet_count":0,"master_deck":["AscendersBane","Strike_R","Strike_R","Strike_R","Strike_R","Defend_R","Defend_R","Bash","conspire:Banana+1","conspire:Charge","Spot Weakness+1","Decay","Limit Break+1","Heavy Blade+1","conspire:Purge","Metallicize+1","conspire:HitWhereItHurts"],"relics":["Burning Blood","Sling","Lee\u0027s Waffle","Tiny Chest","Guardian:PocketSentry","Kunai","Matryoshka","CeramicFish","Meat on the Bone","Bag of Marbles","Ancient Tea Set","Coffee Dripper","sneckomod:BlankCard","Blue Candle","bronze:DecasWashers"],"acts_visited":["Exordium","TheCity"],"potions_floor_usage":[8,10,16,21],"damage_taken":[{"damage":8,"enemies":"Small Slimes","floor":1,"turns":3},{"damage":4,"enemies":"2 Louse","floor":4,"turns":3},{"damage":3,"enemies":"Cultist","floor":5,"turns":3},{"damage":16,"enemies":"Lagavulin","floor":6,"turns":5},{"damage":11,"enemies":"Gremlin Gang","floor":8,"turns":5},{"damage":6,"enemies":"Gremlin Nob","floor":10,"turns":3},{"damage":9,"enemies":"Blue Slaver","floor":11,"turns":3},{"damage":11,"enemies":"Exordium Wildlife","floor":13,"turns":3},{"damage":27,"enemies":"Lagavulin","floor":14,"turns":5},{"damage":73,"enemies":"Slime Boss","floor":16,"turns":11},{"damage":34,"enemies":"Chosen","floor":18,"turns":5},{"damage":20,"enemies":"Spheric Guardian","floor":19,"turns":5},{"damage":49,"enemies":"conspire:MimicChest","floor":21,"turns":6},{"damage":30,"enemies":"Shelled Parasite and Fungi","floor":22,"turns":5},{"damage":8,"enemies":"Sentry and Sphere","floor":24,"turns":3}],"seed_played":"788337542318574186","potions_obtained":[{"floor":5,"key":"LiquidMemories"},{"floor":6,"key":"Ancient Potion"},{"floor":11,"key":"BloodPotion"},{"floor":16,"key":"LiquidBronze"},{"floor":22,"key":"Fire Potion"}],"is_trial":false,"path_per_floor":["M","?","?","M","M","E","R","M","T","E","M","R","M","E","R","B",null,"M","M","T","?","M","R","M"],"character_chosen":"IRONCLAD","items_purchased":["Sling","Lee\u0027s Waffle","Tiny Chest","Guardian:PocketSentry","conspire:Banana","conspire:Charge"],"campfire_rested":0,"item_purchase_floors":[0,0,0,0,0,0],"current_hp_per_floor":[81,76,76,79,83,74,74,70,70,70,68,68,65,58,58,23,76,62,62,62,33,23,23,17,17],"gold":464,"neow_bonus":"","is_daily":false,"chose_seed":false,"campfire_upgraded":4,"win_rate":0.0,"timestamp":1611130863,"path_taken":["M","?","?","M","M","E","R","?","T","E","M","R","M","E","R","BOSS","M","M","?","?","M","R","M"],"items_purchased_type":["Relic","Relic","Relic","Relic","Card","Card"],"build_version":"2020-12-22","purchased_purges":1,"victory":false,"max_hp_per_floor":[83,83,83,84,85,86,86,87,87,87,88,88,90,92,92,94,94,96,98,98,100,102,102,104,104],"card_choices":[{"not_picked":["Entrench","True Grit"],"picked":"Spot Weakness","floor":1},{"not_picked":["Perfected Strike","Armaments","Sword Boomerang"],"picked":"SKIP","floor":4},{"not_picked":["Headbutt","Body Slam"],"picked":"Limit Break","floor":5},{"not_picked":["Reckless Charge","Feel No Pain","Perfected Strike"],"picked":"SKIP","floor":6},{"not_picked":["Twin Strike","Infernal Blade"],"picked":"Heavy Blade","floor":8},{"not_picked":["Twin Strike","Rampage","Headbutt"],"picked":"SKIP","floor":10},{"not_picked":["Wild Strike","Combust","Spot Weakness"],"picked":"SKIP","floor":11},{"not_picked":["Pommel Strike","Cleave","Armaments"],"picked":"SKIP","floor":13},{"not_picked":["Rupture","Heavy Blade","Armaments"],"picked":"SKIP","floor":14},{"not_picked":["Brutality","Exhume"],"picked":"conspire:Purge","floor":16},{"not_picked":["Twin Strike","Cleave"],"picked":"Metallicize+1","floor":18},{"not_picked":["Warcry","Sentinel","Pommel Strike"],"picked":"SKIP","floor":19},{"not_picked":["Warcry","Uppercut"],"picked":"conspire:HitWhereItHurts","floor":22}],"player_experience":500060,"relics_obtained":[{"floor":6,"key":"Matryoshka"},{"floor":9,"key":"CeramicFish"},{"floor":9,"key":"Meat on the Bone"},{"floor":10,"key":"Bag of Marbles"},{"floor":14,"key":"Ancient Tea Set"},{"floor":20,"key":"sneckomod:BlankCard"},{"floor":20,"key":"Blue Candle"},{"floor":21,"key":"bronze:DecasWashers"}],"event_choices":[{"damage_healed":0,"gold_gain":0,"player_choice":"Success","damage_taken":5,"relics_obtained":["Kunai"],"max_hp_gain":0,"max_hp_loss":0,"event_name":"Scrap Ooze","floor":2,"gold_loss":0},{"damage_healed":0,"gold_gain":0,"player_choice":"Cursed","damage_taken":0,"max_hp_gain":0,"max_hp_loss":0,"event_name":"Wheel of Change","floor":3,"gold_loss":0,"cards_obtained":["Decay"]}],"is_beta":false,"boss_relics":[{"not_picked":["Calling Bell","Philosopher\u0027s Stone"],"picked":"Coffee Dripper"}],"items_purged_floors":[0],"is_endless":false,"potions_floor_spawned":[5,6,11,16,22],"killed_by":"Sentry and Sphere","ascension_level":20}}