{"host":"g868zphnms2wggi3","time":1611146848,"event":{"mods":["Act Like it!","BaseMod","Colored Map","GifTheSpireLib","Lobotomy","LobotomyExtend","Minty Spire (QoL Compilation)","Reimu£®≤©¿ˆ¡È√Œ£©","Remilia£®¿Ÿ√◊¿Ú—«£©","StSLib"],"gold_per_floor":[114,134,146,164,164,196,196,231,231,249,268,268,280,291,291,439,439,450,468,480,502,120,177,177,236,282,312,452,505,521,549,549,702,702,742,752,838,898,918,918,999,1016,1016,1016,1081,1097,1169,1169,1169,1169],"floor_reached":51,"language":"ZHS","playtime":7631,"items_purged":["Defend_R"],"score":1042,"play_id":"2890ef63-31a2-4ea9-a429-9e6077180d51","local_time":"20210120204728","is_ascension_mode":false,"campfire_choices":[{"floor":7.0,"key":"REST"},{"data":"Armaments","floor":15.0,"key":"SMITH"},{"data":"Limit Break","floor":24.0,"key":"SMITH"},{"data":"Sword Boomerang","floor":32.0,"key":"SMITH"},{"data":"1","floor":40.0,"key":"LIFT"},{"data":"2","floor":44.0,"key":"LIFT"},{"floor":49.0,"key":"DIG"}],"circlet_count":0,"master_deck":["Strike_R","Strike_R","Strike_R","Defend_R","Defend_R","Bash","Headbutt","FairyFestival","Ghostly Armor","Armaments+1","OSAHOGD","Alriune","BigBadWolf","ShyLook","CrumblingArmor","Freischutz","Limit Break+1","OldLady","LongBird","BlackSwan","Whirlwind+1","MHz","CherryBlossoms","Feel No Pain","BigBird","SnowQueen","Offering","NakedNest","GalaxyChild","Scarecrow","FieryBird","Brutality","QueenBee","Combust+1","Rudolta","WallGazer","Barricade","HappyTeddy","Woodsman","NothingThere","Parasite","SingingMachine","SilentOrchestra","Battle Trance+1"],"relics":["Burning Blood","CogitoBucket","LetterFromLob","Self Forming Clay","Ancient Tea Set","Singing Bowl","ChangeAnything","Question Card","Mark of Pain","LuminousBracelet","Sling","Vajra","Letter Opener","Mastiff:ReiMu","PreservedInsect","Omamori","AtMidnight","BehaviorAdjustment","Sozu","Girya","Gaze_r","ShedSkin_r","Blue Candle","Dream Catcher","Anchor","Shovel","StoneCalendar"],"acts_visited":["Exordium","TheCity","TheBeyond"],"potions_floor_usage":[50,50],"damage_taken":[{"damage":9.0,"enemies":"Jaw Worm","floor":1.0,"turns":4.0},{"damage":6.0,"enemies":"Cultist","floor":2.0,"turns":3.0},{"damage":0.0,"enemies":"2 Louse","floor":3.0,"turns":3.0},{"damage":37.0,"enemies":"Exordium Thugs","floor":4.0,"turns":7.0},{"damage":29.0,"enemies":"Lagavulin","floor":6.0,"turns":6.0},{"damage":39.0,"enemies":"3 Sentries","floor":8.0,"turns":5.0},{"damage":21.0,"enemies":"Exordium Wildlife","floor":10.0,"turns":4.0},{"damage":13.0,"enemies":"Gremlin Gang","floor":11.0,"turns":5.0},{"damage":2.0,"enemies":"Large Slime","floor":13.0,"turns":7.0},{"damage":9.0,"enemies":"2 Fungi Beasts","floor":14.0,"turns":4.0},{"damage":33.0,"enemies":"The Guardian","floor":16.0,"turns":6.0},{"damage":55.0,"enemies":"Spheric Guardian","floor":18.0,"turns":8.0},{"damage":18.0,"enemies":"3 Byrds","floor":19.0,"turns":6.0},{"damage":29.0,"enemies":"Centurion and Healer","floor":20.0,"turns":5.0},{"damage":7.0,"enemies":"Shelled Parasite and Fungi","floor":21.0,"turns":2.0},{"damage":13.0,"enemies":"Slavers","floor":23.0,"turns":4.0},{"damage":30.0,"enemies":"Gremlin Leader","floor":25.0,"turns":4.0},{"damage":17.0,"enemies":"Slavers","floor":27.0,"turns":2.0},{"damage":116.0,"enemies":"Chosen and Byrds","floor":28.0,"turns":14.0},{"damage":16.0,"enemies":"Snecko","floor":29.0,"turns":5.0},{"damage":2.0,"enemies":"Sentry and Sphere","floor":30.0,"turns":3.0},{"damage":22.0,"enemies":"Snake Plant","floor":31.0,"turns":2.0},{"damage":64.0,"enemies":"Collector","floor":33.0,"turns":6.0},{"damage":20.0,"enemies":"Orb Walker","floor":35.0,"turns":3.0},{"damage":31.0,"enemies":"3 Shapes","floor":36.0,"turns":3.0},{"damage":43.0,"enemies":"2 Orb Walkers","floor":37.0,"turns":5.0},{"damage":39.0,"enemies":"Spire Growth","floor":38.0,"turns":5.0},{"damage":13.0,"enemies":"Spire Growth","floor":39.0,"turns":2.0},{"damage":21.0,"enemies":"Giant Head","floor":41.0,"turns":6.0},{"damage":12.0,"enemies":"4 Shapes","floor":42.0,"turns":2.0},{"damage":34.0,"enemies":"Reptomancer","floor":45.0,"turns":5.0},{"damage":77.0,"enemies":"Writhing Mass","floor":46.0,"turns":5.0},{"damage":34.0,"enemies":"Nemesis","floor":47.0,"turns":5.0},{"damage":36,"enemies":"Donu and Deca","floor":50,"turns":14}],"seed_played":"7458874139346603522","potions_obtained":[{"floor":1.0,"key":"Explosive Potion"},{"floor":4.0,"key":"DuplicationPotion"},{"floor":5.0,"key":"SmokeBomb"},{"floor":5.0,"key":"SkillPotion"},{"floor":11.0,"key":"GamblersBrew"},{"floor":13.0,"key":"Weak Potion"},{"floor":14.0,"key":"FearPotion"},{"floor":16.0,"key":"SteroidPotion"},{"floor":19.0,"key":"AttackPotion"},{"floor":25.0,"key":"LiquidBronze"},{"floor":29.0,"key":"PowerPotion"}],"is_trial":false,"path_per_floor":["M","M","M","M","?","E","R","E","T","M","M","?","M","M","R","B",null,"M","M","M","M","$","E","R","E","T","E","M","M","M","M","R","B",null,"M","M","?","M","?","R","E","M","T","R","E","M","E","?","R","B",null],"character_chosen":"IRONCLAD","items_purchased":["Sling","Vajra"],"campfire_rested":1,"item_purchase_floors":[22,22],"current_hp_per_floor":[77,77,80,49,49,26,50,80,80,67,71,71,77,79,79,58,88,60,55,39,39,39,109,109,93,93,82,91,92,99,88,88,50,117,117,109,104,102,77,77,86,91,91,91,127,96,115,129,129,129],"gold":1169,"neow_bonus":"","is_daily":false,"chose_seed":false,"campfire_upgraded":3,"win_rate":0.0,"timestamp":1611146848,"path_taken":["M","M","M","M","?","E","R","E","T","M","M","?","M","M","R","BOSS","M","M","M","M","$","E","R","E","T","E","M","M","?","M","R","BOSS","M","M","?","M","?","R","E","M","T","R","E","M","E","?","R","BOSS"],"items_purchased_type":["Relic","Relic"],"build_version":"2020-12-22","purchased_purges":1,"victory":true,"max_hp_per_floor":[80,80,80,80,80,80,80,80,80,82,84,84,86,88,88,88,88,105,107,107,107,107,109,109,109,109,109,111,113,115,117,117,117,117,117,119,121,123,123,123,123,125,125,125,127,129,129,129,129,129],"card_choices":[{"not_picked":["SpiderBud","Murderer"],"picked":"CrumblingArmor","floor":1.0},{"not_picked":["True Grit","Heavy Blade"],"picked":"Headbutt","floor":1.0},{"not_picked":["Wellcheers","Scorched"],"picked":"FairyFestival","floor":2.0},{"not_picked":["Heavy Blade","Body Slam"],"picked":"Ghostly Armor","floor":2.0},{"not_picked":["VoidDream","GalaxyChild"],"picked":"UniverseFragment","floor":3.0},{"not_picked":["Shrug It Off","Havoc","Searing Blow"],"picked":"SKIP","floor":3.0},{"not_picked":["Clash","Intimidate"],"picked":"Armaments","floor":4.0},{"not_picked":["ShyLook","Scarecrow"],"picked":"OSAHOGD","floor":4.0},{"not_picked":["PunishingBird","OldLady"],"picked":"Alriune","floor":6.0},{"not_picked":["Inflame","Seeing Red"],"picked":"Sword Boomerang","floor":6.0},{"not_picked":["Murderer","Scorched"],"picked":"Yin","floor":8.0},{"not_picked":["Body Slam","Searing Blow","Wild Strike"],"picked":"SKIP","floor":8.0},{"not_picked":["Body Slam","Searing Blow","Wild Strike"],"picked":"SKIP","floor":8.0},{"not_picked":["Heavy Blade","Seeing Red","Sword Boomerang"],"picked":"Singing Bowl","floor":10.0},{"not_picked":["Bloodbath","MeatLantern"],"picked":"BigBadWolf","floor":11.0},{"not_picked":["Clash","True Grit","Bloodletting"],"picked":"Singing Bowl","floor":11.0},{"not_picked":["Anger","Havoc","Searing Blow","Sword Boomerang"],"picked":"Singing Bowl","floor":13.0},{"not_picked":["PunishingBird","Bloodbath"],"picked":"ShyLook","floor":13.0},{"not_picked":["RedShoes","CherryBlossoms"],"picked":"CrumblingArmor","floor":14.0},{"not_picked":["Clash","Flex","Evolve","Havoc"],"picked":"Singing Bowl","floor":14.0},{"not_picked":["Wellcheers","OldLady"],"picked":"Freischutz","floor":16.0},{"not_picked":["Berserk","Immolate","Exhume"],"picked":"Limit Break","floor":16.0},{"not_picked":["BeautyBeast","Rudolta"],"picked":"OldLady","floor":18.0},{"not_picked":["Seeing Red","Body Slam+1","Sword Boomerang","Iron Wave"],"picked":"Singing Bowl","floor":18.0},{"not_picked":["Scorched","WhitesApple"],"picked":"LongBird","floor":19.0},{"not_picked":["Perfected Strike","Clothesline","Thunderclap+1","Heavy Blade+1"],"picked":"Singing Bowl","floor":19.0},{"not_picked":["WallGazer","SnowQueen"],"picked":"BlackSwan","floor":20.0},{"not_picked":["Inflame+1","Brutality","Spot Weakness"],"picked":"Whirlwind+1","floor":20.0},{"not_picked":["MeatLantern","Laetitia"],"picked":"MHz","floor":21.0},{"not_picked":["Heavy Blade","Headbutt","Armaments+1"],"picked":"Battle Trance+1","floor":21.0},{"not_picked":["GalaxyChild","Wellcheers"],"picked":"CherryBlossoms","floor":23.0},{"not_picked":["Pommel Strike","Iron Wave","Dark Embrace","Armaments"],"picked":"Singing Bowl","floor":23.0},{"not_picked":["Burning Pact+1","Evolve+1","Flame Barrier"],"picked":"Feel No Pain","floor":25.0},{"not_picked":["Murderer","Bloodbath"],"picked":"BigBird","floor":25.0},{"not_picked":["HeroicMonk","Variant"],"picked":"SnowQueen","floor":27.0},{"not_picked":["Perfected Strike","Infernal Blade+1","Wild Strike"],"picked":"Offering","floor":27.0},{"not_picked":["BeautyBeast","Scorched"],"picked":"NakedNest","floor":28.0},{"not_picked":["Inflame","Cleave","Dual Wield","Rupture+1"],"picked":"Singing Bowl","floor":28.0},{"not_picked":["CENSORED","PunishingBird"],"picked":"HeroicMonk","floor":29.0},{"not_picked":["Evolve","Sword Boomerang","Havoc","Thunderclap"],"picked":"Singing Bowl","floor":29.0},{"not_picked":["Murderer","WallGazer"],"picked":"GalaxyChild","floor":30.0},{"not_picked":["Clash","Havoc","Sentinel","Dual Wield+1"],"picked":"Singing Bowl","floor":30.0},{"not_picked":["LittleHelper","BeautyBeast"],"picked":"Scarecrow","floor":31.0},{"not_picked":["Sentinel","True Grit","Fiend Fire","Uppercut"],"picked":"Singing Bowl","floor":31.0},{"not_picked":["BeautyBeast","PunishingBird"],"picked":"FieryBird","floor":33.0},{"not_picked":["Berserk","Fiend Fire","Corruption"],"picked":"Brutality","floor":33.0},{"not_picked":["Wellcheers","SpiderBud"],"picked":"QueenBee","floor":35.0},{"not_picked":["Power Through","Iron Wave+1","Reckless Charge+1"],"picked":"Combust+1","floor":35.0},{"not_picked":["Thunderclap+1","Seeing Red","Sword Boomerang","Warcry"],"picked":"Singing Bowl","floor":36.0},{"not_picked":["UniverseFragment","Variant"],"picked":"Rudolta","floor":36.0},{"not_picked":["HappyTeddy","CENSORED"],"picked":"WhitesApple","floor":37.0},{"not_picked":["Havoc+1","Perfected Strike","Warcry+1","Blood for Blood"],"picked":"Singing Bowl","floor":37.0},{"not_picked":["DreamingCurrent","Variant"],"picked":"WallGazer","floor":38.0},{"not_picked":["Body Slam+1","Thunderclap","Shrug It Off+1","Reckless Charge"],"picked":"Singing Bowl","floor":38.0},{"not_picked":["Anger","Inflame+1","Hemokinesis"],"picked":"Barricade","floor":41.0},{"not_picked":["Mercenary","HeroicMonk"],"picked":"HappyTeddy","floor":41.0},{"not_picked":["BlackArmy","DreamingCurrent"],"picked":"Woodsman","floor":42.0},{"not_picked":["Shrug It Off+1","Havoc","Body Slam+1","Heavy Blade"],"picked":"Singing Bowl","floor":42.0},{"not_picked":["SilentOrchestra","Mercenary"],"picked":"NothingThere","floor":45.0},{"not_picked":["Perfected Strike","Headbutt+1","Immolate","Body Slam+1"],"picked":"Singing Bowl","floor":45.0},{"not_picked":["LittlePrince","DreamingCurrent"],"picked":"SingingMachine","floor":46.0},{"not_picked":["Iron Wave+1","Pummel+1","Dark Embrace+1","Sword Boomerang"],"picked":"Singing Bowl","floor":46.0},{"not_picked":["MeatLantern","LittlePrince"],"picked":"SilentOrchestra","floor":47.0},{"not_picked":["Inflame","Shockwave","Wild Strike+1"],"picked":"Battle Trance+1","floor":47.0}],"player_experience":184343,"relics_obtained":[{"floor":1.0,"key":"LetterFromLob"},{"floor":6.0,"key":"Self Forming Clay"},{"floor":8.0,"key":"Ancient Tea Set"},{"floor":9.0,"key":"Singing Bowl"},{"floor":23.0,"key":"Letter Opener"},{"floor":25.0,"key":"Mastiff:ReiMu"},{"floor":26.0,"key":"PreservedInsect"},{"floor":27.0,"key":"Omamori"},{"floor":28.0,"key":"AtMidnight"},{"floor":37.0,"key":"Girya"},{"floor":41.0,"key":"Blue Candle"},{"floor":43.0,"key":"Dream Catcher"},{"floor":45.0,"key":"Anchor"},{"floor":47.0,"key":"Shovel"},{"floor":49.0,"key":"StoneCalendar"}],"event_choices":[{"damage_healed":0.0,"max_hp_gain":0.0,"max_hp_loss":0.0,"gold_gain":0.0,"event_name":"Lab","player_choice":"Got Potions","floor":5.0,"gold_loss":0.0,"damage_taken":0.0},{"damage_healed":0.0,"max_hp_gain":0.0,"max_hp_loss":0.0,"gold_gain":0.0,"event_name":"WeMeetAgain","player_choice":"Gave Potion","floor":12.0,"gold_loss":0.0,"damage_taken":0.0,"relics_obtained":["Question Card"]},{"damage_healed":0.0,"max_hp_gain":0.0,"max_hp_loss":0.0,"gold_gain":0.0,"event_name":"Mysterious Sphere","player_choice":"Fight","floor":37.0,"gold_loss":0.0,"damage_taken":0.0},{"cards_removed":["WhitesApple"],"damage_healed":14.0,"max_hp_gain":0.0,"max_hp_loss":0.0,"gold_gain":0.0,"event_name":"Bonfire Elementals","player_choice":"Offered Uncommon","floor":48.0,"gold_loss":0.0,"damage_taken":0.0}],"is_beta":false,"boss_relics":[{"not_picked":["Fusion Hammer","Pandora\u0027s Box"],"picked":"Mark of Pain"},{"not_picked":["Calling Bell","Empty Cage"],"picked":"Sozu"}],"items_purged_floors":[22],"is_endless":false,"potions_floor_spawned":[1,4,11,13,14,16,19,21,25,29,31,35,36,39,46,47],"ascension_level":0}}