{"host":"vyjryxuuuxkt43k4","time":1611170310,"event":{"mods":["AchievementEnabler","BaseMod","Colored Map","DeckTracker","Keyboard Shortcuts","Minty Spire (QoL Compilation)","Permanent Neow","Quick Restart","StSLib","SuperFastMode","everything is the same but u backflip on backflip"],"gold_per_floor":[119,130,148,158,138,173,173,193,193,193,213,232,232,249,249,249,249],"floor_reached":16,"language":"KOR","playtime":686,"items_purged":[],"score":191,"play_id":"08551afc-9ecc-4abd-acb6-1e0ef9c699d4","local_time":"20210121041830","is_ascension_mode":true,"campfire_choices":[{"floor":7.0,"key":"REST"},{"floor":10.0,"key":"REST"},{"floor":13.0,"key":"REST"},{"data":"Armaments","floor":15,"key":"SMITH"}],"circlet_count":0,"master_deck":["AscendersBane","Strike_R","Strike_R","Strike_R","Strike_R","Strike_R","Defend_R","Defend_R","Defend_R","Defend_R","Bash","Purity","Shrug It Off","Headbutt","Clothesline","Disarm","Armaments+1","Second Wind","Impervious"],"relics":["Burning Blood","Tiny Chest","Champion Belt"],"acts_visited":["Exordium"],"potions_floor_usage":[],"damage_taken":[{"damage":11.0,"enemies":"Cultist","floor":1.0,"turns":4.0},{"damage":5.0,"enemies":"Jaw Worm","floor":2.0,"turns":5.0},{"damage":10.0,"enemies":"Small Slimes","floor":3.0,"turns":4.0},{"damage":10.0,"enemies":"2 Fungi Beasts","floor":4.0,"turns":4.0},{"damage":59.0,"enemies":"3 Sentries","floor":6.0,"turns":11.0},{"damage":9.0,"enemies":"Blue Slaver","floor":8.0,"turns":6.0},{"damage":16.0,"enemies":"Exordium Thugs","floor":11.0,"turns":6.0},{"damage":31.0,"enemies":"Lots of Slimes","floor":12.0,"turns":7.0},{"damage":10.0,"enemies":"Exordium Wildlife","floor":14.0,"turns":5.0},{"damage":40,"enemies":"Hexaghost","floor":16,"turns":12}],"seed_played":"-6005193177761135067","potions_obtained":[{"floor":2.0,"key":"LiquidBronze"},{"floor":3.0,"key":"LiquidBronze"},{"floor":4.0,"key":"Fruit Juice"},{"floor":5.0,"key":"SpeedPotion"}],"is_trial":false,"path_per_floor":["M","M","M","M","?","E","R","M","T","R","M","M","R","M","R","B"],"character_chosen":"IRONCLAD","items_purchased":[],"campfire_rested":3,"item_purchase_floors":[],"current_hp_per_floor":[63,64,60,61,61,8,32,29,29,53,43,18,42,38,38,0,0],"gold":249,"neow_bonus":"RANDOM_COLORLESS","is_daily":false,"chose_seed":false,"campfire_upgraded":1,"win_rate":0.0,"timestamp":1611170310,"path_taken":["M","M","M","?","?","E","R","M","T","R","?","M","R","M","R","BOSS"],"items_purchased_type":[],"build_version":"2020-12-22","purchased_purges":0,"victory":false,"max_hp_per_floor":[75,75,75,80,80,80,80,80,80,80,80,80,80,80,80,80,80],"card_choices":[{"not_picked":["Finesse","Forethought"],"picked":"Purity","floor":0.0},{"not_picked":["Hemokinesis","Sever Soul"],"picked":"Shrug It Off","floor":1.0},{"not_picked":["Sever Soul","Havoc","Dropkick"],"picked":"SKIP","floor":2.0},{"not_picked":["Thunderclap","Heavy Blade"],"picked":"Headbutt","floor":3.0},{"not_picked":["Dual Wield","Headbutt"],"picked":"Clothesline","floor":4.0},{"not_picked":["Bloodletting","Armaments"],"picked":"Disarm","floor":6.0},{"not_picked":["Sentinel","Anger","Clothesline"],"picked":"SKIP","floor":8.0},{"not_picked":["Entrench","Power Through"],"picked":"Armaments","floor":11.0},{"not_picked":["Iron Wave","Disarm"],"picked":"Second Wind","floor":12.0},{"not_picked":["Bloodletting","Whirlwind"],"picked":"Impervious","floor":14.0}],"player_experience":182047,"relics_obtained":[{"floor":6.0,"key":"Tiny Chest"},{"floor":9.0,"key":"Champion Belt"}],"event_choices":[{"damage_healed":0.0,"max_hp_gain":0.0,"max_hp_loss":0.0,"gold_gain":0.0,"event_name":"The Woman in Blue","player_choice":"Bought 1 Potion","floor":5.0,"gold_loss":0.0,"damage_taken":0.0}],"is_beta":false,"boss_relics":[],"items_purged_floors":[],"is_endless":false,"potions_floor_spawned":[2,3,4],"killed_by":"Hexaghost","ascension_level":16}}