{"host":"dcj2yvrgcvh5dl2s","time":1611117392,"event":{"mods":["BaseMod","Bestiary","Better Note","Block Reminder","Colored Powertips","Curses Come First","DeckTracker","Minty Spire (QoL Compilation)","Quick Restart","Rare Cards Sparkle","Relic Stats","StSLib"],"gold_per_floor":[112,112,124,13,88,88,114,30,56,56,69,69,90,129,129,209,209,236,257,182,31,81,106,129,129,156,198,12,12,50,78,78,78,78],"floor_reached":33,"language":"ENG","playtime":779,"items_purged":["Defend_R"],"score":700,"play_id":"bc51cf0f-a1aa-4532-a15a-befb61571056","local_time":"20210120143632","is_ascension_mode":true,"campfire_choices":[{"data":"Perfected Strike","floor":6,"key":"SMITH"},{"data":"Perfected Strike","floor":10,"key":"SMITH"},{"data":"Flex","floor":12,"key":"SMITH"},{"data":"Heavy Blade","floor":15,"key":"SMITH"},{"floor":25,"key":"REST"},{"floor":29,"key":"REST"},{"floor":32,"key":"REST"}],"circlet_count":0,"master_deck":["AscendersBane","Strike_R","Strike_R","Strike_R","Strike_R+1","Strike_R+1","Defend_R","Defend_R","Perfected Strike+1","Battle Trance","Shrug It Off","Perfected Strike+1","Flex+1","Pommel Strike","Heavy Blade+1","Shrug It Off","Thunderclap+1","Berserk","Perfected Strike+1","Pommel Strike+1","Metallicize","Twin Strike+1","Disarm","Shrug It Off","Disarm"],"relics":["Burning Blood","NeowsBlessing","Potion Belt","CeramicFish","Molten Egg 2","SlaversCollar","Strawberry","Whetstone","Omamori","StoneCalendar","Singing Bowl"],"acts_visited":["Exordium","TheCity"],"potions_floor_usage":[14,16,23,27,30,30,33],"damage_taken":[{"damage":0,"enemies":"Cultist","floor":1,"turns":1},{"damage":0,"enemies":"Small Slimes","floor":3,"turns":1},{"damage":0,"enemies":"3 Sentries","floor":7,"turns":2},{"damage":12,"enemies":"Jaw Worm","floor":11,"turns":2},{"damage":0,"enemies":"2 Fungi Beasts","floor":13,"turns":3},{"damage":0,"enemies":"Lagavulin","floor":14,"turns":3},{"damage":63,"enemies":"The Guardian","floor":16,"turns":8},{"damage":0,"enemies":"Chosen","floor":18,"turns":3},{"damage":11,"enemies":"Spheric Guardian","floor":19,"turns":3},{"damage":56,"enemies":"Slavers","floor":23,"turns":4},{"damage":35,"enemies":"Gremlin Leader","floor":27,"turns":6},{"damage":13,"enemies":"Slavers","floor":30,"turns":3},{"damage":21,"enemies":"Snake Plant","floor":31,"turns":3},{"damage":62,"enemies":"Collector","floor":33,"turns":5}],"seed_played":"-6681964649419058692","potions_obtained":[{"floor":1,"key":"DistilledChaos"},{"floor":3,"key":"Strength Potion"},{"floor":13,"key":"Block Potion"},{"floor":23,"key":"Dexterity Potion"},{"floor":31,"key":"Explosive Potion"}],"is_trial":false,"path_per_floor":["M","?","M","$","?","R","E","$","T","R","M","R","M","E","R","B",null,"M","M","?","$","?","E","T","R","T","E","$","R","E","M","R","B"],"character_chosen":"IRONCLAD","items_purchased":["Shrug It Off","Perfected Strike","Pommel Strike","Heavy Blade","Metallicize","Disarm","Strength Potion","AttackPotion"],"campfire_rested":3,"item_purchase_floors":[4,4,8,8,21,28,28,28],"current_hp_per_floor":[74,67,73,73,62,62,68,68,68,68,62,62,68,74,74,17,61,67,62,62,62,62,19,19,43,43,14,14,38,31,16,40,0,0],"gold":78,"neow_bonus":"THREE_ENEMY_KILL","is_daily":false,"chose_seed":false,"campfire_upgraded":4,"win_rate":0.0,"timestamp":1611117392,"path_taken":["M","?","M","$","?","R","E","$","T","R","M","R","M","E","R","BOSS","M","M","?","$","?","E","?","R","T","E","$","R","E","M","R","BOSS"],"items_purchased_type":["Card","Card","Card","Card","Card","Card","Potion","Potion"],"build_version":"2020-12-22","purchased_purges":1,"victory":false,"max_hp_per_floor":[75,75,75,75,75,75,75,75,75,75,75,75,75,75,75,75,75,75,75,75,75,75,82,82,82,82,82,82,82,82,82,82,82,82],"relic_stats":{"Singing Bowl":0,"counters":[14,47],"CeramicFish":90,"StoneCalendar":[0],"Whetstone":["Strike_R","Strike_R"],"obtain_stats":[{"Potion Belt":7,"SlaversCollar":17,"NeowsBlessing":0,"Singing Bowl":30,"CeramicFish":9,"Strawberry":23,"Molten Egg 2":14,"StoneCalendar":27,"Omamori":26,"Whetstone":24,"Burning Blood":0},{"Potion Belt":3,"SlaversCollar":7,"NeowsBlessing":0,"Singing Bowl":12,"CeramicFish":3,"Strawberry":10,"Molten Egg 2":6,"StoneCalendar":11,"Omamori":10,"Whetstone":10,"Burning Blood":0},{"Potion Belt":4,"SlaversCollar":20,"NeowsBlessing":0,"Singing Bowl":39,"CeramicFish":4,"Strawberry":30,"Molten Egg 2":12,"StoneCalendar":36,"Omamori":30,"Whetstone":30,"Burning Blood":0}],"Burning Blood":78},"card_choices":[{"not_picked":["Entrench","Dual Wield"],"picked":"Perfected Strike","floor":1},{"not_picked":["Anger","Thunderclap"],"picked":"Battle Trance","floor":3},{"not_picked":["Burning Pact","Clothesline"],"picked":"Flex","floor":7},{"not_picked":["Flame Barrier","Rampage","Havoc"],"picked":"SKIP","floor":11},{"not_picked":["Armaments","Dual Wield"],"picked":"Shrug It Off","floor":13},{"not_picked":["Brutality","Burning Pact"],"picked":"Thunderclap+1","floor":14},{"not_picked":["Bludgeon+1","Exhume"],"picked":"Berserk","floor":16},{"not_picked":["Heavy Blade+1","Body Slam+1"],"picked":"Perfected Strike+1","floor":18},{"not_picked":["Warcry","Searing Blow+1"],"picked":"Pommel Strike+1","floor":19},{"not_picked":["Heavy Blade+1","Iron Wave+1","Sword Boomerang+1"],"picked":"SKIP","floor":23},{"not_picked":["Feel No Pain","Wild Strike+1"],"picked":"Twin Strike+1","floor":27},{"not_picked":["Combust","Headbutt+1"],"picked":"Shrug It Off","floor":30},{"not_picked":["Sentinel","Clothesline+1"],"picked":"Disarm","floor":31}],"player_experience":2265823,"relics_obtained":[{"floor":7,"key":"Potion Belt"},{"floor":9,"key":"CeramicFish"},{"floor":14,"key":"Molten Egg 2"},{"floor":23,"key":"Strawberry"},{"floor":24,"key":"Whetstone"},{"floor":26,"key":"Omamori"},{"floor":27,"key":"StoneCalendar"},{"floor":30,"key":"Singing Bowl"}],"event_choices":[{"cards_removed":["Defend_R"],"damage_healed":0,"gold_gain":0,"player_choice":"Card Removal","damage_taken":7,"max_hp_gain":0,"max_hp_loss":0,"event_name":"Golden Wing","floor":2,"gold_loss":0},{"damage_healed":0,"gold_gain":75,"player_choice":"Gather Gold","damage_taken":11,"max_hp_gain":0,"max_hp_loss":0,"event_name":"World of Goop","floor":5,"gold_loss":0},{"cards_removed":["Bash"],"damage_healed":0,"gold_gain":0,"player_choice":"Gave Gold","damage_taken":0,"max_hp_gain":0,"max_hp_loss":0,"event_name":"Beggar","floor":20,"gold_loss":75},{"damage_healed":0,"gold_gain":50,"player_choice":"Stole From Cult","damage_taken":0,"max_hp_gain":0,"max_hp_loss":0,"event_name":"Nest","floor":22,"gold_loss":0}],"is_beta":false,"boss_relics":[{"not_picked":["SacredBark","Tiny House"],"picked":"SlaversCollar"}],"items_purged_floors":[21],"is_endless":false,"potions_floor_spawned":[1,3,13,23,31],"killed_by":"Collector","ascension_level":19}}