{"host":"c52z9ixzgdjttcmx","time":1611174985,"event":{"mods":["BaseMod","Colored Powertips","Minty Spire (QoL Compilation)","Rare Cards Sparkle","Relic Stats"],"gold_per_floor":[110,128,141,152,170,170,200,200,200,200,221,221,371,371,371,371,371],"floor_reached":16,"language":"ENG","playtime":526,"items_purged":[],"score":184,"play_id":"e151b02d-10f9-4878-8456-8feb965b74fe","local_time":"20210120143625","is_ascension_mode":true,"campfire_choices":[{"data":"Zap","floor":6,"key":"SMITH"},{"floor":10,"key":"REST"},{"floor":12,"key":"REST"},{"floor":15,"key":"REST"}],"circlet_count":0,"master_deck":["AscendersBane","Strike_B","Strike_B","Strike_B","Strike_B","Defend_B","Defend_B","Defend_B","Defend_B","Zap+1","Dualcast","Go for the Eyes","Redo","Coolheaded","Hologram","Loop","Chaos","Injury","Melter","Doubt"],"relics":["Cracked Core","NeowsBlessing","Art of War","Golden Idol","Toxic Egg 2","Oddly Smooth Stone"],"acts_visited":["Exordium"],"potions_floor_usage":[2,11],"damage_taken":[{"damage":0,"enemies":"Small Slimes","floor":1,"turns":1},{"damage":0,"enemies":"Jaw Worm","floor":2,"turns":1},{"damage":0,"enemies":"2 Louse","floor":3,"turns":1},{"damage":6,"enemies":"2 Fungi Beasts","floor":4,"turns":4},{"damage":0,"enemies":"Red Slaver","floor":5,"turns":5},{"damage":38,"enemies":"3 Sentries","floor":7,"turns":9},{"damage":44,"enemies":"Gremlin Gang","floor":11,"turns":5},{"damage":43,"enemies":"Hexaghost","floor":16,"turns":9}],"seed_played":"666726787382286300","potions_obtained":[{"floor":2,"key":"Fruit Juice"},{"floor":4,"key":"Ancient Potion"},{"floor":7,"key":"SkillPotion"},{"floor":11,"key":"CultistPotion"}],"is_trial":false,"path_per_floor":["M","M","M","M","M","R","E","?","T","R","M","R","?","?","R","B"],"character_chosen":"DEFECT","items_purchased":[],"campfire_rested":3,"item_purchase_floors":[],"current_hp_per_floor":[64,69,69,63,63,63,25,25,25,47,3,25,25,20,42,0,0],"gold":371,"neow_bonus":"THREE_ENEMY_KILL","is_daily":false,"chose_seed":false,"campfire_upgraded":1,"win_rate":0.0,"timestamp":1611174985,"path_taken":["M","M","M","M","M","R","E","?","T","R","M","R","?","?","R","BOSS"],"items_purchased_type":[],"build_version":"2020-12-22","purchased_purges":0,"victory":false,"max_hp_per_floor":[71,76,76,76,76,76,76,76,76,76,76,76,76,76,76,76,76],"relic_stats":{"counters":[8,35],"Golden Idol":4,"Art of War":[2],"obtain_stats":[{"NeowsBlessing":0,"Golden Idol":8,"Oddly Smooth Stone":14,"Art of War":7,"Toxic Egg 2":9,"Cracked Core":0},{"NeowsBlessing":0,"Golden Idol":6,"Oddly Smooth Stone":7,"Art of War":6,"Toxic Egg 2":6,"Cracked Core":0},{"NeowsBlessing":0,"Golden Idol":21,"Oddly Smooth Stone":26,"Art of War":21,"Toxic Egg 2":21,"Cracked Core":0}]},"card_choices":[{"not_picked":["Barrage","Compile Driver"],"picked":"Go for the Eyes","floor":1},{"not_picked":["Hologram","Turbo"],"picked":"Redo","floor":2},{"not_picked":["Rebound","Recycle"],"picked":"Coolheaded","floor":3},{"not_picked":["Streamline","Rebound"],"picked":"Hologram","floor":4},{"not_picked":["Conserve Battery","Auto Shields"],"picked":"Loop","floor":5},{"not_picked":["Turbo","Machine Learning"],"picked":"Chaos","floor":7},{"not_picked":["Turbo+1","Gash"],"picked":"Melter","floor":11}],"player_experience":3296291,"relics_obtained":[{"floor":7,"key":"Art of War"},{"floor":9,"key":"Toxic Egg 2"}],"event_choices":[{"damage_healed":0,"gold_gain":0,"player_choice":"Take Wound","damage_taken":0,"relics_obtained":["Golden Idol"],"max_hp_gain":0,"max_hp_loss":0,"event_name":"Golden Idol","floor":8,"gold_loss":0,"cards_obtained":["Injury"]},{"damage_healed":0,"gold_gain":150,"player_choice":"AGREE","damage_taken":0,"max_hp_gain":0,"max_hp_loss":0,"event_name":"Liars Game","floor":13,"gold_loss":0,"cards_obtained":["Doubt"]},{"damage_healed":0,"gold_gain":0,"player_choice":"Success","damage_taken":5,"relics_obtained":["Oddly Smooth Stone"],"max_hp_gain":0,"max_hp_loss":0,"event_name":"Scrap Ooze","floor":14,"gold_loss":0}],"is_beta":false,"boss_relics":[],"items_purged_floors":[],"is_endless":false,"potions_floor_spawned":[2,4,7,11],"killed_by":"Hexaghost","ascension_level":16}}