{"host":"0rxdudjy6rylha1k","time":1611175373,"event":{"mods":["Aspiration","BaseMod","Colored Map","Colored Powertips","Downfall","Highlight Path","Hubris","Minty Spire (QoL Compilation)","StSLib"],"gold_per_floor":[199,218,235,85,104,131,131,150,50,35,35,35,83,96,109,109,109,109],"floor_reached":16,"language":"ENG","playtime":1063,"items_purged":[],"score":127,"play_id":"d8a9f618-d960-4be3-8842-53f6602ed16e","local_time":"20210120134253","is_ascension_mode":false,"campfire_choices":[{"floor":1,"key":"RECALL"},{"data":"Guardian:VentSteam","floor":9,"key":"SMITH"},{"data":"Guardian:TwinSlam","floor":11,"key":"SMITH"}],"circlet_count":0,"master_deck":["Guardian:Strike_Guardian","Guardian:Strike_Guardian","Guardian:Strike_Guardian","Guardian:Strike_Guardian","Guardian:Defend_Guardian","Guardian:Defend_Guardian","Guardian:Defend_Guardian","Guardian:Defend_Guardian","Guardian:CurlUp","Guardian:TwinSlam+1","Guardian:VentSteam+1","Guardian:Suspension","Guardian:FuturePlans"],"relics":["Guardian:ModeShifter","hubris:TenFootPole","Pear","downfall:HeartBlessingRed","bronze:BronzeIdol"],"acts_visited":["Exordium"],"potions_floor_usage":[6,16],"damage_taken":[{"damage":5,"enemies":"Cultist","floor":2,"turns":4},{"damage":6,"enemies":"Jaw Worm","floor":3,"turns":3},{"damage":5,"enemies":"Small Slimes","floor":5,"turns":4},{"damage":40,"enemies":"Lagavulin","floor":6,"turns":9},{"damage":12,"enemies":"Exordium Thugs","floor":8,"turns":9},{"damage":0,"enemies":"downfall:FleeingMerchant","floor":10,"turns":4},{"damage":11,"enemies":"Gremlin Gang","floor":14,"turns":5},{"damage":5,"enemies":"Exordium Wildlife","floor":15,"turns":3},{"damage":15,"enemies":"SI_SHIV_ARCHETYPE","floor":16,"turns":5}],"seed_played":"-1937749784707597606","potions_obtained":[{"floor":5,"key":"Ancient Potion"},{"floor":14,"key":"hexamod:SoulburnPotion"},{"floor":15,"key":"SmokeBomb"}],"is_trial":false,"path_per_floor":["R","M","M","?","M","E","T","M","R","$","R","?","T","M","M","B"],"character_chosen":"GUARDIAN","items_purchased":[],"campfire_rested":0,"item_purchase_floors":[],"current_hp_per_floor":[80,75,69,90,85,45,55,43,43,43,43,28,28,17,12,0,0,0],"gold":109,"neow_bonus":"HUNDRED_GOLD","is_daily":false,"chose_seed":false,"campfire_upgraded":2,"win_rate":0.0,"timestamp":1611175373,"path_taken":["R","M","M","?","?","E","T","M","R","$","R","?","?","M","M","BOSS"],"items_purchased_type":[],"build_version":"2020-12-22","purchased_purges":0,"victory":false,"max_hp_per_floor":[80,80,80,90,90,90,100,100,100,100,100,100,100,100,100,100,100,100],"card_choices":[{"not_picked":["Guardian:Gem_Green","Guardian:WalkerClaw"],"picked":"Guardian:VentSteam","floor":2},{"not_picked":["Guardian:Gem_Lightblue","Guardian:RollAttack"],"picked":"Guardian:Gem_Yellow","floor":3},{"not_picked":["Guardian:ShieldCharger","Guardian:VentSteam","Guardian:TimeBomb"],"picked":"SKIP","floor":5},{"not_picked":["Guardian:CrystalBeam","Guardian:PrismaticBeam"],"picked":"Guardian:Gem_Orange","floor":6},{"not_picked":["Guardian:TemporalStrike","Guardian:Planning"],"picked":"Guardian:Suspension","floor":8},{"not_picked":["Guardian:StasisField","Guardian:RollAttack"],"picked":"Guardian:Gem_Fragmented","floor":10},{"not_picked":["Guardian:Gem_Red","Guardian:Harden"],"picked":"Guardian:FuturePlans","floor":14},{"not_picked":["Guardian:BodySlam","Guardian:Gem_Lightblue","Guardian:Incinerate"],"picked":"SKIP","floor":15}],"player_experience":2643640,"relics_obtained":[{"floor":6,"key":"hubris:TenFootPole"},{"floor":7,"key":"Pear"}],"event_choices":[{"damage_healed":0,"gold_gain":0,"player_choice":"Success","damage_taken":33,"relics_obtained":["bronze:BronzeIdol"],"max_hp_gain":0,"max_hp_loss":0,"event_name":"Scrap Ooze","floor":12,"gold_loss":0}],"is_beta":false,"boss_relics":[],"items_purged_floors":[],"is_endless":false,"potions_floor_spawned":[5,14,15],"killed_by":"SI_SHIV_ARCHETYPE","ascension_level":0}}