{"host":"fdmexzkyss3ff9bv","time":1611165737,"event":{"mods":["BaseMod","Beaked The Cultist","BetterRewards","Downfall","Glutton Mod","Halation","Hubris","Infinite Spire","Minty Spire (QoL Compilation)","Replay The Spire","StSLib","The Blackbeard","The Bug Knight","The Construct","The Mystic","The Servant 0.9.4","The Witch"],"gold_per_floor":[99,117,567,583,583,600,600,616,616,630,630,642,654,453,468,571,571,571,464,464,481,466,482,530,530,546,646,674,674,674,685,704,802,802,802,814,814,1084,1099,1099,1099,963,963,995,1006,1006,1006,970,983,983],"floor_reached":51,"playtime":4456,"items_purged":["Slimebound:Icky"],"score":814,"play_id":"a1f7e070-924a-4a7e-beb9-eb221ff4fdc4","local_time":"20210120190217","is_ascension_mode":false,"campfire_choices":[{"floor":1.0,"key":"DIG"},{"data":"Guardian:RefractedBeam","floor":9.0,"key":"SMITH"},{"data":"Guardian:RefractedBeam+1","floor":9.0,"key":"SMITH"},{"data":"Guardian:CurlUp","floor":11.0,"key":"SMITH"},{"data":"Guardian:RefractedBeam+2","floor":11.0,"key":"SMITH"},{"data":"Guardian:RefractedBeam+3","floor":18.0,"key":"SMITH"},{"data":"expansioncontent:QuickStudy","floor":18.0,"key":"SMITH"},{"floor":30,"key":"REST"},{"data":"Guardian:RefractedBeam+4","floor":35,"key":"SMITH"},{"data":"Guardian:RefractedBeam+5","floor":35,"key":"SMITH"},{"floor":40,"key":"RECALL"},{"floor":47,"key":"REST"}],"circlet_count":0,"master_deck":["Guardian:Strike_Guardian","Guardian:Strike_Guardian","Guardian:Strike_Guardian","Guardian:Strike_Guardian","Guardian:Defend_Guardian","Guardian:Defend_Guardian","Guardian:Defend_Guardian","Guardian:Defend_Guardian","Guardian:CurlUp+1","Guardian:TwinSlam","Guardian:PolyBeam","Guardian:RefractedBeam+6","Guardian:Harden","Guardian:StasisStrike","Guardian:Incinerate","Guardian:CrystalBeam","expansioncontent:QuickStudy+1","Guardian:Reroute","Guardian:StasisField","Slimebound:Icky","Slimebound:Icky","Delirium","Guardian:FloatingOrbs","Guardian:FloatingOrbs","Guardian:CrystalBeam","Guardian:Clone","Guardian:SentryBeam+1","Guardian:Planning","Guardian:BronzeArmor","Guardian:WalkerClaw+1","Guardian:TimeSifter","Guardian:Emergency+1","Pain","Guardian:AncientConstruct","Pain","Guardian:WalkerClaw","Guardian:FloatingOrbs","Guardian:Harden"],"relics":["Guardian:ModeShifter","Replay:Arrowhead","Replay:Ancient Bell","halation:PromiseList","infinitespire:Bottled Soul","hubris:CuriousFeather","hubris:Towel","Vajra","Ring of Hypnosis","Calipers","hubris:Metronome","hubris:FunFungus","Empty Cage","infinitespire:BottledMercury","WarpedTongs","hubris:64BitClover","halation:PapillonHeart"],"acts_visited":["Exordium","TheCity","TheBeyond"],"potions_floor_usage":[28,28,28,38,50],"damage_taken":[{"damage":1.0,"enemies":"2 Louse","floor":2.0,"turns":3.0},{"damage":20.0,"enemies":"Jaw Worm","floor":4.0,"turns":6.0},{"damage":0.0,"enemies":"Cultist","floor":6.0,"turns":3.0},{"damage":13.0,"enemies":"Exordium Thugs","floor":8.0,"turns":5.0},{"damage":7.0,"enemies":"2 Fungi Beasts","floor":10.0,"turns":4.0},{"damage":2.0,"enemies":"Blue Slaver","floor":12.0,"turns":4.0},{"damage":12.0,"enemies":"Exordium Thugs","floor":13.0,"turns":6.0},{"damage":0.0,"enemies":"downfall:FleeingMerchant","floor":14.0,"turns":4.0},{"damage":8.0,"enemies":"Lots of Slimes","floor":15.0,"turns":3.0},{"damage":15.0,"enemies":"downfall:Watcher","floor":16.0,"turns":7.0},{"damage":0.0,"enemies":"downfall:FleeingMerchant","floor":19.0,"turns":4.0},{"damage":10.0,"enemies":"Chosen","floor":21.0,"turns":4.0},{"damage":20.0,"enemies":"downfall:FleeingMerchant","floor":22.0,"turns":4.0},{"damage":6.0,"enemies":"Spheric Guardian","floor":23.0,"turns":3.0},{"damage":3.0,"enemies":"Centurion and Healer","floor":26.0,"turns":6.0},{"damage":32,"enemies":"Colosseum Nobs","floor":27,"turns":5},{"damage":2,"enemies":"Book of Stabbing","floor":28,"turns":4},{"damage":10,"enemies":"Snecko","floor":31,"turns":4},{"damage":2,"enemies":"3 Cultists","floor":32,"turns":3},{"damage":11,"enemies":"downfall:Defect","floor":33,"turns":6},{"damage":8,"enemies":"Orb Walker","floor":36,"turns":3},{"damage":23,"enemies":"downfall:FleeingMerchant","floor":38,"turns":4},{"damage":26,"enemies":"3 Shapes","floor":39,"turns":4},{"damage":3,"enemies":"Nemesis","floor":44,"turns":3},{"damage":10,"enemies":"Jaw Worm Horde","floor":45,"turns":4},{"damage":23,"enemies":"Maw","floor":49,"turns":4},{"damage":2,"enemies":"downfall:Ironclad","floor":50,"turns":4}],"seed_played":"-5404587205325280992","potions_obtained":[{"floor":2.0,"key":"Energy Potion"},{"floor":13.0,"key":"AttackPotion"},{"floor":16.0,"key":"FearPotion"},{"floor":23.0,"key":"Swift Potion"},{"floor":26.0,"key":"Guardian:DefensiveModePotion"},{"floor":28,"key":"Fire Potion"},{"floor":32,"key":"Guardian:AcceleratePotion"},{"floor":36,"key":"Ancient Potion"},{"floor":45,"key":"Elixir"}],"is_trial":false,"path_per_floor":["R","M","?","M","?","M","T","M","R","M","R","M","M","$","M","B",null,"R","$","?","M","$","M","T","?","M","?","E","?","R","M","M","B",null,"R","M","?","?","M","R","T","$","?","E","M","?","R","$","M","B",null],"character_chosen":"GUARDIAN","items_purchased":["expansioncontent:QuickStudy","Guardian:Gem_Cyan","Guardian:FloatingOrbs","Guardian:Gem_Orange","Guardian:FloatingOrbs"],"campfire_rested":2,"item_purchase_floors":[14,19,19,42,48],"current_hp_per_floor":[88,87,87,67,67,67,67,54,54,47,47,45,33,33,25,10,88,88,88,88,78,58,52,52,52,49,17,15,18,45,35,34,23,91,91,83,96,74,56,56,56,56,56,54,45,45,74,74,51,49],"gold":983,"neow_bonus":"TEN_PERCENT_HP_BONUS","is_daily":false,"chose_seed":false,"campfire_upgraded":8,"win_rate":0.0,"timestamp":1611165737,"path_taken":["R","M","?","M","?","M","T","M","R","M","R","?","M","$","M","BOSS","R","$","?","M","$","M","T","?","?","?","E","?","R","M","M","BOSS","R","M","?","?","M","R","T","?","?","E","?","?","R","$","M","BOSS"],"items_purchased_type":["Card","Card","Card","Card","Card"],"build_version":"2020-12-13","purchased_purges":1,"victory":true,"max_hp_per_floor":[88,88,88,88,88,88,88,88,88,88,88,88,88,88,88,88,88,88,88,88,88,88,88,88,88,88,88,88,91,91,91,91,91,91,91,91,104,104,104,104,104,104,104,104,104,99,99,99,99,99],"card_choices":[{"not_picked":["Guardian:WalkerClaw","Guardian:Gem_Lightblue"],"picked":"Guardian:PolyBeam","floor":2.0},{"not_picked":["Guardian:TemporalShield","Guardian:RollAttack"],"picked":"Guardian:RefractedBeam","floor":4.0},{"not_picked":["Guardian:Recover","Guardian:Clone"],"picked":"Guardian:Gem_Lightblue","floor":6.0},{"not_picked":["Guardian:Gem_Lightblue","Guardian:PrimingBeam"],"picked":"Guardian:Harden","floor":8.0},{"not_picked":["Guardian:Clone","Guardian:PrimingBeam"],"picked":"Guardian:Gem_Purple","floor":10.0},{"not_picked":["Guardian:ChargeCore","Guardian:TemporalShield"],"picked":"Guardian:StasisStrike","floor":12.0},{"not_picked":["Guardian:DonusPower","Guardian:Gem_Red"],"picked":"Guardian:Incinerate","floor":13.0},{"not_picked":["Guardian:Suspension","Guardian:PrimingBeam"],"picked":"Guardian:CrystalBeam","floor":14.0},{"not_picked":["Guardian:ArmoredProtocol","Guardian:RefractedBeam"],"picked":"Guardian:Reroute","floor":15.0},{"not_picked":["Guardian:ExploitGems","Guardian:Gem_Synthetic"],"picked":"Guardian:StasisField","floor":16.0},{"not_picked":["UnluckySeven","hubris:Envy"],"picked":"Slimebound:Icky","floor":17.0},{"not_picked":["hubris:Lust","Languid"],"picked":"Slimebound:Icky","floor":17.0},{"not_picked":["ReplayTheSpireMod:Restless Dread","hubris:Disease"],"picked":"Delirium","floor":17.0},{"not_picked":["Guardian:TimeBomb","Guardian:Reroute"],"picked":"Guardian:FloatingOrbs","floor":19.0},{"not_picked":["Guardian:Clone","Guardian:PrimingBeam+1"],"picked":"Guardian:CrystalBeam","floor":21.0},{"not_picked":["Guardian:PolyBeam","Guardian:TimeSifter"],"picked":"Guardian:Clone","floor":22.0},{"not_picked":["Guardian:Gem_Crimson","Guardian:PrimingBeam+1"],"picked":"Guardian:SentryBeam+1","floor":23.0},{"not_picked":["Guardian:ChargeCore","Guardian:Gem_Lightblue"],"picked":"Guardian:Planning","floor":26.0},{"not_picked":["Guardian:ShieldCharger","Guardian:Recover"],"picked":"Guardian:Gem_Purple","floor":27},{"not_picked":["Guardian:SpikerProtocol+1","Guardian:VentSteam"],"picked":"Guardian:Gem_Lightblue","floor":28},{"not_picked":["Guardian:Gem_Crimson","Guardian:Recover"],"picked":"Guardian:BronzeArmor","floor":31},{"not_picked":["Guardian:Gem_Cyan","Guardian:Reroute+1"],"picked":"Guardian:WalkerClaw+1","floor":32},{"not_picked":["Guardian:Gem_Synthetic","Guardian:StasisStrike"],"picked":"Guardian:TimeSifter","floor":33},{"not_picked":["Guardian:Gem_Red","Guardian:Clone"],"picked":"Guardian:Emergency+1","floor":36},{"not_picked":["Guardian:PiercingHide","Guardian:DecasProtection"],"picked":"Guardian:AncientConstruct","floor":38},{"not_picked":["Guardian:RollAttack","Guardian:Gem_Fragmented"],"picked":"Guardian:Gem_Lightblue","floor":39},{"not_picked":["Guardian:VentSteam","Guardian:Repulse"],"picked":"Guardian:Gem_Green","floor":44},{"not_picked":["Guardian:ChargeUp+1","Guardian:ShieldCharger+1"],"picked":"Guardian:WalkerClaw","floor":45},{"not_picked":["Guardian:Gem_Lightblue","Guardian:BronzeOrb"],"picked":"Guardian:Harden","floor":49}],"player_experience":147586,"relics_obtained":[{"floor":1.0,"key":"Replay:Arrowhead"},{"floor":24.0,"key":"Vajra"},{"floor":25.0,"key":"Ring of Hypnosis"},{"floor":27,"key":"Calipers"},{"floor":27,"key":"hubris:Metronome"},{"floor":28,"key":"hubris:FunFungus"},{"floor":41,"key":"infinitespire:BottledMercury"},{"floor":44,"key":"hubris:64BitClover"}],"event_choices":[],"is_beta":false,"boss_relics":[{"not_picked":["SacredBark","Coffee Dripper"],"picked":"Replay:Ancient Bell"},{"not_picked":["infinitespire:PuzzleCube","CeramicFish"],"picked":"halation:PromiseList"},{"not_picked":["infinitespire:ShieldingShard","ReplayTheSpireMod:Ninjato"],"picked":"infinitespire:Bottled Soul"},{"not_picked":["FossilizedHelix","hubris:AstralHammer"],"picked":"hubris:CuriousFeather"},{"not_picked":["construct:ClawGrip","Guardian:StasisSlotReductionRelic"],"picked":"Empty Cage"}],"items_purged_floors":[38],"is_endless":false,"potions_floor_spawned":[2,13,16,23,26,28,32,36,45],"ascension_level":0}}