{"host":"mcmecz6ns48biz64","time":1611170657,"event":{"mods":["2.2 Compatiblity","A Penny For Your Troubles","AchievementEnabler","Act Like it!","AlwaysNeverKeys","Ascension Unlocker","Aspiration","BaseMod","Better Note","Better Third Choice","BetterRewards","Colored Powertips","Conspire","Displayed Cursed Tome","Downfall","Energized Spire","Friendly Minions","GifTheSpireLib","Halation","Hermit","Hubris","Infinite Spire","Mimic Mod","Minty Spire (QoL Compilation)","Permanent Neow","Poor People Problems","Quick Restart","Reorder Act Four","Retaliation","Shop Mod","Spikes Relics","StSLib","Stuff the Spire","SuperFastMode","The Construct","The Marked","The Necromancer","Trackpad","Transform Curses","Uncapped","vexMod"],"gold_per_floor":[113,126,126,126,146,175,175,175,175,199,211,223,223],"floor_reached":12,"language":"ENG","playtime":294,"items_purged":[],"score":156,"play_id":"eaf1bb89-579f-4bc5-80a9-f2571652eed1","local_time":"20210120142417","is_ascension_mode":true,"campfire_choices":[{"data":"theMarked:KeepCalmAndFightOn","floor":7,"key":"SMITH"}],"circlet_count":0,"master_deck":["AscendersBane","theMarked:Strike","theMarked:Strike","theMarked:Strike","theMarked:Strike","theMarked:Strike","theMarked:Defend","theMarked:Defend","theMarked:Defend","theMarked:Defend","theMarked:SoldierOfQuellstein","theMarked:Improvise+1","theMarked:WastefulAttack","theMarked:ShockingTouch","theMarked:KeepCalmAndFightOn+1","theMarked:TwofoldDefense"],"relics":["theMarked:ArtifactOfAir","SpikesRelics:DaevaFist","Blue Candle","MawBank"],"acts_visited":["Exordium"],"potions_floor_usage":[],"damage_taken":[{"damage":0,"enemies":"conspire:RoseBush","floor":1,"turns":5},{"damage":9,"enemies":"Jaw Worm","floor":2,"turns":4},{"damage":1,"enemies":"Cultist","floor":5,"turns":3},{"damage":30,"enemies":"3 Sentries","floor":6,"turns":7},{"damage":11,"enemies":"Looter","floor":10,"turns":2},{"damage":39,"enemies":"Gremlin Nob","floor":12,"turns":3}],"seed_played":"1054520599806903948","potions_obtained":[{"floor":1,"key":"CultistPotion"}],"is_trial":false,"path_per_floor":["M","M","?","?","M","E","R","T","T","M","?","E"],"character_chosen":"THE_DEFAULT","items_purchased":[],"campfire_rested":0,"item_purchase_floors":[],"current_hp_per_floor":[65,56,56,56,55,25,25,25,25,14,38,0,0],"gold":223,"neow_bonus":"TEN_PERCENT_HP_BONUS","is_daily":false,"chose_seed":false,"campfire_upgraded":1,"win_rate":0.0,"timestamp":1611170657,"path_taken":["M","M","?","?","M","E","R","?","T","?","?","E"],"items_purchased_type":[],"build_version":"2020-12-22","purchased_purges":0,"victory":false,"max_hp_per_floor":[72,72,72,72,72,72,72,72,72,72,72,72,72],"card_choices":[{"not_picked":["theMarked:TwofoldDefense","theMarked:ChainLightning"],"picked":"theMarked:Improvise","floor":1},{"not_picked":["theMarked:Improvise","theMarked:Overthink"],"picked":"theMarked:WastefulAttack","floor":2},{"not_picked":["theMarked:Improvise","theMarked:SelfDefenseTraining"],"picked":"theMarked:ShockingTouch","floor":5},{"not_picked":["theMarked:ElectricStrings","theMarked:SummonStrength"],"picked":"theMarked:KeepCalmAndFightOn","floor":6},{"not_picked":["theMarked:KeepCalmAndFightOn","theMarked:Parkour"],"picked":"theMarked:TwofoldDefense","floor":10}],"player_experience":914230,"relics_obtained":[{"floor":6,"key":"SpikesRelics:DaevaFist"},{"floor":8,"key":"Blue Candle"},{"floor":9,"key":"MawBank"}],"event_choices":[{"damage_healed":0,"gold_gain":0,"player_choice":"Disagree","damage_taken":0,"max_hp_gain":0,"max_hp_loss":0,"event_name":"conspire:LoneGhost","floor":3,"gold_loss":0},{"damage_healed":24,"gold_gain":0,"player_choice":"Banana","damage_taken":0,"max_hp_gain":0,"max_hp_loss":0,"event_name":"Big Fish","floor":11,"gold_loss":0}],"is_beta":false,"boss_relics":[],"items_purged_floors":[],"is_endless":false,"potions_floor_spawned":[1],"killed_by":"Gremlin Nob","ascension_level":20}}