{"host":"u5p72gjg7qm9i6r4","time":1611102576,"event":{"mods":["AchievementEnabler","BaseMod","Curses Come First","Highlight Path","Minty Spire (QoL Compilation)","Rare Cards Sparkle","StSLib"],"gold_per_floor":[118,118,128,146,146,175,175,193,193,193,208,236,249,283,283,380,380,397,105,105,105,105,105,130,130,175,202,58,91,121,168,180,296,308,333,355,382,394,419,462,474,521,556,596,114,114,140,158,158,158,158,158,50,83,83],"floor_reached":56,"language":"ENG","playtime":5408,"items_purged":["Strike_G"],"score":1883,"play_id":"d70c4bb6-3d02-48f1-b4e1-60bb5f6de5c6","local_time":"20210119182936","is_ascension_mode":true,"campfire_choices":[{"data":"Dash","floor":7.0,"key":"SMITH"},{"data":"Survivor","floor":10.0,"key":"SMITH"},{"data":"Dagger Spray","floor":15.0,"key":"SMITH"},{"data":"Crippling Poison","floor":23.0,"key":"SMITH"},{"floor":32.0,"key":"REST"},{"floor":41.0,"key":"RECALL"},{"floor":46.0,"key":"REST"},{"floor":49.0,"key":"REST"},{"floor":52.0,"key":"REST"}],"circlet_count":0,"master_deck":["Strike_G+1","Strike_G+1","Strike_G+1","Defend_G+1","Defend_G+1","Defend_G+1","Defend_G+1","Defend_G+1","Survivor+1","Neutralize+1","Dash+1","Poisoned Stab","Poisoned Stab","Dagger Spray+1","PiercingWail","PiercingWail","PiercingWail","Bullet Time","PiercingWail+1","Crippling Poison+1","Backflip","PiercingWail","Catalyst","Burst","Noxious Fumes","Blur","Noxious Fumes","PiercingWail","Dark Shackles","Enlightenment","Backflip","Venomology"],"relics":["Ring of the Snake","Letter Opener","Pantograph","Molten Egg 2","Omamori","Calling Bell","Lantern","InkBottle","Pocketwatch","Vajra","Bronze Scales","WarpedTongs","Bag of Preparation","Darkstone Periapt","TwistedFunnel","MawBank","Singing Bowl","Fusion Hammer","WingedGreaves","Meat on the Bone","Ancient Tea Set","ClockworkSouvenir","Happy Flower","Pear","Eternal Feather"],"acts_visited":["Exordium","TheCity","TheBeyond","TheEnding"],"potions_floor_usage":[55,55,55,55,55,55],"damage_taken":[{"damage":4.0,"enemies":"Small Slimes","floor":1.0,"turns":6.0},{"damage":0.0,"enemies":"Cultist","floor":3.0,"turns":4.0},{"damage":0.0,"enemies":"Jaw Worm","floor":4.0,"turns":3.0},{"damage":10.0,"enemies":"3 Sentries","floor":6.0,"turns":10.0},{"damage":1.0,"enemies":"Red Slaver","floor":8.0,"turns":3.0},{"damage":0.0,"enemies":"2 Fungi Beasts","floor":11.0,"turns":4.0},{"damage":0.0,"enemies":"Gremlin Nob","floor":12.0,"turns":4.0},{"damage":0.0,"enemies":"Blue Slaver","floor":13.0,"turns":4.0},{"damage":6.0,"enemies":"3 Sentries","floor":14.0,"turns":9.0},{"damage":19.0,"enemies":"The Guardian","floor":16.0,"turns":12.0},{"damage":0.0,"enemies":"Shell Parasite","floor":18.0,"turns":5.0},{"damage":24.0,"enemies":"Book of Stabbing","floor":24.0,"turns":6.0},{"damage":3.0,"enemies":"Slavers","floor":27.0,"turns":5.0},{"damage":0.0,"enemies":"Book of Stabbing","floor":29.0,"turns":5.0},{"damage":6.0,"enemies":"Spheric Guardian","floor":30.0,"turns":4.0},{"damage":0.0,"enemies":"Gremlin Leader","floor":31.0,"turns":3.0},{"damage":7.0,"enemies":"Automaton","floor":33.0,"turns":11.0},{"damage":2.0,"enemies":"Orb Walker","floor":35.0,"turns":3.0},{"damage":5.0,"enemies":"3 Darklings","floor":36.0,"turns":7.0},{"damage":0.0,"enemies":"Transient","floor":37.0,"turns":5.0},{"damage":0.0,"enemies":"Sphere and 2 Shapes","floor":39.0,"turns":2.0},{"damage":2.0,"enemies":"Nemesis","floor":40.0,"turns":7.0},{"damage":9.0,"enemies":"Giant Head","floor":42.0,"turns":5.0},{"damage":0.0,"enemies":"Reptomancer","floor":44.0,"turns":6.0},{"damage":20.0,"enemies":"Giant Head","floor":47.0,"turns":9.0},{"damage":6.0,"enemies":"Maw","floor":48.0,"turns":6.0},{"damage":25.0,"enemies":"Donu and Deca","floor":50.0,"turns":8.0},{"damage":0.0,"enemies":"Shield and Spear","floor":54.0,"turns":5.0},{"damage":69,"enemies":"The Heart","floor":55,"turns":11}],"seed_played":"-6958251093394515567","potions_obtained":[{"floor":1.0,"key":"DistilledChaos"},{"floor":4.0,"key":"DuplicationPotion"},{"floor":5.0,"key":"Regen Potion"},{"floor":12.0,"key":"Weak Potion"},{"floor":24.0,"key":"SteroidPotion"},{"floor":30.0,"key":"AttackPotion"},{"floor":33.0,"key":"BlessingOfTheForge"},{"floor":35.0,"key":"SpeedPotion"},{"floor":42.0,"key":"AttackPotion"},{"floor":44.0,"key":"FearPotion"},{"floor":47.0,"key":"Strength Potion"},{"floor":48.0,"key":"SteroidPotion"},{"floor":54.0,"key":"EntropicBrew"}],"is_trial":false,"path_per_floor":["M","?","M","M","?","E","R","M","T","R","M","E","M","E","R","B",null,"M","$","?","?","?","R","E","?","T","E","$","E","M","E","R","B",null,"M","M","M","?","M","E","R","E","T","E","$","R","E","M","R","B",null,"R","$","E","B",null],"character_chosen":"THE_SILENT","items_purchased":["Vajra","Crippling Poison","TwistedFunnel","Noxious Fumes","ClockworkSouvenir","Happy Flower","PiercingWail","Dark Shackles","Enlightenment","Backflip"],"campfire_rested":4,"item_purchase_floors":[19,19,28,45,45,45,45,45,53,53],"current_hp_per_floor":[66,66,66,66,66,56,56,55,55,55,55,55,55,49,49,51,65,65,65,65,65,52,52,28,28,28,25,25,25,19,21,44,75,77,77,74,74,76,76,76,76,69,69,71,71,89,81,77,103,78,97,103,103,103,46],"gold":83,"neow_bonus":"UPGRADE_CARD","is_daily":false,"chose_seed":false,"campfire_upgraded":4,"win_rate":0.0,"timestamp":1611102576,"path_taken":["M","?","?","M","?","E","R","M","T","R","?","E","M","E","R","BOSS","M","$","?","?","?","R","E","?","T","E","$","E","M","E","R","BOSS","M","?","?","?","M","E","R","E","T","E","?","R","E","?","R","BOSS","R","$","E","BOSS"],"items_purchased_type":["Relic","Card","Relic","Card","Relic","Relic","Card","Card","Card","Card"],"build_version":"2020-12-22","purchased_purges":1,"victory":true,"max_hp_per_floor":[70,70,70,70,70,70,70,70,70,70,70,70,70,70,70,70,70,70,70,70,70,75,75,75,75,75,75,75,75,75,77,77,77,77,79,81,81,83,83,85,85,87,87,89,89,89,101,103,103,103,103,103,103,103,103],"card_choices":[{"not_picked":["Sucker Punch","Predator"],"picked":"Dash","floor":1.0},{"not_picked":["Underhanded Strike","Cloak And Dagger"],"picked":"Poisoned Stab","floor":3.0},{"not_picked":["Prepared","Deadly Poison"],"picked":"Poisoned Stab","floor":4.0},{"not_picked":["Distraction","Sucker Punch","Deadly Poison"],"picked":"SKIP","floor":6.0},{"not_picked":["Backflip","All Out Attack"],"picked":"Dagger Spray","floor":8.0},{"not_picked":["Eviscerate","Flying Knee"],"picked":"PiercingWail","floor":11.0},{"not_picked":["Accuracy","Doppelganger"],"picked":"PiercingWail","floor":12.0},{"not_picked":["Bane+1","Dagger Throw+1"],"picked":"PiercingWail","floor":13.0},{"not_picked":["Underhanded Strike+1","Storm of Steel","Tactician"],"picked":"SKIP","floor":14.0},{"not_picked":["Night Terror","Malaise"],"picked":"Bullet Time","floor":16.0},{"not_picked":["Slice+1","Eviscerate+1"],"picked":"PiercingWail+1","floor":18.0},{"not_picked":["Dagger Throw+1","Deadly Poison"],"picked":"Backflip","floor":24.0},{"not_picked":["Predator+1","Acrobatics","Masterful Stab+1"],"picked":"SKIP","floor":27.0},{"not_picked":["Backstab+1","Dagger Spray+1"],"picked":"PiercingWail","floor":29.0},{"not_picked":["Calculated Gamble+1","Reflex"],"picked":"Catalyst","floor":30.0},{"not_picked":["Calculated Gamble+1","Crippling Poison","Dagger Spray+1"],"picked":"Singing Bowl","floor":31.0},{"not_picked":["Phantasmal Killer","Die Die Die+1"],"picked":"Burst","floor":33.0},{"not_picked":["Dagger Throw+1","Deflect+1","Riddle With Holes+1"],"picked":"Singing Bowl","floor":35.0},{"not_picked":["Quick Slash+1","Cloak And Dagger","Underhanded Strike+1"],"picked":"Singing Bowl","floor":36.0},{"not_picked":["Concentrate","Phantasmal Killer"],"picked":"Noxious Fumes","floor":37.0},{"not_picked":["Master of Strategy","Transmutation","HandOfGreed+1"],"picked":"Singing Bowl","floor":38.0},{"not_picked":["Leg Sweep","Poisoned Stab+1"],"picked":"Blur","floor":39.0},{"not_picked":["Blade Dance+1","All Out Attack+1","Outmaneuver+1"],"picked":"Singing Bowl","floor":40.0},{"not_picked":["Cloak And Dagger+1","Finisher+1","Underhanded Strike+1"],"picked":"Singing Bowl","floor":42.0},{"not_picked":["Sucker Punch+1","Acrobatics+1","Deflect"],"picked":"Singing Bowl","floor":44.0},{"not_picked":["Endless Agony+1","Backflip","Storm of Steel"],"picked":"Singing Bowl","floor":47.0},{"not_picked":["Predator+1","Cloak And Dagger+1","Quick Slash+1"],"picked":"Singing Bowl","floor":48.0},{"not_picked":["Heel Hook+1","Deflect"],"picked":"Venomology","floor":54.0}],"player_experience":125242,"relics_obtained":[{"floor":6.0,"key":"Letter Opener"},{"floor":9.0,"key":"Pantograph"},{"floor":12.0,"key":"Molten Egg 2"},{"floor":14.0,"key":"Omamori"},{"floor":17.0,"key":"Lantern"},{"floor":17.0,"key":"InkBottle"},{"floor":17.0,"key":"Pocketwatch"},{"floor":24.0,"key":"Bronze Scales"},{"floor":26.0,"key":"Bag of Preparation"},{"floor":27.0,"key":"Darkstone Periapt"},{"floor":29.0,"key":"MawBank"},{"floor":31.0,"key":"Singing Bowl"},{"floor":40.0,"key":"WingedGreaves"},{"floor":42.0,"key":"Meat on the Bone"},{"floor":44.0,"key":"Ancient Tea Set"},{"floor":47.0,"key":"Pear"},{"floor":54.0,"key":"Eternal Feather"}],"event_choices":[{"cards_removed":["Strike_G"],"damage_healed":0.0,"max_hp_gain":0.0,"max_hp_loss":0.0,"gold_gain":0.0,"event_name":"Purifier","player_choice":"Purged","floor":2.0,"gold_loss":0.0,"damage_taken":0.0},{"damage_healed":0.0,"max_hp_gain":0.0,"max_hp_loss":0.0,"gold_gain":0.0,"event_name":"Lab","player_choice":"Got Potions","floor":5.0,"gold_loss":0.0,"damage_taken":0.0},{"damage_healed":0.0,"max_hp_gain":0.0,"max_hp_loss":0.0,"gold_gain":0.0,"event_name":"Back to Basics","player_choice":"Simplicity","floor":20.0,"gold_loss":0.0,"damage_taken":0.0,"cards_upgraded":["Strike_G","Strike_G","Strike_G","Defend_G","Defend_G","Defend_G","Defend_G","Defend_G"]},{"damage_healed":0.0,"max_hp_gain":0.0,"max_hp_loss":0.0,"gold_gain":0.0,"event_name":"Ghosts","player_choice":"Ignored","floor":21.0,"gold_loss":0.0,"damage_taken":0.0},{"damage_healed":0.0,"max_hp_gain":5.0,"max_hp_loss":0.0,"gold_gain":0.0,"event_name":"Forgotten Altar","player_choice":"Shed Blood","floor":22.0,"gold_loss":0.0,"damage_taken":18.0},{"damage_healed":0.0,"max_hp_gain":0.0,"max_hp_loss":0.0,"gold_gain":0.0,"event_name":"Accursed Blacksmith","player_choice":"Rummage","floor":25.0,"gold_loss":0.0,"damage_taken":0.0,"relics_obtained":["WarpedTongs"],"cards_obtained":["Pain"]},{"damage_healed":0.0,"max_hp_gain":0.0,"max_hp_loss":0.0,"gold_gain":0.0,"event_name":"SensoryStone","player_choice":"Memory 1","floor":38.0,"gold_loss":0.0,"damage_taken":0.0}],"is_beta":false,"boss_relics":[{"not_picked":["SacredBark","Velvet Choker"],"picked":"Calling Bell"},{"not_picked":["Pandora\u0027s Box","Ring of the Serpent"],"picked":"Fusion Hammer"}],"items_purged_floors":[19],"is_endless":false,"potions_floor_spawned":[1,4,12,13,24,30,33,35,42,44,47,48,54],"ascension_level":5}}