{"host":"q1dfbtk1mb5myi3r","time":1611129805,"event":{"mods":["BaseMod","BetterRewards","Minty Spire (QoL Compilation)","Replay The Spire","StSLib","The Animator"],"gold_per_floor":[115,115,115,290,142,142,142,142,191,191,222,222,249,271,271,271,271],"floor_reached":16,"language":"ENG","playtime":764,"items_purged":["Regret"],"score":154,"play_id":"b49c1deb-482a-446f-a053-7b18da4d35f4","local_time":"20210120030325","is_ascension_mode":false,"campfire_choices":[{"data":"animator:Aqua","floor":6,"key":"SMITH"},{"data":"animator:Aqua","floor":8,"key":"SMITH"},{"data":"animator:Kazuma","floor":10,"key":"SMITH"},{"data":"animator:Kazuma","floor":12,"key":"SMITH"},{"data":"animator:YunYun","floor":15,"key":"SMITH"}],"circlet_count":0,"master_deck":["animator:Strike_Konosuba+1","animator:Defend_Konosuba","animator:Strike","animator:Strike","animator:Strike","animator:Defend","animator:Defend","animator:Defend","animator:Kazuma+1","animator:Aqua+1","animator:Kazuma+1","Doubt","animator:Aqua+1","animator:YunYun+1"],"relics":["animator:LivingPicture","animator:TheMissingPiece","NeowsBlessing","Gremlin Horn","Art of War","Pet Ghost"],"acts_visited":["Exordium"],"potions_floor_usage":[16],"damage_taken":[{"damage":0,"enemies":"Small Slimes","floor":1,"turns":1},{"damage":0,"enemies":"3 Sentries","floor":11,"turns":1},{"damage":0,"enemies":"Lagavulin","floor":13,"turns":2},{"damage":0,"enemies":"2 Louse","floor":14,"turns":4},{"damage":72,"enemies":"The Guardian","floor":16,"turns":15}],"seed_played":"-8421329770978195956","potions_obtained":[{"floor":13,"key":"Adrenaline Potion"}],"is_trial":false,"path_per_floor":["M","?","?","?","$","R","$","R","T","R","E","R","E","M","R","B"],"character_chosen":"THE_ANIMATOR","items_purchased":["animator:Aqua"],"campfire_rested":0,"item_purchase_floors":[5],"current_hp_per_floor":[66,66,66,66,66,66,66,66,66,66,66,66,66,66,66,0,0],"gold":271,"neow_bonus":"THREE_ENEMY_KILL","is_daily":false,"chose_seed":false,"campfire_upgraded":5,"win_rate":0.0,"timestamp":1611129805,"path_taken":["M","?","?","?","$","R","?","R","T","R","E","R","E","M","R","BOSS"],"items_purchased_type":["Card"],"build_version":"2020-12-22","purchased_purges":1,"victory":false,"max_hp_per_floor":[66,66,66,66,66,66,66,66,66,66,66,66,66,66,66,66,66],"card_choices":[{"not_picked":["animator:SuzuneAmano","animator:Spearman"],"picked":"animator:Kazuma","floor":1},{"not_picked":["animator:Tatsumaki","animator:Elsword","animator:CowGirl"],"picked":"SKIP","floor":11},{"not_picked":["animator:Aisha","animator:ElricEdward","animator:SilverFang"],"picked":"SKIP","floor":13},{"not_picked":["animator:Wiz","animator:Vanir"],"picked":"animator:YunYun","floor":14}],"player_experience":121596,"relics_obtained":[{"floor":11,"key":"Art of War"},{"floor":13,"key":"Pet Ghost"}],"event_choices":[{"damage_healed":0,"gold_gain":0,"player_choice":"Box","damage_taken":0,"relics_obtained":["Gremlin Horn"],"max_hp_gain":0,"max_hp_loss":0,"event_name":"Big Fish","floor":2,"gold_loss":0,"cards_obtained":["Regret"]},{"damage_healed":0,"gold_gain":175,"player_choice":"AGREE","damage_taken":0,"max_hp_gain":0,"max_hp_loss":0,"event_name":"Liars Game","floor":4,"gold_loss":0,"cards_obtained":["Doubt"]}],"is_beta":false,"boss_relics":[],"items_purged_floors":[5],"is_endless":false,"potions_floor_spawned":[13],"killed_by":"The Guardian","ascension_level":0}}