{"host":"ebihz8f2751gru4o","time":1611135184,"event":{"mods":["BaseMod","Downfall","Minty Spire (QoL Compilation)","Quick Restart","StSLib"],"gold_per_floor":[99,113,132,42,42,61,61,61,80,80,106,120,137,137,154,154,154,154],"floor_reached":16,"language":"ENG","playtime":899,"items_purged":["hexamod:Strike"],"score":104,"play_id":"e1df650d-c7f1-4671-9b68-277b7381764e","local_time":"20210120013304","is_ascension_mode":false,"campfire_choices":[{"data":"hexamod:Sear","floor":1,"key":"SMITH"},{"data":"hexamod:SwordOfDarkness","floor":8,"key":"SMITH"}],"circlet_count":0,"master_deck":["hexamod:Strike","hexamod:Strike","hexamod:Strike","hexamod:Defend","hexamod:Defend","hexamod:Defend","hexamod:Defend","hexamod:Sear+1","hexamod:Float","hexamod:AdvancingGuard","hexamod:ChargedBarrage","hexamod:SwordOfDarkness+1","hexamod:ThirdSeal","hexamod:DynamicBlow","hexamod:CatchUp","hexamod:GhostflameBarrier","hexamod:Hexaguard","hexamod:FourthSeal","hexamod:GhostOfSpirePresent"],"relics":["Philosopher\u0027s Stone","Potion Belt","Toy Ornithopter","Kunai","PreservedInsect"],"acts_visited":["Exordium"],"potions_floor_usage":[11],"damage_taken":[{"damage":1,"enemies":"2 Louse","floor":2,"turns":3},{"damage":0,"enemies":"Jaw Worm","floor":3,"turns":4},{"damage":2,"enemies":"downfall:FleeingMerchant","floor":4,"turns":4},{"damage":0,"enemies":"Cultist","floor":6,"turns":3},{"damage":0,"enemies":"3 Louse","floor":9,"turns":3},{"damage":14,"enemies":"Gremlin Nob","floor":11,"turns":3},{"damage":12,"enemies":"2 Fungi Beasts","floor":12,"turns":3},{"damage":1,"enemies":"Blue Slaver","floor":13,"turns":3},{"damage":6,"enemies":"Exordium Thugs","floor":15,"turns":5},{"damage":25,"enemies":"DF_ARCHETYPE_STREAMLINE","floor":16,"turns":3}],"seed_played":"257190013271178337","potions_obtained":[{"floor":2,"key":"Swift Potion"},{"floor":3,"key":"Energy Potion"},{"floor":11,"key":"AttackPotion"},{"floor":13,"key":"SteroidPotion"},{"floor":15,"key":"EntropicBrew"}],"is_trial":false,"path_per_floor":["R","M","M","$","?","M","T","R","M","T","E","M","M","?","M","B"],"character_chosen":"THE_SPIRIT","items_purchased":[],"campfire_rested":0,"item_purchase_floors":[],"current_hp_per_floor":[70,69,69,67,67,67,67,67,67,67,58,46,45,27,21,0,0,0],"gold":154,"neow_bonus":"BOSS_RELIC","is_daily":false,"chose_seed":false,"campfire_upgraded":2,"win_rate":0.0,"timestamp":1611135184,"path_taken":["R","M","M","$","?","M","T","R","M","?","E","?","M","?","M","BOSS"],"items_purchased_type":[],"build_version":"2020-12-22","purchased_purges":1,"victory":false,"max_hp_per_floor":[70,70,70,70,70,70,70,70,70,70,70,70,70,70,70,70,70,70],"card_choices":[{"not_picked":["hexamod:RainOfEmbers","hexamod:InspiringFlames"],"picked":"hexamod:AdvancingGuard","floor":2},{"not_picked":["hexamod:BacktrackSmack","hexamod:NightmareStrike"],"picked":"hexamod:ChargedBarrage","floor":3},{"not_picked":["hexamod:ShieldOfDarkness","hexamod:GhostShield"],"picked":"hexamod:SwordOfDarkness","floor":4},{"not_picked":["hexamod:FastForward","hexamod:HauntingEcho"],"picked":"hexamod:ThirdSeal","floor":6},{"not_picked":["hexamod:HeatShield","hexamod:ThermalTransfer"],"picked":"hexamod:DynamicBlow","floor":9},{"not_picked":["hexamod:RadiantFlame","hexamod:ExtraCrispy"],"picked":"hexamod:CatchUp","floor":11},{"not_picked":["hexamod:ThermalTransfer","hexamod:StepThrough"],"picked":"hexamod:GhostflameBarrier","floor":11},{"not_picked":["hexamod:NightmareStrike","hexamod:NightmareGuise"],"picked":"hexamod:Hexaguard","floor":12},{"not_picked":["hexamod:GhostOfSpireFuture","hexamod:Haunt","hexamod:InspiringFlames"],"picked":"SKIP","floor":12},{"not_picked":["hexamod:BacktrackSmack","hexamod:NightmareStrike"],"picked":"hexamod:FourthSeal","floor":13},{"not_picked":["hexamod:GhostflameBarrier","hexamod:Firestarter"],"picked":"hexamod:GhostOfSpirePresent","floor":15},{"not_picked":["hexamod:PhantomCloak","hexamod:NightmareGuise","hexamod:BacktrackSmack"],"picked":"SKIP","floor":15}],"player_experience":60550,"relics_obtained":[{"floor":7,"key":"Potion Belt"},{"floor":10,"key":"Toy Ornithopter"},{"floor":11,"key":"Kunai"}],"event_choices":[{"damage_healed":0,"gold_gain":0,"player_choice":"Success","damage_taken":18,"relics_obtained":["PreservedInsect"],"max_hp_gain":0,"max_hp_loss":0,"event_name":"Scrap Ooze","floor":14,"gold_loss":0}],"is_beta":false,"boss_relics":[],"items_purged_floors":[4],"is_endless":false,"potions_floor_spawned":[2,3,11,13],"killed_by":"DF_ARCHETYPE_STREAMLINE","ascension_level":0}}