{"host":"a4s27ghlnr83kbqz","time":1611159775,"event":{"mods":["AchievementEnabler","BaseMod","Colored Map","Minty Spire (QoL Compilation)","Permanent Neow","SuperFastMode"],"gold_per_floor":[116,135,85,85,260,276,276,289,358,358,245,270,270,298,298,403,403,415,445,445,461,134,134,152,171,171,205,205,235,98,112,112,112,112],"floor_reached":33,"language":"KOR","playtime":917,"items_purged":["Defend_G","Defend_G"],"score":532,"play_id":"04a408cb-20f1-432b-af39-e66649bd99fc","local_time":"20210121002255","is_ascension_mode":true,"campfire_choices":[{"data":"Predator","floor":7.0,"key":"SMITH"},{"data":"Noxious Fumes","floor":10.0,"key":"SMITH"},{"data":"Prepared","floor":13.0,"key":"SMITH"},{"data":"Reflex","floor":15.0,"key":"SMITH"},{"floor":23,"key":"REST"},{"floor":28,"key":"REST"},{"data":"Footwork","floor":32,"key":"SMITH"}],"circlet_count":0,"master_deck":["AscendersBane","Strike_G","Defend_G","Defend_G","Defend_G","Survivor","Neutralize","Quick Slash","All Out Attack","Predator+1","Noxious Fumes+1","Poisoned Stab","Reflex+1","Prepared+1","Corpse Explosion","Footwork+1","Slice","Tactician","Blur","PiercingWail","Dodge and Roll","A Thousand Cuts","Calculated Gamble"],"relics":["Ring of the Snake","Omamori","Gremlin Horn","Bag of Marbles","Snake Skull","Calling Bell","Dream Catcher","Mummified Hand","FossilizedHelix","Red Mask","Blood Vial","Bag of Preparation","CaptainsWheel"],"acts_visited":["Exordium","TheCity"],"potions_floor_usage":[16,27,29,29],"damage_taken":[{"damage":1.0,"enemies":"Cultist","floor":1.0,"turns":5.0},{"damage":4.0,"enemies":"Small Slimes","floor":2.0,"turns":3.0},{"damage":0.0,"enemies":"2 Louse","floor":6.0,"turns":2.0},{"damage":0.0,"enemies":"Large Slime","floor":8.0,"turns":4.0},{"damage":19.0,"enemies":"Lagavulin","floor":12.0,"turns":5.0},{"damage":12.0,"enemies":"Gremlin Nob","floor":14.0,"turns":3.0},{"damage":19,"enemies":"The Guardian","floor":16,"turns":10},{"damage":28,"enemies":"2 Thieves","floor":18,"turns":3},{"damage":6,"enemies":"Masked Bandits","floor":19,"turns":2},{"damage":0,"enemies":"Spheric Guardian","floor":21,"turns":3},{"damage":6,"enemies":"Snake Plant","floor":24,"turns":4},{"damage":9,"enemies":"Shelled Parasite and Fungi","floor":25,"turns":4},{"damage":0,"enemies":"Gremlin Leader","floor":27,"turns":5},{"damage":15,"enemies":"Book of Stabbing","floor":29,"turns":5},{"damage":0,"enemies":"Snecko","floor":31,"turns":5},{"damage":62,"enemies":"Champ","floor":33,"turns":10}],"seed_played":"-5083933940200042960","potions_obtained":[{"floor":2.0,"key":"PowerPotion"},{"floor":8.0,"key":"FearPotion"},{"floor":24,"key":"DuplicationPotion"},{"floor":27,"key":"Block Potion"},{"floor":31,"key":"Energy Potion"}],"is_trial":false,"path_per_floor":["M","M","?","?","?","M","R","M","T","R","$","E","R","E","R","B",null,"M","?","?","M","$","R","M","M","T","E","R","E","$","M","R","B"],"character_chosen":"THE_SILENT","items_purchased":["Reflex","Blood Vial","Tactician","A Thousand Cuts"],"campfire_rested":2,"item_purchase_floors":[11,22,22,30],"current_hp_per_floor":[62,58,58,58,58,58,58,58,58,58,58,39,39,27,27,8,55,27,21,21,21,21,42,38,31,31,33,54,41,41,43,43,0,0],"gold":112,"neow_bonus":"RANDOM_COMMON_RELIC","is_daily":false,"chose_seed":false,"campfire_upgraded":5,"win_rate":0.0,"timestamp":1611159775,"path_taken":["M","M","?","?","?","M","R","M","T","R","$","E","R","E","R","BOSS","M","?","?","M","$","R","M","M","T","E","R","E","$","M","R","BOSS"],"items_purchased_type":["Card","Relic","Card","Card"],"build_version":"2020-12-22","purchased_purges":2,"victory":false,"max_hp_per_floor":[70,70,70,70,70,70,70,70,70,70,70,70,70,70,70,70,70,70,70,70,70,70,70,70,70,70,70,70,70,70,70,70,70,70],"card_choices":[{"not_picked":["Finisher","Slice"],"picked":"Quick Slash","floor":1.0},{"not_picked":["Heel Hook","Outmaneuver"],"picked":"All Out Attack","floor":2.0},{"not_picked":["Catalyst","Bouncing Flask"],"picked":"Noxious Fumes","floor":6.0},{"not_picked":["Outmaneuver","Sucker Punch"],"picked":"Poisoned Stab","floor":8.0},{"not_picked":["Deadly Poison","Dagger Spray"],"picked":"Prepared","floor":12.0},{"not_picked":["Masterful Stab","Flechettes","Predator"],"picked":"SKIP","floor":14.0},{"not_picked":["Grand Finale","Storm of Steel"],"picked":"Corpse Explosion","floor":16},{"not_picked":["Prepared","Slice","Dagger Throw"],"picked":"SKIP","floor":18},{"not_picked":["Bouncing Flask","Sucker Punch","Poisoned Stab"],"picked":"SKIP","floor":21},{"not_picked":["Doppelganger","Flying Knee"],"picked":"Blur","floor":23},{"not_picked":["Accuracy","Concentrate","Quick Slash"],"picked":"SKIP","floor":24},{"not_picked":["Caltrops","Underhanded Strike","Sucker Punch"],"picked":"SKIP","floor":25},{"not_picked":["Dagger Spray","Sucker Punch","Flechettes"],"picked":"SKIP","floor":27},{"not_picked":["Blade Dance+1","Predator"],"picked":"PiercingWail","floor":28},{"not_picked":["Predator+1","Sucker Punch+1"],"picked":"Dodge and Roll","floor":29},{"not_picked":["Glass Knife","Endless Agony"],"picked":"Calculated Gamble","floor":31}],"player_experience":1115479,"relics_obtained":[{"floor":9.0,"key":"Gremlin Horn"},{"floor":12.0,"key":"Bag of Marbles"},{"floor":14.0,"key":"Snake Skull"},{"floor":17,"key":"Dream Catcher"},{"floor":17,"key":"Mummified Hand"},{"floor":17,"key":"FossilizedHelix"},{"floor":19,"key":"Red Mask"},{"floor":26,"key":"Bag of Preparation"},{"floor":27,"key":"CaptainsWheel"}],"event_choices":[{"cards_removed":["Strike_G"],"damage_healed":0.0,"max_hp_gain":0.0,"max_hp_loss":0.0,"gold_gain":0.0,"event_name":"The Cleric","player_choice":"Card Removal","floor":3.0,"gold_loss":50.0,"damage_taken":0.0},{"damage_healed":0.0,"max_hp_gain":0.0,"max_hp_loss":0.0,"gold_gain":0.0,"cards_transformed":["Strike_G"],"event_name":"Living Wall","player_choice":"Change","floor":4.0,"gold_loss":0.0,"damage_taken":0.0,"cards_obtained":["Predator"]},{"damage_healed":0.0,"max_hp_gain":0.0,"max_hp_loss":0.0,"gold_gain":175.0,"event_name":"Liars Game","player_choice":"AGREE","floor":5.0,"gold_loss":0.0,"damage_taken":0.0,"cards_obtained":["Doubt"]},{"damage_healed":0,"gold_gain":0,"player_choice":"Fought Bandits","damage_taken":0,"max_hp_gain":0,"max_hp_loss":0,"event_name":"Masked Bandits","floor":19,"gold_loss":0},{"damage_healed":0,"gold_gain":0,"cards_transformed":["Strike_G","Strike_G"],"player_choice":"Became Test Subject","damage_taken":0,"max_hp_gain":0,"max_hp_loss":0,"event_name":"Drug Dealer","floor":20,"gold_loss":0,"cards_obtained":["Footwork","Slice"]}],"is_beta":false,"boss_relics":[{"not_picked":["Coffee Dripper","Tiny House"],"picked":"Calling Bell"}],"items_purged_floors":[11,22],"is_endless":false,"potions_floor_spawned":[2,8,12,14,24,25,27,31],"killed_by":"Champ","ascension_level":11}}