{"host":"guv5thfpx4d8ikzb","time":1611157887,"event":{"mods":["2.2 Compatiblity","AchievementEnabler","BaseMod","Block Reminder","Colored Map","Colored Powertips","Downfall","Minty Spire (QoL Compilation)","Permanent Neow","Quick Restart","Relic Stats","StSLib"],"gold_per_floor":[99,109,128,128,128,328,328,341,341,370,520,533,533,555,568,673,673,673,686,699,699,699,699],"floor_reached":21,"language":"ENG","playtime":1279,"items_purged":[],"score":197,"play_id":"2bff8eb9-45a7-4620-bf97-37dc5e0cc0ff","local_time":"20210120105127","is_ascension_mode":true,"campfire_choices":[{"data":"bronze:TinkerersToolbox","floor":1.0,"key":"SMITH"},{"data":"bronze:Goto","floor":6.0,"key":"SMITH"},{"data":"bronze:Replicate","floor":9.0,"key":"SMITH"},{"data":"bronze:Iterate","floor":13.0,"key":"SMITH"},{"data":"bronze:DelayedGuard","floor":18.0,"key":"SMITH"}],"circlet_count":0,"master_deck":["bronze:Strike","bronze:Defend","bronze:Defend","bronze:Replicate+1","bronze:Goto+1","bronze:TinkerersToolbox+1","bronze:Iterate+1","bronze:Branch","bronze:Refactor","bronze:Shield","downfall:Icky","bronze:Philosophize","bronze:DelayedGuard+1","bronze:FineTuning+1","bronze:SpaghettiCode+1","bronze:Boost"],"relics":["bronze:BronzeCore","Pantograph","downfall:HeartBlessingRed","downfall:HeartBlessingGreen","downfall:HeartBlessingBlue","Mummified Hand","bronze:CableSpool","Odd Mushroom","Sozu"],"acts_visited":["Exordium","TheCity"],"potions_floor_usage":[],"damage_taken":[{"damage":1.0,"enemies":"Cultist","floor":2.0,"turns":4.0},{"damage":1.0,"enemies":"2 Louse","floor":3.0,"turns":3.0},{"damage":1.0,"enemies":"Small Slimes","floor":8.0,"turns":2.0},{"damage":17.0,"enemies":"Lagavulin","floor":10.0,"turns":7.0},{"damage":0.0,"enemies":"Exordium Wildlife","floor":12.0,"turns":3.0},{"damage":12.0,"enemies":"The Mushroom Lair","floor":14.0,"turns":4.0},{"damage":0.0,"enemies":"Exordium Thugs","floor":15.0,"turns":4.0},{"damage":34.0,"enemies":"SI_SHIV_ARCHETYPE","floor":16.0,"turns":5.0},{"damage":0.0,"enemies":"3 Byrds","floor":19.0,"turns":3.0},{"damage":0.0,"enemies":"Centurion and Healer","floor":20.0,"turns":3.0},{"damage":0,"enemies":"downfall:FleeingMerchant","floor":21,"turns":1}],"seed_played":"6263110386519867491","potions_obtained":[{"floor":10.0,"key":"LiquidBronze"},{"floor":14.0,"key":"GamblersBrew"},{"floor":15.0,"key":"SneckoOil"}],"is_trial":false,"path_per_floor":["R","M","M","T","?","R","T","M","R","E","?","M","R","?","M","B",null,"R","M","M","$"],"character_chosen":"THE_AUTOMATON","items_purchased":[],"campfire_rested":0,"item_purchase_floors":[],"current_hp_per_floor":[70,69,68,68,68,78,78,77,77,60,60,60,60,48,48,39,80,80,80,80,80,80,80],"gold":699,"neow_bonus":"ONE_RANDOM_RARE_CARD","is_daily":false,"chose_seed":false,"campfire_upgraded":5,"win_rate":0.0,"timestamp":1611157887,"path_taken":["R","M","M","?","?","R","T","M","R","E","?","?","R","?","M","BOSS","R","M","M","$"],"items_purchased_type":[],"build_version":"2020-12-22","purchased_purges":0,"victory":false,"max_hp_per_floor":[70,70,70,70,70,80,80,80,80,80,80,80,80,80,80,80,80,80,80,80,80,80,80],"relic_stats":{"Sozu":2,"counters":[11,39],"Mummified Hand":[0],"Pantograph":25,"obtain_stats":[{"Sozu":17,"bronze:BronzeCore":0,"downfall:HeartBlessingRed":6,"downfall:HeartBlessingBlue":6,"Mummified Hand":7,"Pantograph":4,"downfall:HeartBlessingGreen":6,"Odd Mushroom":14,"bronze:CableSpool":10},{"Sozu":8,"bronze:BronzeCore":0,"downfall:HeartBlessingRed":2,"downfall:HeartBlessingBlue":2,"Mummified Hand":2,"Pantograph":2,"downfall:HeartBlessingGreen":2,"Odd Mushroom":6,"bronze:CableSpool":4},{"Sozu":32,"bronze:BronzeCore":0,"downfall:HeartBlessingRed":7,"downfall:HeartBlessingBlue":7,"Mummified Hand":7,"Pantograph":7,"downfall:HeartBlessingGreen":7,"Odd Mushroom":23,"bronze:CableSpool":16}]},"card_choices":[{"not_picked":["bronze:BugBarrage","bronze:BuggyMess"],"picked":"bronze:Iterate","floor":2.0},{"not_picked":["bronze:Shell","bronze:Refactor"],"picked":"bronze:Branch","floor":3.0},{"not_picked":["bronze:FineTuning","bronze:Repulsor"],"picked":"bronze:Refactor","floor":8.0},{"not_picked":["bronze:BurnOut","bronze:DigitalCarnage"],"picked":"bronze:Shield","floor":10.0},{"not_picked":["bronze:MaxOutput","bronze:BuggyMess"],"picked":"bronze:Philosophize","floor":12.0},{"not_picked":["bronze:Branch","bronze:CutThrough"],"picked":"bronze:DelayedGuard","floor":14.0},{"not_picked":["bronze:FineTuning","bronze:BuggyMess","bronze:FollowUp"],"picked":"SKIP","floor":15.0},{"not_picked":["bronze:Allocate","bronze:ForLoop"],"picked":"bronze:Boost","floor":19.0},{"not_picked":["bronze:Shield","bronze:ChildClass","bronze:Turbo"],"picked":"SKIP","floor":20.0}],"player_experience":1076222,"relics_obtained":[{"floor":4.0,"key":"Pantograph"},{"floor":7.0,"key":"Mummified Hand"},{"floor":10.0,"key":"bronze:CableSpool"},{"floor":14.0,"key":"Odd Mushroom"}],"event_choices":[{"damage_healed":0.0,"max_hp_gain":0.0,"max_hp_loss":0.0,"gold_gain":0.0,"event_name":"Mushrooms","player_choice":"Fought Mushrooms","floor":14.0,"gold_loss":0.0,"damage_taken":0.0}],"is_beta":false,"boss_relics":[{"not_picked":["Philosopher\u0027s Stone","SlaversCollar"],"picked":"Sozu"}],"items_purged_floors":[],"is_endless":false,"potions_floor_spawned":[10,14,15,19,20],"killed_by":"downfall:FleeingMerchant","ascension_level":2}}