{"host":"jpzdg3po3tjxdjri","time":1611182205,"event":{"mods":["BaseMod","Better Third Choice","Colored Map","Colored Powertips","Minty Spire (QoL Compilation)","StSLib"],"gold_per_floor":[110,126,126,51,226,236,114,144,144,144,154,154,174,185,185,185,185],"floor_reached":16,"language":"ENG","playtime":465,"items_purged":["Regret","Doubt"],"score":173,"play_id":"7a0f0ac1-0287-4254-a96d-8ca0ed09180f","local_time":"20210120223645","is_ascension_mode":true,"campfire_choices":[{"floor":12,"key":"REST"},{"data":"Predator","floor":15,"key":"SMITH"}],"circlet_count":0,"master_deck":["AscendersBane","Strike_G","Strike_G","Strike_G","Strike_G","Strike_G","Defend_G+1","Defend_G","Defend_G+1","Defend_G","Defend_G","Survivor","Neutralize+1","Predator+1","Dagger Spray+1","Caltrops","Quick Slash","Dodge and Roll","Sucker Punch","Well Laid Plans","Leg Sweep"],"relics":["Ring of the Snake","Pantograph","Orichalcum","War Paint"],"acts_visited":["Exordium"],"potions_floor_usage":[8,11,16],"damage_taken":[{"damage":0,"enemies":"2 Louse","floor":1,"turns":4},{"damage":0,"enemies":"Small Slimes","floor":2,"turns":4},{"damage":13,"enemies":"Jaw Worm","floor":6,"turns":5},{"damage":38,"enemies":"Lagavulin","floor":8,"turns":7},{"damage":0,"enemies":"Red Slaver","floor":11,"turns":5},{"damage":0,"enemies":"Looter","floor":13,"turns":3},{"damage":3,"enemies":"3 Louse","floor":14,"turns":3},{"damage":50,"enemies":"Slime Boss","floor":16,"turns":10}],"seed_played":"1534201978205496193","potions_obtained":[{"floor":1,"key":"Poison Potion"},{"floor":2,"key":"FearPotion"},{"floor":13,"key":"GhostInAJar"}],"is_trial":false,"path_per_floor":["M","M","?","$","?","M","$","E","T","?","M","R","M","M","R","B"],"character_chosen":"THE_SILENT","items_purchased":["Quick Slash"],"campfire_rested":1,"item_purchase_floors":[7],"current_hp_per_floor":[59,59,59,59,59,46,46,8,8,8,8,27,27,24,24,0,0],"gold":185,"neow_bonus":"UPGRADE_CARD","is_daily":false,"chose_seed":false,"campfire_upgraded":1,"win_rate":0.0,"timestamp":1611182205,"path_taken":["M","M","?","$","?","M","$","E","T","?","M","R","M","M","R","BOSS"],"items_purchased_type":["Card"],"build_version":"2020-12-22","purchased_purges":2,"victory":false,"max_hp_per_floor":[66,66,66,66,66,66,66,66,66,66,66,66,66,66,66,66,66],"card_choices":[{"not_picked":["Accuracy","PiercingWail"],"picked":"Predator","floor":1},{"not_picked":["Bane","Dagger Throw"],"picked":"Dagger Spray","floor":2},{"not_picked":["Concentrate","Flying Knee"],"picked":"Caltrops","floor":6},{"not_picked":["Choke","Outmaneuver"],"picked":"Dodge and Roll","floor":8},{"not_picked":["Blur","Quick Slash"],"picked":"Sucker Punch","floor":11},{"not_picked":["All Out Attack","Prepared"],"picked":"Well Laid Plans","floor":13},{"not_picked":["Backflip","Underhanded Strike"],"picked":"Leg Sweep","floor":14}],"player_experience":847009,"relics_obtained":[{"floor":8,"key":"Orichalcum"},{"floor":9,"key":"War Paint"}],"event_choices":[{"damage_healed":0,"gold_gain":0,"player_choice":"Box","damage_taken":0,"relics_obtained":["Pantograph"],"max_hp_gain":0,"max_hp_loss":0,"event_name":"Big Fish","floor":3,"gold_loss":0,"cards_obtained":["Regret"]},{"damage_healed":0,"gold_gain":175,"player_choice":"AGREE","damage_taken":51,"max_hp_gain":0,"max_hp_loss":0,"event_name":"betterThird:BetterSerpent","floor":5,"gold_loss":0},{"damage_healed":0,"gold_gain":0,"player_choice":"Upgraded","damage_taken":0,"max_hp_gain":0,"max_hp_loss":0,"event_name":"Upgrade Shrine","floor":10,"gold_loss":0,"cards_upgraded":["Dagger Spray"]}],"is_beta":false,"boss_relics":[],"items_purged_floors":[4,7],"is_endless":false,"potions_floor_spawned":[1,2,13],"killed_by":"Slime Boss","ascension_level":14}}