{"host":"qhhcmep1unj6mpf7","time":1611130087,"event":{"mods":["2.2 Compatiblity","AchievementEnabler","BaseMod","Colored Map","DeckTracker","Highlight Path","Keyboard Shortcuts","Minty Spire (QoL Compilation)","Permanent Neow","Quick Restart","Random Character Button","StSLib","SuperFastMode","everything is the same but u backflip on backflip"],"gold_per_floor":[112,123,37,112,166,166,11,11,34,34,34,48,73,85,85,85,85],"floor_reached":16,"language":"KOR","playtime":326,"items_purged":["Strike_B"],"score":98,"play_id":"651dbdbb-3636-4158-bbac-02f62feeda13","local_time":"20210120170807","is_ascension_mode":false,"campfire_choices":[{"data":"Coolheaded","floor":6.0,"key":"SMITH"},{"data":"Blizzard","floor":8,"key":"SMITH"},{"data":"Capacitor","floor":10,"key":"SMITH"},{"floor":15,"key":"REST"}],"circlet_count":0,"master_deck":["Strike_B","Strike_B","Strike_B","Defend_B","Defend_B","Defend_B","Defend_B","Zap+1","Dualcast","Meteor Strike","Compile Driver","Capacitor+1","Coolheaded+1","Blizzard+1","Cold Snap","Chaos"],"relics":["Cracked Core","Centennial Puzzle","PreservedInsect"],"acts_visited":["Exordium"],"potions_floor_usage":[],"damage_taken":[{"damage":5.0,"enemies":"2 Louse","floor":1.0,"turns":2.0},{"damage":1.0,"enemies":"Jaw Worm","floor":2.0,"turns":4.0},{"damage":0,"enemies":"Cultist","floor":12,"turns":3},{"damage":21,"enemies":"3 Sentries","floor":13,"turns":8},{"damage":15,"enemies":"Exordium Thugs","floor":14,"turns":4},{"damage":26,"enemies":"Slime Boss","floor":16,"turns":3}],"seed_played":"-7097918122752944696","potions_obtained":[{"floor":2.0,"key":"FearPotion"},{"floor":12,"key":"LiquidBronze"}],"is_trial":false,"path_per_floor":["M","M","$","?","?","R","$","R","T","R","?","M","E","M","R","B"],"character_chosen":"DEFECT","items_purchased":["Capacitor","Coolheaded","Blizzard"],"campfire_rested":1,"item_purchase_floors":[3,3,7],"current_hp_per_floor":[49,48,48,37,37,37,37,37,37,37,37,37,16,1,23,0,0],"gold":85,"neow_bonus":"THREE_RARE_CARDS","is_daily":false,"chose_seed":false,"campfire_upgraded":3,"win_rate":0.0,"timestamp":1611130087,"path_taken":["M","M","$","?","?","R","?","R","T","R","?","M","E","M","R","BOSS"],"items_purchased_type":["Card","Card","Card"],"build_version":"2020-12-22","purchased_purges":1,"victory":false,"max_hp_per_floor":[75,75,75,75,75,75,75,75,75,75,75,75,75,75,75,75,75],"card_choices":[{"not_picked":["Biased Cognition","Thunder Strike"],"picked":"Meteor Strike","floor":0.0},{"not_picked":["Sweeping Beam","Skim"],"picked":"Compile Driver","floor":1.0},{"not_picked":["Stack","Sweeping Beam","Gash"],"picked":"SKIP","floor":2.0},{"not_picked":["Beam Cell","Steam","Go for the Eyes"],"picked":"SKIP","floor":12},{"not_picked":["Leap","Conserve Battery"],"picked":"Cold Snap","floor":13},{"not_picked":["Ball Lightning","Stack"],"picked":"Chaos","floor":14}],"player_experience":322884,"relics_obtained":[{"floor":9,"key":"Centennial Puzzle"},{"floor":13,"key":"PreservedInsect"}],"event_choices":[{"damage_healed":0.0,"max_hp_gain":0.0,"max_hp_loss":0.0,"gold_gain":75.0,"event_name":"World of Goop","player_choice":"Gather Gold","floor":4.0,"gold_loss":0.0,"damage_taken":11.0},{"damage_healed":0.0,"max_hp_gain":0.0,"max_hp_loss":0.0,"gold_gain":54.0,"event_name":"Golden Wing","player_choice":"Gained Gold","floor":5.0,"gold_loss":0.0,"damage_taken":0.0},{"damage_healed":0,"gold_gain":0,"player_choice":"Upgraded","damage_taken":0,"max_hp_gain":0,"max_hp_loss":0,"event_name":"Upgrade Shrine","floor":11,"gold_loss":0,"cards_upgraded":["Zap"]}],"is_beta":false,"boss_relics":[],"items_purged_floors":[7],"is_endless":false,"potions_floor_spawned":[2,12],"killed_by":"Slime Boss","ascension_level":0}}