{"host":"pmq2bjxo3k17mhrw","time":1611155060,"event":{"mods":["BaseMod","Minty Spire (QoL Compilation)","Replay The Spire","StSLib"],"gold_per_floor":[112,122,134,134,134,163,163,196,196,210,210,220,220,245,245,346,346,364,289,304,324,337,337,370,370,417,417,436,466,493,146,146,245,245,265,265,67,85,134,169,169,203,203,222,222,254,274,291,291,291,291,291,14,42,42],"floor_reached":56,"language":"ZHS","playtime":4586,"items_purged":["Strike_B","Strike_B","Genetic Algorithm"],"score":1798,"play_id":"85ddb9ad-628e-4167-bb57-fc08909fce94","local_time":"20210120230420","is_ascension_mode":true,"campfire_choices":[{"data":"Zap","floor":7.0,"key":"SMITH"},{"data":"Buffer","floor":11.0,"key":"SMITH"},{"data":"Glacier","floor":13.0,"key":"SMITH"},{"floor":15.0,"key":"REST"},{"floor":23.0,"key":"REST"},{"floor":25.0,"key":"REST"},{"floor":27.0,"key":"REST"},{"data":"Aggregate","floor":32.0,"key":"SMITH"},{"data":"Capacitor","floor":41,"key":"SMITH"},{"floor":45,"key":"RECALL"},{"data":"Consume","floor":49,"key":"SMITH"},{"data":"Biased Cognition","floor":52,"key":"SMITH"}],"circlet_count":0,"master_deck":["Zap+1","Dualcast+1","Cold Snap","Chill","Ball Lightning","Buffer+1","Glacier+1","Rainbow+1","ReplayTheSpireMod:Calculation Training+1","Skim+1","FIFO Queue+1","Aggregate+1","Melter","Sunder","Compile Driver","Biased Cognition+1","Consume+1","Meteor Strike","Double Energy","Double Energy","Self Repair+1","Capacitor+1","Creative AI","White Noise","Coolheaded+1","Skim+1"],"relics":["Painkiller Herb","Ring of Hypnosis","ReplayTheSpireMod:Ring of Collecting","Darkstone Periapt","Toy Ornithopter","Ring of Panic","Gremlin Food","Replay:Bronze Core","Orichalcum","Ring of Shattering","Vajra","Blue Doll","Red Mask","Replay:Bottled Snecko","Pandora\u0027s Box","Emotion Chip","Prayer Wheel","Incense Burner","Onion Ring","ReplayTheSpireMod:Ring of Addiction","Potion Belt","Chameleon Ring","Meat on the Bone","Replay:Baseball","Medical Kit","ReplayTheSpireMod:Shallot"],"acts_visited":["Exordium","TheCity","TheBeyond","TheEnding"],"potions_floor_usage":[42,50,50,55,55],"damage_taken":[{"damage":0.0,"enemies":"2 Louse","floor":1.0,"turns":2.0},{"damage":2.0,"enemies":"Jaw Worm","floor":2.0,"turns":3.0},{"damage":0.0,"enemies":"Cultist","floor":3.0,"turns":3.0},{"damage":30.0,"enemies":"Gremlin Nob","floor":6.0,"turns":5.0},{"damage":10.0,"enemies":"3 Sentries","floor":8.0,"turns":7.0},{"damage":5.0,"enemies":"Large Slime","floor":10.0,"turns":4.0},{"damage":0.0,"enemies":"Blue Slaver","floor":12.0,"turns":4.0},{"damage":0.0,"enemies":"Gremlin Nob","floor":14.0,"turns":6.0},{"damage":18.0,"enemies":"Fading Forest","floor":16.0,"turns":11.0},{"damage":22.0,"enemies":"3 Byrds","floor":18.0,"turns":10.0},{"damage":5.0,"enemies":"Shell Parasite","floor":20.0,"turns":9.0},{"damage":20.0,"enemies":"3 Cultists","floor":21.0,"turns":9.0},{"damage":2.0,"enemies":"Snecko","floor":22.0,"turns":9.0},{"damage":17.0,"enemies":"Slavers","floor":24.0,"turns":13.0},{"damage":0.0,"enemies":"Snake Plant","floor":28.0,"turns":4.0},{"damage":7.0,"enemies":"Replay:Snechameleon","floor":29.0,"turns":8.0},{"damage":2.0,"enemies":"Masked Bandits","floor":30.0,"turns":6.0},{"damage":12.0,"enemies":"Collector","floor":33.0,"turns":9.0},{"damage":0.0,"enemies":"Orb Walker","floor":35.0,"turns":4.0},{"damage":0.0,"enemies":"3 Shapes","floor":38.0,"turns":5.0},{"damage":16,"enemies":"2 Orb Walkers","floor":39,"turns":6},{"damage":0,"enemies":"R_Hoarder","floor":40,"turns":12},{"damage":0,"enemies":"Nemesis","floor":42,"turns":9},{"damage":0,"enemies":"Transient","floor":44,"turns":5},{"damage":3,"enemies":"R_Hoarder","floor":46,"turns":8},{"damage":0,"enemies":"Maw","floor":47,"turns":7},{"damage":23,"enemies":"Writhing Mass","floor":48,"turns":6},{"damage":4,"enemies":"Time Eater","floor":50,"turns":8},{"damage":35,"enemies":"Shield and Spear","floor":54,"turns":4},{"damage":19,"enemies":"The Heart","floor":55,"turns":5}],"seed_played":"-8833928492386972011","potions_obtained":[{"floor":2.0,"key":"Weak Potion"},{"floor":8.0,"key":"Dexterity Potion"},{"floor":10.0,"key":"SkillPotion"},{"floor":12.0,"key":"Adrenaline Potion"},{"floor":16.0,"key":"BlessingOfTheForge"},{"floor":18.0,"key":"DistilledChaos"},{"floor":24.0,"key":"LiquidMemories"},{"floor":28.0,"key":"AttackPotion"},{"floor":30.0,"key":"Doom Potion"},{"floor":33.0,"key":"AttackPotion"},{"floor":36.0,"key":"Ancient Potion"},{"floor":36.0,"key":"Milkshake"},{"floor":40,"key":"FocusPotion"},{"floor":43,"key":"SpeedPotion"},{"floor":43,"key":"PowerPotion"},{"floor":43,"key":"Cursed Concoction"},{"floor":44,"key":"Ancient Potion"},{"floor":54,"key":"Elixir"}],"is_trial":false,"path_per_floor":["?","?","?","?","?","E","T","E","T","?","T","?","T","E","T","B",null,"?","T","?","?","?","T","E","T","T","T","?","E","?","T","T","B",null,"?","?","T","?","?","E","T","E","T","?","T","E","?","?","T","B",null,"T","T","E","B",null],"character_chosen":"DEFECT","items_purchased":["Replay:Bottled Snecko","Capacitor","Medical Kit","Reflective Coating","Skim+1"],"campfire_rested":4,"item_purchase_floors":[31,37,53,53,53],"current_hp_per_floor":[68,66,66,66,66,36,36,26,26,21,21,21,21,26,48,46,68,46,46,41,21,19,41,29,51,51,73,73,68,71,71,71,59,71,71,71,71,75,69,75,75,75,75,75,75,75,73,60,60,71,71,71,71,56,57],"gold":42,"neow_bonus":"BOSS_RELIC","is_daily":false,"chose_seed":false,"campfire_upgraded":7,"win_rate":0.0,"timestamp":1611155060,"path_taken":["?","?","?","?","?","E","T","E","T","?","T","?","T","E","T","BOSS","?","T","?","?","?","T","E","T","T","T","?","E","?","T","T","BOSS","?","?","T","?","?","E","T","E","T","?","T","E","?","?","T","BOSS","T","T","E","BOSS"],"items_purchased_type":["Relic","Card","Relic","Potion","Card"],"build_version":"2020-12-22","purchased_purges":3,"victory":true,"max_hp_per_floor":[75,75,75,75,75,75,75,75,75,75,75,75,75,75,75,75,75,75,75,75,75,75,75,75,75,75,75,75,75,75,75,75,75,75,75,75,75,75,75,75,75,75,75,75,75,75,73,73,73,71,71,71,71,69,69],"card_choices":[{"not_picked":["Beam Cell","Stack"],"picked":"Cold Snap","floor":1.0},{"not_picked":["Streamline","Loop","Rip and Tear"],"picked":"SKIP","floor":2.0},{"not_picked":["Lockon","Conserve Battery"],"picked":"Chill","floor":3.0},{"not_picked":["Streamline","Creative AI"],"picked":"Ball Lightning","floor":6.0},{"not_picked":["Leap","Ball Lightning","Hello World"],"picked":"SKIP","floor":8.0},{"not_picked":["Rebound","Double Energy"],"picked":"Buffer","floor":10.0},{"not_picked":["ReplayGash","Lockon"],"picked":"Glacier","floor":12.0},{"not_picked":["Redo","Conserve Battery","ReplayGash"],"picked":"SKIP","floor":14.0},{"not_picked":["Seek","Meteor Strike"],"picked":"Rainbow","floor":16.0},{"not_picked":["Skim","Heatsinks"],"picked":"ReplayTheSpireMod:Calculation Training+1","floor":18.0},{"not_picked":["Undo","Lockon"],"picked":"Skim","floor":20.0},{"not_picked":["Undo+1","Turbo"],"picked":"FIFO Queue+1","floor":21.0},{"not_picked":["Steam Power","Turbo"],"picked":"Aggregate","floor":22.0},{"not_picked":["Redo","Streamline"],"picked":"Melter","floor":24.0},{"not_picked":["Streamline","Heatsinks"],"picked":"Sunder","floor":28.0},{"not_picked":["Stack+1","Beam Cell"],"picked":"Compile Driver","floor":29.0},{"not_picked":["Machine Learning","Thunder Strike"],"picked":"Biased Cognition","floor":33.0},{"not_picked":["Compile Driver+1","Go for the Eyes"],"picked":"Self Repair+1","floor":35.0},{"not_picked":["Steam Power","ReplaySort+1","FTL"],"picked":"SKIP","floor":38.0},{"not_picked":["Compile Driver+1","FTL+1","Sunder+1"],"picked":"SKIP","floor":40},{"not_picked":["Static Discharge+1","Auto Shields","Darkness+1"],"picked":"SKIP","floor":42},{"not_picked":["Aggregate+1","ReplayTheSpireMod:Repulse"],"picked":"Creative AI","floor":44},{"not_picked":["Skim","Turbo+1"],"picked":"White Noise","floor":44},{"not_picked":["Go for the Eyes","Fusion","Conserve Battery"],"picked":"SKIP","floor":46},{"not_picked":["Gash","Conserve Battery+1"],"picked":"Coolheaded+1","floor":47},{"not_picked":["Turbo","Gash","Beam Cell"],"picked":"SKIP","floor":47},{"not_picked":["Redo+1","Panic Button+1","Steam+1"],"picked":"SKIP","floor":48},{"not_picked":["Beam Cell+1","Fusion","Time Bomb+1"],"picked":"SKIP","floor":48},{"not_picked":["ReplayTheSpireMod:Fabricate Wheel","Rebound+1","ReplayTheSpireMod:Reroute Power"],"picked":"SKIP","floor":54}],"player_experience":217754,"relics_obtained":[{"floor":4.0,"key":"Ring of Hypnosis"},{"floor":4.0,"key":"ReplayTheSpireMod:Ring of Collecting"},{"floor":6.0,"key":"Darkstone Periapt"},{"floor":8.0,"key":"Toy Ornithopter"},{"floor":9.0,"key":"Ring of Panic"},{"floor":14.0,"key":"Gremlin Food"},{"floor":24.0,"key":"Orichalcum"},{"floor":26.0,"key":"Ring of Shattering"},{"floor":26.0,"key":"Vajra"},{"floor":29.0,"key":"Blue Doll"},{"floor":30.0,"key":"Red Mask"},{"floor":39,"key":"Emotion Chip"},{"floor":40,"key":"Incense Burner"},{"floor":42,"key":"Onion Ring"},{"floor":43,"key":"ReplayTheSpireMod:Ring of Addiction"},{"floor":43,"key":"Potion Belt"},{"floor":43,"key":"Chameleon Ring"},{"floor":43,"key":"Meat on the Bone"},{"floor":46,"key":"Replay:Baseball"},{"floor":54,"key":"ReplayTheSpireMod:Shallot"}],"event_choices":[{"cards_removed":["Strike_B"],"damage_healed":0.0,"max_hp_gain":0.0,"max_hp_loss":0.0,"gold_gain":0.0,"event_name":"Bonfire Elementals","player_choice":"Offered Basic","floor":5.0,"gold_loss":0.0,"damage_taken":0.0},{"damage_healed":0.0,"max_hp_gain":0.0,"max_hp_loss":0.0,"gold_gain":0.0,"event_name":"Masked Bandits","player_choice":"Fought Bandits","floor":30.0,"gold_loss":0.0,"damage_taken":0.0},{"damage_healed":0.0,"max_hp_gain":0.0,"max_hp_loss":0.0,"gold_gain":0.0,"event_name":"Lab","player_choice":"Got Potions","floor":36.0,"gold_loss":0.0,"damage_taken":0.0},{"damage_healed":0,"gold_gain":0,"player_choice":"Fight","damage_taken":0,"max_hp_gain":0,"max_hp_loss":0,"event_name":"Mysterious Sphere","floor":39,"gold_loss":0}],"is_beta":false,"boss_relics":[{"not_picked":["Empty Cage","Ectoplasm"],"picked":"Replay:Bronze Core"},{"not_picked":["Honey Jar","Tiny House"],"picked":"Pandora\u0027s Box"}],"items_purged_floors":[19,31,37],"is_endless":false,"potions_floor_spawned":[2,8,10,12,16,18,24,28,30,33,35,40,44,48,54],"ascension_level":8}}