{"host":"gqhy17d1xpb1p3ki","time":1611116817,"event":{"mods":["BaseMod","Colored Map","Downfall","Hermit","Marisa????????","Minty Spire (QoL Compilation)","StSLib","The Animator","The Cursed","The Servant 0.9.4"],"gold_per_floor":[99,111,111,123,61,78,78,97,97,97,111,111,111,126,143,143,143,143],"floor_reached":16,"language":"ENG","playtime":913,"items_purged":[],"score":96,"play_id":"1cb3a443-f522-4924-9082-e9ea218b17aa","local_time":"20210119232657","is_ascension_mode":false,"campfire_choices":[],"circlet_count":0,"master_deck":["sneckomod:Strike","sneckomod:Strike","sneckomod:Defend","sneckomod:Defend","sneckomod:Defend","sneckomod:TailWhip","sneckomod:SnekBite","sneckomod:Unknown","Madness","sneckomod:RainOfDice","sneckomod:SoulRoll","sneckomod:WideSting","sneckomod:UnknownBlock","sneckomod:UnlimitedRolls","Madness","sneckomod:UnknownUncommonPower","Madness","sneckomod:QuickMove","sneckomod:Unknown0Cost"],"relics":["sneckomod:SneckoSoul","The Courier"],"acts_visited":[],"potions_floor_usage":[16,16],"damage_taken":[{"damage":1,"enemies":"Cultist","floor":2,"turns":3},{"damage":3,"enemies":"Small Slimes","floor":4,"turns":4},{"damage":0,"enemies":"downfall:FleeingMerchant","floor":5,"turns":4},{"damage":6,"enemies":"Jaw Worm","floor":6,"turns":4},{"damage":8,"enemies":"2 Fungi Beasts","floor":8,"turns":3},{"damage":15,"enemies":"Exordium Wildlife","floor":10,"turns":5},{"damage":27,"enemies":"3 Louse","floor":11,"turns":4},{"damage":29,"enemies":"Large Slime","floor":14,"turns":7},{"damage":18,"enemies":"Exordium Thugs","floor":15,"turns":5},{"damage":31,"enemies":"DF_ARCHETYPE_STREAMLINE","floor":16,"turns":4}],"seed_played":"-5843716335168899306","potions_obtained":[{"floor":2,"key":"Explosive Potion"},{"floor":6,"key":"LiquidBronze"},{"floor":14,"key":"sneckomod:DiceRollPotion"}],"is_trial":false,"path_per_floor":["R","M","?","M","$","M","T","M","R","M","M","?","R","M","M","B"],"character_chosen":"THE_SNECKO","items_purchased":["sneckomod:WideSting"],"campfire_rested":0,"item_purchase_floors":[5],"current_hp_per_floor":[99,98,98,95,95,89,89,81,81,66,39,72,72,43,25,0,0,0],"gold":143,"neow_bonus":"TEN_PERCENT_HP_BONUS","is_daily":false,"chose_seed":false,"campfire_upgraded":0,"win_rate":0.0,"timestamp":1611116817,"path_taken":["R","M","?","M","$","M","T","M","R","M","M","?","R","M","M","BOSS"],"items_purchased_type":["Card"],"build_version":"2020-12-22","purchased_purges":0,"victory":false,"max_hp_per_floor":[99,99,99,99,99,99,99,99,99,99,99,99,99,99,99,99,99,99],"card_choices":[{"not_picked":["sneckomod:RainOfDice","sneckomod:UnknownCommonSkill"],"picked":"sneckomod:UnknownVulnerable","floor":2},{"not_picked":["sneckomod:DiceBoulder","sneckomod:SlitherStrike"],"picked":"sneckomod:RainOfDice","floor":4},{"not_picked":["sneckomod:WideSting","sneckomod:UnknownExhaust"],"picked":"sneckomod:SoulRoll","floor":5},{"not_picked":["sneckomod:TrashToTreasure","sneckomod:MasterEye"],"picked":"sneckomod:UnknownBlock","floor":6},{"not_picked":["sneckomod:UnknownCommonAttack","sneckomod:QuickBite"],"picked":"sneckomod:UnlimitedRolls","floor":8},{"not_picked":["sneckomod:UnknownCommonSkill","sneckomod:DiceCrush"],"picked":"sneckomod:UnknownUncommonPower","floor":10},{"not_picked":["sneckomod:QuickMove","sneckomod:IronFang"],"picked":"sneckomod:UnknownBoss","floor":11},{"not_picked":["sneckomod:SnakeSap","sneckomod:IronFang"],"picked":"sneckomod:QuickMove","floor":14},{"not_picked":["sneckomod:UnknownCommonSkill","sneckomod:MasterEye"],"picked":"sneckomod:Unknown0Cost","floor":15}],"player_experience":369560,"relics_obtained":[{"floor":7,"key":"The Courier"}],"event_choices":[{"damage_healed":33,"gold_gain":0,"player_choice":"Banana","damage_taken":0,"max_hp_gain":0,"max_hp_loss":0,"event_name":"Big Fish","floor":12,"gold_loss":0}],"is_beta":false,"boss_relics":[],"items_purged_floors":[],"is_endless":false,"potions_floor_spawned":[2,6,14],"killed_by":"DF_ARCHETYPE_STREAMLINE","ascension_level":0}}