{"host":"fjaupvxe7fzqrf4j","time":1611140486,"event":{"mods":["ATMod(°¢èªMod)","BaseMod","Minty Spire (QoL Compilation)","StSLib"],"gold_per_floor":[113,38,38,38,38,79,93,127,127,163,198,231,245,245,245,338,338,352,365,545,9,80,123,156,199,199,243,243,284,320,353,353,442,442,458,81,81,81,81,117,156,194,194,230,80,413,109,138,138,138,138,138,138,138,167,167],"floor_reached":57,"language":"ZHS","playtime":1442,"items_purged":["EmptyFist","FlyingSleeves+1","BowlingBash+1","Consecrate+1"],"score":4329,"play_id":"7c00de1e-2854-417f-99fa-9cb254a57201","local_time":"20210120190126","daily_mods":["SealedDeck","Heirloom","Time Dilation","Flight","Elite Swarm"],"is_ascension_mode":true,"campfire_choices":[{"data":"Eruption","floor":15.0,"key":"SMITH"},{"floor":28.0,"key":"DIG"},{"floor":32.0,"key":"DIG"},{"floor":49.0,"key":"RECALL"},{"floor":53.0,"key":"DIG"}],"circlet_count":0,"master_deck":["AscendersBane","FlurryOfBlows+1","Wallop+1","ClearTheMind+1","Crescendo+1","Crescendo+1","FearNoEvil+1","LessonLearned+1","Ragnarok+1","DeusExMachina+1","WheelKick+1","Adaptation+1","TalkToTheHand+1","Eruption+1","Omniscience+1","Omniscience+1","Scrawl+1","Scrawl+1","InnerPeace+1","DevaForm+1","MentalFortress+1"],"relics":["PureWater","AT_ATBox","Turnip","AT_SilvercatRing","AT_ChloranthyRing","Anchor","Odd Mushroom","AT_RabadonDeathcap","VioletLotus","HornCleat","Strawberry","Shovel","Omamori","Peace Pipe","Bottled Lightning","Mummified Hand","War Paint","AT_ImmortalShieldbow","Bag of Preparation","AT_ForceNature","InkBottle","Black Star","TheAbacus","Yang","Vajra","Gremlin Horn","StrikeDummy","GoldenEye","Centennial Puzzle","Eternal Feather","Bag of Marbles","Akabeko","TeardropLocket","Frozen Egg 2","Sundial","Pear","AT_Kusabimaru","Blood Vial"],"acts_visited":["Exordium","TheCity","TheBeyond","TheEnding"],"potions_floor_usage":[56,56],"damage_taken":[{"damage":0.0,"enemies":"2 Louse","floor":1.0,"turns":2.0},{"damage":0.0,"enemies":"Lagavulin","floor":6.0,"turns":3.0},{"damage":0.0,"enemies":"Small Slimes","floor":7.0,"turns":2.0},{"damage":2.0,"enemies":"3 Sentries","floor":8.0,"turns":3.0},{"damage":0.0,"enemies":"Gremlin Nob","floor":10.0,"turns":2.0},{"damage":0.0,"enemies":"The Mushroom Lair","floor":11.0,"turns":1.0},{"damage":0.0,"enemies":"3 Sentries","floor":12.0,"turns":2.0},{"damage":0.0,"enemies":"Jaw Worm","floor":13.0,"turns":1.0},{"damage":0.0,"enemies":"Slime Boss","floor":16.0,"turns":2.0},{"damage":0.0,"enemies":"Spheric Guardian","floor":18.0,"turns":2.0},{"damage":2.0,"enemies":"3 Byrds","floor":19.0,"turns":2.0},{"damage":0.0,"enemies":"Book of Stabbing","floor":23.0,"turns":3.0},{"damage":0.0,"enemies":"Gremlin Leader","floor":24.0,"turns":2.0},{"damage":4.0,"enemies":"Book of Stabbing","floor":25.0,"turns":2.0},{"damage":0.0,"enemies":"Gremlin Leader","floor":27.0,"turns":1.0},{"damage":0.0,"enemies":"Slavers","floor":29.0,"turns":1.0},{"damage":0.0,"enemies":"Book of Stabbing","floor":30.0,"turns":1.0},{"damage":0.0,"enemies":"Gremlin Leader","floor":31.0,"turns":1.0},{"damage":0.0,"enemies":"Automaton","floor":33.0,"turns":2.0},{"damage":0.0,"enemies":"3 Shapes","floor":35.0,"turns":1.0},{"damage":0.0,"enemies":"Reptomancer","floor":40.0,"turns":1.0},{"damage":0.0,"enemies":"Giant Head","floor":41.0,"turns":1.0},{"damage":0.0,"enemies":"Nemesis","floor":42.0,"turns":1.0},{"damage":0.0,"enemies":"Giant Head","floor":44.0,"turns":1.0},{"damage":0.0,"enemies":"Reptomancer","floor":48.0,"turns":1.0},{"damage":0.0,"enemies":"Donu and Deca","floor":50.0,"turns":1.0},{"damage":0.0,"enemies":"Time Eater","floor":51.0,"turns":1.0},{"damage":0.0,"enemies":"Shield and Spear","floor":55.0,"turns":1.0},{"damage":0,"enemies":"The Heart","floor":56,"turns":4}],"seed_played":"6531811078243486298","potions_obtained":[{"floor":6.0,"key":"PowerPotion"},{"floor":7.0,"key":"Energy Potion"},{"floor":12.0,"key":"DuplicationPotion"}],"is_trial":true,"path_per_floor":["M","$","?","?","?","E","M","E","T","E","?","E","M","?","R","B",null,"M","M","?","$","T","E","E","E","T","E","R","E","E","E","R","B",null,"M","$","?","$","$","E","E","E","T","E","$","?","$","E","R","B","B",null,"R","$","E","B",null],"character_chosen":"WATCHER","items_purchased":["HornCleat","Strawberry","InnerPeace","TheAbacus","MentalFortress","TeardropLocket"],"campfire_rested":0,"item_purchase_floors":[21,21,36,36,47,47],"current_hp_per_floor":[61,61,61,61,61,61,61,59,59,59,59,59,59,59,59,59,61,61,59,40,47,47,47,47,43,43,43,43,43,43,43,43,43,63,63,63,63,63,63,63,63,63,63,63,63,63,63,63,69,69,69,69,79,79,79,79],"gold":167,"neow_bonus":"","is_daily":false,"chose_seed":false,"campfire_upgraded":1,"win_rate":0.0,"timestamp":1611140486,"path_taken":["M","$","?","?","?","E","M","E","T","E","?","E","?","?","R","BOSS","M","?","?","$","?","E","E","E","T","E","R","E","E","E","R","BOSS","M","$","?","$","$","E","E","E","T","E","?","?","?","E","R","BOSS","BOSS","R","$","E","BOSS"],"items_purchased_type":["Relic","Relic","Card","Relic","Card","Relic"],"build_version":"2020-12-22","purchased_purges":4,"victory":true,"max_hp_per_floor":[68,68,62,62,62,62,62,62,62,62,62,62,62,62,62,62,62,62,62,62,69,69,69,69,69,69,69,69,69,69,69,69,69,69,69,69,69,69,69,69,69,69,69,69,69,69,69,69,69,69,69,69,79,79,79,79],"card_choices":[{"not_picked":["SandsOfTime","Prostrate","Crescendo"],"picked":"SKIP","floor":1.0},{"not_picked":["Wish","AT_MachinaRedman"],"picked":"LessonLearned","floor":6.0},{"not_picked":["ClearTheMind","Crescendo","CarveReality"],"picked":"SKIP","floor":7.0},{"not_picked":["Judgement","AT_MachinaRedman"],"picked":"Ragnarok","floor":8.0},{"not_picked":["Judgement","Omniscience"],"picked":"DeusExMachina","floor":10.0},{"not_picked":["BowlingBash","Consecrate"],"picked":"WheelKick","floor":11.0},{"not_picked":["Brilliance","Judgement","Devotion"],"picked":"SKIP","floor":12.0},{"not_picked":["CutThroughFate","FlyingSleeves"],"picked":"Adaptation","floor":13.0},{"not_picked":["Establishment","Blasphemy"],"picked":"Omniscience","floor":16.0},{"not_picked":["JustLucky","Conclude+1","SandsOfTime+1"],"picked":"SKIP","floor":18.0},{"not_picked":["PathToVictory","CrushJoints","Sanctity"],"picked":"SKIP","floor":19.0},{"not_picked":["Ragnarok","AT_MachinaRedman"],"picked":"Omniscience","floor":23.0},{"not_picked":["Omniscience","LessonLearned","Judgement"],"picked":"SKIP","floor":24.0},{"not_picked":["Brilliance","LessonLearned"],"picked":"Scrawl","floor":25.0},{"not_picked":["SpiritShield","Judgement","Vault"],"picked":"SKIP","floor":27.0},{"not_picked":["MasterReality","Alpha","Vault"],"picked":"SKIP","floor":29.0},{"not_picked":["AT_IrregularMenstruation","AT_RealColorLess"],"picked":"Scrawl","floor":30.0},{"not_picked":["DeusExMachina","AT_IrregularMenstruation","MasterReality"],"picked":"SKIP","floor":31.0},{"not_picked":["PathToVictory+1","CutThroughFate","BattleHymn+1"],"picked":"SKIP","floor":35.0},{"not_picked":["Establishment","ConjureBlade","Brilliance"],"picked":"SKIP","floor":40.0},{"not_picked":["Omniscience","LessonLearned"],"picked":"DevaForm","floor":41.0},{"not_picked":["AT_RealColorLess","Vault","DeusExMachina"],"picked":"SKIP","floor":42.0},{"not_picked":["Wish","ConjureBlade","Vault"],"picked":"SKIP","floor":44.0},{"not_picked":["ConjureBlade","AT_MachinaRedman","AT_IrregularMenstruation"],"picked":"SKIP","floor":48.0},{"not_picked":["Ragnarok","Wish","Scrawl"],"picked":"SKIP","floor":55.0}],"player_experience":482705,"relics_obtained":[{"floor":6.0,"key":"AT_SilvercatRing"},{"floor":8.0,"key":"AT_ChloranthyRing"},{"floor":10.0,"key":"Anchor"},{"floor":11.0,"key":"Odd Mushroom"},{"floor":12.0,"key":"AT_RabadonDeathcap"},{"floor":23.0,"key":"Shovel"},{"floor":24.0,"key":"Omamori"},{"floor":25.0,"key":"Peace Pipe"},{"floor":26.0,"key":"Bottled Lightning"},{"floor":27.0,"key":"Mummified Hand"},{"floor":28.0,"key":"War Paint"},{"floor":29.0,"key":"AT_ImmortalShieldbow"},{"floor":30.0,"key":"Bag of Preparation"},{"floor":31.0,"key":"AT_ForceNature"},{"floor":32.0,"key":"InkBottle"},{"floor":40.0,"key":"Yang"},{"floor":40.0,"key":"Vajra"},{"floor":41.0,"key":"Gremlin Horn"},{"floor":41.0,"key":"StrikeDummy"},{"floor":42.0,"key":"GoldenEye"},{"floor":42.0,"key":"Centennial Puzzle"},{"floor":43.0,"key":"Eternal Feather"},{"floor":44.0,"key":"Bag of Marbles"},{"floor":44.0,"key":"Akabeko"},{"floor":48.0,"key":"Frozen Egg 2"},{"floor":48.0,"key":"Sundial"},{"floor":53.0,"key":"Pear"},{"floor":55.0,"key":"AT_Kusabimaru"},{"floor":55.0,"key":"Blood Vial"}],"event_choices":[{"damage_healed":0.0,"max_hp_gain":0.0,"max_hp_loss":6.0,"gold_gain":0.0,"event_name":"Golden Idol","player_choice":"Lose Max HP","floor":3.0,"gold_loss":0.0,"damage_taken":0.0,"relics_obtained":["Golden Idol"]},{"damage_healed":0.0,"max_hp_gain":0.0,"max_hp_loss":0.0,"gold_gain":0.0,"event_name":"Living Wall","player_choice":"Grow","floor":4.0,"gold_loss":0.0,"damage_taken":0.0,"cards_upgraded":["BowlingBash"]},{"damage_healed":0.0,"max_hp_gain":0.0,"max_hp_loss":0.0,"gold_gain":0.0,"event_name":"Liars Game","player_choice":"Ignored","floor":5.0,"gold_loss":0.0,"damage_taken":0.0},{"damage_healed":0.0,"max_hp_gain":0.0,"max_hp_loss":0.0,"gold_gain":0.0,"event_name":"Mushrooms","player_choice":"Fought Mushrooms","floor":11.0,"gold_loss":0.0,"damage_taken":0.0},{"damage_healed":0.0,"max_hp_gain":0.0,"max_hp_loss":0.0,"gold_gain":0.0,"event_name":"Match and Keep!","player_choice":"2 cards matched","floor":14.0,"gold_loss":0.0,"damage_taken":0.0,"cards_obtained":["TalkToTheHand","Eruption"]},{"damage_healed":0.0,"max_hp_gain":0.0,"max_hp_loss":0.0,"gold_gain":180.0,"event_name":"Knowing Skull","player_choice":"GOLD GOLD ","floor":20.0,"potions_obtained":[],"gold_loss":0.0,"damage_taken":19.0,"cards_obtained":[]},{"damage_healed":0.0,"max_hp_gain":0.0,"max_hp_loss":0.0,"gold_gain":0.0,"event_name":"Upgrade Shrine","player_choice":"Upgraded","floor":37.0,"gold_loss":0.0,"damage_taken":0.0,"cards_upgraded":["InnerPeace"]},{"damage_healed":0.0,"max_hp_gain":0.0,"max_hp_loss":0.0,"gold_gain":333.0,"event_name":"The Moai Head","player_choice":"Gave Idol","floor":46.0,"relics_lost":["Golden Idol"],"gold_loss":0.0,"damage_taken":0.0}],"is_beta":false,"boss_relics":[{"not_picked":["Calling Bell","Cursed Key"],"picked":"VioletLotus"},{"not_picked":["Astrolabe","SacredBark"],"picked":"Black Star"}],"items_purged_floors":[2,21,36,45],"is_endless":false,"potions_floor_spawned":[6,7,12,16,18,19,25,30,33,40,42,44],"ascension_level":20}}