{"host":"3ui03y3mxa3ndqsx","time":1611151232,"event":{"mods":["Act Like it!","BaseMod","Downfall","Minty Spire (QoL Compilation)","Quick Restart","StSLib","¡¾ÒÅÎï¿¨ÅÆ¡¿REMEMod"],"gold_per_floor":[99,119,137,150,170,190,269,269,269,269,281,381,399,499,514,514,514,514],"floor_reached":16,"language":"ZHS","playtime":947,"items_purged":[],"score":96,"play_id":"32d85a45-4a1b-44de-99d1-00a921eec8b2","local_time":"20210120220032","is_ascension_mode":false,"campfire_choices":[{"data":"bronze:Replicate","floor":1,"key":"SMITH"},{"floor":10,"key":"REST"}],"circlet_count":0,"master_deck":["bronze:Strike","bronze:Strike","bronze:Defend","bronze:Defend","bronze:Replicate+1","bronze:Goto","bronze:ChosenStrike","bronze:Shell","bronze:BitShift","bronze:CutThrough","bronze:DelayedSlice+1","bronze:DelayedSlice","bronze:Frontload","bronze:Fortify"],"relics":["bronze:BronzeCore","REME_ComplimentaryCards","bronze:CableSpool","downfall:BrokenWingStatue"],"acts_visited":["Exordium"],"potions_floor_usage":[14,14],"damage_taken":[{"damage":8,"enemies":"2 Louse","floor":2,"turns":3},{"damage":6,"enemies":"Jaw Worm","floor":3,"turns":3},{"damage":1,"enemies":"Cultist","floor":4,"turns":4},{"damage":19,"enemies":"Exordium Wildlife","floor":5,"turns":3},{"damage":20,"enemies":"Lots of Slimes","floor":6,"turns":5},{"damage":7,"enemies":"3 Louse","floor":11,"turns":2},{"damage":6,"enemies":"Exordium Wildlife","floor":13,"turns":2},{"damage":24,"enemies":"downfall:Heads","floor":14,"turns":6},{"damage":0,"enemies":"Exordium Thugs","floor":15,"turns":3},{"damage":12,"enemies":"SI_SHIV_ARCHETYPE","floor":16,"turns":1}],"seed_played":"-5265395639585047354","potions_obtained":[{"floor":2,"key":"LiquidBronze"},{"floor":3,"key":"bronze:CleanCodePotion"},{"floor":6,"key":"Swift Potion"},{"floor":15,"key":"ColorlessPotion"}],"is_trial":false,"path_per_floor":["R","M","M","M","M","M","T","?","?","R","M","?","M","?","M","B"],"character_chosen":"THE_AUTOMATON","items_purchased":[],"campfire_rested":1,"item_purchase_floors":[],"current_hp_per_floor":[77,69,63,62,43,23,23,23,23,46,39,39,33,9,9,0,0,0],"gold":514,"neow_bonus":"TEN_PERCENT_HP_BONUS","is_daily":false,"chose_seed":false,"campfire_upgraded":1,"win_rate":0.0,"timestamp":1611151232,"path_taken":["R","M","M","M","M","M","T","?","?","R","?","?","?","?","M","BOSS"],"items_purchased_type":[],"build_version":"2020-12-22","purchased_purges":0,"victory":false,"max_hp_per_floor":[77,77,77,77,77,77,77,77,77,77,77,77,77,77,77,77,77,77],"card_choices":[{"not_picked":["bronze:DelayedGuard","bronze:BugBarrage"],"picked":"bronze:ChosenStrike","floor":2},{"not_picked":["bronze:WildBeam","bronze:Overheat"],"picked":"bronze:BitShift","floor":3},{"not_picked":["bronze:ForceShield","bronze:Overheat"],"picked":"bronze:CutThrough","floor":4},{"not_picked":["bronze:Deprecate","bronze:Overheat","bronze:ForLoop"],"picked":"SKIP","floor":5},{"not_picked":["bronze:Break","bronze:Turbo"],"picked":"bronze:DelayedSlice","floor":6},{"not_picked":["bronze:OilSpill","bronze:BugBarrage"],"picked":"bronze:DelayedSlice","floor":11},{"not_picked":["bronze:CutThrough","bronze:OilSpill"],"picked":"bronze:Frontload","floor":13},{"not_picked":["bronze:Invalidate","bronze:WhirlingStrike","bronze:BuggyMess"],"picked":"SKIP","floor":15}],"player_experience":217818,"relics_obtained":[{"floor":7,"key":"bronze:CableSpool"}],"event_choices":[],"is_beta":false,"boss_relics":[],"items_purged_floors":[],"is_endless":false,"potions_floor_spawned":[2,3,6,13,15],"killed_by":"SI_SHIV_ARCHETYPE","ascension_level":0}}