{"host":"o7j6aatxjwpw1421","time":1611151619,"event":{"mods":["2.2 Compatiblity","AchievementEnabler","BaseMod","Colored Map","DeckTracker","Highlight Path","Keyboard Shortcuts","Minty Spire (QoL Compilation)","Permanent Neow","Quick Restart","StSLib","SuperFastMode","everything is the same but u backflip on backflip"],"gold_per_floor":[114,189,200,27,42,7,7,7,7,23,42,42,42,57,57,57,57],"floor_reached":16,"language":"KOR","playtime":539,"items_purged":[],"score":184,"play_id":"eaa0b558-99bf-40e3-874b-1d5deab8b23c","local_time":"20210120230659","is_ascension_mode":true,"campfire_choices":[{"data":"After Image","floor":7.0,"key":"SMITH"},{"floor":15,"key":"REST"}],"circlet_count":0,"master_deck":["AscendersBane","Strike_G","Strike_G","Strike_G","Strike_G+1","Defend_G","Defend_G","Defend_G","Defend_G+1","Defend_G","Survivor","Neutralize","After Image+1","Blade Dance","Well Laid Plans","Prepared","Skewer","Deflect"],"relics":["Ring of the Snake","Membership Card","Ginger","Golden Idol"],"acts_visited":["Exordium"],"potions_floor_usage":[14],"damage_taken":[{"damage":0.0,"enemies":"2 Louse","floor":1.0,"turns":4.0},{"damage":0.0,"enemies":"Small Slimes","floor":3.0,"turns":4.0},{"damage":4.0,"enemies":"Jaw Worm","floor":5.0,"turns":5.0},{"damage":12.0,"enemies":"3 Louse","floor":10.0,"turns":6.0},{"damage":0.0,"enemies":"2 Fungi Beasts","floor":11.0,"turns":6.0},{"damage":2,"enemies":"Gremlin Gang","floor":14,"turns":5},{"damage":8,"enemies":"Slime Boss","floor":16,"turns":8}],"seed_played":"-4885221516640840533","potions_obtained":[{"floor":3.0,"key":"LiquidBronze"},{"floor":10.0,"key":"Energy Potion"},{"floor":11.0,"key":"LiquidMemories"}],"is_trial":false,"path_per_floor":["M","?","M","$","M","?","R","?","T","M","M","?","?","M","R","B"],"character_chosen":"THE_SILENT","items_purchased":["Membership Card"],"campfire_rested":1,"item_purchase_floors":[4],"current_hp_per_floor":[44,33,33,33,29,45,45,38,38,26,26,26,8,6,24,16,16],"gold":57,"neow_bonus":"THREE_RARE_CARDS","is_daily":false,"chose_seed":false,"campfire_upgraded":1,"win_rate":0.0,"timestamp":1611151619,"path_taken":["M","?","M","$","M","?","R","?","T","M","M","?","?","?","R","BOSS"],"items_purchased_type":["Relic"],"build_version":"2020-12-22","purchased_purges":0,"victory":false,"max_hp_per_floor":[66,66,66,66,66,66,66,66,66,66,66,60,60,60,60,60,60],"card_choices":[{"not_picked":["Unload","Bullet Time"],"picked":"After Image","floor":0.0},{"not_picked":["Backflip","Flying Knee"],"picked":"Blade Dance","floor":1.0},{"not_picked":["Bane","Concentrate"],"picked":"Well Laid Plans","floor":3.0},{"not_picked":["Outmaneuver","Endless Agony"],"picked":"Prepared","floor":5.0},{"not_picked":["Deflect","Well Laid Plans"],"picked":"Skewer","floor":10.0},{"not_picked":["Slice","Outmaneuver","Leg Sweep"],"picked":"SKIP","floor":11.0},{"not_picked":["Slice","Quick Slash"],"picked":"Deflect","floor":14}],"player_experience":586127,"relics_obtained":[{"floor":9.0,"key":"Ginger"}],"event_choices":[{"damage_healed":0.0,"max_hp_gain":0.0,"max_hp_loss":0.0,"gold_gain":75.0,"event_name":"World of Goop","player_choice":"Gather Gold","floor":2.0,"gold_loss":0.0,"damage_taken":11.0},{"damage_healed":16.0,"max_hp_gain":0.0,"max_hp_loss":0.0,"gold_gain":0.0,"event_name":"The Cleric","player_choice":"Healed","floor":6.0,"gold_loss":35.0,"damage_taken":0.0},{"cards_removed":["Strike_G"],"damage_healed":0.0,"max_hp_gain":0.0,"max_hp_loss":0.0,"gold_gain":0.0,"event_name":"Golden Wing","player_choice":"Card Removal","floor":8.0,"gold_loss":0.0,"damage_taken":7.0},{"damage_healed":0.0,"max_hp_gain":0.0,"max_hp_loss":6.0,"gold_gain":0.0,"event_name":"Golden Idol","player_choice":"Lose Max HP","floor":12.0,"gold_loss":0.0,"damage_taken":0.0,"relics_obtained":["Golden Idol"]},{"damage_healed":0.0,"max_hp_gain":0.0,"max_hp_loss":0.0,"gold_gain":0.0,"event_name":"Shining Light","player_choice":"Entered Light","floor":13.0,"gold_loss":0.0,"damage_taken":18.0,"cards_upgraded":["Strike_G","Defend_G"]}],"is_beta":false,"boss_relics":[],"items_purged_floors":[],"is_endless":false,"potions_floor_spawned":[3,10,11],"killed_by":"Slime Boss","ascension_level":20}}