{"host":"uyrebrj0204enqpc","time":1611112969,"event":{"mods":["Act Like it!","Bard","BaseMod","Block Reminder","Challenge The Spire","Colored Map","Colored Powertips","DeckTracker","Downfall","GifTheSpireLib","HexUI Lib","Highlight Path","Hubris","Infinite Spire","Minty Spire (QoL Compilation)","Pale of the Ancients","Quick Restart","Random Character Button","Relic Sorter","Relic Stats","Shop Mod","StSLib","The Blue Laboratory","The Bug Knight","The Cursed","The Jungle","The Marked","Wandering Minibosses"],"gold_per_floor":[110,110,35,35,49,87,87,128,178,211,211,252,252,267,267,392,392,824,577,597,413,413,33,33,52,77,77,96,114,147,166,166,295,295,310,326,342,342,342,342,386,407,456,469,512,512,422,446,446,446],"floor_reached":51,"language":"ENG","playtime":2530,"items_purged":["theMarked:Strike","theMarked:Defend","theMarked:Defend"],"score":1120,"play_id":"0921e904-b5c2-468c-868e-d0739f502105","local_time":"20210119222249","is_ascension_mode":true,"campfire_choices":[{"data":"theMarked:Polarize","floor":7.0,"key":"SMITH"},{"data":"theMarked:Electrify","floor":11.0,"key":"SMITH"},{"floor":13.0,"key":"REST"},{"data":"theMarked:Static","floor":15.0,"key":"SMITH"},{"floor":24.0,"key":"REST"},{"data":"theMarked:ThrowWeapon","floor":27.0,"key":"SMITH"},{"floor":32.0,"key":"REST"},{"data":"theMarked:ThrowWeapon","floor":40.0,"key":"SMITH"},{"floor":46,"key":"REST"},{"floor":49,"key":"REST"}],"circlet_count":0,"master_deck":["theMarked:Strike","theMarked:Defend+1","theMarked:Defend","theMarked:SoldierOfQuellstein","theMarked:Electrify+1","theMarked:Polarize+1","theMarked:Static+1","theMarked:ThrowWeapon+1","theMarked:SummonStrength+1","theMarked:Parry+1","theMarked:MaelstromOfLightning+1","theMarked:HeightenedSenses+1","theMarked:PowerFlow+1","theMarked:GodGivenPower+1","theMarked:ComboAttacks+1","theMarked:ThrowWeapon+1","theMarked:Overcharge+1","Madness","Madness","theMarked:TurnInvisible"],"relics":["theMarked:ArtifactOfAir","NeowsBlessing","Golden Idol","StoneCalendar","Ancient Tea Set","Matryoshka","Astrolabe","wanderingMiniBosses:LockLocket","Chemical X","hubris:Spice","Lantern","Bronze Scales","Pen Nib","Smiling Mask","hubris:TerracottaHorce","hubris:SlimyHat","infinitespire:BottledMercury","Orichalcum","theMarked:DemonDagger"],"acts_visited":["Exordium","TheCity","TheBeyond"],"potions_floor_usage":[45,45],"damage_taken":[{"damage":0.0,"enemies":"Small Slimes","floor":1.0,"turns":1.0},{"damage":0.0,"enemies":"2 Louse","floor":5.0,"turns":1.0},{"damage":0.0,"enemies":"Lagavulin","floor":6.0,"turns":1.0},{"damage":11.0,"enemies":"Cultist","floor":8.0,"turns":4.0},{"damage":8.0,"enemies":"3 Louse","floor":10.0,"turns":4.0},{"damage":8.0,"enemies":"Gremlin Nob","floor":12.0,"turns":3.0},{"damage":0.0,"enemies":"2 Fungi Beasts","floor":14.0,"turns":2.0},{"damage":0.0,"enemies":"Slime Boss","floor":16.0,"turns":4.0},{"damage":8.0,"enemies":"Shell Parasite","floor":18.0,"turns":8.0},{"damage":38.0,"enemies":"3 Byrds","floor":20.0,"turns":4.0},{"damage":33.0,"enemies":"Centurion and Healer","floor":21.0,"turns":6.0},{"damage":26.0,"enemies":"HollowMod:Nosk","floor":23.0,"turns":5.0},{"damage":4.0,"enemies":"Snake Plant","floor":25.0,"turns":2.0},{"damage":0.0,"enemies":"Snecko","floor":28.0,"turns":2.0},{"damage":0.0,"enemies":"Shelled Parasite and Fungi","floor":29.0,"turns":2.0},{"damage":0.0,"enemies":"Gremlin Leader","floor":30.0,"turns":4.0},{"damage":0.0,"enemies":"Sentry and Sphere","floor":31.0,"turns":2.0},{"damage":3.0,"enemies":"Automaton","floor":33.0,"turns":6.0},{"damage":0.0,"enemies":"Orb Walker","floor":35.0,"turns":2.0},{"damage":6.0,"enemies":"3 Shapes","floor":36.0,"turns":3.0},{"damage":6.0,"enemies":"Transient","floor":37.0,"turns":5.0},{"damage":20.0,"enemies":"Giant Head","floor":41.0,"turns":5.0},{"damage":24.0,"enemies":"Maw","floor":42.0,"turns":3.0},{"damage":10,"enemies":"Writhing Mass","floor":44,"turns":2},{"damage":5,"enemies":"Reptomancer","floor":45,"turns":3},{"damage":10,"enemies":"3 Darklings","floor":48,"turns":4},{"damage":14,"enemies":"Donu and Deca","floor":50,"turns":4}],"seed_played":"-6380410160676888232","potions_obtained":[{"floor":8.0,"key":"SpeedPotion"},{"floor":10.0,"key":"SkillPotion"},{"floor":12.0,"key":"blueLaboratory:BottleOfVodka"},{"floor":18.0,"key":"LiquidMemories"},{"floor":21.0,"key":"blueLaboratory:HeartbeatPotion"},{"floor":30.0,"key":"Block Potion"},{"floor":31.0,"key":"blueLaboratory:NullPotion"},{"floor":37.0,"key":"Block Potion"},{"floor":39.0,"key":"FairyPotion"},{"floor":39.0,"key":"FairyPotion"},{"floor":41.0,"key":"GamblersBrew"},{"floor":44,"key":"blueLaboratory:HummingbirdPotion"},{"floor":48,"key":"blueLaboratory:TrueEctoplasm"}],"is_trial":false,"path_per_floor":["M","?","$","?","M","E","R","M","T","M","R","E","R","M","R","B",null,"M","$","M","M","AVR","E","R","M","T","R","M","M","E","M","R","B",null,"M","M","M","?","?","R","E","M","T","M","E","R","?","M","R","B",null],"character_chosen":"THE_DEFAULT","items_purchased":["Chemical X"],"campfire_rested":5,"item_purchase_floors":[19],"current_hp_per_floor":[70,53,53,46,46,46,46,35,35,27,27,19,40,40,40,40,63,55,55,17,1,9,1,24,20,20,20,20,20,20,20,43,40,69,69,63,57,47,47,47,27,3,3,42,37,60,60,50,73,59],"gold":446,"neow_bonus":"THREE_ENEMY_KILL","is_daily":false,"chose_seed":false,"campfire_upgraded":5,"win_rate":0.0,"timestamp":1611112969,"path_taken":["M","?","$","?","M","E","R","M","T","?","R","E","R","M","R","BOSS","M","$","M","M","AVR","E","R","M","T","R","M","M","E","M","R","BOSS","M","M","M","?","?","R","E","M","T","?","E","R","?","M","R","BOSS"],"items_purchased_type":["Relic"],"build_version":"2020-12-22","purchased_purges":3,"victory":true,"max_hp_per_floor":[70,70,70,70,70,70,70,70,70,70,70,70,70,70,70,70,70,70,70,70,70,78,78,78,78,78,78,78,78,78,78,78,78,78,78,78,78,78,78,78,78,78,78,78,78,78,78,78,78,78],"relic_stats":{"counters":[27,92],"Golden Idol":186,"Astrolabe":["theMarked:Snap","theMarked:SummonStrength","theMarked:Parry"],"Bronze Scales":[60],"StoneCalendar":[52],"Pen Nib":[6],"Chemical X":[15],"Orichalcum":[30],"Smiling Mask":0,"obtain_stats":[{"infinitespire:BottledMercury":43,"Lantern":23,"theMarked:DemonDagger":45,"NeowsBlessing":0,"Golden Idol":2,"Astrolabe":17,"StoneCalendar":6,"Pen Nib":26,"hubris:SlimyHat":41,"Orichalcum":43,"Ancient Tea Set":9,"Smiling Mask":30,"hubris:TerracottaHorce":34,"theMarked:ArtifactOfAir":0,"Matryoshka":12,"hubris:Spice":22,"Bronze Scales":26,"Chemical X":19,"wanderingMiniBosses:LockLocket":18},{"infinitespire:BottledMercury":23,"Lantern":12,"theMarked:DemonDagger":25,"NeowsBlessing":0,"Golden Idol":1,"Astrolabe":8,"StoneCalendar":3,"Pen Nib":13,"hubris:SlimyHat":22,"Orichalcum":23,"Ancient Tea Set":4,"Smiling Mask":16,"hubris:TerracottaHorce":18,"theMarked:ArtifactOfAir":0,"Matryoshka":6,"hubris:Spice":11,"Bronze Scales":13,"Chemical X":9,"wanderingMiniBosses:LockLocket":9},{"infinitespire:BottledMercury":79,"Lantern":43,"theMarked:DemonDagger":84,"NeowsBlessing":0,"Golden Idol":1,"Astrolabe":20,"StoneCalendar":3,"Pen Nib":45,"hubris:SlimyHat":76,"Orichalcum":79,"Ancient Tea Set":7,"Smiling Mask":53,"hubris:TerracottaHorce":61,"theMarked:ArtifactOfAir":0,"Matryoshka":14,"hubris:Spice":38,"Bronze Scales":45,"Chemical X":28,"wanderingMiniBosses:LockLocket":28}]},"card_choices":[{"not_picked":["theMarked:Frustration","theMarked:LightningStrikesTwice"],"picked":"theMarked:Electrify","floor":1.0},{"not_picked":["theMarked:ContemptForTheProud","theMarked:EmpowerWeapon"],"picked":"theMarked:Polarize","floor":5.0},{"not_picked":["theMarked:WardOff","theMarked:SwordAndMagic"],"picked":"theMarked:Static","floor":6.0},{"not_picked":["theMarked:WastefulDefense","theMarked:RogueSparks","theMarked:HeightenedSenses"],"picked":"SKIP","floor":8.0},{"not_picked":["theMarked:WastefulDefense","theMarked:SelfDefenseTraining","theMarked:RepellingDischarge"],"picked":"SKIP","floor":10.0},{"not_picked":["theMarked:Seal","theMarked:Reabsorb","theMarked:BanishingWave"],"picked":"SKIP","floor":12.0},{"not_picked":["theMarked:TwofoldDefense","theMarked:EmpowerWeapon","theMarked:RogueSparks"],"picked":"SKIP","floor":14.0},{"not_picked":["theMarked:Vacuum","theMarked:BindingBlade"],"picked":"theMarked:ThrowWeapon","floor":16.0},{"not_picked":["theMarked:Improvise+1","theMarked:Frustration"],"picked":"theMarked:MaelstromOfLightning+1","floor":18.0},{"not_picked":["theMarked:Improvise+1","theMarked:ShockingTouch+1","theMarked:DeterminationOfTheMarked"],"picked":"SKIP","floor":20.0},{"not_picked":["theMarked:BanishingStrike","theMarked:TunnelVision"],"picked":"theMarked:HeightenedSenses+1","floor":21.0},{"not_picked":["theMarked:CreepingChasm","theMarked:ParalyzingBlade+1","theMarked:Frustration"],"picked":"SKIP","floor":23.0},{"not_picked":["theMarked:Parkour","theMarked:FavorableWinds"],"picked":"theMarked:PowerFlow+1","floor":25.0},{"not_picked":["theMarked:Overthink","theMarked:ResourceFulStrike","theMarked:Aftermath"],"picked":"SKIP","floor":28.0},{"not_picked":["theMarked:WastefulAttack","theMarked:WastefulDefense+1"],"picked":"theMarked:GodGivenPower+1","floor":29.0},{"not_picked":["theMarked:Parkour","theMarked:Aftermath+1","theMarked:HeritageOfTheMarked"],"picked":"SKIP","floor":30.0},{"not_picked":["theMarked:TwofoldDefense+1","theMarked:ElectricStrings"],"picked":"theMarked:ComboAttacks+1","floor":31.0},{"not_picked":["theMarked:TurnInvisible","theMarked:UnarmedFury"],"picked":"theMarked:ThrowWeapon","floor":33.0},{"not_picked":["theMarked:TwofoldDefense+1","theMarked:ChainLightning+1"],"picked":"theMarked:Overcharge+1","floor":35.0},{"not_picked":["theMarked:EmpowerWeapon","theMarked:PowerFlow","theMarked:WastefulAttack"],"picked":"SKIP","floor":36.0},{"not_picked":["theMarked:Improvise","theMarked:WastefulDefense+1","theMarked:ElectricStrings+1"],"picked":"SKIP","floor":37.0},{"not_picked":["theMarked:SwordAndMagic","theMarked:ElectricStrings+1","theMarked:SuspiciousRaven"],"picked":"SKIP","floor":41.0},{"not_picked":["theMarked:Parkour+1","theMarked:Improvise","theMarked:ResourceFulStrike+1"],"picked":"SKIP","floor":42.0},{"not_picked":["theMarked:BanishingStrike+1","theMarked:ChainLightning+1","theMarked:GodGivenPower"],"picked":"SKIP","floor":44},{"not_picked":["theMarked:Panic","theMarked:Overthink"],"picked":"theMarked:TurnInvisible","floor":45},{"not_picked":["theMarked:ResourceFulStrike+1","theMarked:EmpowerWeapon","theMarked:TunnelVision+1"],"picked":"SKIP","floor":48}],"player_experience":1081819,"relics_obtained":[{"floor":6.0,"key":"StoneCalendar"},{"floor":9.0,"key":"Ancient Tea Set"},{"floor":12.0,"key":"Matryoshka"},{"floor":18.0,"key":"wanderingMiniBosses:LockLocket"},{"floor":23.0,"key":"Lantern"},{"floor":26.0,"key":"Bronze Scales"},{"floor":26.0,"key":"Pen Nib"},{"floor":30.0,"key":"Smiling Mask"},{"floor":41.0,"key":"hubris:SlimyHat"},{"floor":43.0,"key":"infinitespire:BottledMercury"},{"floor":43.0,"key":"Orichalcum"},{"floor":45,"key":"theMarked:DemonDagger"}],"event_choices":[{"damage_healed":0.0,"max_hp_gain":0.0,"max_hp_loss":0.0,"gold_gain":0.0,"event_name":"Golden Idol","player_choice":"Take Damage","floor":2.0,"gold_loss":0.0,"damage_taken":17.0,"relics_obtained":["Golden Idol"]},{"damage_healed":0.0,"max_hp_gain":0.0,"max_hp_loss":0.0,"gold_gain":0.0,"event_name":"Wheel of Change","player_choice":"Damaged","floor":4.0,"gold_loss":0.0,"damage_taken":7.0},{"damage_healed":0.0,"max_hp_gain":0.0,"max_hp_loss":0.0,"gold_gain":0.0,"event_name":"Winding Halls","player_choice":"Embrace Madness","floor":38.0,"gold_loss":0.0,"damage_taken":10.0,"cards_obtained":["Madness","Madness"]},{"damage_healed":0.0,"max_hp_gain":0.0,"max_hp_loss":0.0,"gold_gain":0.0,"event_name":"Lab","player_choice":"Got Potions","floor":39.0,"gold_loss":0.0,"damage_taken":0.0},{"cards_removed":["theMarked:Snap"],"damage_healed":0,"gold_gain":0,"player_choice":"Upgrade and Remove","damage_taken":0,"max_hp_gain":0,"max_hp_loss":0,"event_name":"Designer","floor":47,"gold_loss":90,"cards_upgraded":["theMarked:Defend"]}],"is_beta":false,"boss_relics":[{"not_picked":["hubris:VirtuousBlindfold","Sozu"],"picked":"Astrolabe"},{"not_picked":["hubris:Spice","bronze:MakeshiftBattery"],"picked":"hubris:TerracottaHorce"}],"items_purged_floors":[3,19,22],"is_endless":false,"potions_floor_spawned":[8,10,12,18,21,30,31,37,41,44,48],"ascension_level":5}}