{"host":"yuhy0i501zzmn1iz","time":1611106793,"event":{"mods":["AchievementEnabler","AlwaysNeverKeys","BaseMod","Bestiary","Better Match","Better Third Choice","Curses Come First","Downfall","Minty Spire (QoL Compilation)","StSLib","slay the spire mod where everything is the same but ironclad has a cowboy hat"],"gold_per_floor":[109,109,132,207,94,94,127,127,181,220,220,57,57,91,91,91,91],"floor_reached":16,"language":"ENG","playtime":378,"items_purged":[],"score":174,"play_id":"14130879-1fd6-4336-b02d-84d691099d83","local_time":"20210119203953","is_ascension_mode":true,"campfire_choices":[{"data":"Carnage","floor":6,"key":"SMITH"},{"data":"Sever Soul","floor":8,"key":"SMITH"},{"data":"Dark Embrace","floor":11,"key":"SMITH"},{"data":"Chrysalis","floor":13,"key":"SMITH"},{"data":"Carnage","floor":15,"key":"SMITH"}],"circlet_count":0,"master_deck":["Strike_R","Strike_R","Strike_R","Strike_R","Strike_R","Defend_R","Defend_R","Defend_R","Defend_R","Bash","Rage","Iron Wave","Carnage+1","Rampage","Sever Soul+1","Dark Embrace+1","Chrysalis+1","Carnage+1"],"relics":["Burning Blood","NeowsBlessing","Golden Idol","PreservedInsect","Regal Pillow","Pear","Art of War"],"acts_visited":["Exordium"],"potions_floor_usage":[16],"damage_taken":[{"damage":0,"enemies":"2 Louse","floor":1,"turns":1},{"damage":0,"enemies":"Jaw Worm","floor":3,"turns":1},{"damage":0,"enemies":"Gremlin Nob","floor":7,"turns":1},{"damage":10,"enemies":"3 Sentries","floor":10,"turns":6},{"damage":26,"enemies":"Gremlin Nob","floor":14,"turns":3},{"damage":47,"enemies":"Hexaghost","floor":16,"turns":9}],"seed_played":"-9191528720969476689","potions_obtained":[{"floor":1,"key":"Energy Potion"},{"floor":14,"key":"Strength Potion"}],"is_trial":false,"path_per_floor":["M","?","M","?","$","R","E","R","T","E","R","$","R","E","R","B"],"character_chosen":"IRONCLAD","items_purchased":["Carnage","Rampage","Chrysalis"],"campfire_rested":0,"item_purchase_floors":[5,5,12],"current_hp_per_floor":[80,60,66,55,55,55,61,61,61,67,67,67,67,47,47,0,0],"gold":91,"neow_bonus":"THREE_ENEMY_KILL","is_daily":false,"chose_seed":false,"campfire_upgraded":5,"win_rate":0.0,"timestamp":1611106793,"path_taken":["M","?","M","?","$","R","E","R","T","E","R","$","R","E","R","BOSS"],"items_purchased_type":["Card","Card","Card"],"build_version":"2020-12-22","purchased_purges":0,"victory":false,"max_hp_per_floor":[80,80,80,80,80,80,80,80,80,90,90,90,90,90,90,90,90],"card_choices":[{"not_picked":["Sentinel","Sword Boomerang"],"picked":"Rage","floor":1},{"not_picked":["Warcry","Flex"],"picked":"Iron Wave","floor":3},{"not_picked":["Sentinel","Warcry"],"picked":"Sever Soul","floor":7},{"not_picked":["True Grit","Havoc"],"picked":"Dark Embrace","floor":10},{"not_picked":["Corruption","Clash"],"picked":"Carnage","floor":14}],"player_experience":310315,"relics_obtained":[{"floor":7,"key":"PreservedInsect"},{"floor":9,"key":"Regal Pillow"},{"floor":10,"key":"Pear"},{"floor":14,"key":"Art of War"}],"event_choices":[{"damage_healed":0,"gold_gain":0,"player_choice":"Take Damage","damage_taken":20,"relics_obtained":["Golden Idol"],"max_hp_gain":0,"max_hp_loss":0,"event_name":"Golden Idol","floor":2,"gold_loss":0},{"damage_healed":0,"gold_gain":75,"player_choice":"Gold","damage_taken":11,"max_hp_gain":0,"max_hp_loss":0,"event_name":"betterThird:BetterGoop","floor":4,"gold_loss":0}],"is_beta":false,"boss_relics":[],"items_purged_floors":[],"is_endless":false,"potions_floor_spawned":[1,14],"killed_by":"Hexaghost","ascension_level":5}}