{"host":"t7mx8yfj1no5p62f","time":1611166533,"event":{"mods":["BaseMod","Bestiary","Colored Map","Colored Powertips","Minty Spire (QoL Compilation)","Relic Stats","StSLib"],"gold_per_floor":[17,31,47,47,57,57,72,72,72,72,90,120,131,131,131],"floor_reached":14,"language":"ENG","playtime":409,"items_purged":[],"score":188,"play_id":"42059ea5-5057-4835-b467-f3f66940a86a","local_time":"20210120131533","is_ascension_mode":true,"campfire_choices":[{"data":"Predator","floor":6,"key":"SMITH"},{"data":"Noxious Fumes","floor":8,"key":"SMITH"},{"data":"All Out Attack","floor":10,"key":"SMITH"}],"circlet_count":0,"master_deck":["AscendersBane","Strike_G","Strike_G","Strike_G","Strike_G","Strike_G","Defend_G","Defend_G","Defend_G","Defend_G","Defend_G","Survivor","Neutralize","Leg Sweep","Predator+1","All Out Attack+1","Noxious Fumes+1","Backstab","Cloak And Dagger"],"relics":["Ring of the Snake","Ginger","Omamori"],"acts_visited":["Exordium"],"potions_floor_usage":[14,14],"damage_taken":[{"damage":7,"enemies":"Cultist","floor":1,"turns":5},{"damage":4,"enemies":"Jaw Worm","floor":2,"turns":4},{"damage":0,"enemies":"2 Louse","floor":3,"turns":2},{"damage":6,"enemies":"Looter","floor":5,"turns":4},{"damage":9,"enemies":"Red Slaver","floor":7,"turns":6},{"damage":7,"enemies":"Gremlin Gang","floor":11,"turns":4},{"damage":15,"enemies":"3 Sentries","floor":12,"turns":8},{"damage":0,"enemies":"2 Fungi Beasts","floor":13,"turns":3},{"damage":11,"enemies":"Lagavulin","floor":14,"turns":5}],"seed_played":"636713603584104502","potions_obtained":[{"floor":2,"key":"FearPotion"},{"floor":3,"key":"Strength Potion"},{"floor":12,"key":"DuplicationPotion"}],"is_trial":false,"path_per_floor":["M","M","M","?","M","R","M","R","T","R","M","E","M","E"],"character_chosen":"THE_SILENT","items_purchased":[],"campfire_rested":0,"item_purchase_floors":[],"current_hp_per_floor":[52,48,48,48,42,42,33,33,33,33,26,11,11,0,0],"gold":131,"neow_bonus":"ONE_RARE_RELIC","is_daily":false,"chose_seed":false,"campfire_upgraded":3,"win_rate":0.0,"timestamp":1611166533,"path_taken":["M","?","M","?","M","R","M","R","T","R","M","E","M","E"],"items_purchased_type":[],"build_version":"2020-12-22","purchased_purges":0,"victory":false,"max_hp_per_floor":[66,66,66,66,66,66,66,66,66,66,66,66,66,66,66],"relic_stats":{"counters":[9,41],"Ginger":[0],"obtain_stats":[{"Omamori":12,"Ginger":0,"Ring of the Snake":0},{"Omamori":7,"Ginger":0,"Ring of the Snake":0},{"Omamori":33,"Ginger":0,"Ring of the Snake":0}],"Ring of the Snake":[18]},"card_choices":[{"not_picked":["Backflip","Skewer"],"picked":"Leg Sweep","floor":1},{"not_picked":["Deadly Poison","Outmaneuver"],"picked":"Predator","floor":2},{"not_picked":["Quick Slash","Well Laid Plans"],"picked":"All Out Attack","floor":3},{"not_picked":["Distraction","Poisoned Stab"],"picked":"Noxious Fumes","floor":5},{"not_picked":["Reflex","Masterful Stab"],"picked":"Backstab","floor":7},{"not_picked":["Flying Knee","Dagger Throw","Prepared"],"picked":"SKIP","floor":11},{"not_picked":["Poisoned Stab","Deflect"],"picked":"Cloak And Dagger","floor":12},{"not_picked":["Expertise","Eviscerate","Concentrate"],"picked":"SKIP","floor":13}],"player_experience":1802470,"relics_obtained":[{"floor":12,"key":"Omamori"}],"event_choices":[{"damage_healed":0,"gold_gain":0,"player_choice":"0 cards matched","damage_taken":0,"max_hp_gain":0,"max_hp_loss":0,"event_name":"Match and Keep!","floor":4,"gold_loss":0,"cards_obtained":[]}],"is_beta":false,"boss_relics":[],"items_purged_floors":[],"is_endless":false,"potions_floor_spawned":[2,3,7,12],"killed_by":"Lagavulin","ascension_level":20}}