{"host":"f0gpob8hq9vgebej","time":1611150036,"event":{"mods":["AchievementEnabler","BaseMod","Minty Spire (QoL Compilation)","Quick Restart","SuperFastMode"],"gold_per_floor":[116,134,151,151,165,165,177,177,177,177,32,32,32,47,47,143,143,161,177,191,191,208,208,241,241,241,304,354,374,385,64,64,166,166,180,230,300,320,16,46,96,126,149,199,209,9,19,69,69,69],"floor_reached":51,"language":"KOR","playtime":1498,"items_purged":["Strike_G","Strike_G","Defend_G","A Thousand Cuts+1"],"score":923,"play_id":"5d22caa7-06b3-4dae-8d5c-abd5cd15b6da","local_time":"20210120224036","is_ascension_mode":true,"campfire_choices":[{"data":"Envenom","floor":6,"key":"SMITH"},{"data":"Blade Dance","floor":8,"key":"SMITH"},{"data":"Acrobatics","floor":10,"key":"SMITH"},{"data":"Calculated Gamble","floor":12,"key":"SMITH"},{"data":"Tactician","floor":15,"key":"SMITH"},{"data":"Reflex","floor":23,"key":"SMITH"},{"data":"Neutralize","floor":25,"key":"SMITH"},{"floor":32,"key":"REST"},{"floor":49,"key":"REST"}],"circlet_count":0,"master_deck":["Defend_G","Defend_G","Defend_G","Survivor","Neutralize+1","Envenom+1","Acrobatics+1","PiercingWail","Blade Dance+1","Dash","Backflip","Calculated Gamble+1","Tactician+1","Reflex+1","Acrobatics","Footwork+1","Backflip+1","Blade Dance","Flash of Steel","After Image","Distraction+1","Phantasmal Killer+1","Accuracy","Adrenaline","Finesse","Prepared","Prepared+1","Adrenaline"],"relics":["Ring of the Snake","Singing Bowl","WristBlade","SsserpentHead","Meat on the Bone","Snake Skull","Membership Card","Anchor","Astrolabe","Shuriken","HandDrill","Gremlin Horn","Bag of Marbles","Centennial Puzzle","InkBottle"],"acts_visited":["Exordium","TheCity","TheBeyond"],"potions_floor_usage":[27,33,33,38,40,45],"damage_taken":[{"damage":4,"enemies":"Small Slimes","floor":1,"turns":4},{"damage":2,"enemies":"Jaw Worm","floor":2,"turns":5},{"damage":3,"enemies":"Cultist","floor":3,"turns":4},{"damage":5,"enemies":"3 Louse","floor":5,"turns":4},{"damage":6,"enemies":"Lots of Slimes","floor":7,"turns":4},{"damage":3,"enemies":"Blue Slaver","floor":14,"turns":5},{"damage":7,"enemies":"Hexaghost","floor":16,"turns":10},{"damage":2,"enemies":"Shell Parasite","floor":18,"turns":3},{"damage":4,"enemies":"2 Thieves","floor":19,"turns":5},{"damage":2,"enemies":"Centurion and Healer","floor":20,"turns":4},{"damage":7,"enemies":"Snecko","floor":22,"turns":4},{"damage":14,"enemies":"Slavers","floor":24,"turns":5},{"damage":31,"enemies":"Snake Plant","floor":27,"turns":3},{"damage":8,"enemies":"Shelled Parasite and Fungi","floor":29,"turns":8},{"damage":1,"enemies":"Cultist and Chosen","floor":30,"turns":6},{"damage":3,"enemies":"Collector","floor":33,"turns":6},{"damage":0,"enemies":"3 Darklings","floor":35,"turns":3},{"damage":0,"enemies":"Orb Walker","floor":37,"turns":2},{"damage":9,"enemies":"Jaw Worm Horde","floor":38,"turns":3},{"damage":31,"enemies":"Nemesis","floor":40,"turns":7},{"damage":0,"enemies":"Giant Head","floor":42,"turns":6},{"damage":16,"enemies":"Transient","floor":45,"turns":5},{"damage":0,"enemies":"Maw","floor":47,"turns":2},{"damage":0,"enemies":"Awakened One","floor":50,"turns":3}],"seed_played":"-3951803232020862646","potions_obtained":[{"floor":2,"key":"ColorlessPotion"},{"floor":3,"key":"FearPotion"},{"floor":5,"key":"Regen Potion"},{"floor":19,"key":"Poison Potion"},{"floor":29,"key":"SkillPotion"},{"floor":30,"key":"Block Potion"},{"floor":33,"key":"AttackPotion"},{"floor":37,"key":"Fire Potion"},{"floor":45,"key":"GamblersBrew"},{"floor":47,"key":"LiquidMemories"}],"is_trial":false,"path_per_floor":["M","M","M","?","M","R","M","R","T","R","$","R","T","M","R","B",null,"M","M","M","?","M","R","E","R","T","M","?","M","M","$","R","B",null,"M","?","M","M","$","E","?","E","T","?","M","$","M","?","R","B",null],"character_chosen":"THE_SILENT","items_purchased":["Calculated Gamble","Membership Card","Anchor","Flash of Steel","Shuriken","Accuracy","HandDrill","InkBottle"],"campfire_rested":2,"item_purchase_floors":[11,31,31,31,39,39,39,46],"current_hp_per_floor":[59,57,54,54,49,49,43,43,43,43,43,43,43,40,40,35,65,63,61,59,59,52,52,38,38,38,33,21,27,38,38,60,57,76,78,78,80,73,73,42,42,42,42,42,38,38,52,52,77,77],"gold":69,"neow_bonus":"THREE_RARE_CARDS","is_daily":false,"chose_seed":false,"campfire_upgraded":7,"win_rate":0.0,"timestamp":1611150036,"path_taken":["M","M","M","?","M","R","M","R","T","R","$","R","?","?","R","BOSS","M","M","M","?","M","R","E","R","T","?","?","M","M","$","R","BOSS","M","?","?","M","$","E","?","E","T","?","M","$","M","?","R","BOSS"],"items_purchased_type":["Card","Relic","Relic","Card","Relic","Card","Relic","Relic"],"build_version":"2020-12-22","purchased_purges":4,"victory":true,"max_hp_per_floor":[63,63,63,63,63,63,63,63,63,63,63,63,63,63,63,65,65,65,67,67,67,67,67,67,67,67,69,74,76,76,76,76,76,76,78,78,80,82,82,82,82,82,82,82,82,82,84,84,84,84],"card_choices":[{"not_picked":["Adrenaline","Glass Knife"],"picked":"Envenom","floor":0},{"not_picked":["Well Laid Plans","All Out Attack"],"picked":"Acrobatics","floor":1},{"not_picked":["Deadly Poison","Infinite Blades"],"picked":"PiercingWail","floor":2},{"not_picked":["Predator","Acrobatics"],"picked":"Blade Dance","floor":3},{"not_picked":["Deadly Poison","Infinite Blades"],"picked":"Dash","floor":5},{"not_picked":["Poisoned Stab","Acrobatics"],"picked":"Backflip","floor":7},{"not_picked":["All Out Attack","PiercingWail"],"picked":"Tactician","floor":14},{"not_picked":["Bullet Time","Malaise","Unload"],"picked":"Singing Bowl","floor":16},{"not_picked":["Choke","Acrobatics"],"picked":"Reflex","floor":18},{"not_picked":["Cloak And Dagger","Slice+1","Choke"],"picked":"Singing Bowl","floor":19},{"not_picked":["Slice","Masterful Stab"],"picked":"Acrobatics","floor":20},{"not_picked":["Malaise","Dagger Spray"],"picked":"Footwork+1","floor":22},{"not_picked":["Acrobatics+1","Skewer"],"picked":"Backflip+1","floor":24},{"not_picked":["Heel Hook","All Out Attack","Concentrate"],"picked":"Singing Bowl","floor":27},{"not_picked":["Slice","Flying Knee","Sucker Punch"],"picked":"Singing Bowl","floor":29},{"not_picked":["Predator","Dodge and Roll+1"],"picked":"Blade Dance","floor":30},{"not_picked":["Night Terror","Burst"],"picked":"After Image","floor":33},{"not_picked":["Riddle With Holes+1","Deadly Poison","Bane+1"],"picked":"Singing Bowl","floor":35},{"not_picked":["Reflex+1","Cloak And Dagger+1","Endless Agony"],"picked":"Singing Bowl","floor":37},{"not_picked":["Slice","Dagger Throw","Infinite Blades"],"picked":"Singing Bowl","floor":38},{"not_picked":["Masterful Stab+1","Expertise+1"],"picked":"Adrenaline","floor":40},{"not_picked":["Secret Technique","Discovery"],"picked":"Finesse","floor":41},{"not_picked":["Backstab+1","Blade Dance"],"picked":"Prepared","floor":42},{"not_picked":["Slice","Catalyst"],"picked":"Prepared+1","floor":45},{"not_picked":["Underhanded Strike","Quick Slash+1","PiercingWail"],"picked":"Singing Bowl","floor":47}],"player_experience":184212,"relics_obtained":[{"floor":13,"key":"Singing Bowl"},{"floor":24,"key":"Meat on the Bone"},{"floor":26,"key":"Snake Skull"},{"floor":40,"key":"Gremlin Horn"},{"floor":42,"key":"Bag of Marbles"},{"floor":43,"key":"Centennial Puzzle"}],"event_choices":[{"damage_healed":0,"gold_gain":0,"player_choice":"Ignored","damage_taken":0,"max_hp_gain":0,"max_hp_loss":0,"event_name":"Liars Game","floor":4,"gold_loss":0},{"damage_healed":0,"gold_gain":0,"player_choice":"Trade","damage_taken":0,"relics_obtained":["SsserpentHead"],"max_hp_gain":0,"max_hp_loss":0,"event_name":"FaceTrader","floor":21,"gold_loss":0},{"damage_healed":0,"gold_gain":0,"player_choice":"Shed Blood","damage_taken":17,"max_hp_gain":5,"max_hp_loss":0,"event_name":"Forgotten Altar","floor":28,"gold_loss":0},{"cards_removed":["Strike_G"],"damage_healed":0,"gold_gain":0,"player_choice":"Purged","damage_taken":0,"max_hp_gain":0,"max_hp_loss":0,"event_name":"Purifier","floor":36,"gold_loss":0},{"damage_healed":0,"gold_gain":0,"player_choice":"Memory 1","damage_taken":0,"max_hp_gain":0,"max_hp_loss":0,"event_name":"SensoryStone","floor":41,"gold_loss":0},{"damage_healed":0,"gold_gain":0,"player_choice":"Ignored","damage_taken":0,"max_hp_gain":0,"max_hp_loss":0,"event_name":"Mysterious Sphere","floor":44,"gold_loss":0},{"damage_healed":0,"gold_gain":0,"player_choice":"Copied","damage_taken":0,"max_hp_gain":0,"max_hp_loss":0,"event_name":"Duplicator","floor":48,"gold_loss":0,"cards_obtained":["Adrenaline"]}],"is_beta":false,"boss_relics":[{"not_picked":["HoveringKite","Cursed Key"],"picked":"WristBlade"},{"not_picked":["Ring of the Serpent","Snecko Eye"],"picked":"Astrolabe"}],"items_purged_floors":[11,31,39,46],"is_endless":false,"potions_floor_spawned":[2,3,5,19,22,29,30,33,37,45,47],"ascension_level":2}}