{"host":"ctlqibkg0sskiu65","time":1611106348,"event":{"mods":["AchievementEnabler","Aspiration","BaseMod","BetterRewards","Colored Map","Colored Powertips","Conspire","Fiend Mod","Infinite Spire","Minty Spire (QoL Compilation)","Quick Restart","Replay The Spire","Shop Mod","StSLib","The Bladedancer","The Cursed","The Hierophant","The Jungle","The Kombatant","The Servant 0.9.4","TheBandit"],"gold_per_floor":[118,118,118,136,156,156,186,200,200,232,246,246,257,257,257,362,362,377,377,393,493,503,533,550,578,602,0,4,4],"floor_reached":28,"language":"ENG","playtime":1817,"items_purged":["Strike_G"],"score":592,"play_id":"04b9dbfc-9b52-4945-b87a-098c250b39a1","local_time":"20210119193228","is_ascension_mode":true,"campfire_choices":[{"data":"Noxious Fumes","floor":6.0,"key":"SMITH"}],"circlet_count":0,"master_deck":["AscendersBane","Strike_G","Strike_G","Strike_G","Defend_G","Defend_G","Defend_G","Defend_G","Defend_G","Survivor","Neutralize","Footwork","Slice","Slice","Noxious Fumes+1","Hidden Blade","Replay:Bag of Tricks+1","ReplayTheSpireMod:Speed Training","Decay","Bane","ReplayTheSpireMod:Necrosis","Ghostly Armor","Cleave+1","Dodge and Roll","Wraith Form v2","ReplayTheSpireMod:Trickstab"],"relics":["Ring of the Snake","The Specimen","aspiration:HummingbirdHeart","Replay:WaspNest","aspiration:IroncladSkillbook","Ancient Tea Set","Strawberry","Pet Ghost","infinitespire:Midas Blood","Bottled Lightning"],"acts_visited":["Exordium","TheCity"],"potions_floor_usage":[10,16,23,25],"damage_taken":[{"damage":0.0,"enemies":"Small Slimes","floor":1.0,"turns":6.0},{"damage":0.0,"enemies":"2 Louse","floor":4.0,"turns":3.0},{"damage":0.0,"enemies":"Cultist","floor":5.0,"turns":4.0},{"damage":29.0,"enemies":"Lagavulin","floor":7.0,"turns":7.0},{"damage":1,"enemies":"Blue Slaver","floor":8,"turns":4},{"damage":5,"enemies":"3 Sentries","floor":10,"turns":7},{"damage":0,"enemies":"2 Fungi Beasts","floor":11,"turns":4},{"damage":2,"enemies":"3 Louse","floor":13,"turns":2},{"damage":8,"enemies":"Fading Forest","floor":16,"turns":11},{"damage":7,"enemies":"conspire:FuzzyDice","floor":18,"turns":5},{"damage":11,"enemies":"3 Byrds","floor":20,"turns":5},{"damage":12,"enemies":"Snecko","floor":22,"turns":6},{"damage":31,"enemies":"conspire:SneckoGhost","floor":23,"turns":7},{"damage":3,"enemies":"Centurion and Healer","floor":24,"turns":8},{"damage":17,"enemies":"Replay:Snechameleon","floor":25,"turns":6},{"damage":14,"enemies":"Chosen and Byrds","floor":28,"turns":5}],"seed_played":"-4308889467089063226","potions_obtained":[{"floor":5.0,"key":"AttackPotion"},{"floor":8,"key":"LiquidMemories"},{"floor":11,"key":"SkillPotion"},{"floor":22,"key":"FearPotion"},{"floor":24,"key":"Venom Potion"}],"is_trial":false,"path_per_floor":["M","?","?","M","M","R","E","M","T","E","M","?","M","?","R_BF","B",null,"M","?","M","?","M","E","M","E","T","$","M"],"character_chosen":"THE_SILENT","items_purchased":["Footwork","Slice","infinitespire:Midas Blood","Bottled Lightning","ReplayTheSpireMod:Trickstab"],"campfire_rested":0,"item_purchase_floors":[0,0,27,27,27],"current_hp_per_floor":[63,63,63,63,63,63,34,33,33,28,28,28,26,26,47,47,64,61,61,54,54,46,19,20,14,14,14,0,0],"gold":4,"neow_bonus":"","is_daily":false,"chose_seed":false,"campfire_upgraded":1,"win_rate":0.0,"timestamp":1611106348,"path_taken":["M","?","?","M","M","R","E","M","T","E","M","?","?","?","R_BF","BOSS","M","?","M","?","M","E","?","E","T","$","M"],"items_purchased_type":["Card","Card","Relic","Relic","Card"],"build_version":"2020-12-22","purchased_purges":1,"victory":false,"max_hp_per_floor":[70,70,70,70,70,70,70,70,70,70,70,70,70,70,70,70,70,70,70,70,70,70,70,70,77,77,77,77,77],"card_choices":[{"not_picked":["Dodge and Roll","Bane"],"picked":"Slice","floor":1.0},{"not_picked":["Finisher","Underhanded Strike"],"picked":"Noxious Fumes","floor":4.0},{"not_picked":["Bouncing Flask","Infinite Blades"],"picked":"Hidden Blade","floor":5.0},{"not_picked":["Sucker Punch","Finisher"],"picked":"Replay:Bag of Tricks","floor":7},{"not_picked":["Calculated Gamble","Sucker Punch","ReplayTheSpireMod:Scrap Shanks"],"picked":"SKIP","floor":8},{"not_picked":["Footwork","Acrobatics"],"picked":"ReplayTheSpireMod:Speed Training","floor":10},{"not_picked":["Predator","Backflip","Acrobatics"],"picked":"SKIP","floor":11},{"not_picked":["Underhanded Strike","Dagger Spray"],"picked":"Bane","floor":13},{"not_picked":["A Thousand Cuts","Storm of Steel"],"picked":"ReplayTheSpireMod:Necrosis","floor":16},{"not_picked":["Replay:Undeath\u0027s Touch","Clash","Prepared","Headbutt+1"],"picked":"SKIP","floor":18},{"not_picked":["Replay:Undeath\u0027s Touch","Clash","Prepared","Headbutt+1"],"picked":"SKIP","floor":18},{"not_picked":["Escape Plan","Sucker Punch","True Grit","Cloak And Dagger"],"picked":"SKIP","floor":20},{"not_picked":["Quick Slash","Rage","Fiend Fire"],"picked":"Cleave+1","floor":22},{"not_picked":["ReplayTheSpireMod:Stacked","Crippling Poison","Life Link","conspire:Charge"],"picked":"SKIP","floor":23},{"not_picked":["Intimidate","Flying Knee","Thunderclap"],"picked":"Dodge and Roll","floor":24},{"not_picked":["Body Slam+1","Cloak And Dagger+1","Rupture+1"],"picked":"Wraith Form v2","floor":25}],"player_experience":195646,"relics_obtained":[{"floor":7,"key":"The Specimen"},{"floor":9,"key":"aspiration:HummingbirdHeart"},{"floor":10,"key":"Replay:WaspNest"},{"floor":23,"key":"Ancient Tea Set"},{"floor":25,"key":"Strawberry"},{"floor":26,"key":"Pet Ghost"}],"event_choices":[{"damage_healed":0,"gold_gain":0,"player_choice":"Cursed","damage_taken":0,"max_hp_gain":0,"max_hp_loss":0,"event_name":"Wheel of Change","floor":12,"gold_loss":0,"cards_obtained":["Decay"]},{"damage_healed":0,"gold_gain":0,"player_choice":"Ignored","damage_taken":0,"max_hp_gain":0,"max_hp_loss":0,"event_name":"Golden Wing","floor":14,"gold_loss":0},{"damage_healed":0,"gold_gain":0,"player_choice":"Read","damage_taken":0,"max_hp_gain":0,"max_hp_loss":0,"event_name":"The Library","floor":19,"gold_loss":0,"cards_obtained":["Ghostly Armor"]},{"damage_healed":0,"gold_gain":100,"player_choice":"Pray","damage_taken":0,"max_hp_gain":0,"max_hp_loss":0,"event_name":"Golden Shrine","floor":21,"gold_loss":0}],"is_beta":false,"boss_relics":[{"not_picked":["Coffee Dripper","ChewingGum"],"picked":"aspiration:IroncladSkillbook"}],"items_purged_floors":[0],"is_endless":false,"potions_floor_spawned":[4,5,8,11,22,24],"killed_by":"Chosen and Byrds","ascension_level":12}}