{"host":"z42sc0n2dozsmk72","time":1611136293,"event":{"mods":["AchievementEnabler","BaseMod","Better Third Choice","Colored Map","Curses Come First","Highlight Path","Minty Spire (QoL Compilation)","Permanent Neow","Quick Restart","Relic Stats","Shop Mod","StSLib","egg","slay the spire mod where everything is the same but ironclad has a cowboy hat"],"gold_per_floor":[109,125,137,151,164,191,191,203,203,58,58,121,141,153,153,256,256,238,238,238,252,152,152,163,189,189,189,189,189,189],"floor_reached":29,"language":"ENG","playtime":1680,"items_purged":["Strike_B","Strike_B"],"score":324,"play_id":"1f34cb20-c0bf-4e71-9883-174607157105","local_time":"20210120225133","is_ascension_mode":true,"campfire_choices":[{"data":"Buffer","floor":7,"key":"SMITH"},{"data":"Defragment","floor":11,"key":"SMITH"},{"data":"Dualcast","floor":15,"key":"SMITH"},{"data":"Creative AI","floor":23,"key":"SMITH"},{"data":"Conserve Battery","floor":27,"key":"SMITH"}],"circlet_count":0,"master_deck":["Strike_B+1","Strike_B+1","Defend_B","Defend_B","Defend_B","Defend_B","Zap","Dualcast+1","Buffer+1","Conserve Battery+1","Sweeping Beam","Melter","Conserve Battery","Glacier","Defragment+1","Creative AI+1","Ghostly","Ghostly","Ghostly","Ghostly","Ghostly","Capacitor"],"relics":["Cracked Core","Gremlin Horn","Omamori","Centennial Puzzle","Busted Crown","Enchiridion","Whetstone","GremlinMask"],"acts_visited":["Exordium","TheCity"],"potions_floor_usage":[6,16,16,25],"damage_taken":[{"damage":0,"enemies":"Cultist","floor":1,"turns":4},{"damage":0,"enemies":"2 Louse","floor":2,"turns":3},{"damage":2,"enemies":"Jaw Worm","floor":3,"turns":4},{"damage":1,"enemies":"Looter","floor":4,"turns":4},{"damage":9,"enemies":"Red Slaver","floor":5,"turns":3},{"damage":13,"enemies":"Gremlin Nob","floor":6,"turns":5},{"damage":23,"enemies":"Exordium Thugs","floor":8,"turns":4},{"damage":2,"enemies":"Lagavulin Event","floor":12,"turns":6},{"damage":8,"enemies":"Lots of Slimes","floor":13,"turns":2},{"damage":3,"enemies":"Large Slime","floor":14,"turns":6},{"damage":11,"enemies":"Hexaghost","floor":16,"turns":18},{"damage":11,"enemies":"2 Thieves","floor":18,"turns":4},{"damage":1,"enemies":"Spheric Guardian","floor":21,"turns":3},{"damage":0,"enemies":"Centurion and Healer","floor":24,"turns":5},{"damage":0,"enemies":"Book of Stabbing","floor":25,"turns":6},{"damage":23,"enemies":"Slavers","floor":29,"turns":8}],"seed_played":"-1651590863318976250","potions_obtained":[{"floor":1,"key":"DistilledChaos"},{"floor":3,"key":"Weak Potion"},{"floor":6,"key":"Swift Potion"},{"floor":14,"key":"Weak Potion"}],"is_trial":false,"path_per_floor":["M","M","M","M","M","E","R","M","T","$","R","?","M","M","R","B",null,"M","?","?","M","$","R","M","E","T","R","?","E"],"character_chosen":"DEFECT","items_purchased":["Defragment"],"campfire_rested":0,"item_purchase_floors":[10],"current_hp_per_floor":[75,75,73,72,63,50,50,27,27,27,27,25,17,14,14,3,75,64,37,21,20,20,20,20,20,20,20,20,0,0],"gold":189,"neow_bonus":"ONE_RANDOM_RARE_CARD","is_daily":false,"chose_seed":false,"campfire_upgraded":5,"win_rate":0.0,"timestamp":1611136293,"path_taken":["M","M","M","M","M","E","R","M","T","$","R","?","M","M","R","BOSS","M","?","?","M","$","R","M","E","T","R","?","E"],"items_purchased_type":["Card"],"build_version":"2020-12-22","purchased_purges":2,"victory":false,"max_hp_per_floor":[75,75,75,75,75,75,75,75,75,75,75,75,75,75,75,75,75,75,37,37,37,37,37,37,37,37,37,37,37,37],"relic_stats":{"Centennial Puzzle":[18],"Busted Crown":8,"Gremlin Horn":[6,6],"counters":[16,85],"Whetstone":["Strike_B","Strike_B"],"obtain_stats":[{"Centennial Puzzle":12,"Busted Crown":17,"Gremlin Horn":6,"Enchiridion":20,"GremlinMask":28,"Omamori":9,"Whetstone":25,"Cracked Core":0},{"Centennial Puzzle":8,"Busted Crown":11,"Gremlin Horn":6,"Enchiridion":12,"GremlinMask":15,"Omamori":7,"Whetstone":15,"Cracked Core":0},{"Centennial Puzzle":33,"Busted Crown":59,"Gremlin Horn":23,"Enchiridion":63,"GremlinMask":77,"Omamori":27,"Whetstone":77,"Cracked Core":0}]},"card_choices":[{"not_picked":["Stack","Leap"],"picked":"Conserve Battery","floor":1},{"not_picked":["Streamline","Barrage"],"picked":"Sweeping Beam","floor":2},{"not_picked":["Hyperbeam","Sunder"],"picked":"Melter","floor":3},{"not_picked":["Sweeping Beam","Streamline","White Noise"],"picked":"SKIP","floor":4},{"not_picked":["Streamline","Compile Driver","Barrage"],"picked":"SKIP","floor":5},{"not_picked":["Hologram","Turbo"],"picked":"Conserve Battery","floor":6},{"not_picked":["Cold Snap","Hologram"],"picked":"Glacier","floor":8},{"not_picked":["Auto Shields","Cold Snap","Fusion"],"picked":"SKIP","floor":13},{"not_picked":["Barrage","Force Field","Redo"],"picked":"SKIP","floor":14},{"not_picked":["Buffer","Meteor Strike"],"picked":"Creative AI","floor":16},{"not_picked":["Steam Power"],"picked":"SKIP","floor":18},{"not_picked":[],"picked":"Capacitor","floor":21},{"not_picked":["Sunder"],"picked":"SKIP","floor":24},{"not_picked":["Streamline"],"picked":"SKIP","floor":25}],"player_experience":859295,"relics_obtained":[{"floor":6,"key":"Gremlin Horn"},{"floor":9,"key":"Omamori"},{"floor":12,"key":"Centennial Puzzle"},{"floor":20,"key":"Enchiridion"},{"floor":25,"key":"Whetstone"}],"event_choices":[{"damage_healed":0,"gold_gain":0,"player_choice":"Searched \u00272\u0027 times","damage_taken":0,"max_hp_gain":0,"max_hp_loss":0,"event_name":"Dead Adventurer","floor":12,"gold_loss":0},{"damage_healed":0,"gold_gain":0,"player_choice":"Became a Ghost","damage_taken":0,"max_hp_gain":0,"max_hp_loss":38,"event_name":"Ghosts","floor":19,"gold_loss":0,"cards_obtained":["Ghostly","Ghostly","Ghostly","Ghostly","Ghostly"]},{"damage_healed":0,"gold_gain":0,"player_choice":"Obtained Book","damage_taken":16,"max_hp_gain":0,"max_hp_loss":0,"event_name":"Cursed Tome","floor":20,"gold_loss":0},{"damage_healed":0,"gold_gain":0,"player_choice":"Trade","damage_taken":0,"relics_obtained":["GremlinMask"],"max_hp_gain":0,"max_hp_loss":0,"event_name":"FaceTrader","floor":28,"gold_loss":0}],"is_beta":false,"boss_relics":[{"not_picked":["SacredBark","Pandora\u0027s Box"],"picked":"Busted Crown"}],"items_purged_floors":[10,22],"is_endless":false,"potions_floor_spawned":[1,3,6,14],"killed_by":"Slavers","ascension_level":2}}