{"host":"7gewg82ormp6yt4e","time":1611145662,"event":{"mods":["BaseMod","Block Reminder","Colored Map","Colored Powertips","DeckTracker","Highlight Path","Minty Spire (QoL Compilation)","Relic Stats","StSLib","ojb\u0027s Info Mod"],"gold_per_floor":[111,127,178,189,339,339,374,46,71,36,36,46,46,58,58,131,131,148,164,182,162,78,112,27,27,82,116,147,147,159,173,173,173,173],"floor_reached":33,"language":"JPN","playtime":2314,"items_purged":["Doubt"],"score":595,"play_id":"3945f555-d949-4570-85d7-1c4136a6bc84","local_time":"20210120212742","is_ascension_mode":true,"campfire_choices":[{"data":"Streamline","floor":6,"key":"SMITH"},{"data":"Defragment","floor":11,"key":"SMITH"},{"data":"Coolheaded","floor":15,"key":"SMITH"},{"data":"Biased Cognition","floor":25,"key":"SMITH"},{"data":"Loop","floor":29,"key":"SMITH"},{"data":"Hologram","floor":32,"key":"SMITH"}],"circlet_count":0,"master_deck":["AscendersBane","Strike_B","Strike_B","Strike_B","Strike_B","Defend_B","Defend_B","Defend_B","Defend_B","Zap","Dualcast","Core Surge","Glacier","Hologram+1","Streamline+1","Rebound","Defragment+1","Coolheaded+1","Self Repair","Self Repair","Buffer","Steam","Biased Cognition+1","Darkness","Ball Lightning","Sunder","Turbo","Loop+1","Electrodynamics","Ball Lightning"],"relics":["Cracked Core","Centennial Puzzle","Orrery","Orichalcum","Coffee Dripper","Lantern","Pear","Red Mask","Strawberry"],"acts_visited":["Exordium","TheCity"],"potions_floor_usage":[7,12,14,23,27,28,28,33],"damage_taken":[{"damage":0,"enemies":"Small Slimes","floor":1,"turns":3},{"damage":7,"enemies":"2 Louse","floor":2,"turns":2},{"damage":1,"enemies":"Cultist","floor":4,"turns":3},{"damage":51,"enemies":"Gremlin Nob","floor":7,"turns":5},{"damage":0,"enemies":"Exordium Thugs","floor":12,"turns":7},{"damage":6,"enemies":"Looter","floor":14,"turns":4},{"damage":23,"enemies":"The Guardian","floor":16,"turns":16},{"damage":0,"enemies":"Shell Parasite","floor":18,"turns":10},{"damage":15,"enemies":"2 Thieves","floor":19,"turns":4},{"damage":30,"enemies":"Shelled Parasite and Fungi","floor":20,"turns":9},{"damage":41,"enemies":"Slavers","floor":23,"turns":8},{"damage":2,"enemies":"Masked Bandits","floor":27,"turns":3},{"damage":23,"enemies":"Book of Stabbing","floor":28,"turns":5},{"damage":13,"enemies":"Centurion and Healer","floor":30,"turns":7},{"damage":0,"enemies":"Snecko","floor":31,"turns":5},{"damage":72,"enemies":"Collector","floor":33,"turns":6}],"seed_played":"2546433877350215708","potions_obtained":[{"floor":4,"key":"Fruit Juice"},{"floor":12,"key":"LiquidMemories"},{"floor":16,"key":"EssenceOfDarkness"},{"floor":20,"key":"Fire Potion"},{"floor":21,"key":"BlessingOfTheForge"},{"floor":23,"key":"DistilledChaos"},{"floor":27,"key":"SpeedPotion"},{"floor":31,"key":"AttackPotion"}],"is_trial":false,"path_per_floor":["M","M","?","M","?","R","E","$","T","?","R","M","$","M","R","B",null,"M","M","M","?","$","E","?","R","T","?","E","R","M","M","R","B"],"character_chosen":"DEFECT","items_purchased":["Orrery","Regen Potion","Sunder"],"campfire_rested":0,"item_purchase_floors":[8,8,22],"current_hp_per_floor":[64,57,57,56,56,56,10,10,10,29,29,58,58,66,66,57,71,76,61,45,45,45,11,21,21,21,33,31,31,32,46,46,0,0],"gold":173,"neow_bonus":"ONE_RANDOM_RARE_CARD","is_daily":false,"chose_seed":false,"campfire_upgraded":6,"win_rate":0.0,"timestamp":1611145662,"path_taken":["M","M","?","M","?","R","E","$","T","?","R","M","?","M","R","BOSS","M","M","M","?","?","E","?","R","T","?","E","R","?","M","R","BOSS"],"items_purchased_type":["Relic","Potion","Card"],"build_version":"2020-12-22","purchased_purges":1,"victory":false,"max_hp_per_floor":[71,71,71,71,71,71,76,76,76,76,76,76,76,76,76,76,76,76,76,76,76,76,76,86,86,86,86,93,93,93,93,93,93,93],"relic_stats":{"Centennial Puzzle":[27],"counters":[16,96],"Orichalcum":[144],"obtain_stats":[{"Centennial Puzzle":7,"Lantern":23,"Pear":24,"Strawberry":28,"Orrery":8,"Coffee Dripper":17,"Red Mask":27,"Orichalcum":9,"Cracked Core":0},{"Centennial Puzzle":4,"Lantern":11,"Pear":11,"Strawberry":13,"Orrery":4,"Coffee Dripper":7,"Red Mask":12,"Orichalcum":4,"Cracked Core":0},{"Centennial Puzzle":13,"Lantern":71,"Pear":71,"Strawberry":79,"Orrery":13,"Coffee Dripper":40,"Red Mask":74,"Orichalcum":13,"Cracked Core":0}]},"card_choices":[{"not_picked":["Leap","Double Energy"],"picked":"Glacier","floor":1},{"not_picked":["Genetic Algorithm","Compile Driver"],"picked":"Hologram","floor":2},{"not_picked":["Consume","Conserve Battery"],"picked":"Streamline","floor":4},{"not_picked":["Meteor Strike","Turbo"],"picked":"Rebound","floor":7},{"not_picked":["Undo","Sunder"],"picked":"Defragment","floor":8},{"not_picked":["Hello World","Rebound"],"picked":"Coolheaded","floor":8},{"not_picked":["Gash","Streamline"],"picked":"Self Repair","floor":8},{"not_picked":["Go for the Eyes","Rip and Tear"],"picked":"Self Repair","floor":8},{"not_picked":["Go for the Eyes","Recycle"],"picked":"Buffer","floor":8},{"not_picked":["Barrage","Steam Power","Consume"],"picked":"SKIP","floor":12},{"not_picked":["Blizzard","Compile Driver"],"picked":"Steam","floor":14},{"not_picked":["Reboot","All For One"],"picked":"Biased Cognition","floor":16},{"not_picked":["Fusion","Self Repair","Redo"],"picked":"SKIP","floor":18},{"not_picked":["Loop","Coolheaded"],"picked":"Darkness","floor":19},{"not_picked":["Sweeping Beam","Leap"],"picked":"Ball Lightning","floor":20},{"not_picked":["Reprogram+1","Fusion"],"picked":"Turbo","floor":23},{"not_picked":["Rebound","Leap"],"picked":"Loop","floor":27},{"not_picked":["Fusion+1","Steam"],"picked":"Electrodynamics","floor":28},{"not_picked":["Go for the Eyes","Steam+1","Leap"],"picked":"SKIP","floor":30},{"not_picked":["Fusion","Blizzard"],"picked":"Ball Lightning","floor":31}],"player_experience":2631880,"relics_obtained":[{"floor":7,"key":"Centennial Puzzle"},{"floor":9,"key":"Orichalcum"},{"floor":23,"key":"Lantern"},{"floor":27,"key":"Red Mask"},{"floor":28,"key":"Strawberry"}],"event_choices":[{"damage_healed":0,"gold_gain":51,"player_choice":"Gained Gold","damage_taken":0,"max_hp_gain":0,"max_hp_loss":0,"event_name":"Golden Wing","floor":3,"gold_loss":0},{"damage_healed":0,"gold_gain":150,"player_choice":"AGREE","damage_taken":0,"max_hp_gain":0,"max_hp_loss":0,"event_name":"Liars Game","floor":5,"gold_loss":0,"cards_obtained":["Doubt"]},{"damage_healed":19,"gold_gain":0,"player_choice":"Healed","damage_taken":0,"max_hp_gain":0,"max_hp_loss":0,"event_name":"The Cleric","floor":10,"gold_loss":35},{"damage_healed":0,"gold_gain":0,"player_choice":"Bought 1 Potion","damage_taken":0,"max_hp_gain":0,"max_hp_loss":0,"event_name":"The Woman in Blue","floor":21,"gold_loss":0},{"damage_healed":0,"gold_gain":0,"player_choice":"Obtained Relic","damage_taken":0,"relics_obtained":["Pear"],"max_hp_gain":0,"max_hp_loss":0,"event_name":"Addict","floor":24,"gold_loss":85},{"damage_healed":0,"gold_gain":0,"player_choice":"Fought Bandits","damage_taken":0,"max_hp_gain":0,"max_hp_loss":0,"event_name":"Masked Bandits","floor":27,"gold_loss":0}],"is_beta":false,"boss_relics":[{"not_picked":["Velvet Choker","Snecko Eye"],"picked":"Coffee Dripper"}],"items_purged_floors":[8],"is_endless":false,"potions_floor_spawned":[4,12,16,20,23,27,31],"killed_by":"Collector","ascension_level":20}}