{"host":"m3rs92yjkwi06hli","time":1611108330,"event":{"mods":["Act Like it!","Aspiration","BaseMod","Colored Map","Conspire","Defuse TimeMaze Blight","Downfall","Energized Spire","Hubris","Infinite Spire","Minty Spire (QoL Compilation)","Relic Stats","Spicy Shops","StSLib"],"gold_per_floor":[99,116,116,116,126,142,165,184,239,253,272,283,383,399,416,416,416,416],"floor_reached":16,"language":"ENG","playtime":541,"items_purged":[],"score":128,"play_id":"5e11a01b-608e-41a5-8b3d-ad2c9b90d361","local_time":"20210119200530","is_ascension_mode":true,"campfire_choices":[{"data":"bronze:Replicate","floor":1,"key":"SMITH"}],"circlet_count":0,"master_deck":["bronze:Strike","bronze:Strike","bronze:Strike","bronze:Defend","bronze:Defend","bronze:Defend","bronze:Defend","bronze:Replicate+1","bronze:Goto","bronze:Branch","bronze:WhirlingStrike","bronze:WhirlingStrike","bronze:BitShift","bronze:DelayedSlice","bronze:WhirlingStrike","bronze:Iterate","bronze:Break","bronze:Frontload","bronze:WhirlingStrike"],"relics":["bronze:BronzeCore","Blue Candle","aspiration:ChemicalBlood","Bag of Preparation"],"acts_visited":["Exordium"],"potions_floor_usage":[16],"damage_taken":[{"damage":7,"enemies":"Small Slimes","floor":2,"turns":4},{"damage":0,"enemies":"conspire:RoseBush","floor":5,"turns":4},{"damage":2,"enemies":"2 Louse","floor":6,"turns":2},{"damage":3,"enemies":"2 Fungi Beasts","floor":8,"turns":3},{"damage":4,"enemies":"3 Sentries","floor":9,"turns":5},{"damage":13,"enemies":"conspire:2 RoseBushes","floor":10,"turns":3},{"damage":0,"enemies":"Lots of Slimes","floor":11,"turns":1},{"damage":7,"enemies":"Large Slime","floor":12,"turns":3},{"damage":0,"enemies":"2 Fungi Beasts","floor":14,"turns":1},{"damage":0,"enemies":"Blue Slaver","floor":15,"turns":2},{"damage":43,"enemies":"DF_ARCHETYPE_STREAMLINE","floor":16,"turns":4}],"seed_played":"-6393758350296253563","potions_obtained":[{"floor":6,"key":"hexamod:SoulburnPotion"},{"floor":9,"key":"Block Potion"},{"floor":15,"key":"PowerPotion"},{"floor":16,"key":"Fire Potion"}],"is_trial":false,"path_per_floor":["R","M","?","?","M","M","T","M","?","M","M","M","?","M","M","B"],"character_chosen":"THE_AUTOMATON","items_purchased":[],"campfire_rested":0,"item_purchase_floors":[],"current_hp_per_floor":[70,63,63,68,68,66,66,63,59,46,46,39,39,39,39,0,0,0],"gold":416,"neow_bonus":"REMOVE_CARD","is_daily":false,"chose_seed":false,"campfire_upgraded":1,"win_rate":0.0,"timestamp":1611108330,"path_taken":["R","M","?","?","M","M","T","M","?","M","M","M","?","?","M","BOSS"],"items_purchased_type":[],"build_version":"2020-12-22","purchased_purges":0,"victory":false,"max_hp_per_floor":[70,70,70,75,75,75,75,75,75,75,75,75,75,75,75,75,75,75],"relic_stats":{"counters":[11,32],"Blue Candle":[0],"Bag of Preparation":[12],"obtain_stats":[{"bronze:BronzeCore":0,"Blue Candle":3,"Bag of Preparation":9,"aspiration:ChemicalBlood":7},{"bronze:BronzeCore":0,"Blue Candle":1,"Bag of Preparation":5,"aspiration:ChemicalBlood":3},{"bronze:BronzeCore":0,"Blue Candle":4,"Bag of Preparation":18,"aspiration:ChemicalBlood":10}]},"card_choices":[{"not_picked":["bronze:Turbo","bronze:FineTuning"],"picked":"bronze:Branch","floor":2},{"not_picked":["bronze:Turbo","bronze:Constructor"],"picked":"bronze:WhirlingStrike","floor":5},{"not_picked":["bronze:Repair","bronze:ItsAFeature"],"picked":"bronze:WhirlingStrike","floor":6},{"not_picked":["bronze:Constructor","bronze:Return"],"picked":"bronze:BitShift","floor":8},{"not_picked":["bronze:BuggyMess","bronze:Backtrace"],"picked":"bronze:DelayedSlice","floor":9},{"not_picked":["bronze:BronzeArmor","bronze:BitShift"],"picked":"bronze:WhirlingStrike","floor":10},{"not_picked":["bronze:MaxOutput","bronze:DelayedGuard"],"picked":"bronze:Iterate","floor":11},{"not_picked":["bronze:BuggyMess","bronze:BitShift"],"picked":"bronze:Break","floor":12},{"not_picked":["bronze:Repulsor","bronze:Shell"],"picked":"bronze:Frontload","floor":14},{"not_picked":["bronze:DelayedGuard","bronze:Shell"],"picked":"bronze:WhirlingStrike","floor":15}],"player_experience":898669,"relics_obtained":[{"floor":3,"key":"Blue Candle"},{"floor":7,"key":"aspiration:ChemicalBlood"},{"floor":9,"key":"Bag of Preparation"}],"event_choices":[{"damage_healed":0,"gold_gain":0,"player_choice":"Donut","damage_taken":0,"max_hp_gain":5,"max_hp_loss":0,"event_name":"Big Fish","floor":4,"gold_loss":0}],"is_beta":false,"boss_relics":[],"items_purged_floors":[],"is_endless":false,"potions_floor_spawned":[6,9,11,15],"killed_by":"DF_ARCHETYPE_STREAMLINE","ascension_level":1}}