{"host":"l60rmjjsfi0fipmi","time":1611180389,"event":{"mods":["BaseMod","Colored Map","DeckTracker","Highlight Path","Minty Spire (QoL Compilation)","StSLib","The Cursed","The Servant 0.9.4"],"gold_per_floor":[115,131,142,152,162,162,179,179,203,235,235,200,200,220,220,323,323,336,29,29,0,0,0,30,40,64,84,103,103,114,45,45,143,143,163,12,12,12,25,25,53,53,53,63,63,63,76,96,96,96],"floor_reached":51,"language":"ENG","playtime":2653,"items_purged":["Defend_B"],"score":829,"play_id":"3b8e2d4a-1e7a-488c-be95-aebf0c30662c","local_time":"20210120170629","is_ascension_mode":true,"campfire_choices":[{"data":"Zap","floor":6,"key":"SMITH"},{"floor":8,"key":"REST"},{"floor":11,"key":"REST"},{"data":"Leap","floor":15,"key":"SMITH"},{"data":"Hologram","floor":23,"key":"SMITH"},{"floor":29,"key":"REST"},{"data":"Creative AI","floor":32,"key":"SMITH"},{"data":"Defragment","floor":40,"key":"SMITH"},{"floor":42,"key":"REST"},{"data":"Dualcast","floor":45,"key":"SMITH"},{"floor":49,"key":"REST"}],"circlet_count":0,"master_deck":["Strike_B","Strike_B","Strike_B","Strike_B","Defend_B","Defend_B","Defend_B+1","Zap+1","Dualcast+1","Thunder Strike","Leap+1","Genetic Algorithm","Capacitor","Sweeping Beam","Redo+1","Conserve Battery","Darkness","Ball Lightning","Electrodynamics","Hologram+1","Self Repair","Undo+1","Compile Driver","Creative AI+1","Defragment+1","Glacier+1","Defragment+1","Go for the Eyes+1"],"relics":["FrozenCore","Akabeko","Blood Vial","Nuclear Battery","DataDisk","NlothsMask","Strawberry","Runic Capacitor","Dream Catcher","War Paint"],"acts_visited":["Exordium","TheCity","TheBeyond"],"potions_floor_usage":[5,10,14,28,33,33,33],"damage_taken":[{"damage":2,"enemies":"Jaw Worm","floor":1,"turns":4},{"damage":7,"enemies":"Small Slimes","floor":2,"turns":4},{"damage":0,"enemies":"Cultist","floor":3,"turns":4},{"damage":4,"enemies":"Looter","floor":4,"turns":5},{"damage":19,"enemies":"Exordium Thugs","floor":5,"turns":5},{"damage":6,"enemies":"Large Slime","floor":7,"turns":5},{"damage":34,"enemies":"Gremlin Nob","floor":10,"turns":5},{"damage":26,"enemies":"Gremlin Gang","floor":14,"turns":5},{"damage":27,"enemies":"The Guardian","floor":16,"turns":12},{"damage":6,"enemies":"Spheric Guardian","floor":18,"turns":3},{"damage":56,"enemies":"Book of Stabbing","floor":24,"turns":6},{"damage":1,"enemies":"3 Byrds","floor":25,"turns":3},{"damage":0,"enemies":"Snecko","floor":27,"turns":5},{"damage":11,"enemies":"Snake Plant","floor":28,"turns":2},{"damage":2,"enemies":"Cultist and Chosen","floor":30,"turns":4},{"damage":57,"enemies":"Champ","floor":33,"turns":9},{"damage":22,"enemies":"Orb Walker","floor":35,"turns":5},{"damage":13,"enemies":"3 Shapes","floor":39,"turns":5},{"damage":7,"enemies":"Reptomancer","floor":41,"turns":7},{"damage":26,"enemies":"Sphere and 2 Shapes","floor":44,"turns":6},{"damage":16,"enemies":"3 Darklings","floor":47,"turns":3},{"damage":9,"enemies":"Transient","floor":48,"turns":5},{"damage":40,"enemies":"Awakened One","floor":50,"turns":13}],"seed_played":"-2864729861770431784","potions_obtained":[{"floor":1,"key":"FocusPotion"},{"floor":3,"key":"Fire Potion"},{"floor":5,"key":"SteroidPotion"},{"floor":10,"key":"Swift Potion"},{"floor":16,"key":"PowerPotion"},{"floor":18,"key":"GamblersBrew"},{"floor":30,"key":"DistilledChaos"},{"floor":47,"key":"DistilledChaos"},{"floor":48,"key":"SneckoOil"}],"is_trial":false,"path_per_floor":["M","M","M","M","M","R","M","R","T","E","R","?","?","M","R","B",null,"M","$","?","?","?","R","E","M","T","M","M","R","M","$","R","B",null,"M","$","?","$","M","R","E","R","T","M","R","$","M","M","R","B",null],"character_chosen":"DEFECT","items_purchased":["DataDisk","Self Repair","Defragment","Runic Capacitor"],"campfire_rested":5,"item_purchase_floors":[19,19,31,36],"current_hp_per_floor":[73,66,66,62,43,43,37,59,59,25,47,65,65,41,41,16,75,69,69,69,69,69,69,29,37,37,46,44,68,68,68,68,20,82,67,67,59,59,55,55,50,74,74,57,57,57,50,50,74,43],"gold":96,"neow_bonus":"ONE_RANDOM_RARE_CARD","is_daily":false,"chose_seed":false,"campfire_upgraded":6,"win_rate":0.0,"timestamp":1611180389,"path_taken":["M","M","M","M","M","R","M","R","T","E","R","?","?","M","R","BOSS","M","$","?","?","?","R","E","M","T","?","M","R","M","$","R","BOSS","M","$","?","?","M","R","E","R","T","?","R","$","M","M","R","BOSS"],"items_purchased_type":["Relic","Card","Card","Relic"],"build_version":"2020-12-22","purchased_purges":1,"victory":true,"max_hp_per_floor":[75,75,75,75,75,75,75,75,75,75,75,75,75,75,75,75,75,75,75,75,75,75,75,82,82,82,82,82,82,82,82,82,82,82,82,82,82,82,82,82,82,82,82,82,82,82,82,82,82,82],"card_choices":[{"not_picked":["Consume","Streamline"],"picked":"Leap","floor":1},{"not_picked":["Steam","Barrage"],"picked":"Genetic Algorithm","floor":2},{"not_picked":["Barrage","Beam Cell"],"picked":"Capacitor","floor":3},{"not_picked":["Leap","Tempest"],"picked":"Sweeping Beam","floor":4},{"not_picked":["Go for the Eyes","Machine Learning"],"picked":"Redo","floor":5},{"not_picked":["Go for the Eyes","Steam"],"picked":"Conserve Battery","floor":7},{"not_picked":["Recycle","Steam"],"picked":"Darkness","floor":10},{"not_picked":["Coolheaded","Conserve Battery"],"picked":"Ball Lightning","floor":14},{"not_picked":["Thunder Strike","Fission"],"picked":"Electrodynamics","floor":16},{"not_picked":["FTL","Gash"],"picked":"Hologram","floor":18},{"not_picked":["Barrage","Rebound"],"picked":"Undo","floor":24},{"not_picked":["Barrage","Stack"],"picked":"Compile Driver","floor":25},{"not_picked":["Reinforced Body","Ball Lightning","Fusion+1"],"picked":"SKIP","floor":27},{"not_picked":["Go for the Eyes","Stack"],"picked":"Creative AI","floor":28},{"not_picked":["Beam Cell+1","Hologram","Double Energy"],"picked":"SKIP","floor":30},{"not_picked":["Redo+1","Tempest+1","Undo+1"],"picked":"SKIP","floor":35},{"not_picked":["Sweeping Beam","Coolheaded"],"picked":"Glacier+1","floor":39},{"not_picked":["Machine Learning","Steam","Rip and Tear+1"],"picked":"SKIP","floor":41},{"not_picked":["Genetic Algorithm+1","Turbo+1"],"picked":"Defragment+1","floor":42},{"not_picked":["Redo+1","Ball Lightning","Barrage"],"picked":"SKIP","floor":44},{"not_picked":["Chaos+1","All For One"],"picked":"Go for the Eyes+1","floor":47},{"not_picked":["Tempest","Go for the Eyes","Steam Power"],"picked":"SKIP","floor":48}],"player_experience":520204,"relics_obtained":[{"floor":9,"key":"Akabeko"},{"floor":10,"key":"Blood Vial"},{"floor":24,"key":"Strawberry"},{"floor":41,"key":"Dream Catcher"},{"floor":43,"key":"War Paint"}],"event_choices":[{"damage_healed":18,"gold_gain":0,"player_choice":"Healed","damage_taken":0,"max_hp_gain":0,"max_hp_loss":0,"event_name":"The Cleric","floor":12,"gold_loss":35},{"damage_healed":0,"gold_gain":0,"player_choice":"Grow","damage_taken":0,"max_hp_gain":0,"max_hp_loss":0,"event_name":"Living Wall","floor":13,"gold_loss":0,"cards_upgraded":["Redo"]},{"damage_healed":0,"gold_gain":0,"player_choice":"Paid Fearfully","damage_taken":0,"max_hp_gain":0,"max_hp_loss":0,"event_name":"Masked Bandits","floor":21,"gold_loss":29},{"damage_healed":0,"gold_gain":0,"player_choice":"Trade","damage_taken":0,"relics_obtained":["NlothsMask"],"max_hp_gain":0,"max_hp_loss":0,"event_name":"FaceTrader","floor":22,"gold_loss":0},{"damage_healed":0,"gold_gain":0,"player_choice":"Damaged","damage_taken":8,"max_hp_gain":0,"max_hp_loss":0,"event_name":"Wheel of Change","floor":37,"gold_loss":0}],"is_beta":false,"boss_relics":[{"not_picked":["Runic Pyramid","SacredBark"],"picked":"Nuclear Battery"},{"not_picked":["Fusion Hammer","Cursed Key"],"picked":"FrozenCore"}],"items_purged_floors":[19],"is_endless":false,"potions_floor_spawned":[1,3,5,10,16,18,27,30,47,48],"ascension_level":4}}