{"host":"9n6i2vl93jt4o42q","time":1611143642,"event":{"mods":["BaseMod","Minty Spire (QoL Compilation)","Relic Stats"],"gold_per_floor":[11,24,43,43,43,74,88,88,88,88,118,133,154,169,169,246,246,262,19,37,56,72,72,103,119,197,197,287,306,12,23,23,100,100,110,120,120,13,13,13,13,13],"floor_reached":41,"language":"ENG","playtime":4929,"items_purged":["Defend_R","Strike_R"],"score":850,"play_id":"7095c70a-a7a0-4ab8-b0a0-364181443037","local_time":"20210120125402","is_ascension_mode":true,"campfire_choices":[{"data":"True Grit","floor":8.0,"key":"SMITH"},{"data":"Cleave","floor":10.0,"key":"SMITH"},{"data":"Armaments","floor":15.0,"key":"SMITH"},{"floor":23.0,"key":"REST"},{"floor":27.0,"key":"REST"},{"floor":32.0,"key":"REST"},{"floor":40,"key":"REST"}],"circlet_count":0,"master_deck":["AscendersBane","Strike_R","Strike_R","Defend_R","Defend_R","Bash","True Grit+1","Clothesline","Headbutt","Clash","Cleave+1","Battle Trance","Fiend Fire","Rampage","Shrug It Off+1","Armaments+1","Offering","Wild Strike","True Grit+1","Shrug It Off","Spot Weakness","Offering","Thunderclap+1","Sentinel","Metallicize","Feel No Pain","Power Through","Seeing Red","Barricade","Dark Embrace+1","Ghostly Armor+1"],"relics":["Burning Blood","WarpedTongs","Prayer Wheel","StrikeDummy","Self Forming Clay","Odd Mushroom","Empty Cage","Lantern","Toy Ornithopter","Shuriken","Membership Card","Runic Dome","War Paint"],"acts_visited":["Exordium","TheCity","TheBeyond"],"potions_floor_usage":[],"damage_taken":[{"damage":9.0,"enemies":"Jaw Worm","floor":1.0,"turns":4.0},{"damage":5.0,"enemies":"Small Slimes","floor":2.0,"turns":4.0},{"damage":6.0,"enemies":"Cultist","floor":3.0,"turns":5.0},{"damage":29.0,"enemies":"Gremlin Nob","floor":6.0,"turns":4.0},{"damage":2.0,"enemies":"3 Louse","floor":7.0,"turns":2.0},{"damage":5.0,"enemies":"3 Sentries","floor":11.0,"turns":5.0},{"damage":1.0,"enemies":"2 Fungi Beasts","floor":12.0,"turns":2.0},{"damage":6.0,"enemies":"The Mushroom Lair","floor":13.0,"turns":3.0},{"damage":3.0,"enemies":"Red Slaver","floor":14.0,"turns":4.0},{"damage":18.0,"enemies":"Slime Boss","floor":16.0,"turns":9.0},{"damage":19.0,"enemies":"2 Thieves","floor":18.0,"turns":4.0},{"damage":18.0,"enemies":"3 Byrds","floor":20.0,"turns":4.0},{"damage":15.0,"enemies":"Snake Plant","floor":21.0,"turns":3.0},{"damage":19.0,"enemies":"Snecko","floor":22.0,"turns":3.0},{"damage":43.0,"enemies":"Book of Stabbing","floor":24.0,"turns":6.0},{"damage":13.0,"enemies":"3 Cultists","floor":25.0,"turns":5.0},{"damage":6.0,"enemies":"Centurion and Healer","floor":29.0,"turns":3.0},{"damage":10.0,"enemies":"Snecko","floor":31.0,"turns":7.0},{"damage":17.0,"enemies":"Champ","floor":33.0,"turns":12.0},{"damage":41.0,"enemies":"3 Darklings","floor":35.0,"turns":4.0},{"damage":24,"enemies":"Orb Walker","floor":36,"turns":5},{"damage":46,"enemies":"Jaw Worm Horde","floor":41,"turns":2}],"seed_played":"-1832623528752399306","potions_obtained":[{"floor":1.0,"key":"Fruit Juice"},{"floor":7.0,"key":"Energy Potion"},{"floor":11.0,"key":"SpeedPotion"},{"floor":13.0,"key":"Regen Potion"},{"floor":25.0,"key":"PowerPotion"},{"floor":35.0,"key":"Block Potion"}],"is_trial":false,"path_per_floor":["M","M","M","?","?","E","M","R","T","R","E","M","?","M","R","B",null,"M","$","M","M","M","R","E","M","T","R","?","M","$","M","R","B",null,"M","M","?","$","?","R","M"],"character_chosen":"IRONCLAD","items_purchased":["Lantern","Membership Card","Feel No Pain","Power Through","War Paint","Dexterity Potion"],"campfire_rested":4,"item_purchase_floors":[19,30,30,30,38,38],"current_hp_per_floor":[65,66,66,66,66,43,47,47,47,47,48,53,58,61,61,49,72,59,59,47,38,25,49,27,20,20,44,32,32,32,28,52,51,73,38,20,20,20,20,42,0,0],"gold":13,"neow_bonus":"REMOVE_TWO","is_daily":false,"chose_seed":false,"campfire_upgraded":3,"win_rate":0.0,"timestamp":1611143642,"path_taken":["M","M","M","?","?","E","?","R","T","R","E","M","?","M","R","BOSS","M","$","M","M","M","R","E","M","T","R","?","?","?","M","R","BOSS","M","M","?","$","?","R","M"],"items_purchased_type":["Relic","Relic","Card","Card","Relic","Potion"],"build_version":"2020-12-22","purchased_purges":2,"victory":false,"max_hp_per_floor":[75,75,75,75,75,75,75,75,75,75,75,75,80,80,80,80,80,80,80,80,80,80,80,80,80,80,80,80,80,80,80,80,80,80,80,80,76,76,76,76,76,76],"relic_stats":{"counters":[22,100],"Self Forming Clay":[144],"Shuriken":[10],"Prayer Wheel":12,"War Paint":["Ghostly Armor","Shrug It Off"],"obtain_stats":[{"Lantern":19,"Self Forming Clay":11,"Odd Mushroom":13,"War Paint":38,"Empty Cage":17,"Burning Blood":0,"WarpedTongs":5,"Runic Dome":34,"Shuriken":26,"Prayer Wheel":6,"Membership Card":30,"StrikeDummy":9,"Toy Ornithopter":24},{"Lantern":11,"Self Forming Clay":6,"Odd Mushroom":8,"War Paint":21,"Empty Cage":10,"Burning Blood":0,"WarpedTongs":3,"Runic Dome":19,"Shuriken":16,"Prayer Wheel":4,"Membership Card":17,"StrikeDummy":5,"Toy Ornithopter":15},{"Lantern":46,"Self Forming Clay":24,"Odd Mushroom":29,"War Paint":98,"Empty Cage":42,"Burning Blood":0,"WarpedTongs":13,"Runic Dome":89,"Shuriken":67,"Prayer Wheel":17,"Membership Card":70,"StrikeDummy":19,"Toy Ornithopter":62}],"Burning Blood":126,"Toy Ornithopter":10,"WarpedTongs":[86]},"card_choices":[{"not_picked":["Entrench","Heavy Blade"],"picked":"True Grit","floor":1.0},{"not_picked":["Rage","Clash"],"picked":"Clothesline","floor":2.0},{"not_picked":["Perfected Strike","Fiend Fire"],"picked":"Headbutt","floor":3.0},{"not_picked":["Searing Blow","Sword Boomerang"],"picked":"Clash","floor":6.0},{"not_picked":["Sword Boomerang","Entrench"],"picked":"Cleave","floor":7.0},{"not_picked":["Searing Blow","Thunderclap"],"picked":"Battle Trance","floor":7.0},{"not_picked":["Heavy Blade","Twin Strike"],"picked":"Fiend Fire","floor":11.0},{"not_picked":["Evolve","Shrug It Off"],"picked":"Rampage","floor":12.0},{"not_picked":["Metallicize","Warcry"],"picked":"Shrug It Off","floor":12.0},{"not_picked":["Flame Barrier","Rupture"],"picked":"Armaments","floor":14.0},{"not_picked":["Perfected Strike","Iron Wave","Sword Boomerang"],"picked":"SKIP","floor":14.0},{"not_picked":["Exhume","Demon Form"],"picked":"Offering","floor":16.0},{"not_picked":["Flame Barrier","Sword Boomerang"],"picked":"Wild Strike","floor":18.0},{"not_picked":["Heavy Blade","Rage","Flame Barrier"],"picked":"SKIP","floor":18.0},{"not_picked":["Combust","Pommel Strike"],"picked":"True Grit+1","floor":20.0},{"not_picked":["Sever Soul","Twin Strike"],"picked":"Shrug It Off","floor":20.0},{"not_picked":["Cleave","Warcry"],"picked":"Spot Weakness","floor":21.0},{"not_picked":["Warcry","Sever Soul"],"picked":"Offering","floor":21.0},{"not_picked":["Sword Boomerang","Cleave"],"picked":"Thunderclap+1","floor":22.0},{"not_picked":["Sword Boomerang","Headbutt","Sever Soul"],"picked":"SKIP","floor":22.0},{"not_picked":["Searing Blow","Heavy Blade","Dropkick"],"picked":"SKIP","floor":24.0},{"not_picked":["Spot Weakness","Ghostly Armor"],"picked":"Sentinel","floor":25.0},{"not_picked":["Wild Strike","Flame Barrier","Iron Wave"],"picked":"SKIP","floor":25.0},{"not_picked":["Evolve","Combust"],"picked":"Metallicize","floor":29.0},{"not_picked":["Clash+1","Headbutt","Body Slam"],"picked":"SKIP","floor":29.0},{"not_picked":["Bludgeon","Feel No Pain"],"picked":"Seeing Red","floor":31.0},{"not_picked":["Rupture","Clash","Flex+1"],"picked":"SKIP","floor":31.0},{"not_picked":["Bludgeon","Offering"],"picked":"Barricade","floor":33.0},{"not_picked":["Power Through+1","Sever Soul"],"picked":"Dark Embrace+1","floor":35.0},{"not_picked":["True Grit","Rupture"],"picked":"Ghostly Armor","floor":35.0},{"not_picked":["True Grit+1","Cleave","Clash"],"picked":"SKIP","floor":36},{"not_picked":["True Grit","Demon Form","Armaments"],"picked":"SKIP","floor":36}],"player_experience":2164553,"relics_obtained":[{"floor":6.0,"key":"Prayer Wheel"},{"floor":9.0,"key":"StrikeDummy"},{"floor":11.0,"key":"Self Forming Clay"},{"floor":13.0,"key":"Odd Mushroom"},{"floor":24.0,"key":"Toy Ornithopter"},{"floor":26.0,"key":"Shuriken"}],"event_choices":[{"damage_healed":0.0,"max_hp_gain":0.0,"max_hp_loss":0.0,"gold_gain":0.0,"event_name":"Liars Game","player_choice":"Ignored","floor":4.0,"gold_loss":0.0,"damage_taken":0.0},{"damage_healed":0.0,"max_hp_gain":0.0,"max_hp_loss":0.0,"gold_gain":0.0,"event_name":"Accursed Blacksmith","player_choice":"Rummage","floor":5.0,"gold_loss":0.0,"damage_taken":0.0,"relics_obtained":["WarpedTongs"],"cards_obtained":["Pain"]},{"damage_healed":0.0,"max_hp_gain":0.0,"max_hp_loss":0.0,"gold_gain":0.0,"event_name":"Mushrooms","player_choice":"Fought Mushrooms","floor":13.0,"gold_loss":0.0,"damage_taken":0.0},{"damage_healed":0.0,"max_hp_gain":0.0,"max_hp_loss":0.0,"gold_gain":90.0,"event_name":"Knowing Skull","player_choice":"GOLD ","floor":28.0,"potions_obtained":[],"gold_loss":0.0,"damage_taken":12.0,"cards_obtained":[]},{"damage_healed":0,"gold_gain":0,"player_choice":"Max HP","damage_taken":0,"max_hp_gain":0,"max_hp_loss":4,"event_name":"Winding Halls","floor":37,"gold_loss":0},{"damage_healed":0,"gold_gain":0,"player_choice":"Ignored","damage_taken":0,"max_hp_gain":0,"max_hp_loss":0,"event_name":"The Moai Head","floor":39,"gold_loss":0}],"is_beta":false,"boss_relics":[{"not_picked":["Calling Bell","Philosopher\u0027s Stone"],"picked":"Empty Cage"},{"not_picked":["Runic Pyramid","Astrolabe"],"picked":"Runic Dome"}],"items_purged_floors":[19,30],"is_endless":false,"potions_floor_spawned":[1,7,11,13,20,22,25,29,31,35],"killed_by":"Jaw Worm Horde","ascension_level":20}}