{"host":"sc0o2qwpf9j16a4i","time":1611159724,"event":{"mods":["AchievementEnabler","BaseMod","BetterRewards","Block Reminder","Colored Map","Colored Powertips","Custom Start","Highlight Path","Minty Spire (QoL Compilation)","Relic Stats"],"gold_per_floor":[118,146,146,173,186,211,370,40,40,74,106,106,140,177,177,258,258,271,296,296,331,71,71,109,109,109,128,147,173,173,217,217,303,303,319,86,113,113,138,138,138,54,54,88,125,167,57,279,279,279,279,279,279,5,47,47],"floor_reached":57,"language":"ENG","playtime":2569,"items_purged":["Strike_B","Doubt","Strike_B+1","Strike_B+1","Defend_B+1"],"score":3595,"play_id":"489dfd33-1da4-41f0-9e44-f4e6bba5cc8f","local_time":"20210120182204","is_ascension_mode":true,"campfire_choices":[{"data":"Fission","floor":12,"key":"SMITH"},{"data":"Defragment","floor":15,"key":"SMITH"},{"data":"Biased Cognition","floor":23,"key":"SMITH"},{"data":"Defragment","floor":25,"key":"SMITH"},{"data":"Capacitor","floor":32,"key":"SMITH"},{"floor":40,"key":"RECALL"},{"data":"Heatsinks","floor":49,"key":"SMITH"},{"data":"Defragment","floor":53,"key":"SMITH"}],"circlet_count":0,"master_deck":["AscendersBane","Defend_B+1","Defend_B+1","Defend_B+1","Zap","Dualcast","Sweeping Beam","Defragment+1","Self Repair","Lockon+1","Apotheosis+1","Rip and Tear","Cold Snap","Doom and Gloom","Reinforced Body","Fission+1","Chill","Heatsinks+1","Barrage","Defragment+1","Compile Driver","Echo Form","Cold Snap","Biased Cognition+1","Stack","Capacitor+1","Barrage+1","Hologram+1","Defragment+1","Meteor Strike","Hologram","Barrage+1","Echo Form","Heatsinks","Hologram+1","Hologram","Barrage","Rainbow","Coolheaded","Leap+1"],"relics":["Cracked Core","Dream Catcher","Eternal Feather","CeramicFish","Membership Card","Juzu Bracelet","Akabeko","Anchor","Lee\u0027s Waffle","Strawberry","Prayer Wheel","Happy Flower","Gremlin Horn","Incense Burner","Coffee Dripper","DataDisk","Runic Capacitor","Turnip","Symbiotic Virus","Darkstone Periapt","Red Mask","Snecko Eye","Singing Bowl","Lizard Tail","DollysMirror","StoneCalendar","Bag of Preparation","Mercury Hourglass","TungstenRod"],"acts_visited":["Exordium","TheCity","TheBeyond","TheEnding"],"potions_floor_usage":[13,16,28,29,39,55,56,56],"damage_taken":[{"damage":0,"enemies":"2 Louse","floor":1,"turns":2},{"damage":0,"enemies":"Small Slimes","floor":2,"turns":2},{"damage":0,"enemies":"Cultist","floor":4,"turns":3},{"damage":1,"enemies":"Looter","floor":5,"turns":3},{"damage":10,"enemies":"Lagavulin","floor":6,"turns":6},{"damage":0,"enemies":"Exordium Thugs","floor":10,"turns":3},{"damage":0,"enemies":"Large Slime","floor":11,"turns":3},{"damage":20,"enemies":"Gremlin Nob","floor":13,"turns":4},{"damage":2,"enemies":"Exordium Wildlife","floor":14,"turns":4},{"damage":23,"enemies":"Slime Boss","floor":16,"turns":8},{"damage":15,"enemies":"Shell Parasite","floor":18,"turns":4},{"damage":0,"enemies":"Chosen","floor":19,"turns":4},{"damage":0,"enemies":"Snecko","floor":21,"turns":5},{"damage":4,"enemies":"Gremlin Leader","floor":24,"turns":4},{"damage":8,"enemies":"Centurion and Healer","floor":27,"turns":5},{"damage":0,"enemies":"3 Cultists","floor":28,"turns":6},{"damage":20,"enemies":"Slavers","floor":29,"turns":6},{"damage":16,"enemies":"Masked Bandits","floor":31,"turns":4},{"damage":20,"enemies":"Champ","floor":33,"turns":7},{"damage":0,"enemies":"Orb Walker","floor":35,"turns":4},{"damage":0,"enemies":"3 Darklings","floor":37,"turns":4},{"damage":0,"enemies":"Mind Bloom Boss Battle","floor":39,"turns":5},{"damage":0,"enemies":"Giant Head","floor":44,"turns":4},{"damage":0,"enemies":"Maw","floor":45,"turns":5},{"damage":0,"enemies":"Reptomancer","floor":46,"turns":3},{"damage":4,"enemies":"Donu and Deca","floor":50,"turns":6},{"damage":8,"enemies":"Time Eater","floor":51,"turns":6},{"damage":12,"enemies":"Shield and Spear","floor":55,"turns":7},{"damage":32,"enemies":"The Heart","floor":56,"turns":8}],"seed_played":"7134836408960859855","potions_obtained":[{"floor":1,"key":"SpeedPotion"},{"floor":6,"key":"FearPotion"},{"floor":13,"key":"ColorlessPotion"},{"floor":18,"key":"DistilledChaos"},{"floor":31,"key":"Block Potion"},{"floor":33,"key":"EssenceOfDarkness"},{"floor":37,"key":"Fruit Juice"},{"floor":39,"key":"ColorlessPotion"},{"floor":46,"key":"FocusPotion"},{"floor":55,"key":"Ancient Potion"}],"is_trial":false,"path_per_floor":["M","M","?","M","M","E","?","$","T","M","M","R","E","M","R","B",null,"M","M","?","M","$","R","E","R","T","M","M","E","?","?","R","B",null,"M","$","M","?","?","R","?","$","T","E","M","E","?","?","R","B","B",null,"R","$","E","B",null],"character_chosen":"DEFECT","items_purchased":["Dream Catcher","Eternal Feather","CeramicFish","Sweeping Beam","Membership Card","Defragment","Juzu Bracelet","Akabeko","Self Repair","Lockon","Apotheosis","Anchor","Lee\u0027s Waffle","PowerPotion","Prayer Wheel","Happy Flower","Doom and Gloom","DataDisk","Capacitor","Runic Capacitor","Singing Bowl","Hologram","DollysMirror","Heatsinks","Coolheaded","Mercury Hourglass","PowerPotion"],"campfire_rested":0,"item_purchase_floors":[0,0,0,0,0,0,0,0,0,0,0,0,0,0,8,8,8,22,22,22,36,36,42,42,54,54,54],"current_hp_per_floor":[78,78,78,78,78,85,85,85,85,85,85,85,75,80,85,72,82,67,77,77,85,85,85,85,85,85,77,84,84,95,93,95,95,95,95,95,97,92,99,99,99,99,99,99,99,99,99,99,99,99,91,97,99,99,99,77],"gold":47,"neow_bonus":"","is_daily":false,"chose_seed":false,"campfire_upgraded":7,"win_rate":0.0,"timestamp":1611159724,"path_taken":["M","M","?","M","M","E","?","$","T","M","M","R","E","M","R","BOSS","M","M","?","M","$","R","E","R","T","M","M","E","?","?","R","BOSS","M","$","M","?","?","R","?","$","T","E","M","E","?","?","R","BOSS","BOSS","R","$","E","BOSS"],"items_purchased_type":["Relic","Relic","Relic","Card","Relic","Card","Relic","Relic","Card","Card","Card","Relic","Relic","Potion","Relic","Relic","Card","Relic","Card","Relic","Relic","Card","Relic","Card","Card","Relic","Potion"],"build_version":"2020-12-22","purchased_purges":5,"victory":true,"max_hp_per_floor":[78,78,78,78,78,85,85,85,85,85,85,85,85,85,85,85,85,85,85,85,85,85,85,85,85,85,85,85,85,95,95,95,95,95,95,95,97,92,99,99,99,99,99,99,99,99,99,99,99,99,99,99,99,99,99,99],"relic_stats":{"Darkstone Periapt":0,"Lee\u0027s Waffle":56,"Happy Flower":[77],"Gremlin Horn":[21,21],"Singing Bowl":4,"counters":[93,478],"CeramicFish":333,"Eternal Feather":9,"StoneCalendar":[0],"Juzu Bracelet":5,"Bag of Preparation":[42],"Mercury Hourglass":[48],"Dream Catcher":0,"Lizard Tail":0,"Snecko Eye":[121,119,137,110],"Prayer Wheel":11,"Turnip":[16],"obtain_stats":[{"Gremlin Horn":9,"CeramicFish":0,"Runic Capacitor":0,"Boot":24,"Sozu":34,"Blood Vial":5,"Centennial Puzzle":26,"Lizard Tail":39,"DollysMirror":42,"Strawberry":6,"Philosopher\u0027s Stone":17,"MealTicket":29,"Prayer Wheel":8,"Kunai":24,"Pear":27,"Happy Flower":23,"Astrolabe":34,"Blue Candle":40,"Velvet Choker":17,"Eternal Feather":0,"Letter Opener":0,"Akabeko":0,"OrangePellets":0,"Shuriken":0,"Snecko Eye":34,"Molten Egg 2":0,"CultistMask":12,"Symbiotic Virus":8,"StrikeDummy":47,"Darkstone Periapt":29,"Singing Bowl":36,"StoneCalendar":44,"Incense Burner":0,"Bag of Preparation":12,"Juzu Bracelet":21,"ClockworkSouvenir":10,"Nunchaku":30,"Dream Catcher":0,"Shovel":6,"Mummified Hand":0,"Gambling Chip":9,"Tiny Chest":0,"Red Mask":31,"Cracked Core":0,"InkBottle":9,"Runic Pyramid":17,"Potion Belt":28,"Lee\u0027s Waffle":0,"Golden Idol":5,"PreservedInsect":0,"The Courier":43,"Frozen Egg 2":36,"Mercury Hourglass":54,"Calling Bell":0,"Peace Pipe":7,"Anchor":0,"DataDisk":22,"Ornamental Fan":9,"Turnip":24,"Art of War":40,"Bag of Marbles":0,"Coffee Dripper":17,"Membership Card":0,"TungstenRod":55},{"Gremlin Horn":69,"CeramicFish":16,"Runic Capacitor":43,"Boot":12,"Sozu":34,"Blood Vial":45,"Centennial Puzzle":12,"Lizard Tail":86,"DollysMirror":86,"Strawberry":69,"Philosopher\u0027s Stone":48,"MealTicket":53,"Prayer Wheel":69,"Kunai":52,"Pear":31,"Happy Flower":12,"Astrolabe":55,"Blue Candle":59,"Velvet Choker":25,"Eternal Feather":64,"Letter Opener":43,"Akabeko":64,"OrangePellets":43,"Shuriken":43,"Snecko Eye":83,"Molten Egg 2":0,"CultistMask":6,"Symbiotic Virus":5,"StrikeDummy":40,"Darkstone Periapt":81,"Singing Bowl":84,"StoneCalendar":87,"Incense Burner":0,"Bag of Preparation":47,"Juzu Bracelet":51,"ClockworkSouvenir":5,"Nunchaku":32,"Dream Catcher":64,"Shovel":4,"Mummified Hand":16,"Gambling Chip":20,"Tiny Chest":43,"Red Mask":82,"Cracked Core":0,"InkBottle":5,"Runic Pyramid":8,"Potion Belt":52,"Lee\u0027s Waffle":64,"Golden Idol":3,"PreservedInsect":0,"The Courier":39,"Frozen Egg 2":56,"Mercury Hourglass":91,"Calling Bell":0,"Peace Pipe":20,"Anchor":64,"DataDisk":77,"Ornamental Fan":46,"Turnip":78,"Art of War":39,"Bag of Marbles":43,"Coffee Dripper":74,"Membership Card":64,"TungstenRod":92},{"Gremlin Horn":359,"CeramicFish":61,"Runic Capacitor":227,"Boot":48,"Sozu":157,"Blood Vial":234,"Centennial Puzzle":48,"Lizard Tail":439,"DollysMirror":439,"Strawberry":359,"Philosopher\u0027s Stone":253,"MealTicket":273,"Prayer Wheel":359,"Kunai":269,"Pear":123,"Happy Flower":48,"Astrolabe":288,"Blue Candle":313,"Velvet Choker":97,"Eternal Feather":343,"Letter Opener":227,"Akabeko":343,"OrangePellets":227,"Shuriken":227,"Snecko Eye":426,"Molten Egg 2":0,"CultistMask":25,"Symbiotic Virus":21,"StrikeDummy":195,"Darkstone Periapt":415,"Singing Bowl":430,"StoneCalendar":443,"Incense Burner":0,"Bag of Preparation":244,"Juzu Bracelet":264,"ClockworkSouvenir":21,"Nunchaku":129,"Dream Catcher":343,"Shovel":14,"Mummified Hand":61,"Gambling Chip":75,"Tiny Chest":227,"Red Mask":419,"Cracked Core":0,"InkBottle":21,"Runic Pyramid":35,"Potion Belt":269,"Lee\u0027s Waffle":343,"Golden Idol":12,"PreservedInsect":0,"The Courier":188,"Frozen Egg 2":293,"Mercury Hourglass":463,"Calling Bell":0,"Peace Pipe":75,"Anchor":343,"DataDisk":394,"Ornamental Fan":237,"Turnip":398,"Art of War":188,"Bag of Marbles":227,"Coffee Dripper":381,"Membership Card":343,"TungstenRod":470}],"TungstenRod":11},"card_choices":[{"not_picked":["Lockon","Sweeping Beam"],"picked":"Rip and Tear","floor":1},{"not_picked":["Heatsinks","Rip and Tear"],"picked":"Conserve Battery","floor":2},{"not_picked":["Fusion","Compile Driver"],"picked":"Cold Snap","floor":4},{"not_picked":["Stack","Capacitor","Leap"],"picked":"SKIP","floor":5},{"not_picked":["Coolheaded","Darkness","Hologram"],"picked":"SKIP","floor":6},{"not_picked":["Recycle","Steam"],"picked":"Reinforced Body","floor":10},{"not_picked":["Go for the Eyes","Aggregate"],"picked":"Fission","floor":10},{"not_picked":["Rebound","Stack"],"picked":"Chill","floor":11},{"not_picked":["Turbo","Chill"],"picked":"Heatsinks","floor":11},{"not_picked":["Fission","BootSequence"],"picked":"Barrage","floor":13},{"not_picked":["Compile Driver","Ball Lightning"],"picked":"Defragment","floor":14},{"not_picked":["Leap","Gash"],"picked":"Compile Driver","floor":14},{"not_picked":["Machine Learning","Creative AI"],"picked":"Echo Form","floor":16},{"not_picked":["Reinforced Body","Steam","Redo"],"picked":"SKIP","floor":18},{"not_picked":["Beam Cell","Barrage","Tempest"],"picked":"SKIP","floor":18},{"not_picked":["Gash","Doom and Gloom"],"picked":"Cold Snap","floor":19},{"not_picked":["Redo","Heatsinks","Ball Lightning"],"picked":"SKIP","floor":19},{"not_picked":["Conserve Battery","Sunder+1"],"picked":"Biased Cognition","floor":21},{"not_picked":["Beam Cell+1","Double Energy"],"picked":"Stack","floor":21},{"not_picked":["Coolheaded","Conserve Battery+1"],"picked":"Amplify","floor":24},{"not_picked":["Ball Lightning","Cold Snap"],"picked":"Barrage+1","floor":27},{"not_picked":["BootSequence","Gash","Beam Cell"],"picked":"SKIP","floor":27},{"not_picked":["Gash","Reinforced Body"],"picked":"Hologram+1","floor":28},{"not_picked":["Steam","Leap","Ball Lightning"],"picked":"SKIP","floor":28},{"not_picked":["Streamline","Lockon","Double Energy"],"picked":"SKIP","floor":29},{"not_picked":["Blizzard","Chill"],"picked":"Defragment","floor":31},{"not_picked":["Thunder Strike","Hyperbeam"],"picked":"Meteor Strike","floor":33},{"not_picked":["Ball Lightning","Rip and Tear+1","Cold Snap"],"picked":"SKIP","floor":35},{"not_picked":["Compile Driver","Rip and Tear","Chaos+1"],"picked":"SKIP","floor":35},{"not_picked":["Turbo","Chill"],"picked":"Barrage+1","floor":37},{"not_picked":["Turbo+1","Gash","Chill"],"picked":"Singing Bowl","floor":37},{"not_picked":["Gash","Redo","Sweeping Beam"],"picked":"Singing Bowl","floor":39},{"not_picked":["Melter","Compile Driver"],"picked":"Hologram+1","floor":44},{"not_picked":["Steam","Redo"],"picked":"Hologram","floor":45},{"not_picked":["Ball Lightning","Sweeping Beam"],"picked":"Barrage","floor":45},{"not_picked":["Reprogram+1","Doom and Gloom"],"picked":"Rainbow","floor":46},{"not_picked":["BootSequence+1","Melter"],"picked":"Leap+1","floor":55}],"player_experience":793793,"relics_obtained":[{"floor":6,"key":"Strawberry"},{"floor":9,"key":"Gremlin Horn"},{"floor":13,"key":"Incense Burner"},{"floor":24,"key":"Turnip"},{"floor":26,"key":"Symbiotic Virus"},{"floor":29,"key":"Darkstone Periapt"},{"floor":31,"key":"Red Mask"},{"floor":39,"key":"Lizard Tail"},{"floor":44,"key":"StoneCalendar"},{"floor":46,"key":"Bag of Preparation"},{"floor":55,"key":"TungstenRod"}],"event_choices":[{"damage_healed":0,"gold_gain":0,"player_choice":"Grow","damage_taken":0,"max_hp_gain":0,"max_hp_loss":0,"event_name":"Living Wall","floor":3,"gold_loss":0,"cards_upgraded":["Apotheosis"]},{"damage_healed":0,"gold_gain":150,"player_choice":"AGREE","damage_taken":0,"max_hp_gain":0,"max_hp_loss":0,"event_name":"Liars Game","floor":7,"gold_loss":0,"cards_obtained":["Doubt"]},{"damage_healed":0,"gold_gain":0,"player_choice":"Simplicity","damage_taken":0,"max_hp_gain":0,"max_hp_loss":0,"event_name":"Back to Basics","floor":20,"gold_loss":0,"cards_upgraded":["Strike_B","Strike_B","Strike_B","Defend_B","Defend_B","Defend_B","Defend_B"]},{"cards_removed":["Amplify"],"damage_healed":1,"gold_gain":0,"player_choice":"Offered Rare","damage_taken":0,"max_hp_gain":10,"max_hp_loss":0,"event_name":"Bonfire Elementals","floor":30,"gold_loss":0},{"damage_healed":0,"gold_gain":0,"player_choice":"Fought Bandits","damage_taken":0,"max_hp_gain":0,"max_hp_loss":0,"event_name":"Masked Bandits","floor":31,"gold_loss":0},{"damage_healed":0,"gold_gain":0,"player_choice":"Max HP","damage_taken":0,"max_hp_gain":0,"max_hp_loss":5,"event_name":"Winding Halls","floor":38,"gold_loss":0},{"damage_healed":0,"gold_gain":0,"player_choice":"Fight","damage_taken":0,"max_hp_gain":0,"max_hp_loss":0,"event_name":"MindBloom","floor":39,"gold_loss":0},{"cards_removed":["Conserve Battery"],"damage_healed":0,"gold_gain":0,"player_choice":"Removed Skill","damage_taken":0,"max_hp_gain":0,"max_hp_loss":0,"event_name":"Falling","floor":41,"gold_loss":0},{"cards_removed":["Strike_B"],"damage_healed":0,"gold_gain":0,"player_choice":"Upgrade and Remove","damage_taken":0,"max_hp_gain":0,"max_hp_loss":0,"event_name":"Designer","floor":47,"gold_loss":110,"cards_upgraded":["Lockon"]},{"damage_healed":0,"gold_gain":222,"player_choice":"Wore Mask","damage_taken":0,"max_hp_gain":0,"max_hp_loss":0,"event_name":"Tomb of Lord Red Mask","floor":48,"gold_loss":0}],"is_beta":false,"boss_relics":[{"not_picked":["Nuclear Battery","Black Star"],"picked":"Coffee Dripper"},{"not_picked":["Busted Crown","Inserter"],"picked":"Snecko Eye"}],"items_purged_floors":[0,8,22,36,54],"is_endless":false,"potions_floor_spawned":[1,5,6,13,14,18,19,21,31,33,37,39,46,55],"ascension_level":20}}