{"host":"miejrq8yypas90n2","time":1611149069,"event":{"mods":["100% Spire Juice","Act Like it!","BaseMod","Colored Powertips","Gensokyo","Marisa£®ÏF”Í°°ƒß¿Ì…≥£©","Minty Spire (QoL Compilation)","Reimu£®≤©¿ˆ¡È√Œ£©","StSLib","The Gatherer"],"gold_per_floor":[18,18,18,18,30,30,48,67,116,132,132,146,166,179,179,282,282,272,272,157,157,157,157,172,197,197,228,228,31,31,31,31,136,136,147,147,9,22,37,37,48,48,74,74,23,40,56,91,91,91,91,91,58,90,90,90],"floor_reached":55,"language":"ZHS","playtime":3889,"items_purged":["Strike_Lin:ReiMu","Strike_Lin:ReiMu"],"score":787,"play_id":"5fcb5688-91f8-4871-b906-1c69ff7fd7d1","local_time":"20210120212429","is_ascension_mode":true,"campfire_choices":[{"data":"SealNeedle:ReiMu","floor":6.0,"key":"SMITH"},{"data":"CardOfSanctity:ReiMu","floor":11.0,"key":"SMITH"},{"data":"Revelation:ReiMu","floor":15.0,"key":"SMITH"},{"data":"RitualDagger","floor":23.0,"key":"SMITH"},{"data":"SubcavityFantasy:ReiMu","floor":28.0,"key":"SMITH"},{"data":"Enlightenment","floor":30.0,"key":"SMITH"},{"floor":32.0,"key":"RECALL"},{"data":"Conquer:ReiMu","floor":40.0,"key":"SMITH"},{"data":"Gathering:ReiMu","floor":42.0,"key":"SMITH"},{"data":"MikOfLucky:ReiMu","floor":49.0,"key":"SMITH"},{"data":"SubAcupoint:ReiMu","floor":52.0,"key":"SMITH"}],"circlet_count":0,"master_deck":["Strike_Lin:ReiMu","Strike_Lin:ReiMu","Defend_Lin:ReiMu","Defend_Lin:ReiMu","Defend_Lin:ReiMu","Defend_Lin:ReiMu","NB:ReiMu","Stagnation:ReiMu","CardOfSanctity:ReiMu+1","SealNeedle:ReiMu+1","Revelation:ReiMu+1","SafetyPray:ReiMu","SubAcupoint:ReiMu+1","ManaGlint:ReiMu","SubcavityFantasy:ReiMu+1","Conquer:ReiMu+1","Necronomicurse","Gathering:ReiMu+1","Ghostly","Ghostly","Ghostly","Ghostly","Ghostly","RitualDagger+1","PassingAway:ReiMu","MountainWay:ReiMu+1","Enlightenment+1","Metamorphosis","MikOfLucky:ReiMu+1","SealNeedle:ReiMu+1","CeremonyResonance:ReiMu","RainPray2:ReiMu","Parasite","ManaGlint:ReiMu+1","Enchanting:ReiMu+1","PrepareRite:ReiMu"],"relics":["FlyPower:ReiMu","Art of War","Coffee Dripper","Necronomicon","Dream Catcher","Tea:ReiMu","PreservedInsect","RedLine:ReiMu","Molten Egg 2","Mercury Hourglass","Mastiff:ReiMu"],"acts_visited":["Exordium","TheCity","TheBeyond","TheEnding"],"potions_floor_usage":[55],"damage_taken":[{"damage":0.0,"enemies":"2 Louse","floor":1.0,"turns":4.0},{"damage":0.0,"enemies":"Jaw Worm","floor":5.0,"turns":5.0},{"damage":1.0,"enemies":"Cultist","floor":7.0,"turns":4.0},{"damage":6.0,"enemies":"Large Slime","floor":8.0,"turns":8.0},{"damage":5.0,"enemies":"3 Louse","floor":10.0,"turns":7.0},{"damage":7.0,"enemies":"Blue Slaver","floor":12.0,"turns":5.0},{"damage":0.0,"enemies":"Looter","floor":13.0,"turns":4.0},{"damage":4.0,"enemies":"2 Fungi Beasts","floor":14.0,"turns":5.0},{"damage":12.0,"enemies":"Slime Boss","floor":16.0,"turns":7.0},{"damage":0.0,"enemies":"2 Thieves","floor":18.0,"turns":4.0},{"damage":0.0,"enemies":"Chosen","floor":24.0,"turns":4.0},{"damage":3.0,"enemies":"Gremlin Leader","floor":25.0,"turns":8.0},{"damage":4.0,"enemies":"Book of Stabbing","floor":27.0,"turns":5.0},{"damage":12.0,"enemies":"Champ","floor":33.0,"turns":13.0},{"damage":16.0,"enemies":"Orb Walker","floor":35.0,"turns":8.0},{"damage":0.0,"enemies":"3 Shapes","floor":38.0,"turns":1.0},{"damage":5.0,"enemies":"Maw","floor":39.0,"turns":9.0},{"damage":5.0,"enemies":"4 Shapes","floor":41.0,"turns":5.0},{"damage":0.0,"enemies":"Writhing Mass","floor":46.0,"turns":11.0},{"damage":0.0,"enemies":"Maw","floor":47.0,"turns":10.0},{"damage":1.0,"enemies":"Reptomancer","floor":48.0,"turns":4.0},{"damage":2.0,"enemies":"Donu and Deca","floor":50.0,"turns":9.0},{"damage":0.0,"enemies":"Shield and Spear","floor":54.0,"turns":6.0},{"damage":37,"enemies":"The Heart","floor":55,"turns":8}],"seed_played":"-8854969408897761627","potions_obtained":[{"floor":4.0,"key":"Block Potion"},{"floor":4.0,"key":"PinkPotion:ReiMu"},{"floor":4.0,"key":"PinkPotion:ReiMu"},{"floor":8.0,"key":"PinkPotion:ReiMu"},{"floor":10.0,"key":"GrandPatriotsElixir:ReiMu"},{"floor":13.0,"key":"Regen Potion"},{"floor":24.0,"key":"PowerPotion"},{"floor":47.0,"key":"SmokeBomb"}],"is_trial":false,"path_per_floor":["M","$","?","?","M","R","M","M","T","M","R","M","M","M","R","B",null,"M","?","$","?","?","R","M","E","T","E","R","$","R","$","R","B",null,"M","?","?","M","M","R","M","R","T","?","$","M","M","E","R","B",null,"R","$","E","B"],"character_chosen":"REIMU","items_purchased":["Gathering:ReiMu","Enlightenment","SkillPotion","PrepareRite:ReiMu"],"campfire_rested":0,"item_purchase_floors":[20,29,45,53],"current_hp_per_floor":[65,65,70,70,70,70,69,63,63,58,58,51,51,47,47,35,70,70,54,54,35,29,29,29,26,26,22,22,22,32,32,35,23,35,19,19,19,19,23,33,28,35,35,35,35,35,35,34,34,32,35,35,35,35,0,0],"gold":90,"neow_bonus":"THREE_RARE_CARDS","is_daily":false,"chose_seed":false,"campfire_upgraded":10,"win_rate":0.0,"timestamp":1611149069,"path_taken":["M","$","?","?","M","R","M","M","T","M","R","M","M","?","R","BOSS","M","?","$","?","?","R","M","E","T","E","R","?","R","?","R","BOSS","M","?","?","M","?","R","M","R","T","?","$","M","M","E","R","BOSS","R","$","E","BOSS"],"items_purchased_type":["Card","Card","Potion","Card"],"build_version":"2020-12-22","purchased_purges":2,"victory":false,"max_hp_per_floor":[65,65,70,70,70,70,70,70,70,70,70,70,70,70,70,70,70,70,70,70,35,35,35,35,35,35,35,35,35,35,35,35,35,35,35,35,35,35,35,35,35,35,35,35,35,35,35,35,35,35,35,35,35,35,35,35],"card_choices":[{"not_picked":["CleanRite:ReiMu","Determination:ReiMu"],"picked":"CardOfSanctity:ReiMu","floor":0.0},{"not_picked":["Enchanting:ReiMu","FoulBorder2:ReiMu"],"picked":"SealNeedle:ReiMu","floor":1.0},{"not_picked":["OctopathBindingBorder2:ReiMu","Meditation:ReiMu"],"picked":"Revelation:ReiMu","floor":5.0},{"not_picked":["TightArray:ReiMu","EmergencyTakeOff:ReiMu","Dreaming2:ReiMu"],"picked":"SKIP","floor":7.0},{"not_picked":["DoubleButterfly:ReiMu","SubcavityInstant:ReiMu"],"picked":"SafetyPray:ReiMu","floor":8.0},{"not_picked":["PayForSelf:ReiMu","Intuition:ReiMu","CareerPray:ReiMu"],"picked":"SKIP","floor":10.0},{"not_picked":["SpreadBorder2:ReiMu","OrbThrow:ReiMu","LearningPray:ReiMu"],"picked":"SKIP","floor":12.0},{"not_picked":["SpiritualOutbreak2:ReiMu","YinYangSange:ReiMu"],"picked":"SubAcupoint:ReiMu","floor":13.0},{"not_picked":["Intuition:ReiMu","SpringWay:ReiMu"],"picked":"ManaGlint:ReiMu","floor":14.0},{"not_picked":["Shading:ReiMu","Authority:ReiMu"],"picked":"SubcavityFantasy:ReiMu","floor":16.0},{"not_picked":["Enchanting:ReiMu","Intuition:ReiMu"],"picked":"Conquer:ReiMu","floor":18.0},{"not_picked":["Amulet:ReiMu","Enchanting:ReiMu","EmergencyTakeOff:ReiMu"],"picked":"SKIP","floor":24.0},{"not_picked":["SubcavityInstant:ReiMu","Determination:ReiMu"],"picked":"PassingAway:ReiMu","floor":25.0},{"not_picked":["AirManeuver:ReiMu","SpringWay:ReiMu"],"picked":"MountainWay:ReiMu+1","floor":27.0},{"not_picked":["YinYangSange:ReiMu","SpreadBorder2:ReiMu+1","Meditation:ReiMu"],"picked":"SKIP","floor":35.0},{"not_picked":["Enlightenment","Dramatic Entrance"],"picked":"Metamorphosis","floor":36.0},{"not_picked":["AlertArray:ReiMu+1","SpringWay:ReiMu","PayForSelf:ReiMu+1"],"picked":"SKIP","floor":38.0},{"not_picked":["SafetyPray:ReiMu+1","SubcavityInstant:ReiMu+1"],"picked":"MikOfLucky:ReiMu","floor":39.0},{"not_picked":["WonderfulDomain:ReiMu","YinYangSange:ReiMu+1"],"picked":"SealNeedle:ReiMu+1","floor":41.0},{"not_picked":["AlertArray:ReiMu+1","WonderfulDomain:ReiMu"],"picked":"ManaGlint:ReiMu+1","floor":46.0},{"not_picked":["EmergencyTakeOff:ReiMu","UniversalSpiritual:ReiMu","Intuition:ReiMu"],"picked":"SKIP","floor":47.0},{"not_picked":["EmergencyTakeOff:ReiMu","UniversalSpiritual:ReiMu","Intuition:ReiMu"],"picked":"SKIP","floor":47.0},{"not_picked":["UpKicking:ReiMu+1","Enchanting:ReiMu+1","Intuition:ReiMu+1"],"picked":"SKIP","floor":48.0},{"not_picked":["UpKicking:ReiMu+1","Intuition:ReiMu+1"],"picked":"Enchanting:ReiMu+1","floor":48.0},{"not_picked":["TightArray:ReiMu+1","EmergencyTakeOff:ReiMu+1","SafetyPray:ReiMu"],"picked":"SKIP","floor":54.0}],"player_experience":284292,"relics_obtained":[{"floor":9.0,"key":"Art of War"},{"floor":19.0,"key":"Necronomicon"},{"floor":25.0,"key":"Dream Catcher"},{"floor":26.0,"key":"Tea:ReiMu"},{"floor":27.0,"key":"PreservedInsect"},{"floor":48.0,"key":"Mercury Hourglass"},{"floor":54.0,"key":"Mastiff:ReiMu"}],"event_choices":[{"damage_healed":0.0,"max_hp_gain":5.0,"max_hp_loss":0.0,"gold_gain":0.0,"event_name":"Big Fish","player_choice":"Donut","floor":3.0,"gold_loss":0.0,"damage_taken":0.0},{"damage_healed":0.0,"max_hp_gain":0.0,"max_hp_loss":0.0,"gold_gain":0.0,"event_name":"Lab","player_choice":"Got Potions","floor":4.0,"gold_loss":0.0,"damage_taken":0.0},{"damage_healed":0.0,"max_hp_gain":0.0,"max_hp_loss":0.0,"gold_gain":0.0,"event_name":"Cursed Tome","player_choice":"Obtained Book","floor":19.0,"gold_loss":0.0,"damage_taken":16.0},{"damage_healed":0.0,"max_hp_gain":0.0,"max_hp_loss":35.0,"gold_gain":0.0,"event_name":"Ghosts","player_choice":"Became a Ghost","floor":21.0,"gold_loss":0.0,"damage_taken":0.0,"cards_obtained":["Ghostly","Ghostly","Ghostly","Ghostly","Ghostly"]},{"damage_healed":0.0,"max_hp_gain":0.0,"max_hp_loss":0.0,"gold_gain":0.0,"event_name":"Nest","player_choice":"Joined the Cult","floor":22.0,"gold_loss":0.0,"damage_taken":6.0,"cards_obtained":["RitualDagger"]},{"damage_healed":0.0,"max_hp_gain":0.0,"max_hp_loss":0.0,"gold_gain":0.0,"event_name":"SensoryStone","player_choice":"Memory 1","floor":36.0,"gold_loss":0.0,"damage_taken":0.0},{"damage_healed":0.0,"max_hp_gain":0.0,"max_hp_loss":0.0,"gold_gain":0.0,"event_name":"WeMeetAgain","player_choice":"Paid Gold","floor":37.0,"gold_loss":138.0,"damage_taken":0.0,"relics_obtained":["Molten Egg 2"]},{"damage_healed":0.0,"max_hp_gain":0.0,"max_hp_loss":0.0,"gold_gain":0.0,"event_name":"Match and Keep!","player_choice":"2 cards matched","floor":44.0,"gold_loss":0.0,"damage_taken":0.0,"cards_obtained":["CeremonyResonance:ReiMu","RainPray2:ReiMu"]}],"is_beta":false,"boss_relics":[{"not_picked":["Philosopher\u0027s Stone","Ectoplasm"],"picked":"Coffee Dripper"},{"not_picked":["Velvet Choker","Runic Dome"],"picked":"RedLine:ReiMu"}],"items_purged_floors":[20,29],"is_endless":false,"potions_floor_spawned":[8,10,13,24,27,35,47],"killed_by":"The Heart","ascension_level":1}}