{"host":"j4g6ia6asvpyu2b0","time":1611150738,"event":{"mods":["BaseMod","Colored Map","Minty Spire (QoL Compilation)","Permanent Neow","Quick Restart","Relic Stats","StSLib","Unceasing Turn Reminder"],"gold_per_floor":[111,124,54,69,69,69,95,95,95,95,106,119,133,168,168,271,271,289,564,579,579,191,218,230,263,263,279,279,292,292,391,391,495,495,510,525,575,626,303,333,333,333,359,359,392,427,427,427,427,427,427,427,17,50,50],"floor_reached":56,"language":"ENG","playtime":2264,"items_purged":["Regret","Strike_B","Pain"],"score":2025,"play_id":"2932e2b5-36e5-49a8-9085-20693d0d3920","local_time":"20210120065218","is_ascension_mode":true,"campfire_choices":[{"data":"Loop","floor":6,"key":"SMITH"},{"data":"Streamline","floor":8,"key":"SMITH"},{"data":"Zap","floor":10,"key":"SMITH"},{"data":"Defragment","floor":15,"key":"SMITH"},{"data":"Seek","floor":28,"key":"SMITH"},{"data":"Coolheaded","floor":30,"key":"SMITH"},{"floor":32,"key":"RECALL"},{"data":"Storm","floor":41,"key":"SMITH"},{"data":"Amplify","floor":44,"key":"SMITH"},{"data":"Strike_B","floor":47,"key":"PURGE"},{"data":"Buffer","floor":49,"key":"SMITH"},{"data":"Capacitor","floor":52,"key":"SMITH"}],"circlet_count":0,"master_deck":["AscendersBane","Defend_B","Defend_B","Defend_B","Defend_B","Zap+1","Dualcast+1","Rainbow","Streamline+1","Melter","Loop+1","Gash","Core Surge","Gash","Compile Driver","Defragment+1","Seek+1","All For One","Self Repair+1","Sweeping Beam","Chill+1","Amplify+1","Coolheaded+1","Gash+1","Doom and Gloom","Echo Form","Gash","Buffer+1","Hologram","Capacitor+1","Storm+1","Echo Form","Loop","Conserve Battery"],"relics":["Cracked Core","Turnip","Mango","Thread and Needle","Toy Ornithopter","Coffee Dripper","TungstenRod","Singing Bowl","Incense Burner","WingedGreaves","Cursed Key","Dead Branch","Peace Pipe","OrangePellets","Darkstone Periapt","War Paint","Centennial Puzzle","Cauldron","Pantograph"],"acts_visited":["Exordium","TheCity","TheBeyond","TheEnding"],"potions_floor_usage":[7,14,23,25,46,55,55,55,55],"damage_taken":[{"damage":6,"enemies":"2 Louse","floor":1,"turns":3},{"damage":0,"enemies":"Small Slimes","floor":2,"turns":3},{"damage":0,"enemies":"Cultist","floor":4,"turns":3},{"damage":30,"enemies":"Lagavulin","floor":7,"turns":6},{"damage":4,"enemies":"Blue Slaver","floor":11,"turns":3},{"damage":0,"enemies":"Exordium Thugs","floor":12,"turns":3},{"damage":5,"enemies":"3 Louse","floor":13,"turns":3},{"damage":11,"enemies":"3 Sentries","floor":14,"turns":4},{"damage":29,"enemies":"Hexaghost","floor":16,"turns":8},{"damage":3,"enemies":"Chosen","floor":18,"turns":3},{"damage":0,"enemies":"Spheric Guardian","floor":20,"turns":3},{"damage":44,"enemies":"Book of Stabbing","floor":23,"turns":5},{"damage":13,"enemies":"Snecko","floor":24,"turns":4},{"damage":24,"enemies":"Gremlin Leader","floor":25,"turns":6},{"damage":0,"enemies":"Centurion and Healer","floor":27,"turns":6},{"damage":7,"enemies":"Shelled Parasite and Fungi","floor":29,"turns":4},{"damage":23,"enemies":"Automaton","floor":33,"turns":9},{"damage":0,"enemies":"Orb Walker","floor":35,"turns":4},{"damage":0,"enemies":"3 Shapes","floor":36,"turns":3},{"damage":0,"enemies":"Mind Bloom Boss Battle","floor":37,"turns":5},{"damage":34,"enemies":"2 Orb Walkers","floor":38,"turns":4},{"damage":32,"enemies":"Reptomancer","floor":40,"turns":5},{"damage":0,"enemies":"Giant Head","floor":45,"turns":5},{"damage":11,"enemies":"Reptomancer","floor":46,"turns":4},{"damage":46,"enemies":"Awakened One","floor":50,"turns":9},{"damage":51,"enemies":"Shield and Spear","floor":54,"turns":6},{"damage":14,"enemies":"The Heart","floor":55,"turns":10}],"seed_played":"-8395458300483621338","potions_obtained":[{"floor":1,"key":"SteroidPotion"},{"floor":2,"key":"Regen Potion"},{"floor":7,"key":"FearPotion"},{"floor":16,"key":"BlessingOfTheForge"},{"floor":24,"key":"LiquidMemories"},{"floor":29,"key":"ColorlessPotion"},{"floor":36,"key":"LiquidMemories"},{"floor":40,"key":"DistilledChaos"},{"floor":53,"key":"EntropicBrew"}],"is_trial":false,"path_per_floor":["M","M","$","M","?","R","E","R","T","R","M","M","M","E","R","B",null,"M","?","M","?","$","E","M","E","T","M","R","M","R","?","R","B",null,"M","M","?","?","$","E","R","?","T","R","E","E","R","?","R","B",null,"R","$","E","B",null],"character_chosen":"DEFECT","items_purchased":["Loop","TungstenRod","OrangePellets","Capacitor","Loop","Conserve Battery","Cauldron"],"campfire_rested":0,"item_purchase_floors":[3,22,39,39,53,53,53],"current_hp_per_floor":[62,62,62,62,55,55,54,54,54,54,50,50,45,34,34,5,68,65,65,65,65,65,36,33,24,24,44,44,57,57,57,57,44,78,89,91,91,67,67,45,45,45,51,51,51,57,57,57,57,21,80,80,80,51,82],"gold":50,"neow_bonus":"TRANSFORM_CARD","is_daily":false,"chose_seed":false,"campfire_upgraded":10,"win_rate":0.0,"timestamp":1611150738,"path_taken":["M","M","$","M","?","R","E","R","T","R","M","M","M","E","R","BOSS","M","?","?","?","$","E","M","E","T","M","R","?","R","?","R","BOSS","M","M","?","?","$","E","R","?","T","R","E","E","R","?","R","BOSS","R","$","E","BOSS"],"items_purchased_type":["Card","Relic","Relic","Card","Card","Card","Relic"],"build_version":"2020-12-22","purchased_purges":3,"victory":true,"max_hp_per_floor":[75,75,75,75,75,75,89,89,89,89,89,89,89,89,89,89,89,89,89,89,89,89,89,89,89,89,89,89,89,89,89,89,89,89,89,91,91,91,91,91,91,91,97,97,97,99,99,99,99,99,99,99,99,101,101],"relic_stats":{"Darkstone Periapt":6,"Singing Bowl":6,"counters":[27,129],"Dead Branch":[46],"War Paint":["Chill","Dualcast"],"Cursed Key":1,"Peace Pipe":1,"OrangePellets":[4],"Centennial Puzzle":[9],"Pantograph":25,"Turnip":[13],"obtain_stats":[{"Darkstone Periapt":40,"Singing Bowl":23,"Dead Branch":37,"Mango":7,"Thread and Needle":9,"Incense Burner":25,"War Paint":45,"Cursed Key":34,"Peace Pipe":38,"OrangePellets":39,"Cauldron":53,"Centennial Puzzle":46,"Pantograph":54,"Turnip":5,"WingedGreaves":26,"Coffee Dripper":17,"Cracked Core":0,"Toy Ornithopter":14,"TungstenRod":22},{"Darkstone Periapt":22,"Singing Bowl":12,"Dead Branch":20,"Mango":4,"Thread and Needle":4,"Incense Burner":14,"War Paint":23,"Cursed Key":17,"Peace Pipe":21,"OrangePellets":21,"Cauldron":25,"Centennial Puzzle":24,"Pantograph":26,"Turnip":3,"WingedGreaves":14,"Coffee Dripper":9,"Cracked Core":0,"Toy Ornithopter":8,"TungstenRod":11},{"Darkstone Periapt":96,"Singing Bowl":46,"Dead Branch":87,"Mango":14,"Thread and Needle":14,"Incense Burner":56,"War Paint":100,"Cursed Key":75,"Peace Pipe":91,"OrangePellets":91,"Cauldron":113,"Centennial Puzzle":104,"Pantograph":119,"Turnip":9,"WingedGreaves":56,"Coffee Dripper":35,"Cracked Core":0,"Toy Ornithopter":27,"TungstenRod":41}],"Toy Ornithopter":35,"TungstenRod":86},"card_choices":[{"not_picked":["Undo","Hologram"],"picked":"Streamline","floor":1},{"not_picked":["Barrage","Cold Snap"],"picked":"Melter","floor":2},{"not_picked":["Turbo","Machine Learning"],"picked":"Gash","floor":4},{"not_picked":["Leap","Conserve Battery"],"picked":"Core Surge","floor":7},{"not_picked":["Barrage","Turbo"],"picked":"Gash","floor":11},{"not_picked":["Barrage","Recycle"],"picked":"Compile Driver","floor":12},{"not_picked":["Sweeping Beam","Conserve Battery"],"picked":"Defragment","floor":13},{"not_picked":["Tempest","Stack"],"picked":"Seek","floor":14},{"not_picked":["Biased Cognition","Hyperbeam"],"picked":"All For One","floor":16},{"not_picked":["Consume","Cold Snap"],"picked":"Self Repair+1","floor":18},{"not_picked":["Darkness","Beam Cell"],"picked":"Sweeping Beam","floor":20},{"not_picked":["Doom and Gloom","Hologram"],"picked":"Chill","floor":23},{"not_picked":["Scrape","Cold Snap"],"picked":"Amplify","floor":24},{"not_picked":["Hello World","Compile Driver"],"picked":"Coolheaded","floor":25},{"not_picked":["Rebound","Coolheaded"],"picked":"Gash+1","floor":27},{"not_picked":["Beam Cell","Skim"],"picked":"Doom and Gloom","floor":29},{"not_picked":["Amplify","Electrodynamics"],"picked":"Echo Form","floor":33},{"not_picked":["Stack+1","Streamline"],"picked":"Gash","floor":35},{"not_picked":["Leap","Streamline","Barrage+1"],"picked":"Singing Bowl","floor":36},{"not_picked":["Sweeping Beam","Hologram"],"picked":"Buffer","floor":37},{"not_picked":["Darkness","Stack"],"picked":"Hologram","floor":38},{"not_picked":["Steam","FTL"],"picked":"Storm","floor":40},{"not_picked":["Turbo","Lockon+1"],"picked":"Echo Form","floor":45},{"not_picked":["Hologram","Redo","Cold Snap+1"],"picked":"Singing Bowl","floor":46},{"not_picked":["Turbo","Steam","Doom and Gloom"],"picked":"Singing Bowl","floor":54}],"player_experience":881362,"relics_obtained":[{"floor":7,"key":"Mango"},{"floor":9,"key":"Thread and Needle"},{"floor":14,"key":"Toy Ornithopter"},{"floor":23,"key":"Singing Bowl"},{"floor":25,"key":"Incense Burner"},{"floor":26,"key":"WingedGreaves"},{"floor":37,"key":"Dead Branch"},{"floor":38,"key":"Peace Pipe"},{"floor":40,"key":"Darkstone Periapt"},{"floor":45,"key":"War Paint"},{"floor":46,"key":"Centennial Puzzle"},{"floor":54,"key":"Pantograph"}],"event_choices":[{"damage_healed":0,"gold_gain":0,"player_choice":"Success","damage_taken":7,"relics_obtained":["Turnip"],"max_hp_gain":0,"max_hp_loss":0,"event_name":"Scrap Ooze","floor":5,"gold_loss":0},{"damage_healed":0,"gold_gain":275,"player_choice":"Desecrate","damage_taken":0,"max_hp_gain":0,"max_hp_loss":0,"event_name":"Golden Shrine","floor":19,"gold_loss":0,"cards_obtained":["Regret"]},{"damage_healed":0,"gold_gain":0,"player_choice":"Ignored","damage_taken":0,"max_hp_gain":0,"max_hp_loss":0,"event_name":"N\u0027loth","floor":21,"gold_loss":0},{"damage_healed":0,"gold_gain":99,"player_choice":"Stole From Cult","damage_taken":0,"max_hp_gain":0,"max_hp_loss":0,"event_name":"Nest","floor":31,"gold_loss":0},{"damage_healed":0,"gold_gain":0,"player_choice":"Fight","damage_taken":0,"max_hp_gain":0,"max_hp_loss":0,"event_name":"MindBloom","floor":37,"gold_loss":0},{"damage_healed":0,"gold_gain":0,"player_choice":"Fight","damage_taken":0,"max_hp_gain":0,"max_hp_loss":0,"event_name":"Mysterious Sphere","floor":38,"gold_loss":0},{"cards_removed":["Strike_B"],"damage_healed":0,"gold_gain":0,"player_choice":"Removed Attack","damage_taken":0,"max_hp_gain":0,"max_hp_loss":0,"event_name":"Falling","floor":42,"gold_loss":0},{"damage_healed":0,"gold_gain":0,"player_choice":"Ignored","damage_taken":0,"max_hp_gain":0,"max_hp_loss":0,"event_name":"Tomb of Lord Red Mask","floor":48,"gold_loss":0}],"is_beta":false,"boss_relics":[{"not_picked":["Snecko Eye","FrozenCore"],"picked":"Coffee Dripper"},{"not_picked":["Empty Cage","Nuclear Battery"],"picked":"Cursed Key"}],"items_purged_floors":[22,39,53],"is_endless":false,"potions_floor_spawned":[1,2,7,16,24,29,35,36,40,45],"ascension_level":12}}