{"host":"szp1d6dso4pv7ddl","time":1611174250,"event":{"mods":["AchievementEnabler","Alarm Clock","BaseMod","Bestiary","Block Reminder","Colored Map","Colored Powertips","Curses Come First","Dark Map","Displayed Cursed Tome","Highlight Path","Minty Spire (QoL Compilation)","Permanent Neow","Quick Restart","Relic Sorter","Relic Stats","StSLib","Synergy Search"],"gold_per_floor":[213,232,24,24,44,44,74,90,117,143,143,143,143,143,143,219,269,280,292,292,292,292,292],"floor_reached":22,"language":"ENG","playtime":1147,"items_purged":[],"score":336,"play_id":"05bd5039-5797-44bf-b639-866a4c2b378f","local_time":"20210120122410","is_ascension_mode":true,"campfire_choices":[{"data":"Bash","floor":6,"key":"SMITH"},{"floor":11,"key":"REST"},{"floor":13,"key":"REST"},{"data":"Shrug It Off","floor":15,"key":"SMITH"}],"circlet_count":0,"master_deck":["AscendersBane","Strike_R","Strike_R","Strike_R+1","Strike_R+1","Defend_R+1","Defend_R","Bash+1","Pommel Strike","Ghostly Armor","Shrug It Off+1","Flame Barrier","Iron Wave","Offering","Berserk","Shrug It Off","Cleave","Wild Strike","Intimidate"],"relics":["Burning Blood","Bag of Marbles","Potion Belt","Centennial Puzzle","Whetstone","Tiny House"],"acts_visited":["Exordium","TheCity"],"potions_floor_usage":[10,10,16,19],"damage_taken":[{"damage":6,"enemies":"Cultist","floor":1,"turns":3},{"damage":9,"enemies":"2 Louse","floor":2,"turns":3},{"damage":0,"enemies":"Small Slimes","floor":5,"turns":3},{"damage":42,"enemies":"3 Sentries","floor":7,"turns":11},{"damage":1,"enemies":"Looter","floor":8,"turns":4},{"damage":31,"enemies":"Lagavulin","floor":10,"turns":7},{"damage":39,"enemies":"Hexaghost","floor":16,"turns":12},{"damage":47,"enemies":"Spheric Guardian","floor":18,"turns":10},{"damage":13,"enemies":"3 Byrds","floor":19,"turns":7},{"damage":23,"enemies":"Sentry and Sphere","floor":22,"turns":3}],"seed_played":"479966509843139956","potions_obtained":[{"floor":2,"key":"GamblersBrew"},{"floor":7,"key":"BlessingOfTheForge"},{"floor":8,"key":"DuplicationPotion"},{"floor":10,"key":"PowerPotion"},{"floor":17,"key":"ElixirPotion"},{"floor":18,"key":"EssenceOfSteel"}],"is_trial":false,"path_per_floor":["M","M","$","?","M","R","E","M","T","E","R","?","R","?","R","B",null,"M","M","?","?","M"],"character_chosen":"IRONCLAD","items_purchased":["Shrug It Off","Bag of Marbles"],"campfire_rested":2,"item_purchase_floors":[3,3],"current_hp_per_floor":[68,65,65,58,64,64,28,33,33,8,30,30,52,57,57,24,71,30,23,23,23,0,0],"gold":292,"neow_bonus":"HUNDRED_GOLD","is_daily":false,"chose_seed":false,"campfire_upgraded":2,"win_rate":0.0,"timestamp":1611174250,"path_taken":["M","?","$","?","M","R","E","M","T","E","R","?","R","?","R","BOSS","M","M","?","?","M"],"items_purchased_type":["Card","Relic"],"build_version":"2020-12-22","purchased_purges":0,"victory":false,"max_hp_per_floor":[75,75,75,75,75,75,75,75,75,75,75,75,75,80,80,80,85,85,85,85,85,85,85],"relic_stats":{"Centennial Puzzle":[15],"counters":[10,63],"Whetstone":["Strike_R","Strike_R"],"obtain_stats":[{"Potion Belt":7,"Centennial Puzzle":9,"Tiny House":17,"Bag of Marbles":3,"Whetstone":10,"Burning Blood":0},{"Potion Belt":4,"Centennial Puzzle":5,"Tiny House":7,"Bag of Marbles":2,"Whetstone":6,"Burning Blood":0},{"Potion Belt":20,"Centennial Puzzle":24,"Tiny House":43,"Bag of Marbles":6,"Whetstone":31,"Burning Blood":0}],"Burning Blood":54},"card_choices":[{"not_picked":["Sword Boomerang","Havoc"],"picked":"Pommel Strike","floor":1},{"not_picked":["Entrench","Armaments"],"picked":"Ghostly Armor","floor":2},{"not_picked":["Ghostly Armor","Sword Boomerang"],"picked":"Flame Barrier","floor":5},{"not_picked":["Combust","Headbutt","Clash"],"picked":"SKIP","floor":7},{"not_picked":["Cleave","Headbutt"],"picked":"Iron Wave","floor":8},{"not_picked":["Warcry","Ghostly Armor"],"picked":"Offering","floor":10},{"not_picked":["Corruption","Feed"],"picked":"Berserk","floor":16},{"not_picked":["Heavy Blade","Battle Trance"],"picked":"Shrug It Off","floor":17},{"not_picked":["Infernal Blade","Pommel Strike"],"picked":"Cleave","floor":18},{"not_picked":["Havoc","Thunderclap","Flex"],"picked":"SKIP","floor":19}],"player_experience":1244099,"relics_obtained":[{"floor":7,"key":"Potion Belt"},{"floor":9,"key":"Centennial Puzzle"},{"floor":10,"key":"Whetstone"}],"event_choices":[{"cards_removed":["Defend_R"],"damage_healed":0,"gold_gain":0,"player_choice":"Card Removal","damage_taken":7,"max_hp_gain":0,"max_hp_loss":0,"event_name":"Golden Wing","floor":4,"gold_loss":0},{"damage_healed":0,"gold_gain":0,"player_choice":"Searched \u00270\u0027 times","damage_taken":0,"max_hp_gain":0,"max_hp_loss":0,"event_name":"Dead Adventurer","floor":12,"gold_loss":0},{"damage_healed":0,"gold_gain":0,"player_choice":"Donut","damage_taken":0,"max_hp_gain":5,"max_hp_loss":0,"event_name":"Big Fish","floor":14,"gold_loss":0},{"damage_healed":0,"gold_gain":0,"cards_transformed":["Strike_R","Defend_R"],"player_choice":"Became Test Subject","damage_taken":0,"max_hp_gain":0,"max_hp_loss":0,"event_name":"Drug Dealer","floor":20,"gold_loss":0,"cards_obtained":["Wild Strike","Intimidate"]},{"damage_healed":0,"gold_gain":0,"player_choice":"Ignored","damage_taken":0,"max_hp_gain":0,"max_hp_loss":0,"event_name":"Cursed Tome","floor":21,"gold_loss":0}],"is_beta":false,"boss_relics":[{"not_picked":["Runic Dome","SlaversCollar"],"picked":"Tiny House"}],"items_purged_floors":[],"is_endless":false,"potions_floor_spawned":[2,7,8,10,18],"killed_by":"Sentry and Sphere","ascension_level":15}}