{"host":"obplhmlw33xb91v8","time":1611102059,"event":{"mods":["BaseMod","Block Reminder","Curses Come First","Dio Mod","Evolution","Friendly Minions","HololiveMod","Koishi","Minty Spire (QoL Compilation)","Quick Restart","Relic Stats","Shop Mod","Spicy Shops","StSLib","The IronCluck","The Servant 0.9.4","Uncapped","Waifu the Spire","Yakumo Yukari mod","Yohane!","Youmu??????","Yuyuko","egg"],"gold_per_floor":[116,75,91,162,179,179,195,0,0,12,38,50,81,93,93],"floor_reached":14,"language":"ENG","playtime":516,"items_purged":[],"score":82,"play_id":"e1979b8f-3a3b-4442-aa3e-9a23030b6e29","local_time":"20210119192059","is_ascension_mode":false,"campfire_choices":[{"data":"Fantasy Butterflies","floor":6,"key":"SMITH"},{"floor":12,"key":"REST"}],"circlet_count":0,"master_deck":["Fantasy Butterflies","Fantasy Butterflies+1","Fantasy Butterflies","Fantasy Butterflies","Fantasy Butterflies","Dreamy Sakura","Dreamy Sakura","Dreamy Sakura","Dreamy Sakura","Dreamy Sakura","Deathly Ground","Faramita\u0027s Temptation","Gauzy Sakura","Unknown Petal","Linger over Flower","Redemption of Death+1","Linger over Flower","Trap Lamp"],"relics":["Coronal","Yuyuko\u0027s fan","EVO:Axolotl","NeowsBlessing","Molten Egg 2","Trap Lamp","MawBank"],"acts_visited":["Exordium"],"potions_floor_usage":[7,14],"damage_taken":[{"damage":1,"enemies":"Cultist","floor":1,"turns":1},{"damage":1,"enemies":"Jaw Worm","floor":3,"turns":1},{"damage":1,"enemies":"Small Slimes","floor":5,"turns":1},{"damage":14,"enemies":"Looter","floor":7,"turns":4},{"damage":40,"enemies":"Blue Slaver","floor":11,"turns":6},{"damage":23,"enemies":"3 Louse","floor":13,"turns":3},{"damage":22,"enemies":"3 Sentries","floor":14,"turns":2}],"seed_played":"-8096153168150491970","potions_obtained":[{"floor":1,"key":"Swift Potion"},{"floor":13,"key":"Turbid Wine"}],"is_trial":false,"path_per_floor":["M","?","M","T","M","R","M","$","T","$","M","R","M","E"],"character_chosen":"YUYOKO","items_purchased":["Trap Lamp","Redemption of Death+1"],"campfire_rested":1,"item_purchase_floors":[8,8],"current_hp_per_floor":[39,39,39,39,38,38,36,36,36,36,27,39,21,0,0],"gold":93,"neow_bonus":"THREE_ENEMY_KILL","is_daily":false,"chose_seed":false,"campfire_upgraded":1,"win_rate":0.0,"timestamp":1611102059,"path_taken":["M","?","M","?","M","R","M","?","T","$","M","R","M","E"],"items_purchased_type":["Card","Card"],"build_version":"2020-12-22","purchased_purges":0,"victory":false,"max_hp_per_floor":[40,40,40,40,40,40,40,40,40,40,40,40,40,40,40],"relic_stats":{"counters":[7,17],"MawBank":60,"obtain_stats":[{"Yuyuko\u0027s fan":0,"NeowsBlessing":0,"Coronal":0,"Trap Lamp":8,"Molten Egg 2":4,"EVO:Axolotl":0,"MawBank":9},{"Yuyuko\u0027s fan":0,"NeowsBlessing":0,"Coronal":0,"Trap Lamp":4,"Molten Egg 2":2,"EVO:Axolotl":0,"MawBank":4},{"Yuyuko\u0027s fan":0,"NeowsBlessing":0,"Coronal":0,"Trap Lamp":7,"Molten Egg 2":2,"EVO:Axolotl":0,"MawBank":7}]},"card_choices":[{"not_picked":["Death Dancing","Wandering Soul"],"picked":"Gauzy Sakura","floor":1},{"not_picked":["Postpone Bloom","Childlike","Final of Final"],"picked":"SKIP","floor":3},{"not_picked":["Dying Butterflies","Sweet of Phantom"],"picked":"Unknown Petal","floor":5},{"not_picked":["Dark Wind","End of Faramita"],"picked":"Linger over Flower","floor":7},{"not_picked":["The Nether+1","Butterflies in Dream"],"picked":"Linger over Flower","floor":11},{"not_picked":["Phantom Gift","Unpaved Way+1"],"picked":"Trap Lamp","floor":13}],"player_experience":224980,"relics_obtained":[{"floor":4,"key":"Molten Egg 2"},{"floor":9,"key":"MawBank"}],"event_choices":[{"damage_healed":0,"gold_gain":0,"player_choice":"Left Gold","damage_taken":0,"max_hp_gain":0,"max_hp_loss":0,"event_name":"World of Goop","floor":2,"gold_loss":41}],"is_beta":false,"boss_relics":[],"items_purged_floors":[],"is_endless":false,"potions_floor_spawned":[1,13],"killed_by":"3 Sentries","ascension_level":0}}