{"host":"gk9qdtkqd8dwfeg2","time":1611129762,"event":{"mods":["Act Like it!","Aspiration","BaseMod","Colored Powertips","KomeijiMod","Minty Spire (QoL Compilation)","Quick Restart","Replay The Spire","Shop Mod","StSLib","TestMod","The Gatherer","The Servant 0.9.4","Waifu the Spire","WarShipGirlsR/战舰少女R mod","Yuri Mod","【遗物卡牌】REMEMod"],"gold_per_floor":[119,44,44,44,62,96,96,88,88,107,507,526,526,536,536,536,536],"floor_reached":16,"language":"ZHS","playtime":232,"items_purged":[],"score":250,"play_id":"c293cd04-0bd5-4c26-826a-b826c3fa47a4","local_time":"20210120160242","is_ascension_mode":true,"campfire_choices":[{"data":"Eruption","floor":7,"key":"SMITH"},{"data":"Adaptation","floor":15,"key":"SMITH"}],"circlet_count":0,"master_deck":["AscendersBane","Strike_P","Strike_P","Strike_P","Defend_P","Defend_P","Defend_P","Defend_P","Eruption+1","Vigilance","Echo Form","REME_Repentance","Sanctity","yuri:MarkovCurse","Fasting2","Pain","Adaptation+1"],"relics":["PureWater","REME_ComplimentaryCards","testmod-ConstraintPeriapt","NeowsBlessing","Blue Doll","testmod-InfectionSource","ReplayTheSpireMod:CursedCoin","MerchantsRug","Torii","WarpedTongs"],"acts_visited":["Exordium"],"potions_floor_usage":[16],"damage_taken":[{"damage":0,"enemies":"Jaw Worm","floor":1,"turns":1},{"damage":0,"enemies":"Small Slimes","floor":5,"turns":1},{"damage":0,"enemies":"Lagavulin","floor":6,"turns":2},{"damage":4,"enemies":"Cultist","floor":10,"turns":3},{"damage":3,"enemies":"Red Slaver","floor":12,"turns":2},{"damage":4,"enemies":"Blue Slaver","floor":14,"turns":3},{"damage":2,"enemies":"Slime Boss","floor":16,"turns":3}],"seed_played":"7214535218265614178","potions_obtained":[{"floor":5,"key":"LifebloodPotion"},{"floor":10,"key":"Adrenaline Potion"}],"is_trial":false,"path_per_floor":["M","?","$","?","M","E","R","$","T","M","?","M","?","M","R","B"],"character_chosen":"WATCHER","items_purchased":["ReplayTheSpireMod:CursedCoin","MerchantsRug"],"campfire_rested":0,"item_purchase_floors":[8,8],"current_hp_per_floor":[61,61,61,50,50,52,52,52,52,53,53,53,53,53,53,54,54],"gold":536,"neow_bonus":"THREE_ENEMY_KILL","is_daily":false,"chose_seed":false,"campfire_upgraded":2,"win_rate":0.0,"timestamp":1611129762,"path_taken":["M","?","$","?","M","E","R","?","T","M","?","?","?","M","R","BOSS"],"items_purchased_type":["Relic","Relic"],"build_version":"2020-12-22","purchased_purges":0,"victory":false,"max_hp_per_floor":[68,68,68,68,68,68,68,68,68,68,68,68,68,68,68,68,68],"card_choices":[{"not_picked":["ThirdEye","PathToVictory"],"picked":"REME_Repentance","floor":1},{"not_picked":["Evaluate","EmptyBody","Replay:ManipulateFuture"],"picked":"SKIP","floor":5},{"not_picked":["ThirdEye","Judgement"],"picked":"Sanctity","floor":6},{"not_picked":["ClearTheMind","Crescendo","MentalFortress"],"picked":"SKIP","floor":10},{"not_picked":["DeceiveReality","Collect"],"picked":"Fasting2","floor":12},{"not_picked":["BowlingBash","Replay:ManipulateFuture"],"picked":"Adaptation","floor":14}],"player_experience":665830,"relics_obtained":[{"floor":6,"key":"testmod-InfectionSource"},{"floor":9,"key":"Torii"}],"event_choices":[{"cards_removed":["Strike_P"],"damage_healed":0,"gold_gain":0,"player_choice":"Card Removal","damage_taken":0,"max_hp_gain":0,"max_hp_loss":0,"event_name":"The Cleric","floor":2,"gold_loss":75},{"damage_healed":0,"gold_gain":0,"player_choice":"Success","damage_taken":11,"relics_obtained":["Blue Doll"],"max_hp_gain":0,"max_hp_loss":0,"event_name":"Scrap Ooze","floor":4,"gold_loss":0},{"damage_healed":0,"gold_gain":400,"player_choice":"Sell","damage_taken":0,"max_hp_gain":0,"max_hp_loss":0,"event_name":"恩洛斯的盘子","floor":11,"relics_lost":["testmod-TestBox"],"gold_loss":0},{"damage_healed":0,"gold_gain":0,"player_choice":"Rummage","damage_taken":0,"relics_obtained":["WarpedTongs"],"max_hp_gain":0,"max_hp_loss":0,"event_name":"Accursed Blacksmith","floor":13,"gold_loss":0,"cards_obtained":["Pain"]}],"is_beta":false,"boss_relics":[],"items_purged_floors":[],"is_endless":false,"potions_floor_spawned":[5,10,14],"killed_by":"Slime Boss","ascension_level":20}}