{"host":"o7j6aatxjwpw1421","time":1611140979,"event":{"mods":["2.2 Compatiblity","AchievementEnabler","BaseMod","Colored Map","DeckTracker","Highlight Path","Keyboard Shortcuts","Minty Spire (QoL Compilation)","Permanent Neow","Quick Restart","StSLib","SuperFastMode","everything is the same but u backflip on backflip"],"gold_per_floor":[109,259,184,203,203,231,231,259,259,259,259,279,179,200,200,296,296,311,311,329,353,63,63,63,63],"floor_reached":24,"language":"KOR","playtime":942,"items_purged":["Doubt","Strike_P","Strike_P"],"score":412,"play_id":"a229cf7d-5781-429c-aee9-d245fe04a454","local_time":"20210120200939","is_ascension_mode":true,"campfire_choices":[{"data":"Eruption","floor":7.0,"key":"SMITH"},{"floor":10.0,"key":"REST"},{"data":"Study","floor":15.0,"key":"SMITH"},{"floor":23.0,"key":"REST"}],"circlet_count":0,"master_deck":["AscendersBane","Strike_P","Defend_P","Defend_P","Eruption+1","Vigilance","SignatureMove","Wallop","BattleHymn","Conclude+1","Study+1","InnerPeace","Adaptation+1","Adaptation","LessonLearned"],"relics":["PureWater","Question Card","Omamori","Pantograph","Golden Idol","Fusion Hammer","Potion Belt"],"acts_visited":["Exordium","TheCity"],"potions_floor_usage":[],"damage_taken":[{"damage":0.0,"enemies":"Jaw Worm","floor":1.0,"turns":3.0},{"damage":0.0,"enemies":"Small Slimes","floor":4.0,"turns":2.0},{"damage":0.0,"enemies":"Gremlin Nob","floor":6.0,"turns":3.0},{"damage":17.0,"enemies":"Lagavulin","floor":8.0,"turns":5.0},{"damage":0.0,"enemies":"2 Louse","floor":12.0,"turns":3.0},{"damage":9.0,"enemies":"Exordium Wildlife","floor":14.0,"turns":4.0},{"damage":25.0,"enemies":"Hexaghost","floor":16.0,"turns":7.0},{"damage":8.0,"enemies":"Chosen","floor":18.0,"turns":4.0},{"damage":22.0,"enemies":"2 Thieves","floor":20.0,"turns":3.0},{"damage":4.0,"enemies":"Chosen and Byrds","floor":21.0,"turns":4.0},{"damage":47,"enemies":"Book of Stabbing","floor":24,"turns":4}],"seed_played":"5911532066661299175","potions_obtained":[{"floor":4.0,"key":"Explosive Potion"},{"floor":12.0,"key":"BottledMiracle"},{"floor":16.0,"key":"BottledMiracle"},{"floor":18.0,"key":"ColorlessPotion"},{"floor":20.0,"key":"ColorlessPotion"}],"is_trial":false,"path_per_floor":["M","?","$","M","?","E","R","E","T","R","?","M","$","M","R","B",null,"M","?","M","M","$","R","E"],"character_chosen":"WATCHER","items_purchased":["Potion Belt"],"campfire_rested":2,"item_purchase_floors":[22],"current_hp_per_floor":[43,43,43,43,36,36,36,19,19,39,39,39,39,30,30,30,59,51,51,29,25,25,45,0,0],"gold":63,"neow_bonus":"TRANSFORM_TWO_CARDS","is_daily":false,"chose_seed":false,"campfire_upgraded":2,"win_rate":0.0,"timestamp":1611140979,"path_taken":["M","?","$","M","?","E","R","E","T","R","?","M","$","M","R","BOSS","M","?","?","M","$","R","E"],"items_purchased_type":["Relic"],"build_version":"2020-12-22","purchased_purges":3,"victory":false,"max_hp_per_floor":[68,68,68,68,68,68,68,68,68,68,68,68,68,68,68,68,68,68,68,68,68,68,68,68,68],"card_choices":[{"not_picked":["FollowUp","FlurryOfBlows"],"picked":"BattleHymn","floor":1.0},{"not_picked":["Sanctity","SashWhip"],"picked":"Conclude","floor":4.0},{"not_picked":["ForeignInfluence","Ragnarok"],"picked":"Study","floor":6.0},{"not_picked":["DeceiveReality","WindmillStrike","JustLucky"],"picked":"InnerPeace","floor":8.0},{"not_picked":["LikeWater","EmptyFist","JustLucky"],"picked":"Adaptation","floor":12.0},{"not_picked":["Crescendo","Fasting2","TalkToTheHand"],"picked":"Adaptation","floor":14.0},{"not_picked":["DevaForm","Devotion","Omniscience"],"picked":"LessonLearned","floor":16.0},{"not_picked":["Meditate","Consecrate","Fasting2","Crescendo"],"picked":"SKIP","floor":18.0},{"not_picked":["Crescendo","ForeignInfluence","JustLucky","WheelKick+1"],"picked":"SKIP","floor":20.0},{"not_picked":["BattleHymn","Prostrate+1","Evaluate","BowlingBash+1"],"picked":"SKIP","floor":21.0}],"player_experience":585185,"relics_obtained":[{"floor":6.0,"key":"Question Card"},{"floor":8.0,"key":"Omamori"},{"floor":9.0,"key":"Pantograph"}],"event_choices":[{"damage_healed":0.0,"max_hp_gain":0.0,"max_hp_loss":0.0,"gold_gain":150.0,"event_name":"Liars Game","player_choice":"AGREE","floor":2.0,"gold_loss":0.0,"damage_taken":0.0,"cards_obtained":["Doubt"]},{"cards_removed":["Defend_P"],"damage_healed":0.0,"max_hp_gain":0.0,"max_hp_loss":0.0,"gold_gain":0.0,"event_name":"Golden Wing","player_choice":"Card Removal","floor":5.0,"gold_loss":0.0,"damage_taken":7.0},{"damage_healed":0.0,"max_hp_gain":0.0,"max_hp_loss":0.0,"gold_gain":0.0,"event_name":"Golden Idol","player_choice":"Take Wound","floor":11.0,"gold_loss":0.0,"damage_taken":0.0,"relics_obtained":["Golden Idol"],"cards_obtained":["Injury"]},{"damage_healed":0.0,"max_hp_gain":0.0,"max_hp_loss":0.0,"gold_gain":0.0,"event_name":"Duplicator","player_choice":"Ignored","floor":19.0,"gold_loss":0.0,"damage_taken":0.0}],"is_beta":false,"boss_relics":[{"not_picked":["Ectoplasm","Astrolabe"],"picked":"Fusion Hammer"}],"items_purged_floors":[3,13,22],"is_endless":false,"potions_floor_spawned":[4,12,16,18,20],"killed_by":"Book of Stabbing","ascension_level":16}}