{"host":"p89so9zptozcr3ai","time":1611183599,"event":{"mods":["AchievementEnabler","BaseMod","Beaked The Cultist","Better Third Choice","Block Reminder","Colored Map","Hermit","Jorbs\u0027s Wanderer Trilogy","Minty Spire (QoL Compilation)","Relic Stats","Shade Mod","Somnambulant","StSLib","The Bladedancer","The Cursed","The Death Knight","The Gatherer","The Hierophant","The Sage","Trackpad","vexMod"],"gold_per_floor":[113,288,288,7,7,7,32,32,32,32,46,46,75,94,94,219,219,219,219,204,204,204,204,204,204,204,114,114,114,41,41,41,41,41,41,41,41,17,17,17,17,17,17,17,17,17,17,17,17,17],"floor_reached":51,"language":"ENG","playtime":2397,"items_purged":["Doubt"],"score":877,"play_id":"732e9499-31bf-48dc-8186-2affa4ff83e1","local_time":"20210120175959","is_ascension_mode":false,"campfire_choices":[{"data":"Master of Strategy","floor":6,"key":"SMITH"},{"data":"blademaster:DeadlyDance","floor":8,"key":"SMITH"},{"data":"blademaster:RagingBlow","floor":12,"key":"SMITH"},{"data":"blademaster:AirSlash","floor":15,"key":"SMITH"},{"data":"blademaster:ChargingUp","floor":24,"key":"SMITH"},{"data":"blademaster:LightningDraw","floor":29,"key":"SMITH"},{"floor":32,"key":"REST"},{"floor":40,"key":"REST"},{"floor":42,"key":"REST"},{"data":"blademaster:ColdBlood","floor":44,"key":"SMITH"},{"floor":49,"key":"REST"}],"circlet_count":0,"master_deck":["blademaster:Strike","blademaster:Strike+1","blademaster:Defend","blademaster:Defend","blademaster:Defend","blademaster:RagingBlow+1","blademaster:HighVoltage+1","blademaster:AirSlash+1","Master of Strategy+1","blademaster:DeadlyDance+1","blademaster:WindSlash+1","blademaster:ColdBlood+1","blademaster:Sharpen+1","blademaster:ChargingUp+1","blademaster:LightningDraw+1","blademaster:FuryOfTheElements+1","blademaster:DancingEdge+1","blademaster:CombatPrep","blademaster:Slice+1","blademaster:Rupture+1","blademaster:ThunderingOpener+1"],"relics":["blademaster:DancersAmulet","NeowsBlessing","Membership Card","trackpad:BottledShadow","Odd Mushroom","vexMod:MysteryBossChallenge","Ectoplasm","vexMod:BarristanHead","beaked:ShinyBauble","Molten Egg 2","vexMod:PaidLearning","SlaversCollar","Pear","vexMod:Dragonfruit"],"acts_visited":["Exordium","TheCity","TheBeyond"],"potions_floor_usage":[35,50,50],"damage_taken":[{"damage":0,"enemies":"Small Slimes","floor":1,"turns":2},{"damage":0,"enemies":"2 Louse","floor":7,"turns":1},{"damage":0,"enemies":"Cultist","floor":11,"turns":1},{"damage":0,"enemies":"The Mushroom Lair","floor":13,"turns":2},{"damage":0,"enemies":"3 Louse","floor":14,"turns":1},{"damage":19,"enemies":"The Guardian","floor":16,"turns":6},{"damage":0,"enemies":"3 Byrds","floor":18,"turns":2},{"damage":0,"enemies":"2 Thieves","floor":20,"turns":2},{"damage":0,"enemies":"Chosen and Byrds","floor":22,"turns":3},{"damage":21,"enemies":"Slavers","floor":23,"turns":3},{"damage":0,"enemies":"Book of Stabbing","floor":25,"turns":4},{"damage":0,"enemies":"Snecko","floor":28,"turns":3},{"damage":0,"enemies":"Snake Plant","floor":31,"turns":2},{"damage":0,"enemies":"Collector","floor":33,"turns":4},{"damage":20,"enemies":"3 Darklings","floor":35,"turns":2},{"damage":0,"enemies":"Orb Walker","floor":36,"turns":2},{"damage":5,"enemies":"Maw","floor":39,"turns":5},{"damage":0,"enemies":"Jaw Worm Horde","floor":41,"turns":2},{"damage":9,"enemies":"Sphere and 2 Shapes","floor":45,"turns":3},{"damage":0,"enemies":"Maw","floor":47,"turns":4},{"damage":10,"enemies":"4 Shapes","floor":48,"turns":3},{"damage":12,"enemies":"Donu and Deca","floor":50,"turns":6}],"seed_played":"1160335038021796216","potions_obtained":[{"floor":1,"key":"Ancient Potion"},{"floor":14,"key":"Swift Potion"},{"floor":20,"key":"LiquidMemories"},{"floor":23,"key":"Energy Potion"},{"floor":33,"key":"PowerPotion"},{"floor":35,"key":"DeathKnight:RimePotion"}],"is_trial":false,"path_per_floor":["M","?","?","$","?","R","M","R","T","?","M","R","?","M","R","B",null,"M","?","M","?","M","E","R","E","T","?","M","R","$","M","R","B",null,"M","M","?","$","M","R","M","R","T","R","M","T","M","M","R","B",null],"character_chosen":"THE_BLADEMASTER","items_purchased":["Membership Card","Master of Strategy","vexMod:PaidLearning","blademaster:CombatPrep"],"campfire_rested":4,"item_purchase_floors":[4,4,30,38],"current_hp_per_floor":[75,75,69,69,69,69,69,69,69,62,62,62,62,62,62,43,69,69,69,69,69,69,48,48,48,48,48,48,48,48,48,68,68,69,49,49,49,49,44,64,64,69,79,79,70,75,75,65,84,72],"gold":17,"neow_bonus":"THREE_ENEMY_KILL","is_daily":false,"chose_seed":false,"campfire_upgraded":7,"win_rate":0.0,"timestamp":1611183599,"path_taken":["M","?","?","$","?","R","?","R","T","?","M","R","?","M","R","BOSS","M","?","?","?","M","E","R","E","T","?","M","R","$","M","R","BOSS","M","?","?","?","M","R","M","R","T","R","M","?","?","M","R","BOSS"],"items_purchased_type":["Relic","Card","Relic","Card"],"build_version":"2020-12-22","purchased_purges":1,"victory":true,"max_hp_per_floor":[75,75,69,69,69,69,69,69,69,69,69,69,69,69,69,69,69,69,69,69,69,69,69,69,69,69,69,69,69,69,69,69,69,69,69,69,69,69,69,69,69,69,79,79,79,84,84,84,84,84],"relic_stats":{"counters":[22,63],"Ectoplasm":773,"obtain_stats":[{"beaked:ShinyBauble":25,"Pear":43,"NeowsBlessing":0,"Golden Idol":3,"blademaster:BonusComboPerk":23,"blademaster:StrongPerk":25,"vexMod:MysteryBossChallenge":17,"vexMod:PaidLearning":30,"Odd Mushroom":13,"vexMod:Dragonfruit":46,"SlaversCollar":34,"vexMod:BarristanHead":23,"Molten Egg 2":26,"trackpad:BottledShadow":9,"Ectoplasm":17,"blademaster:DancersAmulet":0,"Membership Card":4},{"beaked:ShinyBauble":11,"Pear":18,"NeowsBlessing":0,"Golden Idol":1,"blademaster:BonusComboPerk":10,"blademaster:StrongPerk":11,"vexMod:MysteryBossChallenge":6,"vexMod:PaidLearning":12,"Odd Mushroom":4,"vexMod:Dragonfruit":19,"SlaversCollar":14,"vexMod:BarristanHead":10,"Molten Egg 2":11,"trackpad:BottledShadow":2,"Ectoplasm":6,"blademaster:DancersAmulet":0,"Membership Card":1},{"beaked:ShinyBauble":27,"Pear":47,"NeowsBlessing":0,"Golden Idol":2,"blademaster:BonusComboPerk":23,"blademaster:StrongPerk":27,"vexMod:MysteryBossChallenge":13,"vexMod:PaidLearning":30,"Odd Mushroom":6,"vexMod:Dragonfruit":50,"SlaversCollar":36,"vexMod:BarristanHead":23,"Molten Egg 2":27,"trackpad:BottledShadow":3,"Ectoplasm":13,"blademaster:DancersAmulet":0,"Membership Card":2}]},"card_choices":[{"not_picked":["blademaster:FuriousStrike","blademaster:AncestralHealing"],"picked":"blademaster:AirSlash","floor":1},{"not_picked":["blademaster:Vortex","blademaster:BladeMastery"],"picked":"blademaster:DeadlyDance","floor":7},{"not_picked":["blademaster:Frontflip","blademaster:CullingStrike","blademaster:Reversal"],"picked":"SKIP","floor":11},{"not_picked":["blademaster:Frenzy","blademaster:ChargingUp"],"picked":"blademaster:WindSlash","floor":14},{"not_picked":["blademaster:RollingTyphoon","blademaster:FuryOfTheElements"],"picked":"blademaster:ColdBlood","floor":16},{"not_picked":["blademaster:Stormstrike","blademaster:FuriousStrike+1"],"picked":"blademaster:Sharpen+1","floor":18},{"not_picked":["blademaster:Flurry+1","blademaster:AspectOfWind"],"picked":"blademaster:ChargingUp","floor":20},{"not_picked":["blademaster:CullingStrike","blademaster:Cut","blademaster:FlockOfBlades"],"picked":"SKIP","floor":22},{"not_picked":["blademaster:CullingStrike+1","blademaster:Flash","blademaster:Slice+1"],"picked":"SKIP","floor":23},{"not_picked":["blademaster:DaggerAndCloak+1","blademaster:BladeMastery"],"picked":"blademaster:LightningDraw","floor":25},{"not_picked":["blademaster:Sharpen","blademaster:Vortex+1","blademaster:DragonStrike+1"],"picked":"SKIP","floor":28},{"not_picked":["blademaster:DragonStrike+1","blademaster:FuriousStrike+1"],"picked":"blademaster:FuryOfTheElements+1","floor":31},{"not_picked":["blademaster:CullingStrike+1","blademaster:Quickstep","blademaster:Sunder+1"],"picked":"SKIP","floor":35},{"not_picked":["blademaster:DragonStrike+1","blademaster:AwakeningDefend"],"picked":"blademaster:DancingEdge+1","floor":36},{"not_picked":["blademaster:AspectOfWind+1","blademaster:Flurry"],"picked":"blademaster:Slice+1","floor":39},{"not_picked":["blademaster:AspectOfWind+1","blademaster:FuriousStrike+1"],"picked":"blademaster:Rupture+1","floor":41},{"not_picked":["blademaster:IcyWind+1","blademaster:DaggerAndCloak+1","blademaster:ParryingStrike+1"],"picked":"SKIP","floor":45},{"not_picked":["blademaster:Stormstrike+1","blademaster:Discharge+1","blademaster:AirSlash+1"],"picked":"SKIP","floor":47},{"not_picked":["blademaster:Discharge","blademaster:ThunderSlash+1"],"picked":"blademaster:ThunderingOpener+1","floor":48}],"player_experience":220724,"relics_obtained":[{"floor":9,"key":"trackpad:BottledShadow"},{"floor":13,"key":"Odd Mushroom"},{"floor":23,"key":"vexMod:BarristanHead"},{"floor":23,"key":"blademaster:BonusComboPerk"},{"floor":25,"key":"beaked:ShinyBauble"},{"floor":25,"key":"blademaster:StrongPerk"},{"floor":26,"key":"Molten Egg 2"},{"floor":43,"key":"Pear"},{"floor":46,"key":"vexMod:Dragonfruit"}],"event_choices":[{"damage_healed":0,"gold_gain":175,"player_choice":"AGREE","damage_taken":113,"max_hp_gain":0,"max_hp_loss":0,"event_name":"betterThird:BetterSerpent","floor":2,"gold_loss":0},{"damage_healed":0,"gold_gain":0,"player_choice":"Lose Max HP","damage_taken":0,"relics_obtained":["Golden Idol"],"max_hp_gain":0,"max_hp_loss":6,"event_name":"Golden Idol","floor":3,"gold_loss":0},{"cards_removed":["blademaster:Strike"],"damage_healed":0,"gold_gain":0,"player_choice":"Card Removal","damage_taken":0,"max_hp_gain":0,"max_hp_loss":0,"event_name":"Wheel of Change","floor":5,"gold_loss":0},{"cards_removed":["blademaster:Defend"],"damage_healed":0,"gold_gain":0,"player_choice":"Card Removal","damage_taken":7,"max_hp_gain":0,"max_hp_loss":0,"event_name":"Golden Wing","floor":10,"gold_loss":0},{"damage_healed":0,"gold_gain":0,"player_choice":"Fought Mushrooms","damage_taken":0,"max_hp_gain":0,"max_hp_loss":0,"event_name":"Mushrooms","floor":13,"gold_loss":0},{"damage_healed":0,"gold_gain":0,"player_choice":"Full Heal","damage_taken":0,"max_hp_gain":0,"max_hp_loss":0,"event_name":"Wheel of Change","floor":19,"gold_loss":0},{"damage_healed":0,"gold_gain":0,"player_choice":"Ignored","damage_taken":0,"max_hp_gain":0,"max_hp_loss":0,"event_name":"Ghosts","floor":21,"gold_loss":0},{"cards_removed":["blademaster:Strike"],"damage_healed":0,"gold_gain":0,"player_choice":"Upgrade and Remove","damage_taken":0,"max_hp_gain":0,"max_hp_loss":0,"event_name":"Designer","floor":27,"gold_loss":90,"cards_upgraded":["blademaster:Strike"]},{"damage_healed":0,"gold_gain":333,"player_choice":"Gave Idol","damage_taken":0,"max_hp_gain":0,"max_hp_loss":0,"event_name":"The Moai Head","floor":37,"relics_lost":["Golden Idol"],"gold_loss":0}],"is_beta":false,"boss_relics":[{"not_picked":["Philosopher\u0027s Stone","vexMod:DeviousBotling"],"picked":"vexMod:MysteryBossChallenge"},{"not_picked":["Fusion Hammer","Busted Crown"],"picked":"SlaversCollar"}],"items_purged_floors":[4],"is_endless":false,"potions_floor_spawned":[1,14,20,23,31,33,35,39],"ascension_level":0}}