{"host":"p9t7qd83igtcp2bh","time":1611125667,"event":{"mods":["2.2 Compatiblity","AchievementEnabler","BaseMod","Colored Map","Colored Powertips","Custom Start","DeckTracker","Keyboard Shortcuts","Minty Spire (QoL Compilation)","Permanent Neow","StSLib","SuperFastMode","everything is the same but u backflip on backflip"],"gold_per_floor":[117,133,153,153,173,173,191,229,229,248,47,62,102,121,121,217,217,232,92,113,128,128,128,3,46,46,46,87,112,112,25,25,114,114,132,147,147,165,181,221,221,239,266,307,339,391,147,167,167,167,167,167,167,37,71,71],"floor_reached":57,"language":"KOR","playtime":2346,"items_purged":["Strike_B","Strike_B","Pain","Strike_B"],"score":3046,"play_id":"a017156b-bf7d-4a75-b287-7284aa8ca1e3","local_time":"20210120155427","is_ascension_mode":true,"campfire_choices":[{"data":"Sunder","floor":6.0,"key":"SMITH"},{"data":"Tempest","floor":15.0,"key":"SMITH"},{"data":"BootSequence","floor":23.0,"key":"SMITH"},{"floor":30.0,"key":"RECALL"},{"data":"FTL","floor":32.0,"key":"SMITH"},{"floor":41.0,"key":"REST"},{"floor":49.0,"key":"REST"},{"data":"Zap","floor":53.0,"key":"SMITH"}],"circlet_count":0,"master_deck":["AscendersBane","Strike_B","Defend_B","Defend_B","Defend_B","Defend_B","Zap+1","Dualcast","Tempest+1","Sunder+1","BootSequence+1","FTL+1","Buffer+1","Self Repair+1","Coolheaded+1","Loop+1","Chill+1","Hologram+1","White Noise+1","Electrodynamics+1","Amplify+1","Loop+1","Storm+1","Turbo+1","Core Surge","Skim+1","Creative AI+1","Consume+1","Coolheaded+1","Defragment+1","White Noise+1","Impatience+1","Coolheaded+1","Coolheaded+1","Loop+1","Fission+1"],"relics":["Cracked Core","Frozen Egg 2","Anchor","Golden Idol","Tiny Chest","Toxic Egg 2","Mummified Hand","WarpedTongs","Kunai","FossilizedHelix","Question Card","Inserter","DataDisk","Nunchaku","MawBank","Symbiotic Virus","Mercury Hourglass"],"acts_visited":["Exordium","TheCity","TheBeyond","TheEnding"],"potions_floor_usage":[56,56,56,56,56,56,56,56],"damage_taken":[{"damage":8.0,"enemies":"2 Louse","floor":1.0,"turns":3.0},{"damage":0.0,"enemies":"Small Slimes","floor":2.0,"turns":3.0},{"damage":1.0,"enemies":"Cultist","floor":3.0,"turns":3.0},{"damage":0.0,"enemies":"Red Slaver","floor":5.0,"turns":4.0},{"damage":0.0,"enemies":"3 Louse","floor":7.0,"turns":2.0},{"damage":0.0,"enemies":"Lagavulin","floor":8.0,"turns":6.0},{"damage":8.0,"enemies":"Blue Slaver","floor":10.0,"turns":3.0},{"damage":0.0,"enemies":"Gremlin Gang","floor":12.0,"turns":5.0},{"damage":0.0,"enemies":"3 Sentries","floor":13.0,"turns":7.0},{"damage":0.0,"enemies":"Large Slime","floor":14.0,"turns":6.0},{"damage":26.0,"enemies":"Hexaghost","floor":16.0,"turns":8.0},{"damage":0.0,"enemies":"Shell Parasite","floor":18.0,"turns":3.0},{"damage":0.0,"enemies":"Spheric Guardian","floor":20.0,"turns":2.0},{"damage":4.0,"enemies":"Centurion and Healer","floor":21.0,"turns":3.0},{"damage":11.0,"enemies":"Slavers","floor":25.0,"turns":3.0},{"damage":8.0,"enemies":"Book of Stabbing","floor":28.0,"turns":5.0},{"damage":0.0,"enemies":"Snake Plant","floor":29.0,"turns":3.0},{"damage":22.0,"enemies":"Champ","floor":33.0,"turns":9.0},{"damage":0.0,"enemies":"3 Shapes","floor":35.0,"turns":2.0},{"damage":0.0,"enemies":"3 Darklings","floor":36.0,"turns":3.0},{"damage":0.0,"enemies":"Transient","floor":38.0,"turns":6.0},{"damage":0.0,"enemies":"Sphere and 2 Shapes","floor":39.0,"turns":3.0},{"damage":17.0,"enemies":"Reptomancer","floor":40.0,"turns":4.0},{"damage":25.0,"enemies":"Spire Growth","floor":42.0,"turns":4.0},{"damage":22.0,"enemies":"Giant Head","floor":44.0,"turns":7.0},{"damage":0.0,"enemies":"4 Shapes","floor":45.0,"turns":4.0},{"damage":9.0,"enemies":"Reptomancer","floor":46.0,"turns":4.0},{"damage":0.0,"enemies":"Sphere and 2 Shapes","floor":48.0,"turns":3.0},{"damage":13.0,"enemies":"Time Eater","floor":50.0,"turns":6.0},{"damage":0.0,"enemies":"Awakened One","floor":51.0,"turns":7.0},{"damage":30.0,"enemies":"Shield and Spear","floor":55.0,"turns":5.0},{"damage":169,"enemies":"The Heart","floor":56,"turns":7}],"seed_played":"7093230123156821341","potions_obtained":[{"floor":1.0,"key":"ColorlessPotion"},{"floor":2.0,"key":"DuplicationPotion"},{"floor":12.0,"key":"Strength Potion"},{"floor":16.0,"key":"LiquidBronze"}],"is_trial":false,"path_per_floor":["M","M","M","?","M","R","M","E","T","M","$","M","E","M","R","B",null,"M","$","M","M","?","R","$","E","T","$","E","M","R","$","R","B",null,"M","M","T","M","M","E","R","M","T","E","M","E","$","M","R","B","B",null,"R","$","E","B",null],"character_chosen":"DEFECT","items_purchased":["Loop+1","Chill+1","Loop+1","Skim+1","Impatience+1","Coolheaded+1","Loop+1"],"campfire_rested":2,"item_purchase_floors":[11,11,19,31,47,54,54],"current_hp_per_floor":[56,56,55,31,31,31,31,31,31,33,33,43,53,63,63,47,65,65,65,65,71,71,71,71,70,70,70,71,71,71,71,71,69,71,71,71,71,71,71,54,71,46,46,44,44,35,35,45,66,71,71,71,71,71,51,37],"gold":71,"neow_bonus":"RANDOM_COMMON_RELIC","is_daily":false,"chose_seed":false,"campfire_upgraded":5,"win_rate":0.0,"timestamp":1611125667,"path_taken":["M","M","M","?","M","R","M","E","T","M","$","M","E","M","R","BOSS","M","$","M","M","?","R","$","E","T","?","E","?","R","$","R","BOSS","M","M","?","M","M","E","R","M","T","E","M","E","$","M","R","BOSS","BOSS","R","$","E","BOSS"],"items_purchased_type":["Card","Card","Card","Card","Card","Card","Card"],"build_version":"2020-12-22","purchased_purges":4,"victory":true,"max_hp_per_floor":[71,71,71,71,71,71,71,71,71,71,71,71,71,71,71,71,71,71,71,71,71,71,71,71,71,71,71,71,71,71,71,71,71,71,71,71,71,71,71,71,71,71,71,71,71,71,71,71,71,71,71,71,71,71,71,71],"card_choices":[{"not_picked":["Cold Snap","Stack"],"picked":"Tempest","floor":1.0},{"not_picked":["Gash","Coolheaded"],"picked":"Sunder","floor":2.0},{"not_picked":["Stack","Rebound"],"picked":"BootSequence","floor":3.0},{"not_picked":["Fusion","Coolheaded"],"picked":"FTL","floor":5.0},{"not_picked":["Chaos","Beam Cell"],"picked":"Buffer+1","floor":7.0},{"not_picked":["Melter","Hologram"],"picked":"Self Repair+1","floor":8.0},{"not_picked":["Go for the Eyes","BootSequence+1"],"picked":"Coolheaded+1","floor":10.0},{"not_picked":["Steam+1","Compile Driver"],"picked":"Hologram+1","floor":12.0},{"not_picked":["Scrape","Leap+1"],"picked":"White Noise+1","floor":13.0},{"not_picked":["Gash","Self Repair+1"],"picked":"Electrodynamics+1","floor":14.0},{"not_picked":["Electrodynamics+1","All For One"],"picked":"Amplify+1","floor":16.0},{"not_picked":["Beam Cell","Compile Driver","Double Energy+1"],"picked":"SKIP","floor":18.0},{"not_picked":["Steam Power+1","Skim+1"],"picked":"Storm+1","floor":20.0},{"not_picked":["Leap+1","Rebound"],"picked":"Turbo+1","floor":21.0},{"not_picked":["Go for the Eyes","Turbo+1"],"picked":"Core Surge","floor":25.0},{"not_picked":["Undo+1","Auto Shields+1","Go for the Eyes"],"picked":"SKIP","floor":28.0},{"not_picked":["Conserve Battery+1","Turbo+1","Steam Power+1","Consume+1"],"picked":"SKIP","floor":29.0},{"not_picked":["Seek+1","Rainbow+1","Electrodynamics+1"],"picked":"Creative AI+1","floor":33.0},{"not_picked":["Conserve Battery+1","Steam+1","Storm+1"],"picked":"Consume+1","floor":35.0},{"not_picked":["Rebound","Streamline","Multi-Cast+1"],"picked":"Coolheaded+1","floor":36.0},{"not_picked":["Darkness+1","Aggregate+1","Genetic Algorithm+1"],"picked":"Defragment+1","floor":38.0},{"not_picked":["Steam+1","Sweeping Beam","Self Repair+1","Chaos+1"],"picked":"SKIP","floor":39.0},{"not_picked":["Self Repair+1","Ball Lightning","Cold Snap","Rip and Tear"],"picked":"SKIP","floor":40.0},{"not_picked":["Leap+1","Steam+1","Turbo+1","Glacier+1"],"picked":"SKIP","floor":42.0},{"not_picked":["Static Discharge+1","Go for the Eyes","Hyperbeam","Genetic Algorithm+1"],"picked":"SKIP","floor":44.0},{"not_picked":["Rebound","Redo+1","Sunder"],"picked":"White Noise+1","floor":45.0},{"not_picked":["Reinforced Body+1","Double Energy+1","Sunder","Steam+1"],"picked":"SKIP","floor":46.0},{"not_picked":["Streamline+1","Redo+1","BootSequence+1"],"picked":"Coolheaded+1","floor":48.0},{"not_picked":["Chaos+1","Rip and Tear","Meteor Strike"],"picked":"Fission+1","floor":55.0}],"player_experience":665440,"relics_obtained":[{"floor":8.0,"key":"Tiny Chest"},{"floor":9.0,"key":"Toxic Egg 2"},{"floor":13.0,"key":"Mummified Hand"},{"floor":25.0,"key":"Kunai"},{"floor":26.0,"key":"FossilizedHelix"},{"floor":28.0,"key":"Question Card"},{"floor":40.0,"key":"DataDisk"},{"floor":43.0,"key":"Nunchaku"},{"floor":44.0,"key":"MawBank"},{"floor":46.0,"key":"Symbiotic Virus"},{"floor":55.0,"key":"Mercury Hourglass"}],"event_choices":[{"damage_healed":0.0,"max_hp_gain":0.0,"max_hp_loss":0.0,"gold_gain":0.0,"event_name":"Golden Idol","player_choice":"Take Damage","floor":4.0,"gold_loss":0.0,"damage_taken":24.0,"relics_obtained":["Golden Idol"]},{"damage_healed":0.0,"max_hp_gain":0.0,"max_hp_loss":0.0,"gold_gain":0.0,"event_name":"Accursed Blacksmith","player_choice":"Rummage","floor":22.0,"gold_loss":0.0,"damage_taken":0.0,"relics_obtained":["WarpedTongs"],"cards_obtained":["Pain"]}],"is_beta":false,"boss_relics":[{"not_picked":["FrozenCore","Runic Dome"],"picked":"Sozu"},{"not_picked":["Astrolabe","Velvet Choker"],"picked":"Inserter"}],"items_purged_floors":[11,19,24,47],"is_endless":false,"potions_floor_spawned":[1,2,12,13,16,21,28,33,35,39,40,44,45],"ascension_level":20}}