{"host":"323inwdaz59hfocs","time":1611121892,"event":{"mods":["AchievementEnabler","BaseMod","BetterRewards","Colored Powertips","Conspire","Good Game Mod","Minty Spire (QoL Compilation)","Relic Stats","Replay The Spire","Shop Mod","StSLib","SuperFastMode","The Construct","The Cursed","The Gatherer","The Poker Player","Thieving Mod","[GremlinLeader]The Maniac","óô»ðÖ¸ÄÏ"],"gold_per_floor":[114,63,95,112,112,112,129,157,225,225,253,253,272,115,115,220,220,235,251,312,312,331,363,378,300,325,325,325,325],"floor_reached":27,"language":"ZHS","playtime":3835,"items_purged":[],"score":291,"play_id":"a2298dda-dae1-4750-9c10-d1275161769b","local_time":"20210120135132","is_ascension_mode":false,"metric_token":1238,"campfire_choices":[{"data":"PokerPlayerMod:Spade3","floor":6,"key":"SMITH"},{"data":"PokerPlayerMod:Club1","floor":12,"key":"SMITH"},{"data":"PokerPlayerMod:Diamond1","floor":15,"key":"SMITH"}],"circlet_count":0,"master_deck":["PokerPlayerMod:Diamond2","PokerPlayerMod:Diamond2","PokerPlayerMod:Diamond3","PokerPlayerMod:Diamond4","PokerPlayerMod:Diamond5","PokerPlayerMod:Spade2","PokerPlayerMod:Spade4","PokerPlayerMod:Spade4","PokerPlayerMod:Club2","PokerPlayerMod:Club2","PokerPlayerMod:Heart2","PokerPlayerMod:TrumpStrike","PokerPlayerMod:BadJoker","PokerPlayerMod:Mulligan","PokerPlayerMod:SecondChance","PokerPlayerMod:Spade2","PokerPlayerMod:Raise","PokerPlayerMod:JackOfSpades","PokerPlayerMod:Diamond7","PokerPlayerMod:Heart6","PokerPlayerMod:ClubDance","PokerPlayerMod:Overdeal","PokerPlayerMod:Manipulation","PokerPlayerMod:Spade10+","PokerPlayerMod:TheDieIsCast","PokerPlayerMod:Spade10+","PokerPlayerMod:Extraction+1","PokerPlayerMod:Diamond6","PokerPlayerMod:HotShotCut","Ghostly","Ghostly","Ghostly","Ghostly","Ghostly","PokerPlayerMod:FillThePot+1","PokerPlayerMod:WildCard","PokerPlayerMod:Club10+"],"relics":["PokerPlayerMod:DeckCase","NeowsBlessing","Replay:Kaleidoscope","Replay:Bottled Snecko","Replay:Bottled Steam","Sozu","Toy Ornithopter","Replay:Bandana","Nunchaku"],"acts_visited":["Exordium","TheCity"],"potions_floor_usage":[],"damage_taken":[{"damage":0,"enemies":"Cultist","floor":1,"turns":1},{"damage":0,"enemies":"conspire:MimicChest","floor":3,"turns":1},{"damage":0,"enemies":"conspire:RoseBush","floor":4,"turns":1},{"damage":10,"enemies":"Small Slimes","floor":7,"turns":2},{"damage":1,"enemies":"Replay:BlueRogue","floor":8,"turns":5},{"damage":6,"enemies":"3 Sentries","floor":11,"turns":5},{"damage":8,"enemies":"Looter","floor":13,"turns":3},{"damage":45,"enemies":"Fading Forest","floor":16,"turns":11},{"damage":20,"enemies":"2 Thieves","floor":18,"turns":4},{"damage":10,"enemies":"Spheric Guardian","floor":19,"turns":4},{"damage":9,"enemies":"Centurion and Healer","floor":22,"turns":8},{"damage":5,"enemies":"Gremlin Leader","floor":23,"turns":8},{"damage":11,"enemies":"Snake Plant","floor":24,"turns":4},{"damage":10,"enemies":"Shelled Parasite and Fungi","floor":27,"turns":2}],"seed_played":"-2195765331065105827","potions_obtained":[{"floor":1,"key":"SpeedPotion"},{"floor":7,"key":"Ancient Potion"},{"floor":8,"key":"EssenceOfSteel"}],"is_trial":false,"path_per_floor":["M","$","?","M","?","R","M","E","T","?","E","R","M","$","R","B",null,"M","M","?","?","M","E","M","$","T","M"],"character_chosen":"THE_POKER_PLAYER","items_purchased":["PokerPlayerMod:Raise","PokerPlayerMod:Spade10+","PokerPlayerMod:Club10+"],"campfire_rested":0,"item_purchase_floors":[2,14,25],"current_hp_per_floor":[52,52,52,52,52,52,42,51,51,51,50,50,44,44,44,7,52,32,44,31,26,20,21,26,6,6,0,0,0],"gold":325,"neow_bonus":"THREE_ENEMY_KILL","is_daily":false,"chose_seed":false,"campfire_upgraded":3,"win_rate":0.0,"timestamp":1611121892,"path_taken":["M","?","?","M","?","R","?","E","T","?","E","R","M","$","R","BOSS","M","?","?","?","M","E","M","$","T","M"],"items_purchased_type":["Card","Undefined","Undefined"],"build_version":"2020-12-22","purchased_purges":0,"victory":false,"max_hp_per_floor":[52,52,52,52,52,52,52,52,52,52,52,52,52,52,52,52,52,52,52,52,26,26,26,26,26,26,26,26,26],"relic_stats":{"Sozu":3,"Nunchaku":[0],"counters":[14,59],"obtain_stats":[{"Sozu":17,"PokerPlayerMod:DeckCase":0,"REME:ComplimentaryCards":0,"Replay:Bandana":23,"Nunchaku":26,"NeowsBlessing":0,"Replay:Kaleidoscope":8,"Replay:Bottled Snecko":9,"Boot":3,"Toy Ornithopter":20,"Replay:Bottled Steam":11},{"Sozu":8,"PokerPlayerMod:DeckCase":0,"REME:ComplimentaryCards":0,"Replay:Bandana":12,"Nunchaku":13,"NeowsBlessing":0,"Replay:Kaleidoscope":5,"Replay:Bottled Snecko":5,"Boot":2,"Toy Ornithopter":10,"Replay:Bottled Steam":6},{"Sozu":29,"PokerPlayerMod:DeckCase":0,"REME:ComplimentaryCards":0,"Replay:Bandana":53,"Nunchaku":57,"NeowsBlessing":0,"Replay:Kaleidoscope":10,"Replay:Bottled Snecko":10,"Boot":2,"Toy Ornithopter":37,"Replay:Bottled Steam":15}],"Toy Ornithopter":0},"card_choices":[{"not_picked":["PokerPlayerMod:Fold","PokerPlayerMod:Spade1"],"picked":"PokerPlayerMod:Spade2","floor":1},{"not_picked":["PokerPlayerMod:Spade4","PokerPlayerMod:Diamond3"],"picked":"PokerPlayerMod:JackOfSpades","floor":3},{"not_picked":["PokerPlayerMod:DartThrow","PokerPlayerMod:Spade1","PokerPlayerMod:Trickery"],"picked":"SKIP","floor":4},{"not_picked":["PokerPlayerMod:Spade2","PokerPlayerMod:Diamond1"],"picked":"PokerPlayerMod:Heart6","floor":7},{"not_picked":["PokerPlayerMod:CloakAndDiamond","PokerPlayerMod:JackOfSpades"],"picked":"PokerPlayerMod:ClubDance","floor":8},{"not_picked":["PokerPlayerMod:Trickery","PokerPlayerMod:Club4"],"picked":"PokerPlayerMod:Overdeal","floor":11},{"not_picked":["PokerPlayerMod:Club2","PokerPlayerMod:Diamond4"],"picked":"PokerPlayerMod:Manipulation","floor":13},{"not_picked":["PokerPlayerMod:Diamond7","PokerPlayerMod:Diamond10+"],"picked":"PokerPlayerMod:TheDieIsCast","floor":16},{"not_picked":["PokerPlayerMod:Spade1","PokerPlayerMod:Club1"],"picked":"PokerPlayerMod:Spade10+","floor":18},{"not_picked":["PokerPlayerMod:DiamondStrike","PokerPlayerMod:Configure+1"],"picked":"PokerPlayerMod:Extraction+1","floor":19},{"not_picked":["PokerPlayerMod:Configure","PokerPlayerMod:Spade2"],"picked":"PokerPlayerMod:Diamond6","floor":20},{"not_picked":["PokerPlayerMod:DiamondStrike","PokerPlayerMod:JackOfSpades"],"picked":"PokerPlayerMod:HotShotCut","floor":20},{"not_picked":["PokerPlayerMod:DartThrow","PokerPlayerMod:Diamond4"],"picked":"PokerPlayerMod:FillThePot+1","floor":22},{"not_picked":["PokerPlayerMod:Club7","PokerPlayerMod:Club2"],"picked":"PokerPlayerMod:WildCard","floor":23},{"not_picked":["PokerPlayerMod:Harden+1","PokerPlayerMod:SpadeStrike","PokerPlayerMod:CardBurn+1"],"picked":"SKIP","floor":24}],"player_experience":122459,"relics_obtained":[{"floor":3,"key":"Boot"},{"floor":8,"key":"Replay:Kaleidoscope"},{"floor":9,"key":"Replay:Bottled Snecko"},{"floor":11,"key":"Replay:Bottled Steam"},{"floor":20,"key":"Toy Ornithopter"},{"floor":23,"key":"Replay:Bandana"},{"floor":26,"key":"Nunchaku"}],"event_choices":[{"damage_healed":0,"gold_gain":0,"cards_transformed":["PokerPlayerMod:Spade1"],"player_choice":"Transformed","damage_taken":0,"max_hp_gain":0,"max_hp_loss":0,"event_name":"Transmorgrifier","floor":5,"gold_loss":0,"cards_obtained":["PokerPlayerMod:Diamond7"]},{"damage_healed":0,"gold_gain":0,"player_choice":"Ignored","damage_taken":0,"max_hp_gain":0,"max_hp_loss":0,"event_name":"NoteForYourself","floor":10,"gold_loss":0},{"damage_healed":0,"gold_gain":0,"player_choice":"Became a Ghost","damage_taken":0,"max_hp_gain":0,"max_hp_loss":26,"event_name":"Ghosts","floor":21,"gold_loss":0,"cards_obtained":["Ghostly","Ghostly","Ghostly","Ghostly","Ghostly"]}],"is_beta":false,"boss_relics":[{"not_picked":["Cursed Key","conspire:RoyalGoblet"],"picked":"Sozu"}],"items_purged_floors":[],"is_endless":false,"potions_floor_spawned":[1,7,8,13,18,22,23],"killed_by":"Shelled Parasite and Fungi","ascension_level":0}}