{"host":"81vb4cbob60wa1na","time":1611182212,"event":{"mods":["BaseMod","Dio Mod","Downfall","GifTheSpireLib","Hermit","Highlight Path","Minty Spire (QoL Compilation)","StSLib","The Bug Knight","The Cursed","The Disciple"],"gold_per_floor":[99,112,112,48,63,63,63,63,138,138,157,157,202,213,233,335,335,335,355,355,370,100,111,138,238,254,273,283,297,297,159,177,280,280,280,294,312,312,11,23,23,23,23,37,37,48,48,148,159,159,159,159],"floor_reached":50,"language":"ENG","playtime":2069,"items_purged":[],"score":563,"play_id":"ac808604-be67-4472-9604-89e2178c3a31","local_time":"20210120173652","is_ascension_mode":false,"campfire_choices":[{"data":"Slimebound:Split","floor":1,"key":"SMITH"},{"data":"Slimebound:RainOfGoop","floor":8,"key":"SMITH"},{"data":"Slimebound:ViciousTackle","floor":12,"key":"SMITH"},{"data":"Slimebound:SplitMire","floor":18,"key":"SMITH"},{"floor":30,"key":"REST"},{"floor":35,"key":"RECALL"},{"data":"Slimebound:GoopSpray","floor":43,"key":"SMITH"},{"data":"Slimebound:SplitMire","floor":45,"key":"SMITH"}],"circlet_count":0,"master_deck":["Slimebound:Strike_Slimebound+1","Slimebound:Strike_Slimebound+1","Slimebound:Tackle","Slimebound:Defend_Slimebound+1","Slimebound:Defend_Slimebound","Slimebound:Defend_Slimebound","Slimebound:Defend_Slimebound","Slimebound:Split+1","Slimebound:CorrosiveSpit+1","Slimebound:GoopSpray","Regret","Slimebound:RainOfGoop+1","Slimebound:Schlurp","Slimebound:AcidTongue+1","downfall:Malfunctioning","Slimebound:ViciousTackle+1","Slimebound:ItLooksTasty+1","Slimebound:SplitMire+1","Slimebound:ViciousTackle+1","Slimebound:SamplingLick","Slimebound:SamplingLick","Slimebound:MegaLick","Trip","Slimebound:Split","Slimebound:GoopTackle","Slimebound:RejuvenatingLick","Slimebound:WasteNot","Jack Of All Trades","Slimebound:Prepare+1","Slimebound:SamplingLick+1","Slimebound:SpikyOuterGoop","Slimebound:SamplingLick","Slimebound:GoopSpray+1","Slimebound:SplitMire+1","Slimebound:SplitMire+1","Slimebound:OozeBath+1","Slimebound:Nibble+1"],"relics":["Slimebound:AbsorbEndCombat","hexamod:CandleOfCauterizing","Meat on the Bone","Pen Nib","SacredBark","Omamori","downfall:GremlinSack","Whetstone","MealTicket","Busted Crown","Ice Cream","StrikeDummy"],"acts_visited":["Exordium","TheCity","TheBeyond"],"potions_floor_usage":[15,16,22,25,28,33,33,40,44,44,44,50,50,50],"damage_taken":[{"damage":4,"enemies":"Jaw Worm","floor":2,"turns":3},{"damage":2,"enemies":"downfall:FleeingMerchant","floor":4,"turns":4},{"damage":3,"enemies":"Small Slimes","floor":5,"turns":2},{"damage":0,"enemies":"2 Louse","floor":11,"turns":1},{"damage":21,"enemies":"Large Slime","floor":14,"turns":3},{"damage":16,"enemies":"Lots of Slimes","floor":15,"turns":4},{"damage":43,"enemies":"WA_ARCHETYPE_RETAIN","floor":16,"turns":5},{"damage":6,"enemies":"Spheric Guardian","floor":19,"turns":3},{"damage":32,"enemies":"Shell Parasite","floor":21,"turns":5},{"damage":21,"enemies":"downfall:FleeingMerchant","floor":22,"turns":4},{"damage":14,"enemies":"Snake Plant","floor":23,"turns":3},{"damage":7,"enemies":"Snake Plant","floor":25,"turns":4},{"damage":15,"enemies":"Centurion and Healer","floor":26,"turns":5},{"damage":19,"enemies":"Sentry and Sphere","floor":27,"turns":4},{"damage":2,"enemies":"Snecko","floor":28,"turns":4},{"damage":10,"enemies":"Snake Plant","floor":29,"turns":2},{"damage":6,"enemies":"downfall:FleeingMerchant","floor":31,"turns":4},{"damage":4,"enemies":"Cultist and Chosen","floor":32,"turns":6},{"damage":40,"enemies":"SI_MIRROR_ARCHETYPE","floor":33,"turns":8},{"damage":19,"enemies":"3 Shapes","floor":36,"turns":6},{"damage":22,"enemies":"3 Darklings","floor":37,"turns":4},{"damage":13,"enemies":"Writhing Mass","floor":40,"turns":5},{"damage":6,"enemies":"Transient","floor":44,"turns":5},{"damage":6,"enemies":"4 Shapes","floor":46,"turns":3},{"damage":28,"enemies":"Maw","floor":49,"turns":6},{"damage":80,"enemies":"IC_BLOCK_ARCHETYPE","floor":50,"turns":2}],"seed_played":"-8217915366889592999","potions_obtained":[{"floor":5,"key":"AttackPotion"},{"floor":11,"key":"Fire Potion"},{"floor":16,"key":"Swift Potion"},{"floor":23,"key":"SneckoOil"},{"floor":25,"key":"Ancient Potion"},{"floor":27,"key":"Block Potion"},{"floor":33,"key":"SteroidPotion"},{"floor":40,"key":"EntropicBrew"},{"floor":46,"key":"hexamod:SoulburnPotion"}],"is_trial":false,"path_per_floor":["R","M","?","$","M","?","T","R","?","?","M","R","T","M","M","B",null,"R","M","T","M","$","M","T","?","M","M","M","M","R","$","M","B",null,"R","M","M","?","$","M","T","?","R","M","R","M","$","?","M","B"],"character_chosen":"SLIMEBOUND","items_purchased":["Slimebound:Schlurp","Slimebound:SamplingLick","Slimebound:MegaLick","BlessingOfTheForge","Trip","Whetstone","Slimebound:SplitMire","Regen Potion","SkillPotion","MealTicket","Ice Cream"],"campfire_rested":1,"item_purchase_floors":[4,22,22,22,22,31,31,31,31,31,39],"current_hp_per_floor":[65,65,65,65,64,64,64,64,64,64,65,65,65,46,38,15,65,65,61,61,35,32,34,34,43,36,35,37,41,60,60,64,44,65,65,54,38,38,53,64,64,64,64,65,65,64,65,65,43,0,0,0],"gold":159,"neow_bonus":"UPGRADE_CARD","is_daily":false,"chose_seed":false,"campfire_upgraded":6,"win_rate":0.0,"timestamp":1611182212,"path_taken":["R","M","?","$","M","?","T","R","?","?","M","R","?","?","M","BOSS","R","M","?","M","$","?","T","?","M","M","M","?","R","$","M","BOSS","R","M","M","?","$","M","T","?","R","?","R","M","?","?","M","BOSS"],"items_purchased_type":["Card","Card","Card","Potion","Card","Relic","Card","Potion","Potion","Relic","Relic"],"build_version":"2020-12-22","purchased_purges":0,"victory":false,"max_hp_per_floor":[65,65,65,65,65,65,65,65,65,65,65,65,65,65,65,65,65,65,65,65,65,65,65,65,65,65,65,65,65,65,65,65,65,65,65,65,65,65,65,65,65,65,65,65,65,65,65,65,65,65,65,65],"card_choices":[{"not_picked":["Slimebound:SlimeSpikes","Slimebound:RejuvenatingLick"],"picked":"Slimebound:GoopSpray","floor":2},{"not_picked":["Slimebound:SplitAcid","Slimebound:LeechingTouch"],"picked":"Slimebound:RainOfGoop","floor":4},{"not_picked":["Slimebound:Grow","Slimebound:LivingWall"],"picked":"Slimebound:AcidTongue","floor":5},{"not_picked":["Slimebound:SlimeBrawl","Slimebound:DisruptingSlam"],"picked":"Slimebound:ViciousTackle","floor":11},{"not_picked":["Slimebound:BestDefense","Slimebound:SlimeSpikes"],"picked":"Slimebound:ItLooksTasty","floor":14},{"not_picked":["Slimebound:SlimeBrawl","Slimebound:Schlurp"],"picked":"Slimebound:SplitMire","floor":15},{"not_picked":["Slimebound:GoopTackle","Slimebound:FinishingTackle"],"picked":"Slimebound:ViciousTackle+1","floor":19},{"not_picked":["Slimebound:SplitBruiser","Slimebound:RollThrough"],"picked":"Slimebound:SamplingLick","floor":21},{"not_picked":["Slimebound:LeechEnergy","Slimebound:SplitBruiser","Slimebound:GrowthPunch"],"picked":"SKIP","floor":22},{"not_picked":["Slimebound:Replication","Slimebound:CheckThePlaybook","Slimebound:FlameTackle"],"picked":"SKIP","floor":23},{"not_picked":["Slimebound:ServeAndProtect","Slimebound:GrowthPunch"],"picked":"Slimebound:Prepare+1","floor":25},{"not_picked":["Slimebound:FinishingTackle","Slimebound:RollThrough+1"],"picked":"Slimebound:SamplingLick+1","floor":26},{"not_picked":["Slimebound:SplitBruiser","Slimebound:FinishingTackle"],"picked":"Slimebound:SpikyOuterGoop","floor":27},{"not_picked":["Slimebound:BestDefense+1","Slimebound:LeadByExample"],"picked":"Slimebound:SamplingLick","floor":28},{"not_picked":["Slimebound:MassRepurpose","Slimebound:SplitAcid+1"],"picked":"Slimebound:GoopSpray","floor":29},{"not_picked":["Slimebound:ProtectTheBoss","Slimebound:SplitMire","Slimebound:SlimeSpikes"],"picked":"SKIP","floor":31},{"not_picked":["Slimebound:LivingWall","Slimebound:SlimeBrawl"],"picked":"Slimebound:SplitMire+1","floor":32},{"not_picked":["Slimebound:PrepareCrush","Slimebound:MassRepurpose"],"picked":"Slimebound:OozeBath","floor":33},{"not_picked":["Slimebound:SplitBruiser+1"],"picked":"SKIP","floor":36},{"not_picked":["Slimebound:LeechingTouch"],"picked":"SKIP","floor":37},{"not_picked":[],"picked":"Slimebound:Nibble+1","floor":40},{"not_picked":["Slimebound:SlimeBrawl+1"],"picked":"SKIP","floor":44},{"not_picked":["Slimebound:SplitBruiser+1"],"picked":"SKIP","floor":46},{"not_picked":["Slimebound:PressTheAttack+1"],"picked":"SKIP","floor":49}],"player_experience":282469,"relics_obtained":[{"floor":7,"key":"Meat on the Bone"},{"floor":13,"key":"Pen Nib"},{"floor":24,"key":"Omamori"},{"floor":25,"key":"downfall:GremlinSack"},{"floor":41,"key":"StrikeDummy"}],"event_choices":[{"damage_healed":0,"gold_gain":0,"player_choice":"Box","damage_taken":0,"relics_obtained":["hexamod:CandleOfCauterizing"],"max_hp_gain":0,"max_hp_loss":0,"event_name":"Big Fish","floor":3,"gold_loss":0,"cards_obtained":["Regret"]}],"is_beta":false,"boss_relics":[{"not_picked":["Black Star","Pandora\u0027s Box"],"picked":"SacredBark"},{"not_picked":["Runic Dome","Fusion Hammer"],"picked":"Busted Crown"}],"items_purged_floors":[],"is_endless":false,"potions_floor_spawned":[5,11,16,23,25,27,29,32,33,40,46,49],"killed_by":"IC_BLOCK_ARCHETYPE","ascension_level":0}}