{"host":"m4py67fg3gq1tfno","time":1611118447,"event":{"mods":["100% Spire Juice","ATMod(阿瑾Mod)","Act Like it!","Arknights The Spire","BaseMod","Decade(王小明)","Dota2Spire","Gensokyo","GifTheSpireLib","GungeonMod","Hallownest","Highlight Path","Hunter 猎人","KinomotoSakuraMod(木之本樱)","LagranYue(拉格朗・月)","Luminous","Marisa（F雨　魔理沙）","Marked Mod","Minty Spire (QoL Compilation)","Nova Terra(诺娃・泰拉)","Red Circlet Mod","Reimu（博丽灵梦）","Remilia（蕾米莉亚）","Replay The Spire","SIMod","SOS（斯巴达之子）","StSLib","The Administrix","The Bug Knight","The Cursed","The Gatherer","The Hierophant","The Invoker Mod","The Mystic","The Poker Player","The Servant 0.9.4","Waifu the Spire","WarShipGirlsR/战舰少女R mod","Youmu（魂魄妖梦）","Yuyuko","【遗物卡牌】REMEMod"],"gold_per_floor":[112,112,12,30,45,73,93,122,122,141,141,21,34,45,45,148,28,46,57,12,29,49,76,76,76,99,110,135,164,164,196,196,301,301,335,380,287,323,378,421,471,542,542,542,587,598,598,598,598,598,598],"floor_reached":50,"language":"ZHS","playtime":6912,"items_purged":[],"score":819,"play_id":"6102a54e-dee6-43f9-a0c4-419b39a7608b","local_time":"20210120125407","is_ascension_mode":false,"campfire_choices":[{"data":"Moonworks:MeltingMemories","floor":11.0,"key":"SMITH"},{"data":"Moonworks:Accelerator","floor":24.0,"key":"SMITH"},{"data":"Moonworks:BindingChains","floor":30.0,"key":"SMITH"},{"data":"Moonworks:IndiscriminateFireSupport","floor":32.0,"key":"SMITH"},{"data":"Moonworks:ForcedRevival","floor":44.0,"key":"SMITH"},{"data":"Moonworks:AccelHyper","floor":47,"key":"SMITH"},{"data":"AT_EmpoweredMortalDraw","floor":49,"key":"SMITH"}],"circlet_count":0,"master_deck":["Moonworks:Strike","Moonworks:Strike","Moonworks:Strike","Moonworks:Strike","Moonworks:Defend","Moonworks:Defend","Moonworks:Defend","Moonworks:Defend","Moonworks:LongDistanceShot","Moonworks:NicePresent","Moonworks:MeltingMemories+1","Moonworks:WindyEnchantment","Moonworks:IndiscriminateFireSupport+1","Moonworks:LulusLuckyEgg","Moonworks:ImOnFire","Moonworks:NicePresent","Moonworks:DeployBits","Moonworks:EvilMastermind","Moonworks:SakisCookie","Moonworks:Accelerator+1","Moonworks:NicePresent+1","Moonworks:TacticalRetreat","Moonworks:MixPhenomenon","Moonworks:Dash","Moonworks:WindyEnchantment","Moonworks:BindingChains+1","Moonworks:NicePresent","Moonworks:Gamble","Moonworks:DeployBits+1","Moonworks:ForcedRevival+1","Moonworks:BackdoorTrade+1","Moonworks:AccelHyper+1","Moonworks:WeAreWaruda","Moonworks:SealedMemories","Moonworks:Heat300Percent+1","AT_EmpoweredMortalDraw+1"],"relics":["Moonworks:BrokenBomb","Moonworks:Homemark","AT_ATBox","REME_ComplimentaryCards","LagranYue:RandomDrawCardRelic","Boot","White Beast Statue","DemoMod:JetPack","Painkiller Herb","HollowMod:LifeEnderRelic","DemoMod:LamentConfigurum","Replay:Bandana","LagranYue:SoulBurningRelic","REME_LimitBreaker","AT_SilvercatRing","ReplayTheSpireMod:Lightbulb","Quantum Egg","Unceasing Top","AT_Manta","DemoMod:GlassGuonStoneRelic","Dota2Spire:AghanimScepter"],"acts_visited":["Exordium","TheCity","TheBeyond"],"potions_floor_usage":[],"damage_taken":[{"damage":5.0,"enemies":"Small Slimes","floor":1.0,"turns":5.0},{"damage":3.0,"enemies":"Cultist","floor":3.0,"turns":4.0},{"damage":5.0,"enemies":"2 Louse","floor":4.0,"turns":4.0},{"damage":0.0,"enemies":"2 Fungi Beasts","floor":5.0,"turns":4.0},{"damage":12.0,"enemies":"3 Sentries","floor":6.0,"turns":3.0},{"damage":0.0,"enemies":"Lots of Slimes","floor":7.0,"turns":1.0},{"damage":0.0,"enemies":"Lagavulin","floor":8.0,"turns":4.0},{"damage":0.0,"enemies":"Gremlin Gang","floor":10.0,"turns":2.0},{"damage":0.0,"enemies":"2 Fungi Beasts","floor":13.0,"turns":2.0},{"damage":0.0,"enemies":"Large Slime","floor":14.0,"turns":4.0},{"damage":0.0,"enemies":"Slime Boss","floor":16.0,"turns":4.0},{"damage":1.0,"enemies":"2 Thieves","floor":18.0,"turns":2.0},{"damage":11.0,"enemies":"Shell Parasite","floor":19.0,"turns":5.0},{"damage":0.0,"enemies":"Cultist and Chosen","floor":21.0,"turns":4.0},{"damage":7.0,"enemies":"3 Cultists","floor":22.0,"turns":5.0},{"damage":3.0,"enemies":"Gremlin Leader","floor":23.0,"turns":5.0},{"damage":12.0,"enemies":"Snecko","floor":27.0,"turns":2.0},{"damage":42.0,"enemies":"Book of Stabbing","floor":28.0,"turns":7.0},{"damage":0.0,"enemies":"Centurion and Healer","floor":29.0,"turns":4.0},{"damage":4.0,"enemies":"Shelled Parasite and Fungi","floor":31.0,"turns":3.0},{"damage":40.0,"enemies":"Champ","floor":33.0,"turns":13.0},{"damage":0.0,"enemies":"Orb Walker","floor":35.0,"turns":3.0},{"damage":0.0,"enemies":"3 Darklings","floor":36.0,"turns":3.0},{"damage":0.0,"enemies":"Maw","floor":37.0,"turns":2.0},{"damage":1.0,"enemies":"Writhing Mass","floor":38.0,"turns":3.0},{"damage":1.0,"enemies":"4 Shapes","floor":39.0,"turns":2.0},{"damage":17.0,"enemies":"Giant Head","floor":40.0,"turns":4.0},{"damage":9.0,"enemies":"Sphere and 2 Shapes","floor":41.0,"turns":2.0},{"damage":0.0,"enemies":"Reptomancer","floor":42.0,"turns":3.0},{"damage":0,"enemies":"Nemesis","floor":45,"turns":2},{"damage":0,"enemies":"Spire Growth","floor":46,"turns":1},{"damage":999,"enemies":"Replay:Hell Engine","floor":50,"turns":1}],"seed_played":"3014615534156135337","potions_obtained":[{"floor":5.0,"key":"MagicPotion:ReiMu"},{"floor":7.0,"key":"Elixir"},{"floor":8.0,"key":"SteroidPotion"},{"floor":10.0,"key":"REME_GoldPotion"},{"floor":13.0,"key":"Adrenaline Potion"},{"floor":14.0,"key":"DemoMod:LeadSkinPotion"},{"floor":16.0,"key":"ZuzhouPotion:ReiMu"},{"floor":18.0,"key":"SkillPotion"},{"floor":19.0,"key":"Death Potion"},{"floor":21.0,"key":"Energy Potion"},{"floor":22.0,"key":"SmokeBomb"},{"floor":23.0,"key":"SkillPotion"},{"floor":27.0,"key":"Ancient Potion"},{"floor":28.0,"key":"DuplicationPotion"},{"floor":31.0,"key":"BlessingOfTheForge"},{"floor":33.0,"key":"EssenceOfSteel"},{"floor":35.0,"key":"Strength Potion"},{"floor":36.0,"key":"SpeedPotion"},{"floor":39.0,"key":"Fire Potion"},{"floor":40.0,"key":"Toxic Potion"},{"floor":41.0,"key":"Regen Potion"},{"floor":42.0,"key":"Elixir"},{"floor":45,"key":"Cursed Concoction"}],"is_trial":false,"path_per_floor":["M","?","M","M","M","E","M","E","T","M","R","$","M","M","R","B",null,"?","?","?","?","?","E","T","T","T","?","E","?","T","?","T","B",null,"?","?","?","?","?","E","?","E","T","T","E","?","T","?","T","B"],"character_chosen":"THE_STARBREAKER","items_purchased":[],"campfire_rested":0,"item_purchase_floors":[],"current_hp_per_floor":[61,61,58,56,59,47,47,47,47,47,47,47,47,56,56,56,66,65,54,48,57,50,47,47,47,47,35,8,23,23,36,36,11,66,66,66,66,66,65,53,45,54,54,54,54,54,54,54,54,0,0],"gold":598,"neow_bonus":"TEN_PERCENT_HP_BONUS","is_daily":false,"chose_seed":false,"campfire_upgraded":7,"win_rate":0.0,"timestamp":1611118447,"path_taken":["M","?","M","?","M","E","M","E","T","M","R","$","M","M","R","BOSS","?","?","?","?","?","E","T","T","T","?","E","?","T","?","T","BOSS","?","?","?","?","?","E","?","E","T","T","E","?","T","?","T","BOSS"],"items_purchased_type":[],"build_version":"2020-12-22","purchased_purges":0,"victory":false,"max_hp_per_floor":[66,66,66,66,66,66,66,66,66,66,66,66,66,66,66,66,66,66,66,66,66,66,66,66,66,66,66,66,66,66,66,66,66,66,66,66,66,66,66,66,66,66,66,66,66,66,66,66,66,66,66],"card_choices":[{"not_picked":["Moonworks:Assault","Moonworks:CloudOfSeagulls"],"picked":"Moonworks:NicePresent","floor":1.0},{"not_picked":["Moonworks:EvilSpyWorkPreparation","Moonworks:LulusLuckyEgg"],"picked":"Moonworks:MeltingMemories","floor":3.0},{"not_picked":["Moonworks:LulusLuckyEgg","Moonworks:JonathanRush"],"picked":"Moonworks:WindyEnchantment","floor":4.0},{"not_picked":["Moonworks:JonathanRush","Moonworks:ExtendedPhotonRifle"],"picked":"Moonworks:IndiscriminateFireSupport","floor":5.0},{"not_picked":["Moonworks:JonathanRush","Moonworks:BigMagnum"],"picked":"Moonworks:LulusLuckyEgg","floor":6.0},{"not_picked":["Moonworks:CloudOfSeagulls","Moonworks:Assault"],"picked":"Moonworks:ImOnFire","floor":7.0},{"not_picked":["Moonworks:JonathanRush","Moonworks:AngelHand"],"picked":"Moonworks:NicePresent","floor":8.0},{"not_picked":["Moonworks:Assault","Moonworks:ImOnFire"],"picked":"Moonworks:DeployBits","floor":10.0},{"not_picked":["Moonworks:JonathanRush","Moonworks:UnluckyCharm"],"picked":"Moonworks:EvilMastermind","floor":13.0},{"not_picked":["Moonworks:NicePresent","Moonworks:CloudOfSeagulls"],"picked":"Moonworks:SakisCookie","floor":14.0},{"not_picked":["Moonworks:GoAway","Moonworks:EvilMastermind"],"picked":"Moonworks:Accelerator","floor":16.0},{"not_picked":["Moonworks:EvilSpyWorkPreparation","Moonworks:ImmovableObject"],"picked":"Moonworks:NicePresent+1","floor":18.0},{"not_picked":["Moonworks:CloudOfSeagulls","Moonworks:Assault+1"],"picked":"Moonworks:TacticalRetreat","floor":19.0},{"not_picked":["Moonworks:ImOnFire","Moonworks:ReproductionOfRecords+1"],"picked":"Moonworks:MixPhenomenon","floor":21.0},{"not_picked":["Moonworks:CompletionReward+1","Moonworks:NicePresent+1"],"picked":"Moonworks:Dash","floor":22.0},{"not_picked":["Moonworks:LulusLuckyEgg","Moonworks:x16BigRocket"],"picked":"Moonworks:WindyEnchantment","floor":23.0},{"not_picked":["Moonworks:CastOff","Moonworks:EvilSpyWorkPreparation"],"picked":"Moonworks:BindingChains","floor":27.0},{"not_picked":["Moonworks:SakisCookie","Moonworks:ExtendedPhotonRifle","Moonworks:IndiscriminateFireSupport"],"picked":"SKIP","floor":28.0},{"not_picked":["Moonworks:CloudOfSeagulls","Moonworks:SakisCookie","Moonworks:BigMagnum"],"picked":"SKIP","floor":29.0},{"not_picked":["Moonworks:ImOnFire","Moonworks:JonathanRush+1"],"picked":"Moonworks:NicePresent","floor":31.0},{"not_picked":["Moonworks:FinalBattle","Moonworks:SubspaceTunnel"],"picked":"Moonworks:Gamble","floor":33.0},{"not_picked":["Moonworks:CloudOfSeagulls+1","Moonworks:SakisCookie+1"],"picked":"Moonworks:DeployBits+1","floor":35.0},{"not_picked":["Moonworks:x16BigRocket+1","Moonworks:RedAndBlue+1"],"picked":"Moonworks:ForcedRevival","floor":36.0},{"not_picked":["Moonworks:DeployBits","Moonworks:BigBangBell"],"picked":"Moonworks:BackdoorTrade+1","floor":37.0},{"not_picked":["Moonworks:CloudOfSeagulls+1","Moonworks:DeployBits"],"picked":"Moonworks:AccelHyper","floor":38.0},{"not_picked":["Moonworks:JonathanRush+1","Moonworks:EvilSpyWorkPreparation+1","Moonworks:DeployBits+1"],"picked":"SKIP","floor":39.0},{"not_picked":["Moonworks:BigBangBell+1","Moonworks:DeployBits"],"picked":"Moonworks:WeAreWaruda","floor":40.0},{"not_picked":["Moonworks:ImOnFire+1","Moonworks:BigMagnum"],"picked":"Moonworks:SealedMemories","floor":41.0},{"not_picked":["Moonworks:Assault+1","Moonworks:Dinner","Moonworks:EvilSpyWorkPreparation"],"picked":"SKIP","floor":42.0},{"not_picked":["Moonworks:RocketCannon","Moonworks:SakisCookie"],"picked":"Moonworks:Heat300Percent+1","floor":45},{"not_picked":["Moonworks:BigMagnum+1","Moonworks:IndiscriminateFireSupport+1","Moonworks:SelfDestruct"],"picked":"SKIP","floor":46},{"not_picked":["Survey Options","Bandage Up"],"picked":"AT_EmpoweredMortalDraw","floor":48}],"player_experience":46913,"relics_obtained":[{"floor":6.0,"key":"Boot"},{"floor":8.0,"key":"White Beast Statue"},{"floor":9.0,"key":"DemoMod:JetPack"},{"floor":23.0,"key":"HollowMod:LifeEnderRelic"},{"floor":26.0,"key":"DemoMod:LamentConfigurum"},{"floor":28.0,"key":"Replay:Bandana"},{"floor":40.0,"key":"ReplayTheSpireMod:Lightbulb"},{"floor":42.0,"key":"Unceasing Top"},{"floor":43.0,"key":"AT_Manta"},{"floor":45,"key":"Dota2Spire:AghanimScepter"}],"event_choices":[{"damage_healed":0.0,"max_hp_gain":0.0,"max_hp_loss":0.0,"gold_gain":0.0,"event_name":"NoteForYourself","player_choice":"Ignored","floor":2.0,"gold_loss":0.0,"damage_taken":0.0},{"cards_removed":["Moonworks:Ambush"],"damage_healed":0.0,"max_hp_gain":0.0,"max_hp_loss":0.0,"gold_gain":0.0,"event_name":"Purifier","player_choice":"Purged","floor":15.0,"gold_loss":0.0,"damage_taken":0.0},{"damage_healed":0.0,"max_hp_gain":0.0,"max_hp_loss":0.0,"gold_gain":75.0,"event_name":"FaceTrader","player_choice":"Touch","floor":20.0,"gold_loss":0.0,"damage_taken":6.0},{"damage_healed":0,"gold_gain":0,"player_choice":"Memory 1","damage_taken":0,"max_hp_gain":0,"max_hp_loss":0,"event_name":"SensoryStone","floor":48,"gold_loss":0}],"is_beta":false,"boss_relics":[{"not_picked":["Ring of Chaos","Kintsugi"],"picked":"Painkiller Herb"},{"not_picked":["Replay:Ancient Bell","REME_DemonsWealth"],"picked":"LagranYue:SoulBurningRelic"}],"items_purged_floors":[],"is_endless":false,"potions_floor_spawned":[5,7,8,10,13,14,16,18,19,21,22,23,27,28,29,31,33,35,36,37,38,39,40,41,42,45,46],"killed_by":"Replay:Hell Engine","ascension_level":0}}