{"host":"9jj9tzo2iym4bpat","time":1611101301,"event":{"mods":["Act Like it!","BaseMod","CapriCore","Colored Map","Dark Map","Luminous","Minty Spire (QoL Compilation)","Permanent Neow","StSLib","Td1madao Mod","The Animator","The Immortal","The Marked","The Servant 0.9.4","Yakumo Yukari mod"],"gold_per_floor":[219,229,12,12,22,22,42,217,241,253,266,296,296,296,296,397,397,413,7,17,28,48,48,60,34,34,134,1,1,14,14,14],"floor_reached":31,"language":"ENG","playtime":1063,"items_purged":[],"score":284,"play_id":"e3c40c00-53c3-4c91-b022-45152cfaae48","local_time":"20210119180821","is_ascension_mode":true,"campfire_choices":[{"data":"Backstab","floor":6,"key":"SMITH"},{"floor":13,"key":"REST"},{"floor":15,"key":"REST"},{"floor":23,"key":"REST"},{"floor":29,"key":"REST"}],"circlet_count":0,"master_deck":["Strike_G","Strike_G","Strike_G","Strike_G+1","Strike_G","Defend_G","Defend_G","Defend_G","Defend_G","Defend_G","Survivor","Neutralize+1","Cloak And Dagger","Deadly Poison","Backstab+1","Slice","Infinite Blades","Accuracy","A Thousand Cuts","Caltrops","Terror","Outmaneuver+1","Cloak And Dagger","Accuracy","Cloak And Dagger"],"relics":["Ring of the Snake","HandDrill","Odd Mushroom","Nunchaku","Whetstone","Busted Crown","Gremlin Horn","Orrery","Question Card"],"acts_visited":["Exordium","TheCity"],"potions_floor_usage":[12,16,22,24,30,31],"damage_taken":[{"damage":8,"enemies":"Jaw Worm","floor":1,"turns":5},{"damage":0,"enemies":"2 Louse","floor":2,"turns":3},{"damage":1,"enemies":"Small Slimes","floor":5,"turns":3},{"damage":28,"enemies":"The Mushroom Lair","floor":7,"turns":6},{"damage":6,"enemies":"Exordium Wildlife","floor":10,"turns":4},{"damage":8,"enemies":"Blue Slaver","floor":11,"turns":3},{"damage":12,"enemies":"3 Sentries","floor":12,"turns":9},{"damage":25,"enemies":"The Guardian","floor":16,"turns":13},{"damage":10,"enemies":"3 Byrds","floor":18,"turns":4},{"damage":18,"enemies":"2 Thieves","floor":20,"turns":5},{"damage":20,"enemies":"Snecko","floor":21,"turns":4},{"damage":25,"enemies":"Snake Plant","floor":22,"turns":4},{"damage":12,"enemies":"Shelled Parasite and Fungi","floor":24,"turns":4},{"damage":22,"enemies":"Centurion and Healer","floor":30,"turns":6},{"damage":14,"enemies":"Cultist and Chosen","floor":31,"turns":4}],"seed_played":"-3064985896422374018","potions_obtained":[{"floor":2,"key":"Ancient Potion"},{"floor":10,"key":"SkillPotion"},{"floor":11,"key":"FearPotion"},{"floor":16,"key":"LiquidBronze"},{"floor":21,"key":"SteroidPotion"},{"floor":22,"key":"SkillPotion"},{"floor":30,"key":"CunningPotion"}],"is_trial":false,"path_per_floor":["M","M","$","?","M","R","?","?","T","M","M","E","R","?","R","B",null,"M","$","M","M","M","R","M","$","T","?","$","R","M","M"],"character_chosen":"THE_SILENT","items_purchased":["HandDrill","Backstab","Gremlin Horn","Orrery","Cloak And Dagger","Accuracy","Cloak And Dagger"],"campfire_rested":4,"item_purchase_floors":[3,3,19,19,25,28,28],"current_hp_per_floor":[62,62,62,67,66,66,38,38,38,32,24,12,34,27,49,24,75,65,65,47,27,2,24,12,12,12,12,12,34,12,0,0],"gold":14,"neow_bonus":"HUNDRED_GOLD","is_daily":false,"chose_seed":false,"campfire_upgraded":1,"win_rate":0.0,"timestamp":1611101301,"path_taken":["M","M","$","?","M","R","?","?","T","M","?","E","R","?","R","BOSS","M","$","M","M","M","R","M","$","T","?","$","R","M","?"],"items_purchased_type":["Relic","Card","Relic","Relic","Card","Card","Card"],"build_version":"2020-12-22","purchased_purges":0,"victory":false,"max_hp_per_floor":[70,70,70,75,75,75,75,75,75,75,75,75,75,75,75,75,75,75,75,75,75,75,75,75,75,75,75,75,75,75,75,75],"card_choices":[{"not_picked":["Prepared","Footwork"],"picked":"Cloak And Dagger","floor":1},{"not_picked":["Blur","Bane"],"picked":"Deadly Poison","floor":2},{"not_picked":["Skewer","Deadly Poison"],"picked":"Slice","floor":5},{"not_picked":["Expertise","Predator","Blur"],"picked":"SKIP","floor":10},{"not_picked":["Finisher","Bane"],"picked":"Infinite Blades","floor":11},{"not_picked":["Tactician","Bane"],"picked":"Accuracy","floor":12},{"not_picked":["Unload","Burst"],"picked":"A Thousand Cuts","floor":16},{"not_picked":["Bouncing Flask"],"picked":"SKIP","floor":18},{"not_picked":[],"picked":"Caltrops","floor":19},{"not_picked":[],"picked":"Terror","floor":19},{"not_picked":["Sucker Punch"],"picked":"SKIP","floor":20},{"not_picked":["All Out Attack"],"picked":"SKIP","floor":21},{"not_picked":[],"picked":"Outmaneuver+1","floor":22},{"not_picked":["Skewer+1"],"picked":"SKIP","floor":24},{"not_picked":["Caltrops","Outmaneuver+1"],"picked":"SKIP","floor":30}],"player_experience":292548,"relics_obtained":[{"floor":7,"key":"Odd Mushroom"},{"floor":9,"key":"Nunchaku"},{"floor":12,"key":"Whetstone"},{"floor":26,"key":"Question Card"}],"event_choices":[{"damage_healed":0,"gold_gain":0,"player_choice":"Donut","damage_taken":0,"max_hp_gain":5,"max_hp_loss":0,"event_name":"Big Fish","floor":4,"gold_loss":0},{"damage_healed":0,"gold_gain":0,"player_choice":"Fought Mushrooms","damage_taken":0,"max_hp_gain":0,"max_hp_loss":0,"event_name":"Mushrooms","floor":7,"gold_loss":0},{"damage_healed":0,"gold_gain":175,"player_choice":"AGREE","damage_taken":0,"max_hp_gain":0,"max_hp_loss":0,"event_name":"Liars Game","floor":8,"gold_loss":0,"cards_obtained":["Doubt"]},{"cards_removed":["Doubt"],"damage_healed":0,"gold_gain":0,"player_choice":"Card Removal","damage_taken":7,"max_hp_gain":0,"max_hp_loss":0,"event_name":"Golden Wing","floor":14,"gold_loss":0},{"damage_healed":0,"gold_gain":100,"player_choice":"Pray","damage_taken":0,"max_hp_gain":0,"max_hp_loss":0,"event_name":"Golden Shrine","floor":27,"gold_loss":0}],"is_beta":false,"boss_relics":[{"not_picked":["Runic Pyramid","Sozu"],"picked":"Busted Crown"}],"items_purged_floors":[],"is_endless":false,"potions_floor_spawned":[2,10,11,16,21,22,30],"killed_by":"Cultist and Chosen","ascension_level":4}}