{"host":"r6jigiblrojhp6xe","time":1611184149,"event":{"mods":["AchievementEnabler","BaseMod","DeckTracker","Hermit","Minty Spire (QoL Compilation)","Quick Restart","Rare Cards Sparkle","Relic Stats","StSLib","SuperFastMode","everything is the same but u backflip on backflip"],"gold_per_floor":[114,114,72,85,104,139,139,172,172,172,97,97,4,17,17,91,91,101,101,120,145,162,193,93,93,93,113,38,70,89,105,105,181,181,193,208,208,222,234,234,262,280,280,294,308,308,308,308,18,18,18,18,18,18,18,48,48],"floor_reached":58,"language":"KOR","playtime":2765,"items_purged":["Strike_G","Strike_G","Defend_G"],"score":3103,"play_id":"db73518b-b365-4288-a053-719120b50fa3","local_time":"20210121080909","is_ascension_mode":true,"campfire_choices":[{"floor":7.0,"key":"REST"},{"data":"Predator","floor":12.0,"key":"SMITH"},{"data":"Tactician","floor":15.0,"key":"SMITH"},{"data":"Tactician","floor":25.0,"key":"SMITH"},{"data":"Malaise","floor":32,"key":"SMITH"},{"data":"Acrobatics","floor":40,"key":"SMITH"},{"floor":50,"key":"RECALL"},{"data":"Neutralize","floor":54,"key":"SMITH"}],"circlet_count":0,"master_deck":["AscendersBane","Defend_G","Defend_G","Defend_G","Survivor","Neutralize+1","Tactician+1","Predator+1","Acrobatics+1","Grand Finale","Acrobatics+1","Tools of the Trade","Tactician+1","Reflex","Malaise+1","Calculated Gamble+1"],"relics":["Ring of the Snake","Anchor","Gambling Chip","Bag of Preparation","Eternal Feather","Pen Nib","Runic Pyramid","Red Mask","Paper Crane","Kunai","Bronze Scales","Empty Cage","Snake Skull","Chemical X","Bottled Flame"],"acts_visited":["Exordium","TheCity","TheBeyond","TheEnding"],"potions_floor_usage":[51,57],"damage_taken":[{"damage":1.0,"enemies":"2 Louse","floor":1.0,"turns":3.0},{"damage":0.0,"enemies":"Jaw Worm","floor":4.0,"turns":3.0},{"damage":0.0,"enemies":"Cultist","floor":5.0,"turns":4.0},{"damage":20.0,"enemies":"3 Sentries","floor":6.0,"turns":7.0},{"damage":17.0,"enemies":"Lagavulin","floor":8.0,"turns":5.0},{"damage":0.0,"enemies":"2 Fungi Beasts","floor":14.0,"turns":1.0},{"damage":33.0,"enemies":"Slime Boss","floor":16.0,"turns":7.0},{"damage":0.0,"enemies":"Spheric Guardian","floor":18.0,"turns":1.0},{"damage":0.0,"enemies":"2 Thieves","floor":20.0,"turns":1.0},{"damage":0.0,"enemies":"Masked Bandits","floor":21.0,"turns":2.0},{"damage":0.0,"enemies":"Shelled Parasite and Fungi","floor":22.0,"turns":2.0},{"damage":0.0,"enemies":"Gremlin Leader","floor":23.0,"turns":3.0},{"damage":5.0,"enemies":"Snecko","floor":27.0,"turns":5.0},{"damage":0,"enemies":"Book of Stabbing","floor":29,"turns":4},{"damage":0,"enemies":"Snake Plant","floor":30,"turns":1},{"damage":0,"enemies":"Centurion and Healer","floor":31,"turns":1},{"damage":0,"enemies":"Champ","floor":33,"turns":7},{"damage":0,"enemies":"Orb Walker","floor":35,"turns":2},{"damage":0,"enemies":"3 Darklings","floor":36,"turns":1},{"damage":1,"enemies":"Spire Growth","floor":38,"turns":4},{"damage":0,"enemies":"Maw","floor":39,"turns":4},{"damage":0,"enemies":"Nemesis","floor":41,"turns":3},{"damage":0,"enemies":"Sphere and 2 Shapes","floor":42,"turns":1},{"damage":0,"enemies":"Jaw Worm Horde","floor":44,"turns":1},{"damage":0,"enemies":"Writhing Mass","floor":45,"turns":2},{"damage":2,"enemies":"Time Eater","floor":51,"turns":10},{"damage":0,"enemies":"Donu and Deca","floor":52,"turns":1},{"damage":0,"enemies":"Shield and Spear","floor":56,"turns":1},{"damage":31,"enemies":"The Heart","floor":57,"turns":8}],"seed_played":"1509216846391026913","potions_obtained":[{"floor":1.0,"key":"Strength Potion"},{"floor":4.0,"key":"DuplicationPotion"},{"floor":6.0,"key":"ColorlessPotion"},{"floor":14.0,"key":"Swift Potion"},{"floor":20.0,"key":"SpeedPotion"},{"floor":21.0,"key":"AttackPotion"},{"floor":23.0,"key":"Weak Potion"}],"is_trial":false,"path_per_floor":["M","?","$","M","M","E","R","E","T","T","$","R","$","M","R","B",null,"M","?","M","?","M","E","$","R","T","M","?","E","M","M","R","B",null,"M","M","?","M","M","R","E","M","T","M","M","M","?","?","$","R","B","B",null,"R","$","E","B",null],"character_chosen":"THE_SILENT","items_purchased":["Predator","Grand Finale","Chemical X"],"campfire_rested":1,"item_purchase_floors":[3,13,49],"current_hp_per_floor":[43,38,38,38,38,18,37,20,20,20,20,29,29,29,38,5,51,51,51,51,51,51,51,51,60,60,55,55,55,55,55,66,66,66,66,66,66,65,65,66,66,66,66,66,66,66,63,63,63,63,61,61,63,63,63,63,32],"gold":48,"neow_bonus":"TRANSFORM_TWO_CARDS","is_daily":false,"chose_seed":false,"campfire_upgraded":6,"win_rate":0.0,"timestamp":1611184149,"path_taken":["M","?","?","M","M","E","R","E","T","?","?","R","$","M","R","BOSS","M","?","?","?","M","E","$","R","T","M","?","E","M","?","R","BOSS","M","?","?","M","M","R","E","M","T","M","M","M","?","?","$","R","BOSS","BOSS","R","$","E","BOSS"],"items_purchased_type":["Card","Card","Relic"],"build_version":"2020-12-22","purchased_purges":3,"victory":true,"max_hp_per_floor":[66,66,66,66,66,66,66,66,66,66,66,66,66,66,66,66,66,66,66,66,66,66,66,66,66,66,66,66,66,66,66,66,66,66,66,66,66,66,66,66,66,66,66,66,66,66,63,63,63,63,63,63,63,63,63,63,63],"relic_stats":{"counters":[29,95],"Gambling Chip":[178],"Bronze Scales":[184],"Eternal Feather":39,"Pen Nib":[19],"Snake Skull":[0],"Bag of Preparation":[48],"Kunai":[34],"Chemical X":[3],"obtain_stats":[{"Eternal Feather":9,"Pen Nib":10,"Snake Skull":41,"Bag of Preparation":8,"Paper Crane":23,"Empty Cage":34,"Anchor":2,"Bottled Flame":56,"Gambling Chip":6,"Bronze Scales":29,"Red Mask":21,"Kunai":26,"Chemical X":49,"Ring of the Snake":0,"Runic Pyramid":17},{"Eternal Feather":5,"Pen Nib":5,"Snake Skull":22,"Bag of Preparation":5,"Paper Crane":12,"Empty Cage":17,"Anchor":1,"Bottled Flame":28,"Gambling Chip":4,"Bronze Scales":14,"Red Mask":10,"Kunai":12,"Chemical X":25,"Ring of the Snake":0,"Runic Pyramid":7},{"Eternal Feather":22,"Pen Nib":22,"Snake Skull":71,"Bag of Preparation":22,"Paper Crane":39,"Empty Cage":57,"Anchor":3,"Bottled Flame":87,"Gambling Chip":17,"Bronze Scales":48,"Red Mask":34,"Kunai":39,"Chemical X":75,"Ring of the Snake":0,"Runic Pyramid":30}],"Ring of the Snake":[58]},"card_choices":[{"not_picked":["Blade Dance","PiercingWail"],"picked":"Well Laid Plans","floor":1.0},{"not_picked":["Skewer","Slice","Expertise"],"picked":"SKIP","floor":4.0},{"not_picked":["Cloak And Dagger","Eviscerate"],"picked":"All Out Attack","floor":5.0},{"not_picked":["Sucker Punch","Deflect"],"picked":"Acrobatics","floor":6.0},{"not_picked":["Setup","Slice","Riddle With Holes"],"picked":"SKIP","floor":8.0},{"not_picked":["Leg Sweep","Flying Knee"],"picked":"Acrobatics","floor":14.0},{"not_picked":["Envenom","Corpse Explosion"],"picked":"Tools of the Trade","floor":16.0},{"not_picked":["Sucker Punch","Backflip","Blade Dance"],"picked":"SKIP","floor":18.0},{"not_picked":["Eviscerate","Dagger Spray","Tools of the Trade"],"picked":"SKIP","floor":20.0},{"not_picked":["Underhanded Strike","Cloak And Dagger","Outmaneuver+1"],"picked":"SKIP","floor":22.0},{"not_picked":["Deflect","Calculated Gamble"],"picked":"Tactician","floor":23.0},{"not_picked":["Bane","Riddle With Holes","Flechettes"],"picked":"SKIP","floor":27.0},{"not_picked":["Terror","Quick Slash"],"picked":"Reflex","floor":29},{"not_picked":["Bane","Acrobatics","Dash"],"picked":"SKIP","floor":30},{"not_picked":["Calculated Gamble","Choke"],"picked":"Malaise","floor":31},{"not_picked":["Dodge and Roll","Slice","Tactician"],"picked":"SKIP","floor":35},{"not_picked":["Slice+1","Dagger Throw","Underhanded Strike"],"picked":"SKIP","floor":36},{"not_picked":["Terror","Masterful Stab","Sucker Punch"],"picked":"SKIP","floor":38},{"not_picked":["Underhanded Strike+1","Deadly Poison","Outmaneuver+1"],"picked":"SKIP","floor":39},{"not_picked":["Bullet Time","Dodge and Roll+1","After Image"],"picked":"SKIP","floor":41},{"not_picked":["Cloak And Dagger+1","Outmaneuver","Bane"],"picked":"SKIP","floor":42},{"not_picked":["Heel Hook","Backflip","Calculated Gamble+1"],"picked":"SKIP","floor":44},{"not_picked":["Heel Hook","Backflip"],"picked":"Calculated Gamble+1","floor":44},{"not_picked":["Blur","Bane+1","Quick Slash"],"picked":"SKIP","floor":45},{"not_picked":["Underhanded Strike","Outmaneuver","Blade Dance"],"picked":"SKIP","floor":56}],"player_experience":573024,"relics_obtained":[{"floor":6.0,"key":"Gambling Chip"},{"floor":8.0,"key":"Bag of Preparation"},{"floor":9.0,"key":"Eternal Feather"},{"floor":10.0,"key":"Pen Nib"},{"floor":21.0,"key":"Red Mask"},{"floor":23.0,"key":"Paper Crane"},{"floor":26.0,"key":"Kunai"},{"floor":29,"key":"Bronze Scales"},{"floor":41,"key":"Snake Skull"},{"floor":56,"key":"Bottled Flame"}],"event_choices":[{"damage_healed":0.0,"max_hp_gain":0.0,"max_hp_loss":0.0,"gold_gain":0.0,"event_name":"Scrap Ooze","player_choice":"Success","floor":2.0,"gold_loss":0.0,"damage_taken":5.0,"relics_obtained":["Anchor"]},{"damage_healed":0.0,"max_hp_gain":0.0,"max_hp_loss":0.0,"gold_gain":0.0,"event_name":"Upgrade Shrine","player_choice":"Upgraded","floor":19.0,"gold_loss":0.0,"damage_taken":0.0,"cards_upgraded":["Acrobatics"]},{"damage_healed":0.0,"max_hp_gain":0.0,"max_hp_loss":0.0,"gold_gain":0.0,"event_name":"Masked Bandits","player_choice":"Fought Bandits","floor":21.0,"gold_loss":0.0,"damage_taken":0.0},{"cards_removed":["Strike_G"],"damage_healed":0.0,"max_hp_gain":0.0,"max_hp_loss":0.0,"gold_gain":0.0,"event_name":"Designer","player_choice":"Single Remove","floor":28.0,"gold_loss":75.0,"damage_taken":0.0},{"cards_removed":["Well Laid Plans"],"damage_healed":0,"gold_gain":0,"player_choice":"Removed Power","damage_taken":0,"max_hp_gain":0,"max_hp_loss":0,"event_name":"Falling","floor":37,"gold_loss":0},{"damage_healed":0,"gold_gain":0,"player_choice":"Max HP","damage_taken":0,"max_hp_gain":0,"max_hp_loss":3,"event_name":"Winding Halls","floor":47,"gold_loss":0},{"cards_removed":["All Out Attack"],"damage_healed":0,"gold_gain":0,"player_choice":"Purged","damage_taken":0,"max_hp_gain":0,"max_hp_loss":0,"event_name":"Purifier","floor":48,"gold_loss":0}],"is_beta":false,"boss_relics":[{"not_picked":["Tiny House","SlaversCollar"],"picked":"Runic Pyramid"},{"not_picked":["Pandora\u0027s Box","Snecko Eye"],"picked":"Empty Cage"}],"items_purged_floors":[11,24,49],"is_endless":false,"potions_floor_spawned":[1,4,6,14,20,21,23,27,31,33,39,41,42,45],"ascension_level":20}}