{"host":"7fomwthvpaeu368e","time":1611132206,"event":{"mods":["ATMod(∞¢Ë™Mod)","AchievementEnabler","Act Like it!","Arknights The Spire","Aspiration","Astrologer","BaseMod","Downfall","Gensokyo","Highlight Path","KinomotoSakuraMod(ƒæ÷Æ±æ”£)","KomeijiMod","Marisa£®ÏF”Í°°ƒß¿Ì…≥£©","Minty Spire (QoL Compilation)","Remilia£®¿Ÿ√◊¿Ú—«£©","StSLib","The Administrix","The Alterego","The Bug Knight","The Cursed","The Gatherer","The Hierophant","The Runesmith","The Servant 0.9.4","WarShipGirlsR/’ΩΩ¢…Ÿ≈ÆR mod","Youmu£®ªÍ∆«—˝√Œ£©","Yuri Mod","[IsaacMod]“‘»ˆº‚À˛"],"gold_per_floor":[118,134,62,62,82,82,102,102,128,128,128],"floor_reached":10,"language":"ZHS","playtime":774,"items_purged":[],"score":58,"play_id":"8f790c7e-2828-4e08-9420-3d107628a0d5","local_time":"20210120164326","is_ascension_mode":false,"campfire_choices":[{"data":"Redo","floor":6,"key":"SMITH"}],"circlet_count":0,"master_deck":["Strike_B","Strike_B","Strike_B","Strike_B","Defend_B+1","Defend_B+1","Defend_B","Defend_B","Zap","Dualcast","EpicFetus","AT_StudyProgram","Ball Lightning","Compile Driver","Cold Snap","Redo+1","Double Energy","Defragment"],"relics":["Cracked Core","AT_ATBox","HushsDoor","SatanicBible","aspiration:Nostalgia","sneckomod:SneckoSoul","aspiration:BabyByrd","War Paint"],"acts_visited":["Exordium"],"potions_floor_usage":[10],"damage_taken":[{"damage":10,"enemies":"Small Slimes","floor":1,"turns":4},{"damage":1,"enemies":"Cultist","floor":2,"turns":3},{"damage":0,"enemies":"Jaw Worm","floor":5,"turns":1},{"damage":0,"enemies":"Large Slime","floor":7,"turns":5},{"damage":18,"enemies":"HollowMod:MossKnight","floor":10,"turns":6}],"seed_played":"-5423201354827149144","potions_obtained":[{"floor":2,"key":"SteroidPotion"}],"is_trial":false,"path_per_floor":["M","M","$","?","M","R","M","?","T","E"],"character_chosen":"DEFECT","items_purchased":["Cold Snap","Redo"],"campfire_rested":0,"item_purchase_floors":[3,3],"current_hp_per_floor":[65,64,64,64,64,64,64,69,69,51,51],"gold":128,"neow_bonus":"NOSTALGIA","is_daily":false,"chose_seed":false,"campfire_upgraded":1,"win_rate":0.0,"timestamp":1611132206,"path_taken":["M","M","$","?","M","R","?","?","T","E"],"items_purchased_type":["Card","Card"],"build_version":"2020-12-22","purchased_purges":0,"victory":false,"max_hp_per_floor":[75,75,75,75,75,75,75,80,80,80,80],"card_choices":[{"not_picked":[],"picked":"EpicFetus","floor":0},{"not_picked":["Aggregate","Go for the Eyes"],"picked":"Ball Lightning","floor":1},{"not_picked":["Leap","Scrape"],"picked":"Compile Driver","floor":2},{"not_picked":["Scrape","Blizzard"],"picked":"Double Energy","floor":5},{"not_picked":["Steam Power","Doom and Gloom"],"picked":"Defragment","floor":7}],"player_experience":26341,"relics_obtained":[{"floor":9,"key":"War Paint"}],"event_choices":[{"damage_healed":0,"gold_gain":0,"player_choice":"Donut","damage_taken":0,"max_hp_gain":5,"max_hp_loss":0,"event_name":"Big Fish","floor":8,"gold_loss":0}],"is_beta":false,"boss_relics":[],"items_purged_floors":[],"is_endless":false,"potions_floor_spawned":[2],"killed_by":"HollowMod:MossKnight","ascension_level":0}}