{"host":"2l3i55whvwk76mom","time":1611103423,"event":{"mods":["BaseMod","Googly Eyes","Hermit","Hubris","Minty Spire (QoL Compilation)","Replay The Spire","StSLib","The Cursed","The Disciple","The Hierophant","The Jungle","The Necromancer"],"gold_per_floor":[118,198,218,232,248,248,274,274,274,300,320,320,338,358,358,457,457,468,484,484,214,234,234,267,267,267,267,293,293,308,342,342,342,342],"floor_reached":33,"language":"ENG","playtime":1554,"items_purged":["ReplayTheSpireMod:Splinters"],"score":421,"play_id":"430bd2f2-bd11-4bae-943c-be075b7042e3","local_time":"20210119164343","is_ascension_mode":true,"campfire_choices":[{"data":"Pummel","floor":6,"key":"SMITH"},{"floor":8,"key":"REST"},{"floor":15,"key":"REST"},{"data":"Shockwave","floor":23,"key":"SMITH"},{"floor":25,"key":"REST"},{"floor":27,"key":"REST"},{"data":"Inflame","floor":29,"key":"SMITH"},{"data":"Rage","floor":32,"key":"SMITH"}],"circlet_count":0,"master_deck":["Strike_R","Strike_R","Strike_R+1","Strike_R+2","Strike_R","Defend_R","Defend_R","Defend_R","Defend_R","Bash","CurseOfTheBell","Twin Strike","Thunderclap","Pummel+1","Cleave","Carnage+1","Immolate+1","Uppercut","Armaments","Pommel Strike","Shockwave+1","Rage+1","Berserk+1","hubris:CleavingFinish+1","Anger","Inflame+1","Feed+1","Feed+1","Shrug It Off+1","Flex","Anger+1"],"relics":["Calling Bell","Bag of Marbles","Golden Egg","Counterbalance","Simple Rune","Lantern","ReplayTheSpireMod:Shallot","ReplayTheSpireMod:Spearhead","hubris:HollowSoul","Membership Card","Sundial","Self Forming Clay","hubris:IronBody","StoneCalendar"],"acts_visited":["Exordium","TheCity"],"potions_floor_usage":[7,16,16,16,22,24,31],"damage_taken":[{"damage":8,"enemies":"Jaw Worm","floor":1,"turns":5},{"damage":0,"enemies":"2 Louse","floor":3,"turns":1},{"damage":1,"enemies":"Cultist","floor":4,"turns":3},{"damage":10,"enemies":"2 Fungi Beasts","floor":5,"turns":3},{"damage":25,"enemies":"Lagavulin","floor":7,"turns":4},{"damage":8,"enemies":"3 Sentries","floor":10,"turns":4},{"damage":0,"enemies":"Blue Slaver","floor":11,"turns":2},{"damage":0,"enemies":"Exordium Thugs","floor":13,"turns":3},{"damage":0,"enemies":"3 Louse","floor":14,"turns":2},{"damage":19,"enemies":"Fading Forest","floor":16,"turns":11},{"damage":0,"enemies":"3 Byrds","floor":18,"turns":2},{"damage":19,"enemies":"Shell Parasite","floor":19,"turns":4},{"damage":7,"enemies":"Snake Plant","floor":22,"turns":2},{"damage":29,"enemies":"Book of Stabbing","floor":24,"turns":6},{"damage":5,"enemies":"Slavers","floor":28,"turns":2},{"damage":1,"enemies":"Centurion and Healer","floor":30,"turns":4},{"damage":15,"enemies":"Replay:Snechameleon","floor":31,"turns":5},{"damage":26,"enemies":"Collector","floor":33,"turns":2}],"seed_played":"8712681167081074580","potions_obtained":[{"floor":1,"key":"ElixirPotion"},{"floor":5,"key":"Toxic Potion"},{"floor":10,"key":"Reflective Coating"},{"floor":14,"key":"Milkshake"},{"floor":18,"key":"Fire Potion"},{"floor":22,"key":"FearPotion"},{"floor":28,"key":"Strength Potion"},{"floor":31,"key":"ElixirPotion"}],"is_trial":false,"path_per_floor":["M","?","M","M","M","R","E","R","T","E","M","?","M","M","R","B",null,"M","M","?","$","M","R","E","R","T","R","E","R","M","E","R","B"],"character_chosen":"IRONCLAD","items_purchased":["Membership Card","Feed","Shrug It Off"],"campfire_rested":4,"item_purchase_floors":[21,21,21],"current_hp_per_floor":[72,72,72,71,61,61,36,60,60,52,52,36,36,36,60,47,72,72,53,53,53,50,50,21,46,46,71,74,74,77,62,62,0,0],"gold":342,"neow_bonus":"BOSS_RELIC","is_daily":false,"chose_seed":false,"campfire_upgraded":4,"win_rate":0.0,"timestamp":1611103423,"path_taken":["M","?","M","M","M","R","E","R","T","E","?","?","M","M","R","BOSS","M","M","?","$","M","R","E","R","T","R","E","R","M","E","R","BOSS"],"items_purchased_type":["Relic","Card","Card"],"build_version":"2020-12-22","purchased_purges":1,"victory":false,"max_hp_per_floor":[80,80,80,80,80,80,80,80,80,80,80,80,80,80,80,80,80,80,80,80,80,84,84,84,84,84,84,92,92,96,96,96,96,96],"card_choices":[{"not_picked":["Armaments","Pummel"],"picked":"Twin Strike","floor":1},{"not_picked":["Replay:Undeath\u0027s Touch","Battle Trance"],"picked":"Thunderclap","floor":2},{"not_picked":["Havoc","Heavy Blade"],"picked":"Pummel","floor":2},{"not_picked":["Body Slam","Pommel Strike"],"picked":"Cleave","floor":3},{"not_picked":["Perfected Strike","Fire Breathing"],"picked":"Carnage","floor":4},{"not_picked":["Infernal Blade","Twin Strike"],"picked":"Immolate","floor":5},{"not_picked":["Havoc","Searing Blow"],"picked":"Uppercut","floor":7},{"not_picked":["Wild Strike","ReplayTheSpireMod:LeadingStrike"],"picked":"Armaments","floor":10},{"not_picked":["Perfected Strike","Eclipse"],"picked":"Pommel Strike","floor":11},{"not_picked":["Iron Wave","Thunderclap"],"picked":"Shockwave","floor":13},{"not_picked":["Eclipse","Clash"],"picked":"Rage","floor":14},{"not_picked":["Demonic Infusion","Offering"],"picked":"Berserk","floor":16},{"not_picked":["Sword Boomerang","Abandon"],"picked":"hubris:CleavingFinish+1","floor":18},{"not_picked":["Havoc","Armaments"],"picked":"Anger","floor":19},{"not_picked":["Havoc","Body Slam"],"picked":"Flex","floor":22},{"not_picked":["Demonic Infusion","Shrug It Off","Cleave+1"],"picked":"SKIP","floor":24},{"not_picked":["ReplayTheSpireMod:Limb From Limb","Replay:Undeath\u0027s Touch","Anger"],"picked":"SKIP","floor":28},{"not_picked":["Pummel","Burning Pact"],"picked":"Anger+1","floor":30},{"not_picked":["Searing Blow","Rupture+1","Body Slam"],"picked":"SKIP","floor":31}],"player_experience":298259,"relics_obtained":[{"floor":0,"key":"Bag of Marbles"},{"floor":0,"key":"Golden Egg"},{"floor":0,"key":"Counterbalance"},{"floor":2,"key":"Simple Rune"},{"floor":7,"key":"Lantern"},{"floor":9,"key":"ReplayTheSpireMod:Shallot"},{"floor":10,"key":"ReplayTheSpireMod:Spearhead"},{"floor":24,"key":"Sundial"},{"floor":26,"key":"Self Forming Clay"},{"floor":28,"key":"hubris:IronBody"},{"floor":31,"key":"StoneCalendar"}],"event_choices":[{"damage_healed":0,"gold_gain":0,"player_choice":"Entered Light","damage_taken":16,"max_hp_gain":0,"max_hp_loss":0,"event_name":"Shining Light","floor":12,"gold_loss":0,"cards_upgraded":["Strike_R","Carnage"]}],"is_beta":false,"boss_relics":[{"not_picked":["hubris:RunicObelisk","Runic Cube"],"picked":"hubris:HollowSoul"}],"items_purged_floors":[21],"is_endless":false,"potions_floor_spawned":[1,5,10,14,18,22,28,31],"killed_by":"Collector","ascension_level":5}}