{"host":"4ds5yl49ymgfvnyz","time":1611180425,"event":{"mods":["BaseMod","Hubris","Infinite Spire","Minty Spire (QoL Compilation)","Replay The Spire","Robot Space Explorer","StSLib","The Construct","The Disciple"],"gold_per_floor":[116,133,133,151,76,109,126,126,126,26,26,26,41,41,41,41,41],"floor_reached":16,"language":"ENG","playtime":412,"items_purged":["construct:Strike_Gold","construct:Defend_Gold"],"score":100,"play_id":"af2c0fef-4d82-4cb3-ab5c-9fa28bbbf2f2","local_time":"20210120170705","is_ascension_mode":false,"campfire_choices":[{"data":"construct:ShiftStrike","floor":12,"key":"SMITH"},{"data":"construct:Missile","floor":15,"key":"SMITH"}],"circlet_count":0,"master_deck":["construct:Strike_Gold","construct:Strike_Gold","construct:Strike_Gold","construct:Strike_Gold","construct:Defend_Gold","construct:Defend_Gold","construct:Defend_Gold","construct:AttackMode","construct:DefenseMode","construct:ShiftStrike+1","construct:Isolate","construct:Reinforce","construct:Missile+1"],"relics":["m_MercuryCore","NeowsBlessing","Replay:Bottled Steam","infinitespire:PuzzleCube","infinitespire:Cubic Diamond"],"acts_visited":["Exordium"],"potions_floor_usage":[],"damage_taken":[{"damage":0,"enemies":"2 Louse","floor":1,"turns":2},{"damage":0,"enemies":"Cultist","floor":2,"turns":1},{"damage":0,"enemies":"Small Slimes","floor":4,"turns":1},{"damage":47,"enemies":"Gremlin Nob","floor":6,"turns":5},{"damage":9,"enemies":"Blue Slaver","floor":7,"turns":4},{"damage":3,"enemies":"2 Fungi Beasts","floor":13,"turns":2},{"damage":27,"enemies":"Fading Forest","floor":16,"turns":4}],"seed_played":"4460591115160522205","potions_obtained":[{"floor":4,"key":"SteroidPotion"},{"floor":6,"key":"SpeedPotion"}],"is_trial":false,"path_per_floor":["M","M","?","M","$","E","M","?","T","$","?","R","M","$","R","B"],"character_chosen":"THE_CONSTRUCT_MOD","items_purchased":[],"campfire_rested":0,"item_purchase_floors":[],"current_hp_per_floor":[85,85,85,85,85,38,29,29,29,29,29,29,26,26,26,0,0],"gold":41,"neow_bonus":"THREE_ENEMY_KILL","is_daily":false,"chose_seed":false,"campfire_upgraded":2,"win_rate":0.0,"timestamp":1611180425,"path_taken":["M","M","?","M","$","E","?","?","T","$","?","R","M","$","R","BOSS"],"items_purchased_type":[],"build_version":"2020-12-22","purchased_purges":2,"victory":false,"max_hp_per_floor":[85,85,85,85,85,85,85,85,85,85,85,85,85,85,85,85,85],"card_choices":[{"not_picked":["construct:FlakBarrage","construct:Backfire"],"picked":"construct:ShiftStrike","floor":1},{"not_picked":["construct:ReactiveShield","construct:Enhance"],"picked":"construct:Isolate","floor":2},{"not_picked":["construct:SaveState","construct:PointDefense"],"picked":"construct:Reinforce","floor":4},{"not_picked":["construct:SaveState","construct:SyphonStrike"],"picked":"construct:Missile","floor":6},{"not_picked":["construct:Autoturret","construct:Analyze","construct:FocusedBeam"],"picked":"SKIP","floor":7},{"not_picked":["construct:Backfire","construct:Tumble","Creative AI"],"picked":"SKIP","floor":13}],"player_experience":76697,"relics_obtained":[{"floor":6,"key":"Replay:Bottled Steam"},{"floor":9,"key":"infinitespire:PuzzleCube"}],"event_choices":[{"damage_healed":0,"gold_gain":0,"player_choice":"Ignored","damage_taken":0,"max_hp_gain":0,"max_hp_loss":0,"event_name":"NoteForYourself","floor":3,"gold_loss":0}],"is_beta":false,"boss_relics":[],"items_purged_floors":[5,10],"is_endless":false,"potions_floor_spawned":[4,6],"killed_by":"Fading Forest","ascension_level":0}}