{"host":"refsn2q8at3dn95k","time":1611168304,"event":{"mods":["BaseMod","Hubris","Infinite Spire","Minty Spire (QoL Compilation)","Replay The Spire","StSLib","The Jungle"],"gold_per_floor":[119,119,318,318,318,318,5,5,32,32,67,80,110,120,120,222,222,236,236,326,336,336,336],"floor_reached":22,"language":"ENG","playtime":1979,"items_purged":[],"score":200,"play_id":"7b5ed605-a25e-4561-af3c-0e15972eb480","local_time":"20210120124504","is_ascension_mode":true,"campfire_choices":[{"floor":6,"key":"REST"},{"data":"Heavy Blade","floor":8,"key":"SMITH"},{"floor":10,"key":"RECALL"},{"floor":15,"key":"REST"}],"circlet_count":0,"master_deck":["Strike_R","Strike_R","Strike_R","Strike_R","Strike_R","Defend_R","Defend_R","Defend_R","Defend_R","Bash+1","ReplayTheSpireMod:??????????????????????+1","Heavy Blade+1","Fire Breathing","Berserk","Necronomicurse"],"relics":["Burning Blood","Bird Faced Urn","Blue Doll","Replay:Baseball","Replay:Kaleidoscope","hubris:TerracottaHorce","Necronomicon"],"acts_visited":["Exordium","TheCity"],"potions_floor_usage":[16,21],"damage_taken":[{"damage":4,"enemies":"2 Louse","floor":1,"turns":4},{"damage":26,"enemies":"3 Sentries","floor":11,"turns":8},{"damage":2,"enemies":"Jaw Worm","floor":12,"turns":2},{"damage":3,"enemies":"Lagavulin","floor":13,"turns":3},{"damage":6,"enemies":"Cultist","floor":14,"turns":3},{"damage":29,"enemies":"Fading Forest","floor":16,"turns":11},{"damage":38,"enemies":"Shell Parasite","floor":18,"turns":5},{"damage":6,"enemies":"Spheric Guardian","floor":21,"turns":3},{"damage":26,"enemies":"Cultist and Chosen","floor":22,"turns":4}],"seed_played":"5072377110703115031","potions_obtained":[{"floor":13,"key":"Energy Potion"},{"floor":14,"key":"Milkshake"},{"floor":18,"key":"ElixirPotion"}],"is_trial":false,"path_per_floor":["M","?","?","?","?","R","$","R","T","R","E","M","E","M","R","B",null,"M","?","?","M","M"],"character_chosen":"IRONCLAD","items_purchased":["Bird Faced Urn"],"campfire_rested":2,"item_purchase_floors":[7],"current_hp_per_floor":[80,60,28,28,54,78,78,78,78,78,58,64,67,67,80,57,74,46,30,18,22,0,0],"gold":336,"neow_bonus":"RANDOM_EVENT","is_daily":false,"chose_seed":false,"campfire_upgraded":1,"win_rate":0.0,"timestamp":1611168304,"path_taken":["M","?","?","?","?","R","$","R","T","R","E","M","E","?","R","BOSS","M","?","?","?","?"],"items_purchased_type":["Relic"],"build_version":"2020-12-22","purchased_purges":0,"victory":false,"max_hp_per_floor":[80,80,80,80,80,80,80,80,80,80,80,80,80,80,80,80,80,80,80,80,80,80,80],"card_choices":[{"not_picked":["Intimidate","Body Slam","Flex"],"picked":"SKIP","floor":1},{"not_picked":["infinitespire:Menacing","Replay:Fractal Strike"],"picked":"ReplayTheSpireMod:??????????????????????","floor":2},{"not_picked":["Shockwave","hubris:ReadiedAction"],"picked":"Heavy Blade","floor":3},{"not_picked":["Cleave","Sentinel"],"picked":"Fire Breathing","floor":11},{"not_picked":["Hemogenesis","Headbutt","Anger"],"picked":"SKIP","floor":12},{"not_picked":["Exhume","Armaments","Replay:Undeath\u0027s Touch"],"picked":"SKIP","floor":13},{"not_picked":["Carnage","Feel No Pain","Twin Strike"],"picked":"SKIP","floor":14},{"not_picked":["Limit Break","Corruption"],"picked":"Berserk","floor":16},{"not_picked":["Pommel Strike+1","Flex+1","Headbutt"],"picked":"SKIP","floor":18},{"not_picked":["Twin Strike","Spot Weakness","Pommel Strike"],"picked":"SKIP","floor":21}],"player_experience":1674010,"relics_obtained":[{"floor":9,"key":"Blue Doll"},{"floor":11,"key":"Replay:Baseball"},{"floor":13,"key":"Replay:Kaleidoscope"},{"floor":19,"key":"Necronomicon"}],"event_choices":[{"damage_healed":0,"gold_gain":0,"player_choice":"Grow","damage_taken":0,"max_hp_gain":0,"max_hp_loss":0,"event_name":"Living Wall","floor":0,"gold_loss":0,"cards_upgraded":["Bash"]},{"damage_healed":26,"gold_gain":0,"player_choice":"Banana","damage_taken":0,"max_hp_gain":0,"max_hp_loss":0,"event_name":"Big Fish","floor":5,"gold_loss":0},{"damage_healed":0,"gold_gain":0,"player_choice":"Obtained Book","damage_taken":16,"max_hp_gain":0,"max_hp_loss":0,"event_name":"Cursed Tome","floor":19,"gold_loss":0},{"damage_healed":0,"gold_gain":90,"player_choice":"GOLD ","damage_taken":12,"max_hp_gain":0,"max_hp_loss":0,"event_name":"Knowing Skull","floor":20,"potions_obtained":[],"gold_loss":0,"cards_obtained":[]}],"is_beta":false,"boss_relics":[{"not_picked":["Runic Dome","ReplayTheSpireMod:DimensionalGlitch"],"picked":"hubris:TerracottaHorce"}],"items_purged_floors":[],"is_endless":false,"potions_floor_spawned":[13,14,18],"killed_by":"Cultist and Chosen","ascension_level":1}}