{"host":"rzpi613efy9j52u4","time":1611156851,"event":{"mods":["Aspiration","BaseMod","BetterRewards","Colored Powertips","Downfall","Googly Eyes","Hubris","Minty Spire (QoL Compilation)","Rare Cards Sparkle","Shop Mod","StSLib","The Disciple","The Hierophant","The Poker Player"],"gold_per_floor":[99,119,132,232,335,335,335,235,81,103,132,132,307,42,64,164,164,164,164,184,184,206,16,41,77,77,77],"floor_reached":26,"language":"ENG","playtime":5941,"items_purged":["Doubt","Pain"],"score":214,"play_id":"c86fa92d-c72c-4fa1-98cd-29f59308019c","local_time":"20210120103411","is_ascension_mode":false,"campfire_choices":[{"floor":1,"key":"RECALL"},{"floor":6,"key":"REST"},{"floor":8,"key":"REST"},{"floor":18,"key":"REST"}],"circlet_count":0,"master_deck":["hierophant:Strike_Hierophant","hierophant:Strike_Hierophant+1","hierophant:Strike_Hierophant","hierophant:Strike_Hierophant","hierophant:Punish+1","hierophant:Defend_Hierophant","hierophant:Defend_Hierophant","hierophant:Defend_Hierophant","hierophant:Defend_Hierophant","hierophant:ChurchCoffers","hierophant:Community","hierophant:OrnateBuckler","hierophant:SealAway","hierophant:DisplayOfPower","hierophant:Doubloon+1","hierophant:CursedGold","hierophant:DivineIntervention+1","PanicButton","hierophant:Patience","hierophant:Zeal","hierophant:HolyVerse","hierophant:PassingBell","hierophant:PassingBell","hierophant:MorningPrayer","hierophant:Shelter","hierophant:AuricForm","Calculated Gamble+1","Deflect+1","Flying Knee+1","expansioncontent:Chronoboost","hierophant:FaithHealing"],"relics":["Fusion Hammer","downfall:GremlinSack","War Paint","downfall:HeartBlessingRed","Whetstone","Centennial Puzzle","Toolbox","aspiration:SilentSkillbook","WarpedTongs","Bag of Preparation","hubris:SlimyHat"],"acts_visited":["Exordium","TheCity"],"potions_floor_usage":[5,16,16,25,26],"damage_taken":[{"damage":1,"enemies":"Jaw Worm","floor":2,"turns":3},{"damage":0,"enemies":"Small Slimes","floor":3,"turns":3},{"damage":69,"enemies":"Small Slimes","floor":5,"turns":6},{"damage":0,"enemies":"downfall:FleeingMerchant","floor":9,"turns":4},{"damage":0,"enemies":"Cultist","floor":10,"turns":2},{"damage":7,"enemies":"2 Fungi Beasts","floor":11,"turns":4},{"damage":2,"enemies":"downfall:FleeingMerchant","floor":14,"turns":4},{"damage":12,"enemies":"Blue Slaver","floor":15,"turns":2},{"damage":6,"enemies":"WA_ARCHETYPE_RETAIN","floor":16,"turns":5},{"damage":15,"enemies":"3 Byrds","floor":20,"turns":2},{"damage":12,"enemies":"Shell Parasite","floor":22,"turns":4},{"damage":0,"enemies":"downfall:FleeingMerchant","floor":23,"turns":4},{"damage":32,"enemies":"Slavers","floor":25,"turns":3},{"damage":18,"enemies":"Snake Plant","floor":26,"turns":2}],"seed_played":"8773338752755300706","potions_obtained":[{"floor":3,"key":"SteroidPotion"},{"floor":11,"key":"Dexterity Potion"},{"floor":15,"key":"Strength Potion"},{"floor":16,"key":"SteroidPotion"},{"floor":25,"key":"CultistPotion"}],"is_trial":false,"path_per_floor":["R","M","M","?","?","R","T","R","$","M","M","?","?","$","M","B",null,"R","?","M","?","M","$","T","E","M"],"character_chosen":"HIEROPHANT","items_purchased":["Whetstone","Toolbox","hierophant:MorningPrayer","expansioncontent:Chronoboost"],"campfire_rested":3,"item_purchase_floors":[9,14,14,23],"current_hp_per_floor":[75,74,74,74,5,27,27,49,49,49,42,24,24,22,10,4,75,75,72,57,57,45,45,45,13,0,0],"gold":77,"neow_bonus":"BOSS_RELIC","is_daily":false,"chose_seed":false,"campfire_upgraded":0,"win_rate":0.0,"timestamp":1611156851,"path_taken":["R","M","M","?","?","R","T","R","$","M","?","?","?","$","M","BOSS","R","?","?","?","?","$","T","E","M"],"items_purchased_type":["Relic","Relic","Card","Card"],"build_version":"2020-12-13","purchased_purges":2,"victory":false,"max_hp_per_floor":[75,75,75,75,75,75,75,75,75,75,75,75,75,75,75,75,75,75,72,72,72,72,72,72,72,72,72],"card_choices":[{"not_picked":["hierophant:SealAway","hierophant:Sermon"],"picked":"hierophant:Community","floor":2},{"not_picked":["hierophant:CoinFling","hierophant:FieryStrike"],"picked":"hierophant:OrnateBuckler","floor":3},{"not_picked":["hierophant:Refuge","hierophant:Shelter"],"picked":"hierophant:Patience","floor":5},{"not_picked":["hierophant:Charity","hierophant:ArchangelShield"],"picked":"hierophant:Zeal","floor":9},{"not_picked":["hierophant:Encroach","hierophant:EyeForCoin"],"picked":"hierophant:HolyVerse","floor":10},{"not_picked":["hierophant:AuricBeam","hierophant:Martyrdom"],"picked":"hierophant:PassingBell","floor":11},{"not_picked":["hierophant:Zeal","hierophant:FlamingChariot"],"picked":"hierophant:PassingBell","floor":14},{"not_picked":["hierophant:ArchangelShield","hierophant:Sermon"],"picked":"hierophant:Shelter","floor":15},{"not_picked":["hierophant:BulkyChest","hierophant:Levitation"],"picked":"hierophant:AuricForm","floor":16},{"not_picked":["hierophant:Zeal+1","hierophant:CoinFling","Eviscerate"],"picked":"Calculated Gamble+1","floor":20},{"not_picked":["Cloak And Dagger","hubris:Sniper","Leg Sweep"],"picked":"Deflect+1","floor":22},{"not_picked":["Endless Agony+1","All Out Attack","Noxious Fumes"],"picked":"Flying Knee+1","floor":23},{"not_picked":["Outmaneuver","hierophant:SealAway","Malaise"],"picked":"hierophant:FaithHealing","floor":25}],"player_experience":44462,"relics_obtained":[{"floor":5,"key":"downfall:GremlinSack"},{"floor":7,"key":"War Paint"},{"floor":24,"key":"Bag of Preparation"},{"floor":25,"key":"hubris:SlimyHat"}],"event_choices":[{"damage_healed":0,"gold_gain":0,"player_choice":"Success","damage_taken":18,"relics_obtained":["Centennial Puzzle"],"max_hp_gain":0,"max_hp_loss":0,"event_name":"Scrap Ooze","floor":12,"gold_loss":0},{"damage_healed":0,"gold_gain":0,"player_choice":"Rummage","damage_taken":0,"relics_obtained":["WarpedTongs"],"max_hp_gain":0,"max_hp_loss":0,"event_name":"Accursed Blacksmith","floor":21,"gold_loss":0,"cards_obtained":["Pain"]}],"is_beta":false,"boss_relics":[{"not_picked":["Busted Crown","Runic Dome"],"picked":"aspiration:SilentSkillbook"}],"items_purged_floors":[14,23],"is_endless":false,"potions_floor_spawned":[3,11,15,16,25],"killed_by":"Snake Plant","ascension_level":0}}