{"host":"te4ihy0orbpglf07","time":1611180868,"event":{"mods":["Act Like it!","Arknights The Spire","BaseMod","BetterRewards","Ekko","Friendly Minions","Gensokyo","Hermit","Hubris","Infinite Spire","Minty Spire (QoL Compilation)","RumiaBox-????????","Small Relic Pack","StSLib","SuperFastMode","??????REMEMod"],"gold_per_floor":[118,134,152,171,234,234,244,275,275,288,288,300,312,325,325,424,424,452,452,486,498,525,525,591,591,591,654,654,754,55,89,89,189,189,201,130,0,0,0],"floor_reached":39,"language":"ENG","playtime":2741,"items_purged":[],"score":604,"play_id":"67e0addf-91af-4b75-a5d7-d89cfde8d6d5","local_time":"20210121011428","is_ascension_mode":true,"campfire_choices":[{"floor":6.0,"key":"REST"},{"floor":15.0,"key":"REST"},{"floor":23.0,"key":"REST"},{"floor":32,"key":"REST"},{"data":"hermit:Brawl","floor":32,"key":"SMITH"}],"circlet_count":0,"master_deck":["hermit:Strike_Hermit+1","hermit:Strike_Hermit+1","hermit:Strike_Hermit+1","hermit:Strike_Hermit+1","hermit:Defend_Hermit+1","hermit:Defend_Hermit+1","hermit:Defend_Hermit+1","hermit:Defend_Hermit+1","hermit:Snapshot","hermit:Covet","hermit:Snipe","hermit:Brawl+1","Gensokyo:RainbowDanmaku","hermit:TakeAim","hermit:FlashPowder","hermit:Dive","hermit:TrackingShot","hermit:HighCaliber","hermit:Deadeye","hermit:Cheat","hermit:DeadOrAlive","hermit:LuckOfTheDraw","hermit:Malice","hermit:FromBeyond","infinitespire:Oblivion","hermit:Determination+1","hermit:DeadMansHand","hermit:Shortfuse","hermit:FatalDesire","CurseOfTheBell","hermit:Combo"],"relics":["hermit:Momento","REME_ComplimentaryCards","hubris:64BitClover","Oddly Smooth Stone","Sundial","GodSword5","hubris:Metronome","Philosopher\u0027s Stone","GodSword6","infinitespire:FocusingShard","infinitespire:ShieldingShard","Kunai","Pen Nib","hubris:Teleporter","GodSword7","infinitespire:Magic Flask","hermit:PetGhost","Shuriken","Calling Bell","Bag of Preparation","LastBattle","hubris:FunFungus","Red Mask"],"acts_visited":["Exordium","TheCity","TheBeyond"],"potions_floor_usage":[31,31,31,33,33],"damage_taken":[{"damage":5.0,"enemies":"Small Slimes","floor":1.0,"turns":3.0},{"damage":18.0,"enemies":"Jaw Worm","floor":2.0,"turns":3.0},{"damage":0.0,"enemies":"2 Louse","floor":3.0,"turns":3.0},{"damage":19.0,"enemies":"Blue Slaver","floor":4.0,"turns":4.0},{"damage":0.0,"enemies":"Large Slime","floor":7.0,"turns":2.0},{"damage":39.0,"enemies":"3 Sentries","floor":8.0,"turns":8.0},{"damage":5.0,"enemies":"Looter","floor":10.0,"turns":3.0},{"damage":11.0,"enemies":"Blue Slaver","floor":12.0,"turns":4.0},{"damage":0.0,"enemies":"Large Slime","floor":13.0,"turns":2.0},{"damage":18.0,"enemies":"2 Fungi Beasts","floor":14.0,"turns":3.0},{"damage":25.0,"enemies":"Slime Boss","floor":16.0,"turns":9.0},{"damage":0.0,"enemies":"2 Thieves","floor":18.0,"turns":3.0},{"damage":7.0,"enemies":"Shell Parasite","floor":20.0,"turns":3.0},{"damage":6.0,"enemies":"Centurion and Healer","floor":21.0,"turns":5.0},{"damage":42.0,"enemies":"Shelled Parasite and Fungi","floor":22.0,"turns":5.0},{"damage":5.0,"enemies":"Gremlin Leader","floor":24.0,"turns":4.0},{"damage":14.0,"enemies":"Book of Stabbing","floor":27.0,"turns":4.0},{"damage":28.0,"enemies":"Colosseum Slavers","floor":29.0,"turns":3.0},{"damage":5.0,"enemies":"Colosseum Nobs","floor":29.0,"turns":3.0},{"damage":0,"enemies":"3 Cultists","floor":31,"turns":4},{"damage":35,"enemies":"hubris:MusketHawk","floor":33,"turns":4},{"damage":0,"enemies":"Orb Walker","floor":35,"turns":2},{"damage":12,"enemies":"infinitespire:Three Voidlings","floor":39,"turns":4},{"damage":105,"enemies":"Nightmare_Alpha","floor":39,"turns":9}],"seed_played":"-2826128655679972255","potions_obtained":[{"floor":1.0,"key":"FairyPotion"},{"floor":10.0,"key":"CultistPotion"},{"floor":12.0,"key":"FearPotion"},{"floor":13.0,"key":"ColorlessPotion"},{"floor":22.0,"key":"AttackPotion"},{"floor":27.0,"key":"Regen Potion"},{"floor":29.0,"key":"EntropicBrew"},{"floor":31,"key":"Block Potion"}],"is_trial":false,"path_per_floor":["M","M","M","M","?","R","M","E","T","M","?","M","M","M","R","B",null,"M","AVR","M","M","M","R","E","?","T","E","?","?","$","M","R","B",null,"M","$","?","?"],"character_chosen":"HERMIT","items_purchased":["hermit:Snipe","hermit:Brawl","infinitespire:Magic Flask","hermit:PetGhost","Shuriken","hermit:Combo"],"campfire_rested":4,"item_purchase_floors":[0,0,30,30,30,36],"current_hp_per_floor":[70,52,52,33,33,55,55,16,16,11,11,27,27,9,36,11,75,75,75,68,62,20,47,42,42,42,28,28,1,1,1,28,28,75,75,75,75,0,0],"gold":0,"neow_bonus":"","is_daily":false,"chose_seed":false,"campfire_upgraded":1,"win_rate":0.0,"timestamp":1611180868,"path_taken":["M","M","M","M","?","R","M","E","T","M","?","M","M","M","R","BOSS","M","AVR","M","M","M","R","E","?","T","E","?","?","?","M","R","BOSS","M","$","?","?"],"items_purchased_type":["Card","Card","Relic","Relic","Relic","Card"],"build_version":"2020-12-22","purchased_purges":0,"victory":false,"max_hp_per_floor":[75,75,75,75,75,75,75,75,75,75,75,75,75,75,75,75,75,75,75,75,75,75,75,75,75,75,75,75,75,75,75,75,75,75,75,75,75,75,75],"card_choices":[{"not_picked":["hermit:HighCaliber","hermit:Ricochet"],"picked":"hermit:TakeAim","floor":1.0},{"not_picked":["hermit:CalledShot","hermit:Misfire"],"picked":"hermit:FlashPowder","floor":2.0},{"not_picked":["hermit:Snipe","hermit:LoneWolf"],"picked":"hermit:Dive","floor":3.0},{"not_picked":["hermit:Coalescence","hermit:Misfire"],"picked":"hermit:TrackingShot","floor":4.0},{"not_picked":["hermit:Gestalt","hermit:Feint"],"picked":"hermit:HighCaliber","floor":7.0},{"not_picked":["hermit:GhostlyPresence","hermit:Manifest"],"picked":"hermit:Deadeye","floor":8.0},{"not_picked":["hermit:Misfire","hermit:LowProfile"],"picked":"hermit:Cheat","floor":10.0},{"not_picked":["hermit:Ricochet","hermit:Coalescence"],"picked":"hermit:DeadOrAlive","floor":12.0},{"not_picked":["hermit:Quickdraw","hermit:NoHoldsBarred"],"picked":"hermit:LuckOfTheDraw","floor":13.0},{"not_picked":["hermit:NoHoldsBarred","hermit:Coalescence"],"picked":"hermit:Malice","floor":14.0},{"not_picked":["hermit:Reprieve","hermit:EternalForm"],"picked":"hermit:FromBeyond","floor":16.0},{"not_picked":["hermit:Dive","hermit:CalledShot","hermit:ItchyTrigger"],"picked":"SKIP","floor":18.0},{"not_picked":["hermit:Desperado+1","hermit:CursedWeapon"],"picked":"hermit:Determination+1","floor":20.0},{"not_picked":["hermit:HoleUp","hermit:Coalescence","hermit:Dive"],"picked":"SKIP","floor":21.0},{"not_picked":["hermit:Dive+1","hermit:Feint+1","hermit:Ricochet"],"picked":"SKIP","floor":22.0},{"not_picked":["hermit:Scavenge","hermit:Showdown"],"picked":"hermit:DeadMansHand","floor":24.0},{"not_picked":["hermit:Determination","hermit:Coalescence"],"picked":"hermit:Shortfuse","floor":27.0},{"not_picked":["hermit:Feint","hermit:Headshot","hermit:GhostlyPresence"],"picked":"SKIP","floor":31},{"not_picked":["hermit:Roughhouse","hermit:FinalCanter"],"picked":"hermit:FatalDesire","floor":33},{"not_picked":["hermit:Quickdraw","hermit:NoHoldsBarred+1","hermit:Ricochet+1"],"picked":"SKIP","floor":35}],"player_experience":56414,"relics_obtained":[{"floor":8.0,"key":"Sundial"},{"floor":9.0,"key":"GodSword5"},{"floor":12.0,"key":"hubris:Metronome"},{"floor":22.0,"key":"GodSword6"},{"floor":24.0,"key":"infinitespire:FocusingShard"},{"floor":26.0,"key":"infinitespire:ShieldingShard"},{"floor":27.0,"key":"Kunai"},{"floor":29.0,"key":"hubris:Teleporter"},{"floor":29.0,"key":"GodSword7"},{"floor":34,"key":"Bag of Preparation"},{"floor":34,"key":"LastBattle"},{"floor":34,"key":"hubris:FunFungus"}],"event_choices":[{"damage_healed":0.0,"max_hp_gain":0.0,"max_hp_loss":0.0,"gold_gain":63.0,"event_name":"Golden Wing","player_choice":"Gained Gold","floor":5.0,"gold_loss":0.0,"damage_taken":0.0},{"damage_healed":0.0,"max_hp_gain":0.0,"max_hp_loss":0.0,"gold_gain":0.0,"event_name":"Shining Light","player_choice":"Ignored","floor":11.0,"gold_loss":0.0,"damage_taken":0.0},{"damage_healed":0.0,"max_hp_gain":0.0,"max_hp_loss":0.0,"gold_gain":0.0,"event_name":"Back to Basics","player_choice":"Simplicity","floor":25.0,"gold_loss":0.0,"damage_taken":0.0,"cards_upgraded":["hermit:Strike_Hermit","hermit:Strike_Hermit","hermit:Strike_Hermit","hermit:Strike_Hermit","hermit:Defend_Hermit","hermit:Defend_Hermit","hermit:Defend_Hermit","hermit:Defend_Hermit"]},{"damage_healed":0.0,"max_hp_gain":0.0,"max_hp_loss":0.0,"gold_gain":0.0,"event_name":"The Mausoleum","player_choice":"Opened","floor":28.0,"gold_loss":0.0,"damage_taken":0.0,"relics_obtained":["Pen Nib"]},{"damage_healed":0.0,"max_hp_gain":0.0,"max_hp_loss":0.0,"gold_gain":0.0,"event_name":"Colosseum","player_choice":"Fight","floor":29.0,"gold_loss":0.0,"damage_taken":0.0},{"damage_healed":0.0,"max_hp_gain":0.0,"max_hp_loss":0.0,"gold_gain":0.0,"event_name":"Colosseum","player_choice":"Fought Nobs","floor":29.0,"gold_loss":0.0,"damage_taken":0.0},{"damage_healed":0,"gold_gain":0,"player_choice":"Paid","damage_taken":0,"relics_obtained":["Red Mask"],"max_hp_gain":0,"max_hp_loss":0,"event_name":"Tomb of Lord Red Mask","floor":38,"gold_loss":130}],"is_beta":false,"boss_relics":[{"not_picked":["hubris:ScarierMask","hubris:Stopwatch"],"picked":"Philosopher\u0027s Stone"},{"not_picked":["Fusion Hammer","Snecko Eye"],"picked":"Calling Bell"}],"items_purged_floors":[],"is_endless":false,"potions_floor_spawned":[1,10,12,13,14,22,27,29,29,31,39],"killed_by":"Nightmare_Alpha","ascension_level":1}}