{"host":"51fyd6gkml7xavq8","time":1611177981,"event":{"mods":["BaseMod","BetterRewards","Colored Map","Energized Spire","Infinite Spire","Minty Spire (QoL Compilation)","Replay The Spire","Shop Mod","Spicy Shops","StSLib","The Blue Laboratory","[IsaacMod]????"],"gold_per_floor":[117,392,406,463,478,513,513,948,995,1023,533,571,595,627,627,743,743,760,760,767,767,784,822,841,874,874,874,891,911,929,947,947,1132,1132,1231,1264,1368,1368,1368,1368,1368,1368,1368,0,31,50,88,110,110,220,220,252,279,178,202,237,282,282,466,519,619,619,695,695,774,774,947,947,945,945],"floor_reached":69,"language":"ENG","playtime":3555,"items_purged":["Bash","Strike_R","Strike_R","Defend_R","CommonCold","Strike_R","Defend_R","Defend_R","Defend_R","Strike_R","BettingIsNotGood","Strike_R","infinitespire:OneForAll+1","infinitespire:OneForAll+1","EpicFetus+1","Panache+1"],"score":3005,"play_id":"855d1c40-32c8-4225-a5da-6dcddcd3dd41","local_time":"20210120182621","is_ascension_mode":true,"campfire_choices":[{"data":"1","floor":7,"key":"LIFT"},{"data":"2","floor":15,"key":"LIFT"},{"data":"3","floor":32,"key":"LIFT"},{"floor":40,"key":"RECALL"},{"floor":42,"key":"REST"},{"floor":49,"key":"REST"},{"floor":62,"key":"REST"},{"floor":66,"key":"REST"}],"circlet_count":0,"master_deck":["AscendersBane","Madness+1","Panacea+1","Demon Form+1","infinitespire:OneForAll+1"],"relics":["Black Blood","HushsDoor","SteamSale","Membership Card","MerchantsRug","PreservedInsect","Toxic Egg 2","Happy Flower","Orichalcum","Juzu Bracelet","TheAbacus","Frozen Egg 2","ReplayTheSpireMod:CursedCoin","BookofShadows","Replay:Accelerometer","Bronze Scales","Lantern","TheBean","Girya","Blood Vial","AnarchistCookbook","Divine Protection","Bag of Marbles","Sling","Shuriken","Golden Egg","Toy Ornithopter","Meat on the Bone","Blue Doll","D6","Blue Candle","Mummified Hand","Pen Nib","Darkstone Periapt","Anchor","ReplayFunnel","MealTicket","Replay:Rubber Ducky","Ice Cream","Mercury Hourglass","infinitespire:Golems Mask","infinitespire:ShieldingShard","Brimstone","Ancient Tea Set","SalivaCoin","Regal Pillow","Incense Burner","Prayer Wheel","Omamori","Red Skull","Boot","infinitespire:Magic Flask","YumHeart","Molten Egg 2","infinitespire:Joker Card","Champion Belt","Question Card","Oddly Smooth Stone","Gremlin Horn","Lizard Tail","ReplayTheSpireMod:Shallot","Tiny Chest","PrismaticShard","FossilizedHelix","Unceasing Top","Bird Faced Urn","Thread and Needle","White Beast Statue","infinitespire:PuzzleCube","Ornamental Fan","HornCleat","Replay:Bandana","Singing Bowl","infinitespire:Bottled Soul","CaptainsWheel","GnawedLeaf","ReplayTheSpireMod:Lightbulb","Nunchaku","Bag of Preparation","Grinning Jar","Counterbalance","UnicornStump","infinitespire:EvilPickle","Chemical X","infinitespire:Eraser","Art of War","Red Mask","BookOfRevelations","Replay:Bottled Steam","energizedSpire:OgreHead","Smiling Mask","Odd Mushroom","Dream Catcher","DeathBook","Potion Belt","War Paint","Mirror","DoctorsRemote"],"acts_visited":["Exordium","TheCity","TheBeyond","Exordium","TheCity"],"potions_floor_usage":[16,28,52],"damage_taken":[{"damage":0,"enemies":"Jaw Worm","floor":1,"turns":1},{"damage":0,"enemies":"Small Slimes","floor":3,"turns":1},{"damage":0,"enemies":"Cultist","floor":5,"turns":1},{"damage":0,"enemies":"Lagavulin","floor":6,"turns":1},{"damage":0,"enemies":"Gremlin Nob","floor":10,"turns":1},{"damage":0,"enemies":"3 Sentries","floor":12,"turns":1},{"damage":0,"enemies":"Gremlin Nob","floor":14,"turns":1},{"damage":0,"enemies":"Fading Forest","floor":16,"turns":1},{"damage":0,"enemies":"Shell Parasite","floor":18,"turns":1},{"damage":0,"enemies":"Spheric Guardian","floor":22,"turns":1},{"damage":0,"enemies":"Nightmare","floor":23,"turns":1},{"damage":0,"enemies":"3 Cultists","floor":24,"turns":1},{"damage":0,"enemies":"Gremlin Leader","floor":25,"turns":1},{"damage":0,"enemies":"Snecko","floor":28,"turns":1},{"damage":0,"enemies":"Centurion and Healer","floor":29,"turns":1},{"damage":0,"enemies":"3 Cultists","floor":30,"turns":1},{"damage":0,"enemies":"Sentry and Sphere","floor":31,"turns":1},{"damage":0,"enemies":"Pondfish","floor":33,"turns":19},{"damage":0,"enemies":"3 Darklings","floor":35,"turns":1},{"damage":0,"enemies":"3 Shapes","floor":37,"turns":1},{"damage":0,"enemies":"Nightmare","floor":45,"turns":1},{"damage":0,"enemies":"3 Darklings","floor":46,"turns":1},{"damage":0,"enemies":"Reptomancer","floor":47,"turns":1},{"damage":0,"enemies":"Spire Growth","floor":48,"turns":1},{"damage":0,"enemies":"Time Eater","floor":50,"turns":1},{"damage":0,"enemies":"Cultist","floor":52,"turns":1},{"damage":0,"enemies":"Jaw Worm","floor":53,"turns":1},{"damage":0,"enemies":"The Mushroom Lair","floor":55,"turns":1},{"damage":0,"enemies":"Small Slimes","floor":56,"turns":1},{"damage":0,"enemies":"3 Sentries","floor":57,"turns":1},{"damage":0,"enemies":"Nightmare","floor":63,"turns":1},{"damage":0,"enemies":"3 Sentries","floor":65,"turns":1},{"damage":0,"enemies":"Delirium","floor":67,"turns":1},{"damage":0,"enemies":"2 Thieves","floor":69,"turns":1}],"seed_played":"1008255855081242734","potions_obtained":[{"floor":0,"key":"FairyPotion"},{"floor":0,"key":"blueLaboratory:SavagePotion"},{"floor":0,"key":"blueLaboratory:Moonshine"},{"floor":0,"key":"blueLaboratory:AbyssPotion"},{"floor":0,"key":"Cursed Concoction"},{"floor":1,"key":"blueLaboratory:BottleOfVodka"},{"floor":3,"key":"blueLaboratory:HeartbeatPotion"},{"floor":5,"key":"infinitespire:BlackPotion"},{"floor":10,"key":"Weak Potion"},{"floor":12,"key":"Weak Potion"},{"floor":14,"key":"blueLaboratory:AbyssPotion"},{"floor":16,"key":"ColorlessPotion"},{"floor":22,"key":"BloodPotion"},{"floor":24,"key":"blueLaboratory:LimitlessPotion"},{"floor":28,"key":"blueLaboratory:BottleOfVodka"},{"floor":35,"key":"blueLaboratory:FruitPunch"},{"floor":37,"key":"Fire Potion"},{"floor":45,"key":"Block Potion"},{"floor":52,"key":"FearPotion"},{"floor":53,"key":"blueLaboratory:FrostheartPotion"},{"floor":63,"key":"AttackPotion"},{"floor":65,"key":"Languid Potion"},{"floor":67,"key":"ElixirPotion"}],"is_trial":false,"path_per_floor":["M","?","M","?","M","E","R","$","T","E","?","E","T","E","R","B",null,"M","?","?","?","M","NM","M","E","T","AVR","M","M","M","M","R_BF","B",null,"M","$","M","$","T","R","AVR","R","T","?","NM","M","E","M","R","B",null,"M","M","?","?","M","E","T","$","T","?","R","NM","?","E","R","B",null,"M"],"character_chosen":"IRONCLAD","items_purchased":["Membership Card","MerchantsRug","PreservedInsect","Toxic Egg 2","Happy Flower","Orichalcum","Du-Vu Doll","Juzu Bracelet","TheAbacus","Frozen Eye","Strawberry","Frozen Egg 2","Orrery","ReplayTheSpireMod:CursedCoin","infinitespire:Satchel","BookofShadows","Replay:Accelerometer","Madness+1","Bronze Scales","Lantern","TheBean","Vajra","infinitespire:OneForAll","Girya","Blood Vial","Leech","Panacea+1","Potion Belt","AnarchistCookbook","Divine Protection","Bag of Marbles","Sling","Shuriken","Golden Egg","Panache+1","Toy Ornithopter","Meat on the Bone","Lee\u0027s Waffle","Blue Doll","D6","Blue Candle","Demon Form+1","infinitespire:CheckeredPen","Mummified Hand","Whetstone","Pen Nib","TungstenRod","Darkstone Periapt","Anchor","ReplayFunnel","MealTicket","Replay:Rubber Ducky","Ice Cream","Mercury Hourglass","infinitespire:Golems Mask","infinitespire:ShieldingShard","Brimstone","Ancient Tea Set","Cauldron","SalivaCoin","Regal Pillow","Incense Burner","Prayer Wheel","Omamori","Red Skull","Boot","infinitespire:Magic Flask","Matryoshka","Letter Opener","YumHeart","War Paint","Molten Egg 2","infinitespire:Joker Card","Champion Belt","Question Card","Oddly Smooth Stone","Gremlin Horn","Lizard Tail","ReplayTheSpireMod:Shallot","Tiny Chest","PrismaticShard","FossilizedHelix","infinitespire:OneForAll+1","Bottled Tornado","Unceasing Top","Bird Faced Urn","Thread and Needle","White Beast Statue","Pear","infinitespire:PuzzleCube","Ornamental Fan","Mango","DollysMirror","HornCleat","Replay:Bandana","Singing Bowl","EpicFetus+1","infinitespire:Bottled Soul","Chemical X","Potion Belt"],"campfire_rested":4,"item_purchase_floors":[0,0,0,0,0,0,0,0,0,0,0,0,0,0,0,0,0,0,0,0,0,0,0,0,0,0,0,0,0,0,0,0,0,0,0,0,0,0,0,0,0,0,0,0,0,0,0,0,0,0,0,0,0,0,0,0,0,0,0,0,0,0,0,0,0,0,0,0,0,0,0,0,0,0,0,0,0,0,0,0,0,0,0,0,0,0,0,0,0,0,0,0,0,0,0,0,0,0,38,59],"current_hp_per_floor":[130,105,123,109,125,141,141,146,146,148,150,152,152,154,154,156,156,158,158,143,143,161,164,168,170,170,170,174,178,182,186,186,188,188,192,192,196,196,196,196,196,196,196,196,200,204,206,210,210,212,212,218,222,222,224,228,230,230,230,230,230,232,234,234,236,238,240,240,240,240],"gold":945,"neow_bonus":"","is_daily":false,"chose_seed":false,"campfire_upgraded":0,"win_rate":0.0,"timestamp":1611177981,"path_taken":["M","?","M","?","M","E","R","$","T","E","?","E","?","E","R","BOSS","M","?","?","?","M","NM","M","E","T","AVR","M","M","M","M","R_BF","BOSS","M","$","M","$","?","R","AVR","R","T","?","NM","M","E","M","R","BOSS","M","M","?","?","M","E","?","$","T","?","R","NM","?","E","R","BOSS","M"],"items_purchased_type":["Relic","Relic","Relic","Relic","Relic","Relic","Relic","Relic","Relic","Relic","Relic","Relic","Relic","Relic","Relic","Relic","Relic","Card","Relic","Relic","Relic","Relic","Card","Relic","Relic","Relic","Card","Relic","Relic","Relic","Relic","Relic","Relic","Relic","Card","Relic","Relic","Relic","Relic","Relic","Relic","Card","Relic","Relic","Relic","Relic","Relic","Relic","Relic","Relic","Relic","Relic","Relic","Relic","Relic","Relic","Relic","Relic","Relic","Relic","Relic","Relic","Relic","Relic","Relic","Relic","Relic","Relic","Relic","Relic","Relic","Relic","Relic","Relic","Relic","Relic","Relic","Relic","Relic","Relic","Relic","Relic","Card","Relic","Relic","Relic","Relic","Relic","Relic","Relic","Relic","Relic","Relic","Relic","Relic","Relic","Card","Relic","Relic","Relic"],"build_version":"2020-12-22","purchased_purges":16,"victory":false,"max_hp_per_floor":[130,136,140,140,144,146,146,146,146,148,150,152,152,154,154,156,156,158,158,158,158,162,164,168,170,170,170,174,178,182,186,186,188,188,192,192,196,196,196,196,196,196,196,196,200,204,206,210,210,212,212,218,222,222,224,228,230,230,230,230,230,232,234,234,236,238,240,240,240,240],"card_choices":[{"not_picked":[],"picked":"BettingIsNotGood","floor":0},{"not_picked":["Shrug It Off+1","Dark Embrace+1","Anger+1"],"picked":"Singing Bowl","floor":0},{"not_picked":["Defy Death+1","Sever Soul+1","Rampage+1"],"picked":"Singing Bowl","floor":0},{"not_picked":["Dual Wield+1","Anger+1","Bomb"],"picked":"Singing Bowl","floor":0},{"not_picked":["ReplayReversal+1","ReplayTheSpireMod:Strike From Hell+1","Uppercut+1"],"picked":"Singing Bowl","floor":0},{"not_picked":["ThirdEye+1","Adaptation+1","Steam+1","ReplayTheSpireMod:Strike From Hell+1"],"picked":"Singing Bowl","floor":1},{"not_picked":["Toxin Wave+1","Replay:Hum+1","Seeing Red+1","Pommel Strike+1"],"picked":"Singing Bowl","floor":1},{"not_picked":["ReplayTheSpireMod:Muscle Training+1","Ghostly Armor+1","Backflip+1","Dark Embrace+1"],"picked":"Singing Bowl","floor":2},{"not_picked":["Cancel+1","Iron Wave+1","Ball Lightning+1","EmptyFist+1"],"picked":"Singing Bowl","floor":2},{"not_picked":["Replay:BluntJabs+1","Reflex+1","ReplayTheSpireMod:Necrogeddon+1","Flex+1"],"picked":"Singing Bowl","floor":2},{"not_picked":["Melter+1","Wild Strike+1","Conclude+1","Replay:Undeath\u0027s Touch+1"],"picked":"Singing Bowl","floor":3},{"not_picked":["CutThroughFate+1","Establishment+1","Shrug It Off+1","Heavy Blade+1"],"picked":"Singing Bowl","floor":3},{"not_picked":["White Noise+1","EmptyBody+1","PiercingWail+1","Armaments+1"],"picked":"Singing Bowl","floor":5},{"not_picked":["Lockon+1","A Thousand Cuts+1","Dodge and Roll+1","Sweeping Beam+1"],"picked":"Singing Bowl","floor":5},{"not_picked":["Reflex+1","Replay:AllIn+1","Headbutt+1","Purity+1"],"picked":"Singing Bowl","floor":6},{"not_picked":["ReplayTheSpireMod:Stacked+1","Skewer+1","Headbutt+1","Limit Break+1"],"picked":"Singing Bowl","floor":10},{"not_picked":["Replay:Fractal Strike","infinitespire:Gouge","infinitespire:Menacing"],"picked":"Singing Bowl","floor":11},{"not_picked":["Havoc+1","Enlightenment+1","CrushJoints+1","EmptyBody+1"],"picked":"Singing Bowl","floor":12},{"not_picked":["Adaptation+1","Stack+1","Power Through+1","FTL+1"],"picked":"Singing Bowl","floor":14},{"not_picked":["Thunder Strike+1","LessonLearned+1","Hyperbeam+1","DoctorFetus+1"],"picked":"Singing Bowl","floor":16},{"not_picked":["InnerPeace+1","Stack+1","Armaments+1","Iron Wave+1"],"picked":"Singing Bowl","floor":18},{"not_picked":["Replay:Undeath\u0027s Touch+1","Power Through+1","Conclude+1"],"picked":"Noxious Fumes+1","floor":18},{"not_picked":["Panic Button+1","Flying Knee+1","Halt+1","Predator+1"],"picked":"Singing Bowl","floor":22},{"not_picked":["Dodge and Roll+1","ClearTheMind+1","Cleave+1","ReplayTheSpireMod:Private Reserves+1"],"picked":"Singing Bowl","floor":22},{"not_picked":["Dodge and Roll+1","Quick Slash+1","Dark Embrace+1","ReachHeaven+1"],"picked":"Singing Bowl","floor":23},{"not_picked":["Clash+1","Caltrops+1","Twin Strike+1","ReplayGash+1"],"picked":"Singing Bowl","floor":24},{"not_picked":["Havoc+1","Go for the Eyes+1","Quick Slash+1","WindmillStrike+1"],"picked":"Singing Bowl","floor":24},{"not_picked":["Tactician+1","Pommel Strike+1","Underhanded Strike+1","Bouncing Flask+1"],"picked":"Singing Bowl","floor":25},{"not_picked":["Indignation+1","Redo+1","Outmaneuver+1","Core Surge+1"],"picked":"Singing Bowl","floor":28},{"not_picked":["Deflect+1","Backflip+1","Bouncing Flask+1","Flechettes+1"],"picked":"Singing Bowl","floor":28},{"not_picked":["CutThroughFate+1","Lockon+1","Dark Shackles+1","Cold Snap+1"],"picked":"Singing Bowl","floor":29},{"not_picked":["Vengeance+1","BettingIsNotGood+1","Blood for Blood+1","Ball Lightning+1"],"picked":"Singing Bowl","floor":29},{"not_picked":["Backflip+1","Run Through+1","Sucker Punch+1","Rebound+1"],"picked":"Singing Bowl","floor":30},{"not_picked":["Replay:AtTheReady+1","Evaluate+1","Deep Breath+1","WaveOfTheHand+1"],"picked":"Singing Bowl","floor":30},{"not_picked":["Consume+1","Nirvana+1","Specialist+1","Blur+1"],"picked":"Singing Bowl","floor":31},{"not_picked":["Replay:AtTheReady+1","Pray+1","Cloak And Dagger+1","Wraith Form v2+1"],"picked":"Singing Bowl","floor":31},{"not_picked":["Thinking Ahead+1","Die Die Die+1","Poison Darts+1","ConjureBlade+1"],"picked":"Singing Bowl","floor":33},{"not_picked":["Ball Lightning+1","SignatureMove+1","Consecrate+1","Intimidate+1"],"picked":"Singing Bowl","floor":35},{"not_picked":["Flex+1","Ball Lightning+1","SashWhip+1","Gash+1"],"picked":"Singing Bowl","floor":35},{"not_picked":["Warcry+1","Reckless Charge+1","Slice+1","Twin Strike+1"],"picked":"Singing Bowl","floor":37},{"not_picked":["Heel Hook+1","Compile Driver+1","Reprogram+1","Deflect+1"],"picked":"Singing Bowl","floor":37},{"not_picked":["infinitespire:Menacing","infinitespire:Gouge","infinitespire:Starlight"],"picked":"Singing Bowl","floor":45},{"not_picked":["Outmaneuver+1","Perfected Strike+1","Sucker Punch+1","Bomb"],"picked":"Singing Bowl","floor":45},{"not_picked":["CrushJoints+1","Dark Shackles+1","Reflex+1","Infernal Blade+1"],"picked":"Singing Bowl","floor":46},{"not_picked":["SashWhip+1","Replay:BluntJabs+1","Swift Strike+1","EmptyBody+1"],"picked":"Singing Bowl","floor":46},{"not_picked":["Offering+1","Prostrate+1","Stack+1","Slice+1"],"picked":"Singing Bowl","floor":47},{"not_picked":["ReplayTheSpireMod:Uncanny Aura+1","Streamline+1","Bomb","Clothesline+1"],"picked":"Singing Bowl","floor":48},{"not_picked":["Establishment+1","Study+1","Anger+1","JustLucky+1"],"picked":"Singing Bowl","floor":48},{"not_picked":["ConjureBlade+1","Die Die Die+1","Biased Cognition+1","Secret Weapon+1"],"picked":"Singing Bowl","floor":50},{"not_picked":["Prostrate+1","Run Through+1","Panacea+1","EmptyBody+1"],"picked":"Singing Bowl","floor":52},{"not_picked":["Prostrate+1","Blade Dance+1","ReplayTheSpireMod:GoodbyeWorld+1","Prepared+1"],"picked":"Singing Bowl","floor":52},{"not_picked":["Cancel+1","Discovery+1","Predator+1","Halt+1"],"picked":"Singing Bowl","floor":53},{"not_picked":["SashWhip+1","Cleave+1","Leap+1","Streamline+1"],"picked":"Singing Bowl","floor":53},{"not_picked":["Flex+1","Sanctity+1","Dagger Spray+1","ForeignInfluence+1"],"picked":"Singing Bowl","floor":55},{"not_picked":["ReplayTheSpireMod:Stacked+1","Uppercut+1","Storm+1","Collect+1"],"picked":"Singing Bowl","floor":56},{"not_picked":["Auto Shields+1","Vengeance+1","Blind+1","Body Slam+1"],"picked":"Singing Bowl","floor":56},{"not_picked":["Halt+1","Sunder+1","Replay:Undeath\u0027s Touch+1","Iron Wave+1"],"picked":"Singing Bowl","floor":57},{"not_picked":["Poisoned Stab+1","Survey Options+1","EmptyFist+1","Run Through+1"],"picked":"Singing Bowl","floor":62},{"not_picked":["Panic Button+1","Madness+1","Wild Strike+1","Beam Cell+1"],"picked":"Singing Bowl","floor":63},{"not_picked":["Darkness+1","Cold Snap+1","Panache+1","Leap+1"],"picked":"Singing Bowl","floor":65},{"not_picked":["Heavy Blade+1","Slice+1","Steam Power+1","Crescendo+1"],"picked":"Singing Bowl","floor":66},{"not_picked":["Multi-Cast+1","Die Die Die+1","Ragnarok+1","Secret Technique+1"],"picked":"Singing Bowl","floor":67}],"player_experience":661489,"relics_obtained":[{"floor":6,"key":"CaptainsWheel"},{"floor":10,"key":"GnawedLeaf"},{"floor":12,"key":"ReplayTheSpireMod:Lightbulb"},{"floor":13,"key":"Nunchaku"},{"floor":23,"key":"Grinning Jar"},{"floor":25,"key":"Counterbalance"},{"floor":26,"key":"UnicornStump"},{"floor":39,"key":"infinitespire:Eraser"},{"floor":43,"key":"Art of War"},{"floor":45,"key":"BookOfRevelations"},{"floor":47,"key":"Replay:Bottled Steam"},{"floor":55,"key":"Odd Mushroom"},{"floor":57,"key":"Dream Catcher"},{"floor":58,"key":"DeathBook"},{"floor":60,"key":"War Paint"},{"floor":63,"key":"Mirror"},{"floor":65,"key":"DoctorsRemote"}],"event_choices":[{"cards_removed":["Madness"],"damage_healed":0,"gold_gain":0,"player_choice":"Elegance","damage_taken":0,"max_hp_gain":0,"max_hp_loss":0,"event_name":"Back to Basics","floor":21,"gold_loss":0},{"damage_healed":0,"gold_gain":0,"player_choice":"Paid","damage_taken":0,"relics_obtained":["Red Mask"],"max_hp_gain":0,"max_hp_loss":0,"event_name":"Tomb of Lord Red Mask","floor":44,"gold_loss":1368},{"damage_healed":0,"gold_gain":0,"player_choice":"Paid Gold","damage_taken":0,"relics_obtained":["Smiling Mask"],"max_hp_gain":0,"max_hp_loss":0,"event_name":"WeMeetAgain","floor":54,"gold_loss":101},{"damage_healed":0,"gold_gain":0,"player_choice":"Fought Mushrooms","damage_taken":0,"max_hp_gain":0,"max_hp_loss":0,"event_name":"Mushrooms","floor":55,"gold_loss":0},{"damage_healed":0,"gold_gain":100,"player_choice":"Pray","damage_taken":0,"max_hp_gain":0,"max_hp_loss":0,"event_name":"Golden Shrine","floor":61,"gold_loss":0},{"cards_removed":["infinitespire:SealOfDarkness"],"damage_healed":0,"gold_gain":0,"player_choice":"Forget","damage_taken":0,"max_hp_gain":0,"max_hp_loss":0,"event_name":"Living Wall","floor":64,"gold_loss":0}],"is_beta":false,"boss_relics":[{"not_picked":["Replay:Drink Me","Replay:Ancient Bell","energizedSpire:NeverEndingSparkler"]},{"not_picked":["Pandora\u0027s Box","Runic Pyramid"],"picked":"Black Blood"},{"not_picked":[]},{"not_picked":["Ring of Chaos","Busted Crown"],"picked":"energizedSpire:OgreHead"},{"not_picked":[]},{"not_picked":["Replay:Bronze Core","Ooze Armor","ReplayTheSpireMod:DimensionalGlitch"]}],"items_purged_floors":[0,0,0,0,0,0,0,0,0,0,0,0,0,0,0,8],"is_endless":true,"potions_floor_spawned":[1,3,5,6,10,12,14,16,18,22,23,24,25,28,29,30,31,33,35,37,45,46,47,48,50,52,53,55,56,57,63,65,67,69],"killed_by":"2 Thieves","ascension_level":11}}