{"host":"4cz9gr89nglr7k8k","time":1611173819,"event":{"mods":["BaseMod","Minty Spire (QoL Compilation)","Relic Stats","Slay-I"],"gold_per_floor":[117,117,267,286,286,315,315,326,326,326,342,366,405,427,439,451,451],"floor_reached":16,"language":"DEU","playtime":332,"items_purged":[],"score":220,"play_id":"701aed40-8b43-4666-b61a-2930f45ec3d9","local_time":"20210120211659","is_ascension_mode":true,"campfire_choices":[{"floor":7,"key":"REST"},{"data":"Whirlwind","floor":10,"key":"SMITH"},{"floor":15,"key":"REST"}],"circlet_count":0,"master_deck":["AscendersBane","Strike_R","Strike_R","Strike_R","Strike_R","Defend_R","Defend_R","Defend_R","Bash","Sever Soul+1","Thunderclap","Reckless Charge","Doubt","Sever Soul","Flex","Whirlwind+1","Perfected Strike","Sword Boomerang","Inflame"],"relics":["Burning Blood","Kunai","Oddly Smooth Stone","MawBank","Boot"],"acts_visited":["Exordium"],"potions_floor_usage":[13,16,16],"damage_taken":[{"damage":9,"enemies":"Jaw Worm","floor":1,"turns":3},{"damage":7,"enemies":"Small Slimes","floor":4,"turns":3},{"damage":32,"enemies":"Gremlin Nob","floor":6,"turns":4},{"damage":0,"enemies":"2 Louse","floor":8,"turns":2},{"damage":14,"enemies":"Red Slaver","floor":11,"turns":2},{"damage":24,"enemies":"3 Sentries","floor":13,"turns":3},{"damage":19,"enemies":"Exordium Wildlife","floor":14,"turns":3},{"damage":52,"enemies":"The Guardian","floor":16,"turns":8}],"seed_played":"-8601531763307793078","potions_obtained":[{"floor":8,"key":"Explosive Potion"},{"floor":11,"key":"Block Potion"},{"floor":13,"key":"Energy Potion"}],"is_trial":false,"path_per_floor":["M","?","?","M","?","E","R","M","T","R","M","T","E","M","R","B"],"character_chosen":"IRONCLAD","items_purchased":[],"campfire_rested":2,"item_purchase_floors":[],"current_hp_per_floor":[65,65,65,64,64,38,60,66,66,66,58,58,40,27,49,0,0],"gold":451,"neow_bonus":"TRANSFORM_CARD","is_daily":false,"chose_seed":false,"campfire_upgraded":1,"win_rate":0.0,"timestamp":1611173819,"path_taken":["M","?","?","M","?","E","R","M","T","R","?","?","E","M","R","BOSS"],"items_purchased_type":[],"build_version":"2020-12-22","purchased_purges":0,"victory":false,"max_hp_per_floor":[75,75,75,75,75,75,75,75,75,75,75,75,75,75,75,75,75],"relic_stats":{"counters":[8,28],"Kunai":[2],"MawBank":48,"Boot":[2],"obtain_stats":[{"Oddly Smooth Stone":9,"Kunai":6,"MawBank":12,"Boot":13,"Burning Blood":0},{"Oddly Smooth Stone":4,"Kunai":3,"MawBank":5,"Boot":6,"Burning Blood":0},{"Oddly Smooth Stone":12,"Kunai":10,"MawBank":14,"Boot":17,"Burning Blood":0}],"Burning Blood":42},"card_choices":[{"not_picked":["Pommel Strike","Infernal Blade"],"picked":"Thunderclap","floor":1},{"not_picked":["Warcry","Shrug It Off"],"picked":"Sever Soul","floor":4},{"not_picked":["Iron Wave","Wild Strike"],"picked":"Flex","floor":6},{"not_picked":["Rampage","Exhume"],"picked":"Whirlwind","floor":8},{"not_picked":["Twin Strike","Rupture"],"picked":"Perfected Strike","floor":11},{"not_picked":["Hemokinesis","Warcry"],"picked":"Sword Boomerang","floor":13},{"not_picked":["Warcry","Twin Strike"],"picked":"Inflame","floor":14}],"player_experience":1513360,"relics_obtained":[{"floor":6,"key":"Kunai"},{"floor":9,"key":"Oddly Smooth Stone"},{"floor":12,"key":"MawBank"},{"floor":13,"key":"Boot"}],"event_choices":[{"damage_healed":0,"gold_gain":0,"cards_transformed":["Strike_R"],"player_choice":"Change","damage_taken":0,"max_hp_gain":0,"max_hp_loss":0,"event_name":"Living Wall","floor":2,"gold_loss":0,"cards_obtained":["Reckless Charge"]},{"damage_healed":0,"gold_gain":150,"player_choice":"AGREE","damage_taken":0,"max_hp_gain":0,"max_hp_loss":0,"event_name":"Liars Game","floor":3,"gold_loss":0,"cards_obtained":["Doubt"]},{"damage_healed":0,"gold_gain":0,"player_choice":"Upgraded","damage_taken":0,"max_hp_gain":0,"max_hp_loss":0,"event_name":"Upgrade Shrine","floor":5,"gold_loss":0,"cards_upgraded":["Sever Soul"]}],"is_beta":false,"boss_relics":[],"items_purged_floors":[],"is_endless":false,"potions_floor_spawned":[8,11,13],"killed_by":"The Guardian","ascension_level":20}}