{"host":"vyjryxuuuxkt43k4","time":1611136677,"event":{"mods":["AchievementEnabler","BaseMod","Colored Map","DeckTracker","Keyboard Shortcuts","Minty Spire (QoL Compilation)","Permanent Neow","Quick Restart","Rare Cards Sparkle","StSLib","SuperFastMode","everything is the same but u backflip on backflip"],"gold_per_floor":[109,109,109,40,60,60,80,80,129,149,179,179,179,208,208,280,280,297,212,212,192,142,142,172,186,210,210,42,42,42,77,77,77,77],"floor_reached":33,"language":"KOR","playtime":2592,"items_purged":["Iron Wave"],"score":524,"play_id":"b92a8691-aec1-4405-ae35-5c5806579f1a","local_time":"20210120185757","is_ascension_mode":true,"campfire_choices":[{"data":"True Grit","floor":6.0,"key":"SMITH"},{"data":"Uppercut","floor":8.0,"key":"SMITH"},{"floor":12.0,"key":"REST"},{"floor":15.0,"key":"REST"},{"data":"Armaments","floor":23.0,"key":"SMITH"},{"floor":27,"key":"REST"},{"floor":29,"key":"REST"},{"floor":32,"key":"REST"}],"circlet_count":0,"master_deck":["AscendersBane","Defend_R","Defend_R+1","Defend_R","Defend_R+1","Bash","Brutality","Cleave","Uppercut+1","True Grit+1","Infernal Blade","Clothesline","Bludgeon","Offering+1","Armaments+1","Bite","Bite","Bite","Bite","Bite","Dual Wield","Evolve","Shrug It Off"],"relics":["Burning Blood","Odd Mushroom","Ancient Tea Set","Smiling Mask","Darkstone Periapt","CaptainsWheel","Mark of Pain","Bronze Scales","Paper Frog","Membership Card","War Paint"],"acts_visited":["Exordium","TheCity"],"potions_floor_usage":[25,31],"damage_taken":[{"damage":6.0,"enemies":"Cultist","floor":1.0,"turns":3.0},{"damage":8.0,"enemies":"Small Slimes","floor":5.0,"turns":4.0},{"damage":27.0,"enemies":"The Mushroom Lair","floor":7.0,"turns":4.0},{"damage":0.0,"enemies":"Jaw Worm","floor":10.0,"turns":4.0},{"damage":26.0,"enemies":"Gremlin Nob","floor":11.0,"turns":5.0},{"damage":15.0,"enemies":"3 Sentries","floor":14.0,"turns":6.0},{"damage":20.0,"enemies":"The Guardian","floor":16.0,"turns":7.0},{"damage":8.0,"enemies":"Shell Parasite","floor":18.0,"turns":3.0},{"damage":65,"enemies":"Gremlin Leader","floor":24,"turns":8},{"damage":7,"enemies":"Spheric Guardian","floor":25,"turns":2},{"damage":15,"enemies":"Book of Stabbing","floor":31,"turns":4},{"damage":61,"enemies":"Collector","floor":33,"turns":6}],"seed_played":"-4812388582359510560","potions_obtained":[{"floor":5.0,"key":"LiquidMemories"},{"floor":7.0,"key":"SpeedPotion"},{"floor":11.0,"key":"CultistPotion"},{"floor":14.0,"key":"ColorlessPotion"},{"floor":16.0,"key":"SmokeBomb"},{"floor":21.0,"key":"BlessingOfTheForge"},{"floor":25,"key":"PowerPotion"}],"is_trial":false,"path_per_floor":["M","?","?","$","M","R","?","R","T","M","E","R","T","E","R","B",null,"M","?","?","?","$","R","E","M","T","R","$","R","?","E","R","B"],"character_chosen":"IRONCLAD","items_purchased":["Uppercut","Membership Card","Evolve"],"campfire_rested":5,"item_purchase_floors":[4,28,28],"current_hp_per_floor":[68,45,45,45,43,43,22,22,22,28,8,30,30,21,43,29,64,62,62,52,52,52,52,18,25,25,40,40,52,39,42,57,0,0],"gold":77,"neow_bonus":"ONE_RANDOM_RARE_CARD","is_daily":false,"chose_seed":false,"campfire_upgraded":3,"win_rate":0.0,"timestamp":1611136677,"path_taken":["M","?","?","$","?","R","?","R","T","M","E","R","?","E","R","BOSS","M","?","?","?","$","R","E","?","T","R","?","R","?","E","R","BOSS"],"items_purchased_type":["Card","Relic","Card"],"build_version":"2020-12-22","purchased_purges":1,"victory":false,"max_hp_per_floor":[75,75,75,75,75,75,75,75,75,75,75,75,75,75,75,75,75,75,75,52,52,52,52,52,52,52,52,52,52,57,57,57,57,57],"card_choices":[{"not_picked":["Wild Strike","Disarm"],"picked":"Iron Wave","floor":1.0},{"not_picked":["Rage","Anger"],"picked":"True Grit","floor":5.0},{"not_picked":["Flex","Heavy Blade"],"picked":"Infernal Blade","floor":7.0},{"not_picked":["Sword Boomerang","Havoc"],"picked":"Clothesline","floor":10.0},{"not_picked":["Headbutt","Pommel Strike"],"picked":"Bludgeon","floor":11.0},{"not_picked":["Thunderclap","Iron Wave","Anger"],"picked":"SKIP","floor":14.0},{"not_picked":["Brutality","Bludgeon"],"picked":"Offering","floor":16.0},{"not_picked":["Clash","Battle Trance"],"picked":"Armaments","floor":18.0},{"not_picked":["Perfected Strike","Pummel","Clothesline"],"picked":"SKIP","floor":24},{"not_picked":["Sword Boomerang","Warcry"],"picked":"Dual Wield","floor":25},{"not_picked":["Twin Strike","Flame Barrier"],"picked":"Shrug It Off","floor":31}],"player_experience":154972,"relics_obtained":[{"floor":7.0,"key":"Odd Mushroom"},{"floor":9.0,"key":"Ancient Tea Set"},{"floor":11.0,"key":"Smiling Mask"},{"floor":13.0,"key":"Darkstone Periapt"},{"floor":14.0,"key":"CaptainsWheel"},{"floor":24,"key":"Paper Frog"},{"floor":31,"key":"War Paint"}],"event_choices":[{"damage_healed":0.0,"max_hp_gain":0.0,"max_hp_loss":0.0,"gold_gain":0.0,"event_name":"Shining Light","player_choice":"Entered Light","floor":2.0,"gold_loss":0.0,"damage_taken":23.0,"cards_upgraded":["Defend_R","Strike_R"]},{"damage_healed":0.0,"max_hp_gain":0.0,"max_hp_loss":0.0,"gold_gain":0.0,"event_name":"Match and Keep!","player_choice":"1 cards matched","floor":3.0,"gold_loss":0.0,"damage_taken":0.0,"cards_obtained":["Cleave"]},{"damage_healed":0.0,"max_hp_gain":0.0,"max_hp_loss":0.0,"gold_gain":0.0,"event_name":"Mushrooms","player_choice":"Fought Mushrooms","floor":7.0,"gold_loss":0.0,"damage_taken":0.0},{"damage_healed":0.0,"max_hp_gain":0.0,"max_hp_loss":0.0,"gold_gain":0.0,"event_name":"Addict","player_choice":"Obtained Relic","floor":19.0,"gold_loss":85.0,"damage_taken":0.0,"relics_obtained":["Bronze Scales"]},{"damage_healed":0.0,"max_hp_gain":0.0,"max_hp_loss":23.0,"gold_gain":0.0,"event_name":"Vampires","player_choice":"Became a vampire","floor":20.0,"gold_loss":0.0,"damage_taken":0.0,"cards_obtained":["Bite","Bite","Bite","Bite","Bite"]},{"damage_healed":0.0,"max_hp_gain":0.0,"max_hp_loss":0.0,"gold_gain":0.0,"event_name":"The Woman in Blue","player_choice":"Bought 1 Potion","floor":21.0,"gold_loss":0.0,"damage_taken":0.0},{"damage_healed":0,"gold_gain":0,"player_choice":"Shed Blood","damage_taken":18,"max_hp_gain":5,"max_hp_loss":0,"event_name":"Forgotten Altar","floor":30,"gold_loss":0}],"is_beta":false,"boss_relics":[{"not_picked":["Runic Pyramid","Busted Crown"],"picked":"Mark of Pain"}],"items_purged_floors":[22],"is_endless":false,"potions_floor_spawned":[5,7,11,14,16,25],"killed_by":"Collector","ascension_level":15}}