{"host":"nxma0dbhh74lxenq","time":1611136178,"event":{"mods":["Astrologer","BaseMod","Beaked The Cultist","CapriCore","Colored Map","DeckTracker","Gremlin Mod","HololiveMod","KinomotoSakuraMod(ñÿîVñ{?)","Koishi","Mad Scientist","Minty Spire (QoL Compilation)","Prisma Mod","StSLib","SuperFastMode","The Bladedancer","The Cursed","The Immortal","The Mystic","YoumuÅiç∞ÈÆódöÎÅj"],"gold_per_floor":[115,115,115,115,136,136,176,191,191,225,239,263,336,185,185,315,315,330,338,338,338,308,308,344,344,344,357,357,33,33,0,0,130,130,149,482,495,495,511,535,187,187,187,187,187,204,254,262,262,262],"floor_reached":51,"language":"JPN","playtime":2179,"items_purged":["Koishi:BasicStrike","Koishi:BasicStrike"],"score":1271,"play_id":"c53cbd7b-e719-4b50-a0df-843950f9ddcc","local_time":"20210120184938","is_ascension_mode":true,"campfire_choices":[{"data":"Koishi:HauntingSlash","floor":6,"key":"SMITH"},{"floor":15,"key":"REST"},{"data":"Koishi:MassHysteria","floor":23,"key":"SMITH"},{"data":"beaked:NemesisSlickness","floor":25,"key":"SMITH"},{"floor":32,"key":"REST"},{"data":"Koishi:Heartbroken","floor":42,"key":"SMITH"},{"data":"Koishi:StrangeCloudFist","floor":44,"key":"SMITH"},{"data":"Koishi:Untouchable","floor":49,"key":"SMITH"}],"circlet_count":0,"master_deck":["Koishi:BasicStrike","Koishi:BasicStrike","Koishi:BasicDefend","Koishi:BasicDefend","Koishi:BasicDefend","Koishi:BasicDefend","Koishi:Provoke","Koishi:HauntingSlash+1","Koishi:SpiritedAway","Koishi:HeartfeltFancy","Koishi:TraumaticStroke","Koishi:Untouchable+1","Koishi:MassHysteria+1","Koishi:Prune","Koishi:FidgetySnatcher","Koishi:FidgetySnatcher","Koishi:RollingInRichesHeart","beaked:NemesisSlickness+1","Koishi:StingingMind","Koishi:StrangeCloudFist+1","Koishi:CatchAndRose","Koishi:PhantomBarrier","Koishi:Heartbroken+1","Ghostly","Ghostly","Ghostly","Ghostly","Ghostly","Koishi:GrowingPain","Koishi:EmbryosDream+1","Madness","Secret Weapon","Koishi:TraumaticStroke+1","Koishi:PhantomBarrier+1","Parasite"],"relics":["Koishi:ImaginaryFriend","NeowsBlessing","Koishi:LettersToReimu","Sundial","Toy Ornithopter","beaked:SacredDeck","The Courier","Matryoshka","Eternal Feather","Blood Vial","Nilry\u0027s Codex","PreservedInsect","Koishi:TeethAndClaws","Philosopher\u0027s Stone","Kunai","Pear","Toxic Egg 2","Letter Opener","Gambling Chip"],"acts_visited":["Exordium","TheCity","TheBeyond"],"potions_floor_usage":[12,16,24,24,28,50,50,50],"damage_taken":[{"damage":0,"enemies":"2 Louse","floor":1,"turns":1},{"damage":0,"enemies":"Cultist","floor":5,"turns":1},{"damage":0,"enemies":"3 Sentries","floor":7,"turns":1},{"damage":4,"enemies":"Jaw Worm","floor":8,"turns":4},{"damage":27,"enemies":"Gremlin Nob","floor":10,"turns":6},{"damage":1,"enemies":"Looter","floor":11,"turns":4},{"damage":11,"enemies":"Gremlin Gang","floor":12,"turns":3},{"damage":32,"enemies":"Hexaghost","floor":16,"turns":10},{"damage":7,"enemies":"Chosen","floor":18,"turns":7},{"damage":21,"enemies":"Spheric Guardian","floor":19,"turns":5},{"damage":10,"enemies":"Book of Stabbing","floor":24,"turns":6},{"damage":28,"enemies":"Cultist and Chosen","floor":27,"turns":8},{"damage":0,"enemies":"Champ","floor":33,"turns":11},{"damage":0,"enemies":"3 Shapes","floor":35,"turns":8},{"damage":6,"enemies":"Orb Walker","floor":37,"turns":5},{"damage":0,"enemies":"Spire Growth","floor":39,"turns":6},{"damage":0,"enemies":"Reptomancer","floor":40,"turns":10},{"damage":0,"enemies":"Sphere and 2 Shapes","floor":46,"turns":5},{"damage":0,"enemies":"Mind Bloom Boss Battle","floor":47,"turns":6},{"damage":0,"enemies":"Writhing Mass","floor":48,"turns":7},{"damage":0,"enemies":"Time Eater","floor":50,"turns":8}],"seed_played":"-5648305540710778886","potions_obtained":[{"floor":4,"key":"AttackPotion"},{"floor":4,"key":"Ancient Potion"},{"floor":4,"key":"Swift Potion"},{"floor":8,"key":"DuplicationPotion"},{"floor":12,"key":"AttackPotion"},{"floor":16,"key":"LiquidBronze"},{"floor":22,"key":"Dexterity Potion"},{"floor":27,"key":"Fruit Juice"},{"floor":35,"key":"Ancient Potion"}],"is_trial":false,"path_per_floor":["M","?","?","?","M","R","E","M","T","E","M","M","?","$","R","B",null,"M","M","?","?","?","R","E","R","T","M","?","$","?","?","R","B",null,"M","?","M","?","M","E","$","R","T","R","?","M","?","M","R","B",null],"character_chosen":"KOISHI","items_purchased":["Koishi:FidgetySnatcher","PreservedInsect","Koishi:TeethAndClaws","CultistPotion","Pear"],"campfire_rested":2,"item_purchase_floors":[14,29,29,41,41],"current_hp_per_floor":[54,39,39,39,39,39,39,41,41,22,27,21,21,21,39,22,51,50,31,31,31,31,31,37,37,37,15,9,9,9,9,32,32,32,32,32,26,21,29,32,42,42,42,42,42,42,42,42,42,42],"gold":262,"neow_bonus":"THREE_ENEMY_KILL","is_daily":false,"chose_seed":false,"campfire_upgraded":6,"win_rate":0.0,"timestamp":1611136178,"path_taken":["M","?","?","?","?","R","E","M","T","E","M","M","?","$","R","BOSS","M","M","?","?","?","R","E","R","T","?","?","$","?","?","R","BOSS","M","?","M","?","M","E","$","R","T","R","?","M","?","M","R","BOSS"],"items_purchased_type":["Card","Relic","Relic","Potion","Relic"],"build_version":"2020-12-22","purchased_purges":2,"victory":true,"max_hp_per_floor":[60,60,60,60,60,60,60,60,60,60,60,60,60,60,60,60,60,60,60,60,60,60,60,60,60,60,60,65,65,32,32,32,32,32,32,32,32,32,32,32,42,42,42,42,42,42,42,42,42,42],"card_choices":[{"not_picked":["Koishi:EmbryosDream","Koishi:Jaunt"],"picked":"Koishi:SpiritedAway","floor":1},{"not_picked":["Koishi:SubterraneanRose","Koishi:UnansweredLove"],"picked":"Koishi:HeartfeltFancy","floor":5},{"not_picked":["Koishi:PhantomBarrier","Koishi:Prune"],"picked":"Koishi:TraumaticStroke","floor":7},{"not_picked":["Koishi:BloodcurdlingScream","Koishi:Jaunt"],"picked":"Koishi:Untouchable","floor":8},{"not_picked":["Koishi:Untouchable","Koishi:FadingMemory"],"picked":"Koishi:MassHysteria","floor":10},{"not_picked":["Koishi:SprinkleStarAndHeart","Koishi:Jaunt"],"picked":"Koishi:Prune","floor":11},{"not_picked":["Koishi:FleetingPhantom","Koishi:EmbryosDream"],"picked":"Koishi:FidgetySnatcher","floor":12},{"not_picked":["Koishi:HeartStoppingHorror","Koishi:ConditionedTeleport"],"picked":"Koishi:RollingInRichesHeart","floor":16},{"not_picked":["Koishi:DreadfulBlow+1","Koishi:MindNumbingTerror"],"picked":"Koishi:StingingMind","floor":18},{"not_picked":["Koishi:Whimsy","Koishi:DreadfulBlow+1"],"picked":"Koishi:StrangeCloudFist","floor":19},{"not_picked":["Koishi:UnconsciousUprising","Koishi:SubterraneanRose+1"],"picked":"Koishi:PhantomBarrier","floor":24},{"not_picked":["Koishi:UnansweredLove+1","Koishi:Prune+1"],"picked":"Koishi:Heartbroken","floor":27},{"not_picked":["Koishi:ImGoingToCallYouNow","Koishi:ConditionedTeleport"],"picked":"Koishi:GrowingPain","floor":33},{"not_picked":["Koishi:StingingMind+1","Koishi:MassHysteria+1"],"picked":"Koishi:PhantomBarrier+1","floor":35},{"not_picked":["Koishi:FidgetySnatcher","Koishi:Catatonia+1"],"picked":"Koishi:EmbryosDream+1","floor":37},{"not_picked":["Deep Breath","Panache"],"picked":"Madness","floor":38},{"not_picked":["Chrysalis","Purity"],"picked":"Secret Weapon","floor":38},{"not_picked":["Koishi:SpiritedAway","Koishi:FleetingPhantom+1","Koishi:IdleWhim"],"picked":"SKIP","floor":39},{"not_picked":["Koishi:FleetingPhantom","Koishi:DNAsFlaw+1","Koishi:HeartfeltFancy"],"picked":"SKIP","floor":40},{"not_picked":["Koishi:DanmakuParanoia+1","Koishi:MindNumbingTerror+1"],"picked":"Koishi:TraumaticStroke+1","floor":46},{"not_picked":["Koishi:StingingMind+1","Koishi:ReleaseOfTheId+1"],"picked":"Koishi:PhantomBarrier+1","floor":47},{"not_picked":["Koishi:PhantomBarrier+1","Koishi:UnseenTerror","Koishi:Jaunt"],"picked":"SKIP","floor":48}],"player_experience":526067,"relics_obtained":[{"floor":7,"key":"Koishi:LettersToReimu"},{"floor":9,"key":"Sundial"},{"floor":10,"key":"Toy Ornithopter"},{"floor":24,"key":"Matryoshka"},{"floor":26,"key":"Eternal Feather"},{"floor":26,"key":"Blood Vial"},{"floor":28,"key":"Nilry\u0027s Codex"},{"floor":40,"key":"Kunai"},{"floor":43,"key":"Toxic Egg 2"},{"floor":43,"key":"Letter Opener"},{"floor":47,"key":"Gambling Chip"}],"event_choices":[{"damage_healed":0,"gold_gain":0,"player_choice":"Take Damage","damage_taken":15,"relics_obtained":["Golden Idol"],"max_hp_gain":0,"max_hp_loss":0,"event_name":"Golden Idol","floor":2,"gold_loss":0},{"damage_healed":0,"gold_gain":0,"player_choice":"Ignored","damage_taken":0,"max_hp_gain":0,"max_hp_loss":0,"event_name":"Liars Game","floor":3,"gold_loss":0},{"damage_healed":0,"gold_gain":0,"player_choice":"Got Potions","damage_taken":0,"max_hp_gain":0,"max_hp_loss":0,"event_name":"Lab","floor":4,"gold_loss":0},{"damage_healed":0,"gold_gain":73,"player_choice":"Gained Gold","damage_taken":0,"max_hp_gain":0,"max_hp_loss":0,"event_name":"Golden Wing","floor":13,"gold_loss":0},{"damage_healed":0,"gold_gain":0,"player_choice":"Read","damage_taken":0,"max_hp_gain":0,"max_hp_loss":0,"event_name":"The Library","floor":20,"gold_loss":0,"cards_obtained":["Koishi:CatchAndRose"]},{"damage_healed":0,"gold_gain":0,"player_choice":"Opened","damage_taken":0,"relics_obtained":["The Courier"],"max_hp_gain":0,"max_hp_loss":0,"event_name":"The Mausoleum","floor":21,"gold_loss":0},{"damage_healed":0,"gold_gain":0,"player_choice":"Bought 2 Potions","damage_taken":0,"max_hp_gain":0,"max_hp_loss":0,"event_name":"The Woman in Blue","floor":22,"gold_loss":0},{"damage_healed":0,"gold_gain":0,"player_choice":"Obtained Book","damage_taken":16,"max_hp_gain":0,"max_hp_loss":0,"event_name":"Cursed Tome","floor":28,"gold_loss":0},{"damage_healed":0,"gold_gain":0,"player_choice":"Became a Ghost","damage_taken":0,"max_hp_gain":0,"max_hp_loss":33,"event_name":"Ghosts","floor":30,"gold_loss":0,"cards_obtained":["Ghostly","Ghostly","Ghostly","Ghostly","Ghostly"]},{"damage_healed":0,"gold_gain":0,"player_choice":"Paid Fearfully","damage_taken":0,"max_hp_gain":0,"max_hp_loss":0,"event_name":"Masked Bandits","floor":31,"gold_loss":33},{"damage_healed":0,"gold_gain":333,"player_choice":"Gave Idol","damage_taken":0,"max_hp_gain":0,"max_hp_loss":0,"event_name":"The Moai Head","floor":36,"relics_lost":["Golden Idol"],"gold_loss":0},{"damage_healed":0,"gold_gain":0,"player_choice":"Memory 2","damage_taken":5,"max_hp_gain":0,"max_hp_loss":0,"event_name":"SensoryStone","floor":38,"gold_loss":0},{"cards_removed":["Koishi:PhantomBarrier"],"damage_healed":0,"gold_gain":0,"player_choice":"Removed Skill","damage_taken":0,"max_hp_gain":0,"max_hp_loss":0,"event_name":"Falling","floor":45,"gold_loss":0},{"damage_healed":0,"gold_gain":0,"player_choice":"Fight","damage_taken":0,"max_hp_gain":0,"max_hp_loss":0,"event_name":"MindBloom","floor":47,"gold_loss":0}],"is_beta":false,"boss_relics":[{"not_picked":["Cursed Key","Hololive_TopUpMoneyS"],"picked":"beaked:SacredDeck"},{"not_picked":["beaked:MawFillet","Calling Bell"],"picked":"Philosopher\u0027s Stone"}],"items_purged_floors":[14,41],"is_endless":false,"potions_floor_spawned":[8,10,12,16,18,27,35,48],"ascension_level":8}}