{"host":"ttx8tv95o5vka1nm","time":1611124633,"event":{"mods":["AchievementEnabler","BaseMod","Colored Map","Downfall","Infinite Spire","Minty Spire (QoL Compilation)","Shop Mod","StSLib","The Jungle"],"gold_per_floor":[19,19,30,44,54,81,98,98,98],"floor_reached":8,"language":"ENG","playtime":553,"items_purged":[],"score":78,"play_id":"0fb228be-ba0e-4f26-8da2-5a33918287ef","local_time":"20210120163713","is_ascension_mode":true,"campfire_choices":[],"circlet_count":0,"master_deck":["Strike_R","Strike_R","Strike_R","Strike_R","Defend_R","Defend_R","Defend_R","Bash","Cleave","Pommel Strike+1","Disarm","Body Slam"],"relics":["Burning Blood","White Beast Statue"],"acts_visited":["Exordium"],"potions_floor_usage":[6,6,7],"damage_taken":[{"damage":1,"enemies":"Cultist","floor":1,"turns":4},{"damage":0,"enemies":"Small Slimes","floor":3,"turns":2},{"damage":1,"enemies":"2 Louse","floor":4,"turns":2},{"damage":9,"enemies":"Looter","floor":5,"turns":3},{"damage":32,"enemies":"Lagavulin","floor":6,"turns":5},{"damage":16,"enemies":"Large Slime","floor":7,"turns":5},{"damage":0,"enemies":"3 Sentries","floor":8,"turns":1}],"seed_played":"-3565362660537051017","potions_obtained":[{"floor":3,"key":"LiquidMemories"},{"floor":4,"key":"hexamod:SoulburnPotion"},{"floor":5,"key":"EssenceOfSteel"},{"floor":7,"key":"Weak Potion"}],"is_trial":false,"path_per_floor":["M","?","M","M","M","E","M","E"],"character_chosen":"IRONCLAD","items_purchased":[],"campfire_rested":0,"item_purchase_floors":[],"current_hp_per_floor":[77,77,80,80,77,51,41,41,41],"gold":98,"neow_bonus":"TRANSFORM_TWO_CARDS","is_daily":false,"chose_seed":false,"campfire_upgraded":0,"win_rate":0.0,"timestamp":1611124633,"path_taken":["M","?","M","M","M","E","?","E"],"items_purchased_type":[],"build_version":"2020-12-22","purchased_purges":0,"victory":false,"max_hp_per_floor":[80,80,80,80,80,80,80,80,80],"card_choices":[{"not_picked":["Clothesline","Perfected Strike"],"picked":"Disarm","floor":1},{"not_picked":["Headbutt","Dropkick"],"picked":"Body Slam","floor":3},{"not_picked":["Twin Strike","Sword Boomerang","Body Slam"],"picked":"SKIP","floor":4},{"not_picked":["Perfected Strike","Rupture","Whirlwind"],"picked":"SKIP","floor":5},{"not_picked":["Reckless Charge","Second Wind","Demon Form"],"picked":"SKIP","floor":6},{"not_picked":["Wild Strike","Blood for Blood","Fire Breathing"],"picked":"SKIP","floor":7}],"player_experience":750425,"relics_obtained":[{"floor":6,"key":"White Beast Statue"}],"event_choices":[{"damage_healed":0,"gold_gain":0,"player_choice":"Upgraded","damage_taken":0,"max_hp_gain":0,"max_hp_loss":0,"event_name":"Upgrade Shrine","floor":2,"gold_loss":0,"cards_upgraded":["Pommel Strike"]}],"is_beta":false,"boss_relics":[],"items_purged_floors":[],"is_endless":false,"potions_floor_spawned":[3,4,5,7],"killed_by":"3 Sentries","ascension_level":6}}