{"host":"c6u7e77myxvw4d0m","time":1611128175,"event":{"mods":["AchievementEnabler","BaseMod","Bestiary","Colored Map","Colored Powertips","Minty Spire (QoL Compilation)","Rare Cards Sparkle","Relic Stats","everything is the same but u backflip on backflip"],"gold_per_floor":[114,264,264,279,292,292,323,380,430,430,458,4,15,42,42,113,113,127,146,160,250,264,264,298,298,298,298,298],"floor_reached":27,"language":"ENG","playtime":1938,"items_purged":["Strike_G"],"score":486,"play_id":"ec8f74c3-83b6-4eae-a964-0b336bbe83e6","local_time":"20210120093615","is_ascension_mode":true,"campfire_choices":[{"data":"Neutralize","floor":6.0,"key":"SMITH"},{"data":"Masterful Stab","floor":10.0,"key":"SMITH"},{"floor":15.0,"key":"REST"},{"floor":23,"key":"REST"}],"circlet_count":0,"master_deck":["AscendersBane","Strike_G","Strike_G","Strike_G","Strike_G","Defend_G","Defend_G","Defend_G","Defend_G","Defend_G","Survivor","Neutralize+1","CurseOfTheBell","Sucker Punch","Doubt","Cloak And Dagger","Masterful Stab+1","Prepared","Phantasmal Killer","Dagger Throw","Noxious Fumes","PiercingWail","Blade Dance","Bane","Adrenaline","Creative AI","Cold Snap","ThirdEye+1","Glass Knife","ThirdEye+1"],"relics":["Calling Bell","Orichalcum","Pantograph","Thread and Needle","Art of War","Bronze Scales","Anchor","Tiny Chest","PrismaticShard","Blue Candle","Black Star","Red Mask","Juzu Bracelet","Strawberry"],"acts_visited":["Exordium","TheCity"],"potions_floor_usage":[24],"damage_taken":[{"damage":0.0,"enemies":"Small Slimes","floor":1.0,"turns":4.0},{"damage":0.0,"enemies":"2 Louse","floor":4.0,"turns":4.0},{"damage":0.0,"enemies":"Cultist","floor":5.0,"turns":4.0},{"damage":12.0,"enemies":"3 Sentries","floor":7.0,"turns":11.0},{"damage":20.0,"enemies":"Gremlin Nob","floor":11.0,"turns":6.0},{"damage":0.0,"enemies":"Exordium Wildlife","floor":13.0,"turns":3.0},{"damage":0.0,"enemies":"3 Sentries","floor":14.0,"turns":7.0},{"damage":46.0,"enemies":"The Guardian","floor":16.0,"turns":11.0},{"damage":5.0,"enemies":"Chosen","floor":18.0,"turns":6.0},{"damage":10.0,"enemies":"Spheric Guardian","floor":19.0,"turns":4.0},{"damage":22,"enemies":"Centurion and Healer","floor":20,"turns":12},{"damage":2,"enemies":"Chosen and Byrds","floor":22,"turns":5},{"damage":0,"enemies":"Masked Bandits","floor":24,"turns":2},{"damage":49,"enemies":"Book of Stabbing","floor":27,"turns":6}],"seed_played":"5372219603445054335","potions_obtained":[{"floor":1.0,"key":"PowerPotion"},{"floor":7.0,"key":"Dexterity Potion"},{"floor":11.0,"key":"FairyPotion"},{"floor":22,"key":"SkillPotion"}],"is_trial":false,"path_per_floor":["M","?","?","M","M","R","E","?","T","R","E","$","M","E","R","B",null,"M","M","M","?","M","R","?","T","T","E"],"character_chosen":"THE_SILENT","items_purchased":["PrismaticShard","Dagger Throw","Noxious Fumes","PiercingWail","Blade Dance"],"campfire_rested":2,"item_purchase_floors":[12,12,12,12,12],"current_hp_per_floor":[59,59,48,48,48,48,36,36,36,36,16,16,16,16,35,14,53,48,38,16,4,2,21,21,21,28,0,0],"gold":298,"neow_bonus":"BOSS_RELIC","is_daily":false,"chose_seed":false,"campfire_upgraded":2,"win_rate":0.0,"timestamp":1611128175,"path_taken":["M","?","?","M","M","R","E","?","T","R","E","$","M","E","R","BOSS","M","M","M","?","?","R","?","?","T","E"],"items_purchased_type":["Relic","Card","Card","Card","Card"],"build_version":"2020-12-22","purchased_purges":1,"victory":false,"max_hp_per_floor":[66,66,66,66,66,66,66,66,66,66,66,66,66,66,66,66,66,66,66,66,66,66,66,66,66,73,73,73],"relic_stats":{"counters":[14,85],"Pantograph":25,"Bronze Scales":[201],"Blue Candle":[6],"Tiny Chest":1,"Art of War":[8],"Black Star":0,"Juzu Bracelet":0,"Orichalcum":[228],"obtain_stats":[{"Blue Candle":14,"Thread and Needle":0,"Juzu Bracelet":25,"Orichalcum":0,"PrismaticShard":12,"Calling Bell":0,"Anchor":9,"Pantograph":0,"Bronze Scales":7,"Strawberry":26,"Tiny Chest":11,"Art of War":3,"Black Star":17,"Red Mask":24,"Ring of the Snake":0},{"Blue Candle":7,"Thread and Needle":0,"Juzu Bracelet":13,"Orichalcum":0,"PrismaticShard":5,"Calling Bell":0,"Anchor":4,"Pantograph":0,"Bronze Scales":4,"Strawberry":13,"Tiny Chest":5,"Art of War":1,"Black Star":8,"Red Mask":13,"Ring of the Snake":0},{"Blue Candle":39,"Thread and Needle":0,"Juzu Bracelet":79,"Orichalcum":0,"PrismaticShard":29,"Calling Bell":0,"Anchor":23,"Pantograph":0,"Bronze Scales":23,"Strawberry":79,"Tiny Chest":29,"Art of War":4,"Black Star":50,"Red Mask":79,"Ring of the Snake":0}]},"card_choices":[{"not_picked":["Well Laid Plans","PiercingWail"],"picked":"Sucker Punch","floor":1.0},{"not_picked":["Slice","Distraction"],"picked":"Cloak And Dagger","floor":4.0},{"not_picked":["Dagger Throw","Caltrops"],"picked":"Masterful Stab","floor":5.0},{"not_picked":["Flechettes","Expertise"],"picked":"Prepared","floor":7.0},{"not_picked":["Deflect","After Image"],"picked":"Phantasmal Killer","floor":11.0},{"not_picked":["Riddle With Holes","Fusion"],"picked":"Bane","floor":13.0},{"not_picked":["Discovery","Worship"],"picked":"Adrenaline","floor":14.0},{"not_picked":["Impervious","Devotion"],"picked":"Creative AI","floor":16.0},{"not_picked":["Leap","Anger"],"picked":"Cold Snap","floor":18.0},{"not_picked":["BowlingBash","Halt+1"],"picked":"ThirdEye+1","floor":19},{"not_picked":["Heavy Blade","Underhanded Strike"],"picked":"Glass Knife","floor":20},{"not_picked":["Intimidate","FlurryOfBlows"],"picked":"ThirdEye+1","floor":22}],"player_experience":417325,"relics_obtained":[{"floor":0.0,"key":"Orichalcum"},{"floor":0.0,"key":"Pantograph"},{"floor":0.0,"key":"Thread and Needle"},{"floor":7.0,"key":"Bronze Scales"},{"floor":9.0,"key":"Anchor"},{"floor":11.0,"key":"Tiny Chest"},{"floor":14.0,"key":"Blue Candle"},{"floor":24,"key":"Red Mask"},{"floor":25,"key":"Juzu Bracelet"},{"floor":26,"key":"Strawberry"}],"event_choices":[{"damage_healed":0.0,"max_hp_gain":0.0,"max_hp_loss":0.0,"gold_gain":150.0,"event_name":"Liars Game","player_choice":"AGREE","floor":2.0,"gold_loss":0.0,"damage_taken":0.0,"cards_obtained":["Doubt"]},{"damage_healed":0.0,"max_hp_gain":0.0,"max_hp_loss":0.0,"gold_gain":0.0,"event_name":"Scrap Ooze","player_choice":"Success","floor":3.0,"gold_loss":0.0,"damage_taken":11.0,"relics_obtained":["Art of War"]},{"damage_healed":0.0,"max_hp_gain":0.0,"max_hp_loss":0.0,"gold_gain":57.0,"event_name":"Golden Wing","player_choice":"Gained Gold","floor":8.0,"gold_loss":0.0,"damage_taken":0.0},{"damage_healed":0,"gold_gain":90,"player_choice":"GOLD ","damage_taken":12,"max_hp_gain":0,"max_hp_loss":0,"event_name":"Knowing Skull","floor":21,"potions_obtained":[],"gold_loss":0,"cards_obtained":[]},{"damage_healed":0,"gold_gain":0,"player_choice":"Fought Bandits","damage_taken":0,"max_hp_gain":0,"max_hp_loss":0,"event_name":"Masked Bandits","floor":24,"gold_loss":0}],"is_beta":false,"boss_relics":[{"not_picked":["Tiny House","Ectoplasm"],"picked":"Black Star"}],"items_purged_floors":[12],"is_endless":false,"potions_floor_spawned":[1,7,11,13,14,20,22],"killed_by":"Book of Stabbing","ascension_level":18}}