{"host":"bl5a1u4dlpugkw55","time":1611149089,"event":{"mods":["BaseMod","Downfall","Highlight Path","Minty Spire (QoL Compilation)","Permanent Neow","StSLib"],"gold_per_floor":[99,133,193,193,368,268,294,339,374,436,467,481,381,506,544,640,640,640,680,274,90,100,110,110,110,160,160,202,202,214,249,266,388,388,388,407,443,584,634,671,671,758,791,808,839,739,799,837,847,847,847,847],"floor_reached":50,"language":"ENG","playtime":5006,"items_purged":["Doubt"],"score":665,"play_id":"47d4ed5f-6391-447f-9031-03c21be6e399","local_time":"20210121002449","is_ascension_mode":false,"campfire_choices":[{"floor":1,"key":"RECALL"},{"data":"HandOfGreed","floor":6,"key":"SMITH"},{"floor":13,"key":"REST"},{"data":"bronze:AlphaBuild","floor":18,"key":"SMITH"},{"data":"expansioncontent:DashGenerateEvil","floor":25,"key":"SMITH"},{"data":"bronze:BronzeOrb","floor":27,"key":"SMITH"},{"data":"bronze:HardenedForm","floor":29,"key":"SMITH"},{"data":"bronze:Mutator","floor":35,"key":"SMITH"},{"floor":46,"key":"REST"}],"circlet_count":0,"master_deck":["bronze:Strike","bronze:Strike","bronze:Defend","bronze:Defend","bronze:Defend","bronze:Defend","bronze:Replicate","bronze:Goto","HandOfGreed+1","bronze:CutThrough","bronze:FollowUp","bronze:Separator","bronze:Branch","bronze:ForceShield","bronze:Iterate","bronze:CleanCode","bronze:Repair","bronze:BronzeOrb+1","bronze:Invalidate","bronze:AlphaBuild+1","bronze:ChosenStrike","bronze:DigitalCarnage+1","bronze:CloningBeam","expansioncontent:DashGenerateEvil+1","bronze:Branch","expansioncontent:PrepareCrush","bronze:Optimize","bronze:Overheat+1","bronze:NullPointer+1","bronze:Boost","bronze:AlphaBuild","bronze:HardenedForm+1","bronze:ChildClass+1","bronze:Optimize+1","bronze:FineTuning+1","bronze:Frontload+1","bronze:ChildClass+1","bronze:Mutator","bronze:Repair","bronze:Optimize","Guardian:ExploitGems","bronze:Safeguard+1","bronze:DarkDash+1","bronze:Return","bronze:DigitalCarnage+1","bronze:Return+1","bronze:Repulsor","bronze:Allocate","bronze:Shell+1"],"relics":["bronze:PlatinumCore","downfall:HeartBlessingRed","Regal Pillow","PreservedInsect","Ice Cream","downfall:HeartBlessingGreen","downfall:CloakOfManyFaces","CultistMask","FaceOfCleric","NlothsMask","GremlinMask","SsserpentHead","Happy Flower","Bottled Tornado","Sozu","Bag of Preparation","Letter Opener","Incense Burner","downfall:HeartBlessingBlue"],"acts_visited":["Exordium","TheCity","TheBeyond"],"potions_floor_usage":[10,11,16,16,20,30,32,33,36,43],"damage_taken":[{"damage":1,"enemies":"Cultist","floor":2,"turns":4},{"damage":0,"enemies":"2 Louse","floor":3,"turns":4},{"damage":1,"enemies":"Small Slimes","floor":8,"turns":3},{"damage":32,"enemies":"Gremlin Nob","floor":9,"turns":4},{"damage":0,"enemies":"2 Fungi Beasts","floor":10,"turns":3},{"damage":14,"enemies":"Lagavulin","floor":11,"turns":5},{"damage":2,"enemies":"Blue Slaver","floor":12,"turns":3},{"damage":2,"enemies":"downfall:FaceTrader","floor":14,"turns":8},{"damage":0,"enemies":"Exordium Wildlife","floor":15,"turns":3},{"damage":58,"enemies":"SI_SHIV_ARCHETYPE","floor":16,"turns":10},{"damage":25,"enemies":"Spheric Guardian","floor":19,"turns":4},{"damage":0,"enemies":"downfall:FleeingMerchant","floor":20,"turns":4},{"damage":3,"enemies":"downfall:FleeingMerchant","floor":21,"turns":4},{"damage":6,"enemies":"Snake Plant","floor":22,"turns":3},{"damage":0,"enemies":"Cultist and Chosen","floor":23,"turns":4},{"damage":19,"enemies":"Centurion and Healer","floor":28,"turns":5},{"damage":0,"enemies":"Snecko","floor":30,"turns":3},{"damage":11,"enemies":"Book of Stabbing","floor":31,"turns":4},{"damage":0,"enemies":"Sentry and Sphere","floor":32,"turns":4},{"damage":7,"enemies":"WA_ARCHETYPE_CALM","floor":33,"turns":5},{"damage":7,"enemies":"3 Darklings","floor":36,"turns":5},{"damage":3,"enemies":"3 Shapes","floor":37,"turns":5},{"damage":0,"enemies":"downfall:FleeingMerchant","floor":38,"turns":4},{"damage":1,"enemies":"Jaw Worm Horde","floor":40,"turns":4},{"damage":7,"enemies":"Spire Growth","floor":42,"turns":4},{"damage":47,"enemies":"Giant Head","floor":43,"turns":9},{"damage":7,"enemies":"Sphere and 2 Shapes","floor":44,"turns":4},{"damage":0,"enemies":"Reptomancer","floor":45,"turns":3},{"damage":15,"enemies":"Jaw Worm Horde","floor":47,"turns":3},{"damage":7,"enemies":"Maw","floor":48,"turns":7},{"damage":23,"enemies":"Spire Growth","floor":49,"turns":5},{"damage":85,"enemies":"DF_ARCHETYPE_ORBS","floor":50,"turns":6}],"seed_played":"7698726109784620475","potions_obtained":[{"floor":3,"key":"Swift Potion"},{"floor":9,"key":"CultistPotion"},{"floor":12,"key":"Slimebound:ThreeZeroPotion"},{"floor":15,"key":"Swift Potion"},{"floor":16,"key":"DuplicationPotion"},{"floor":19,"key":"PowerPotion"},{"floor":28,"key":"Fire Potion"},{"floor":31,"key":"bronze:CleanCodePotion"},{"floor":32,"key":"Energy Potion"},{"floor":33,"key":"Weak Potion"}],"is_trial":false,"path_per_floor":["R","M","M","?","?","R","T","M","E","M","E","M","R","?","M","B",null,"R","M","$","$","M","M","T","R","?","R","M","R","M","E","M","B",null,"R","M","M","$","?","M","T","M","E","M","E","R","M","M","M","B"],"character_chosen":"THE_AUTOMATON","items_purchased":["bronze:CloningBeam","expansioncontent:DashGenerateEvil","Happy Flower","expansioncontent:PrepareCrush","bronze:Optimize","bronze:Repair","Bag of Preparation","bronze:Optimize"],"campfire_rested":2,"item_purchase_floors":[20,20,20,21,21,38,38,38],"current_hp_per_floor":[70,69,69,69,69,69,69,68,36,36,22,20,56,61,69,19,72,72,48,56,61,63,64,64,64,56,56,48,48,49,39,40,34,82,82,76,81,82,82,85,85,80,41,55,66,100,93,95,73,0,0,0],"gold":847,"neow_bonus":"RANDOM_COLORLESS_2","is_daily":false,"chose_seed":false,"campfire_upgraded":6,"win_rate":0.0,"timestamp":1611149089,"path_taken":["R","M","M","?","?","R","T","M","E","M","E","M","R","?","M","BOSS","R","M","?","$","M","M","T","R","?","R","M","R","M","E","M","BOSS","R","M","M","?","?","M","T","?","E","M","E","R","?","M","M","BOSS"],"items_purchased_type":["Card","Card","Relic","Card","Card","Card","Relic","Card"],"build_version":"2020-12-22","purchased_purges":1,"victory":false,"max_hp_per_floor":[70,70,70,70,70,70,70,70,70,70,70,70,70,70,71,72,72,72,73,74,75,76,77,77,77,77,77,78,78,79,80,81,82,82,82,83,84,85,85,86,86,87,88,89,90,100,101,102,103,103,103,103],"card_choices":[{"not_picked":["Panache","Secret Weapon"],"picked":"HandOfGreed","floor":0},{"not_picked":["bronze:Deprecate","bronze:DelayedSlice"],"picked":"bronze:CutThrough","floor":2},{"not_picked":["bronze:OilSpill","bronze:BitShift"],"picked":"bronze:FollowUp","floor":3},{"not_picked":["bronze:WhirlingStrike","bronze:Turbo"],"picked":"bronze:Branch","floor":8},{"not_picked":["bronze:OilSpill","bronze:Turbo"],"picked":"bronze:ForceShield","floor":9},{"not_picked":["bronze:Invalidate","bronze:OilSpill"],"picked":"bronze:Iterate","floor":10},{"not_picked":["bronze:BronzeOrb","bronze:Optimize"],"picked":"bronze:CleanCode","floor":11},{"not_picked":["bronze:ClassDefault","bronze:DelayedSlice"],"picked":"bronze:Repair","floor":12},{"not_picked":["bronze:DelayedSlice","bronze:BitShift"],"picked":"bronze:BronzeOrb","floor":14},{"not_picked":["bronze:Deprecate","bronze:Allocate"],"picked":"bronze:Invalidate","floor":15},{"not_picked":["bronze:Break","bronze:FindAndReplace"],"picked":"bronze:AlphaBuild","floor":16},{"not_picked":["bronze:Repulsor","bronze:DelayedGuard+1"],"picked":"bronze:ChosenStrike","floor":19},{"not_picked":["bronze:Invalidate","bronze:Deprecate+1"],"picked":"bronze:DigitalCarnage+1","floor":20},{"not_picked":["bronze:Allocate","bronze:DelayedSlice"],"picked":"bronze:Branch","floor":21},{"not_picked":["bronze:BronzeArmor","bronze:Safeguard"],"picked":"bronze:Overheat+1","floor":22},{"not_picked":["bronze:Overheat","bronze:Turbo+1"],"picked":"bronze:NullPointer+1","floor":23},{"not_picked":["bronze:CloningBeam","bronze:OilSpill+1"],"picked":"bronze:HardenedForm","floor":28},{"not_picked":["bronze:Turbo","bronze:NullPointer"],"picked":"bronze:ChildClass+1","floor":30},{"not_picked":["bronze:BuggyMess","bronze:DelayedGuard"],"picked":"bronze:Optimize+1","floor":31},{"not_picked":["bronze:Deprecate","bronze:ItsAFeature+1"],"picked":"bronze:FineTuning+1","floor":32},{"not_picked":["bronze:CleanCode","bronze:Format"],"picked":"bronze:Mutator","floor":33},{"not_picked":["bronze:Branch","bronze:BitShift+1"],"picked":"bronze:Frontload+1","floor":36},{"not_picked":["bronze:FineTuning","bronze:Iterate"],"picked":"bronze:ChildClass+1","floor":37},{"not_picked":["bronze:BitShift","bronze:Shield"],"picked":"bronze:Mutator","floor":38},{"not_picked":["bronze:WhirlingStrike+1","bronze:Frontload+1"],"picked":"bronze:Safeguard+1","floor":40},{"not_picked":["bronze:Invalidate","bronze:Frontload+1"],"picked":"bronze:DarkDash+1","floor":42},{"not_picked":["bronze:ChildClass","bronze:OilSpill"],"picked":"bronze:Return","floor":43},{"not_picked":["bronze:Turbo","bronze:DarkDash"],"picked":"bronze:DigitalCarnage+1","floor":44},{"not_picked":["bronze:DigitalCarnage","bronze:Shield"],"picked":"bronze:Return+1","floor":45},{"not_picked":["bronze:Philosophize","bronze:BuggyMess+1"],"picked":"bronze:Repulsor","floor":47},{"not_picked":["bronze:CutThrough","bronze:Frontload"],"picked":"bronze:Allocate","floor":48},{"not_picked":["bronze:BitShift+1","bronze:GetLatest"],"picked":"bronze:Shell+1","floor":49}],"player_experience":1351383,"relics_obtained":[{"floor":7,"key":"Regal Pillow"},{"floor":9,"key":"PreservedInsect"},{"floor":11,"key":"Ice Cream"},{"floor":14,"key":"downfall:CloakOfManyFaces"},{"floor":31,"key":"Bottled Tornado"},{"floor":43,"key":"Letter Opener"},{"floor":45,"key":"Incense Burner"}],"event_choices":[{"cards_removed":["bronze:Mutator"],"damage_healed":0,"gold_gain":0,"player_choice":"Took Card","damage_taken":0,"max_hp_gain":0,"max_hp_loss":0,"event_name":"NoteForYourself","floor":39,"gold_loss":0,"cards_obtained":["Guardian:ExploitGems"]}],"is_beta":false,"boss_relics":[{"not_picked":["Runic Dome","Snecko Eye"],"picked":"bronze:PlatinumCore"},{"not_picked":["Cursed Key","Calling Bell"],"picked":"Sozu"}],"items_purged_floors":[20],"is_endless":false,"potions_floor_spawned":[3,9,12,15,16,19,28,31,32,33,36,37,42,45,47],"killed_by":"DF_ARCHETYPE_ORBS","ascension_level":0}}