{"host":"skr63qsdfgeey3it","time":1611125173,"event":{"mods":["BaseMod","Colored Map","Hubris","Minty Spire (QoL Compilation)","Replay The Spire","Spicy Shops","StSLib"],"gold_per_floor":[113,130,144,156,156,156,10,10,10,67,81,81,4,4,4],"floor_reached":14,"language":"ENG","playtime":363,"items_purged":[],"score":132,"play_id":"1b0acb92-8f64-47f0-b140-2356aad0fb86","local_time":"20210120004613","is_ascension_mode":true,"campfire_choices":[{"data":"Juggernaut","floor":6,"key":"SMITH"}],"circlet_count":0,"master_deck":["AscendersBane","Strike_R","Strike_R","Strike_R","Defend_R","Defend_R","Defend_R","Defend_R","Bash","AbeCurse","Pommel Strike","ReplayTheSpireMod:Strike From Hell","Juggernaut+1","Body Slam","Entrench","Ghostly Armor","Armaments","Pommel Strike","Flame Barrier"],"relics":["Abe\u0027s Treasure","Art of War","hubris:SphereOfDissonance","Bag of Marbles"],"acts_visited":["Exordium"],"potions_floor_usage":[],"damage_taken":[{"damage":6,"enemies":"Cultist","floor":1,"turns":3},{"damage":7,"enemies":"Small Slimes","floor":2,"turns":2},{"damage":3,"enemies":"2 Louse","floor":3,"turns":2},{"damage":16,"enemies":"Blue Slaver","floor":4,"turns":4},{"damage":24,"enemies":"Gremlin Nob","floor":10,"turns":4},{"damage":0,"enemies":"Large Slime","floor":11,"turns":4},{"damage":0,"enemies":"Lagavulin","floor":14,"turns":3}],"seed_played":"3664476514291722040","potions_obtained":[{"floor":4,"key":"FearPotion"},{"floor":10,"key":"Reflective Coating"}],"is_trial":false,"path_per_floor":["M","M","M","M","?","R","$","?","T","?","M","?","$","E"],"character_chosen":"IRONCLAD","items_purchased":["Art of War","Entrench","Flame Barrier"],"campfire_rested":0,"item_purchase_floors":[7,7,13],"current_hp_per_floor":[66,59,56,40,40,40,40,40,40,16,16,16,16,16,16],"gold":4,"neow_bonus":"BOSS_RELIC","is_daily":false,"chose_seed":false,"campfire_upgraded":1,"win_rate":0.0,"timestamp":1611125173,"path_taken":["M","?","M","M","?","R","?","?","T","?","M","?","$","E"],"items_purchased_type":["Relic","Card","Card"],"build_version":"2020-12-22","purchased_purges":0,"victory":false,"max_hp_per_floor":[80,80,80,80,80,80,80,80,80,80,80,80,80,80,80],"card_choices":[{"not_picked":["hubris:ReadiedAction","Anger"],"picked":"Pommel Strike","floor":1},{"not_picked":["Warcry","Sever Soul"],"picked":"ReplayTheSpireMod:Strike From Hell","floor":2},{"not_picked":["Inflame","Shockwave"],"picked":"Juggernaut","floor":3},{"not_picked":["Dropkick","Carnage"],"picked":"Body Slam","floor":4},{"not_picked":["ReplayTheSpireMod:Muscle Training","Infernal Blade"],"picked":"Armaments","floor":10},{"not_picked":["Clothesline","Armaments","Anger"],"picked":"SKIP","floor":11}],"player_experience":767821,"relics_obtained":[{"floor":9,"key":"hubris:SphereOfDissonance"}],"event_choices":[{"cards_removed":["Strike_R"],"damage_healed":0,"gold_gain":0,"player_choice":"Offered Basic","damage_taken":0,"max_hp_gain":0,"max_hp_loss":0,"event_name":"Bonfire Elementals","floor":5,"gold_loss":0},{"damage_healed":0,"gold_gain":0,"player_choice":"Searched \u00273\u0027 times","damage_taken":0,"relics_obtained":["Bag of Marbles"],"max_hp_gain":0,"max_hp_loss":0,"event_name":"Dead Adventurer","floor":10,"gold_loss":0},{"damage_healed":0,"gold_gain":0,"cards_transformed":["Strike_R"],"player_choice":"Transformed","damage_taken":0,"max_hp_gain":0,"max_hp_loss":0,"event_name":"Transmorgrifier","floor":12,"gold_loss":0,"cards_obtained":["Pommel Strike"]}],"is_beta":false,"boss_relics":[],"items_purged_floors":[],"is_endless":false,"potions_floor_spawned":[4,10,11],"killed_by":"Lagavulin","ascension_level":13}}