{"host":"kgfs5ebhusfk1t4t","time":1611171555,"event":{"mods":["BaseMod","Colored Map","DeckTracker","Highlight Path","KOR Keyword Fix","Keyboard Shortcuts","Minty Spire (QoL Compilation)","Permanent Neow","Quick Restart","StSLib","SuperFastMode","everything is the same but u backflip on backflip"],"gold_per_floor":[10,20,33,51,61,61,77,77,77,91,91,266,266,281,281,281,281],"floor_reached":16,"language":"KOR","playtime":509,"items_purged":[],"score":96,"play_id":"8cf9913c-380b-48d7-9fc5-2c8e80ff871a","local_time":"20210121043915","is_ascension_mode":false,"campfire_choices":[{"data":"Searing Blow","floor":6.0,"key":"SMITH"},{"data":"Searing Blow+1","floor":11.0,"key":"SMITH"},{"data":"Searing Blow+2","floor":15.0,"key":"SMITH"}],"circlet_count":0,"master_deck":["Strike_R","Strike_R","Strike_R","Defend_R","Defend_R","Defend_R","Defend_R","Bash","Battle Trance","Dropkick","Searing Blow+3","Burning Pact","Dual Wield","Injury"],"relics":["Burning Blood","Golden Idol","Bag of Preparation"],"acts_visited":["Exordium"],"potions_floor_usage":[16],"damage_taken":[{"damage":4.0,"enemies":"Small Slimes","floor":1.0,"turns":4.0},{"damage":6.0,"enemies":"Cultist","floor":2.0,"turns":3.0},{"damage":4.0,"enemies":"2 Louse","floor":3.0,"turns":3.0},{"damage":13.0,"enemies":"2 Fungi Beasts","floor":4.0,"turns":3.0},{"damage":7.0,"enemies":"Blue Slaver","floor":5.0,"turns":4.0},{"damage":1.0,"enemies":"Exordium Wildlife","floor":7.0,"turns":3.0},{"damage":18.0,"enemies":"Exordium Thugs","floor":10.0,"turns":5.0},{"damage":12.0,"enemies":"2 Fungi Beasts","floor":14.0,"turns":3.0},{"damage":56,"enemies":"The Guardian","floor":16,"turns":10}],"seed_played":"-2476472445422031244","potions_obtained":[{"floor":2.0,"key":"FearPotion"},{"floor":4.0,"key":"SkillPotion"},{"floor":7.0,"key":"LiquidBronze"},{"floor":14.0,"key":"ElixirPotion"}],"is_trial":false,"path_per_floor":["M","M","M","M","M","R","M","?","T","M","R","?","?","M","R","B"],"character_chosen":"IRONCLAD","items_purchased":[],"campfire_rested":0,"item_purchase_floors":[],"current_hp_per_floor":[80,80,80,73,72,72,77,77,77,65,65,65,65,59,59,3,3],"gold":281,"neow_bonus":"REMOVE_TWO","is_daily":false,"chose_seed":false,"campfire_upgraded":3,"win_rate":0.0,"timestamp":1611171555,"path_taken":["M","M","M","M","M","R","M","?","T","M","R","?","?","M","R","BOSS"],"items_purchased_type":[],"build_version":"2020-12-22","purchased_purges":0,"victory":false,"max_hp_per_floor":[80,80,80,80,80,80,80,80,80,80,80,80,80,80,80,80,80],"card_choices":[{"not_picked":["Clash","Shockwave"],"picked":"Battle Trance","floor":1.0},{"not_picked":["Headbutt","Power Through"],"picked":"Dropkick","floor":2.0},{"not_picked":["Thunderclap","Battle Trance"],"picked":"Searing Blow","floor":3.0},{"not_picked":["True Grit","Thunderclap"],"picked":"Burning Pact","floor":4.0},{"not_picked":["Perfected Strike","Wild Strike","Havoc"],"picked":"SKIP","floor":5.0},{"not_picked":["Perfected Strike","Spot Weakness"],"picked":"Dual Wield","floor":7.0},{"not_picked":["Blood for Blood","Clash","Twin Strike"],"picked":"SKIP","floor":10.0},{"not_picked":["Dropkick","Iron Wave","True Grit"],"picked":"SKIP","floor":14.0}],"player_experience":152635,"relics_obtained":[{"floor":9.0,"key":"Bag of Preparation"}],"event_choices":[{"damage_healed":0.0,"max_hp_gain":0.0,"max_hp_loss":0.0,"gold_gain":0.0,"event_name":"Golden Idol","player_choice":"Take Wound","floor":8.0,"gold_loss":0.0,"damage_taken":0.0,"relics_obtained":["Golden Idol"],"cards_obtained":["Injury"]},{"damage_healed":0.0,"max_hp_gain":0.0,"max_hp_loss":0.0,"gold_gain":175.0,"event_name":"Liars Game","player_choice":"AGREE","floor":12.0,"gold_loss":0.0,"damage_taken":0.0,"cards_obtained":["Doubt"]},{"cards_removed":["Doubt"],"damage_healed":0.0,"max_hp_gain":0.0,"max_hp_loss":0.0,"gold_gain":0.0,"event_name":"Living Wall","player_choice":"Forget","floor":13.0,"gold_loss":0.0,"damage_taken":0.0}],"is_beta":false,"boss_relics":[],"items_purged_floors":[],"is_endless":false,"potions_floor_spawned":[2,4,7,14],"killed_by":"The Guardian","ascension_level":0}}