{"host":"l2onoeb0kdqo1a9y","time":1611140462,"event":{"mods":["AchievementEnabler","BaseMod","Colored Powertips","Highlight Path","Minty Spire (QoL Compilation)","Quick Restart"],"gold_per_floor":[114,63,78,153,168,168,168,67,92,122,152,152,152,182,182,282,282,267,282,282,32,47,77,89,131,193,205,217,229,256,283,295,307,307],"floor_reached":33,"language":"ZHS","playtime":1391,"items_purged":[],"score":351,"play_id":"75bc11fb-c908-41c1-ad79-7366cf0f39d6","local_time":"20210120190102","daily_mods":["Allstar","Flight","Night Terrors"],"is_ascension_mode":false,"campfire_choices":[{"data":"Mayhem","floor":6.0,"key":"SMITH"},{"data":"Venomology","floor":12.0,"key":"SMITH"},{"data":"Bouncing Flask","floor":13.0,"key":"SMITH"},{"floor":15.0,"key":"REST"},{"data":"Dark Shackles","floor":24,"key":"SMITH"},{"data":"Catalyst","floor":27,"key":"SMITH"},{"data":"Catalyst","floor":29,"key":"SMITH"},{"data":"Envenom","floor":32,"key":"SMITH"}],"circlet_count":0,"master_deck":["Defend_G","Defend_G","Defend_G","Defend_G","Defend_G","Survivor","Neutralize","Impatience","Dark Shackles+1","Panacea","Mayhem+1","PanicButton","Deadly Poison","Acrobatics","Catalyst+1","Poisoned Stab","Bouncing Flask+1","Underhanded Strike","Reflex","Venomology+1","Deadly Poison","Bite","Bite","Bite","Bite","Bite","Backflip+1","Catalyst+1","Footwork+1","Bouncing Flask+1","Envenom+1"],"relics":["Ring of the Snake","PreservedInsect","Orichalcum","HornCleat","Philosopher\u0027s Stone","Eternal Feather","MawBank","Letter Opener","Smiling Mask"],"acts_visited":["TheCity"],"potions_floor_usage":[22,23,25,25,31,31,33,33,33,33,33],"damage_taken":[{"damage":11.0,"enemies":"2 Louse","floor":1.0,"turns":4.0},{"damage":0.0,"enemies":"Small Slimes","floor":3.0,"turns":3.0},{"damage":1.0,"enemies":"Jaw Worm","floor":5.0,"turns":4.0},{"damage":10.0,"enemies":"Gremlin Nob","floor":10.0,"turns":4.0},{"damage":5.0,"enemies":"Lagavulin","floor":11.0,"turns":5.0},{"damage":7.0,"enemies":"3 Sentries","floor":14.0,"turns":6.0},{"damage":22.0,"enemies":"Slime Boss","floor":16.0,"turns":11.0},{"damage":16,"enemies":"2 Thieves","floor":18,"turns":4},{"damage":0,"enemies":"Spheric Guardian","floor":19,"turns":2},{"damage":25,"enemies":"3 Cultists","floor":22,"turns":6},{"damage":0,"enemies":"Gremlin Leader","floor":23,"turns":5},{"damage":7,"enemies":"Book of Stabbing","floor":25,"turns":4},{"damage":3,"enemies":"Cultist and Chosen","floor":30,"turns":5},{"damage":0,"enemies":"Centurion and Healer","floor":31,"turns":5},{"damage":76,"enemies":"Collector","floor":33,"turns":5}],"seed_played":"2700428786693623746","potions_obtained":[{"floor":3.0,"key":"Strength Potion"},{"floor":11.0,"key":"Strength Potion"},{"floor":14.0,"key":"DistilledChaos"},{"floor":23,"key":"BlessingOfTheForge"},{"floor":25,"key":"Swift Potion"},{"floor":30,"key":"SkillPotion"},{"floor":31,"key":"Dexterity Potion"}],"is_trial":false,"path_per_floor":["M","$","M","?","M","R","?","$","T","E","E","R","R","E","R","B",null,"M","M","?","$","M","E","R","E","T","R","?","R","M","M","R","B"],"character_chosen":"THE_SILENT","items_purchased":["Acrobatics","Bouncing Flask","Underhanded Strike","Eternal Feather"],"campfire_rested":1,"item_purchase_floors":[2,8,8,21],"current_hp_per_floor":[59,59,59,48,47,47,70,70,70,60,55,55,55,48,65,43,65,49,51,51,51,46,64,65,63,63,65,65,65,65,65,65,0,0],"gold":307,"neow_bonus":"","is_daily":true,"chose_seed":false,"campfire_upgraded":7,"win_rate":0.0,"timestamp":1611140462,"path_taken":["M","$","M","?","M","R","?","?","T","E","E","R","R","E","R","BOSS","M","M","?","$","M","E","R","E","T","R","?","R","M","?","R","BOSS"],"items_purchased_type":["Card","Card","Card","Relic"],"build_version":"2020-12-22","purchased_purges":0,"victory":false,"max_hp_per_floor":[70,70,70,70,70,70,70,70,70,70,70,70,70,70,65,65,65,65,65,65,65,65,65,65,65,65,65,65,65,65,65,65,65,65],"card_choices":[{"not_picked":["Noxious Fumes","Blade Dance"],"picked":"Deadly Poison","floor":1.0},{"not_picked":["Acrobatics","Deflect"],"picked":"Catalyst","floor":3.0},{"not_picked":["Dodge and Roll","Outmaneuver"],"picked":"Poisoned Stab","floor":5.0},{"not_picked":["Prepared","Leg Sweep"],"picked":"Reflex","floor":10.0},{"not_picked":["Leg Sweep","Deadly Poison"],"picked":"Venomology","floor":11.0},{"not_picked":["Poisoned Stab","Outmaneuver"],"picked":"Deadly Poison","floor":14.0},{"not_picked":["Dagger Spray","Slice+1","Riddle With Holes"],"picked":"SKIP","floor":18},{"not_picked":["Flying Knee","Dagger Throw","Infinite Blades"],"picked":"SKIP","floor":19},{"not_picked":["Flying Knee","Dagger Throw","Infinite Blades"],"picked":"SKIP","floor":19},{"not_picked":["Bane","Prepared"],"picked":"Backflip+1","floor":22},{"not_picked":["Concentrate","Underhanded Strike"],"picked":"Catalyst","floor":23},{"not_picked":["Masterful Stab+1","Blade Dance"],"picked":"Footwork+1","floor":25},{"not_picked":["Eviscerate+1","Envenom","Blade Dance"],"picked":"SKIP","floor":30},{"not_picked":["Eviscerate+1","Blade Dance"],"picked":"Envenom","floor":30},{"not_picked":["Crippling Poison","Reflex","Bane"],"picked":"SKIP","floor":31}],"player_experience":118991,"relics_obtained":[{"floor":9.0,"key":"PreservedInsect"},{"floor":10.0,"key":"Orichalcum"},{"floor":11.0,"key":"HornCleat"},{"floor":14.0,"key":"Blood Vial"},{"floor":23,"key":"MawBank"},{"floor":25,"key":"Letter Opener"},{"floor":26,"key":"Smiling Mask"}],"event_choices":[{"damage_healed":0.0,"max_hp_gain":0.0,"max_hp_loss":0.0,"gold_gain":75.0,"event_name":"World of Goop","player_choice":"Gather Gold","floor":4.0,"gold_loss":0.0,"damage_taken":11.0},{"damage_healed":23.0,"max_hp_gain":0.0,"max_hp_loss":0.0,"gold_gain":0.0,"event_name":"Big Fish","player_choice":"Banana","floor":7.0,"gold_loss":0.0,"damage_taken":0.0},{"damage_healed":0,"gold_gain":0,"player_choice":"Became a vampire (Vial)","damage_taken":0,"max_hp_gain":0,"max_hp_loss":0,"event_name":"Vampires","floor":20,"relics_lost":["Blood Vial"],"gold_loss":0,"cards_obtained":["Bite","Bite","Bite","Bite","Bite"]},{"damage_healed":0,"gold_gain":0,"player_choice":"Copied","damage_taken":0,"max_hp_gain":0,"max_hp_loss":0,"event_name":"Duplicator","floor":28,"gold_loss":0,"cards_obtained":["Bouncing Flask"]}],"is_beta":false,"boss_relics":[{"not_picked":["Runic Dome","Fusion Hammer"],"picked":"Philosopher\u0027s Stone"}],"items_purged_floors":[],"is_endless":false,"potions_floor_spawned":[3,11,14,23,25,30,31],"killed_by":"Collector","ascension_level":0}}