{"host":"da4a6z8aof69aasy","time":1611183970,"event":{"mods":["AchievementEnabler","BaseMod","Block Reminder","Colored Powertips","DeckTracker","Highlight Path","Minty Spire (QoL Compilation)","Permanent Neow","Relic Stats","StSLib"],"gold_per_floor":[12,25,25,42,42,42,76,64,118,161,174,199,217,260,260,355,355,369,387,387,387,411,411,411,411],"floor_reached":24,"language":"ENG","playtime":2735,"items_purged":[],"score":385,"play_id":"2fa2c8ff-dbc0-4993-b98e-f4a7d04f5a38","local_time":"20210121010610","is_ascension_mode":true,"campfire_choices":[{"data":"Twin Strike","floor":6.0,"key":"SMITH"},{"data":"Combust","floor":15.0,"key":"SMITH"},{"data":"Immolate","floor":23,"key":"SMITH"}],"circlet_count":0,"master_deck":["AscendersBane","Strike_R","Strike_R","Strike_R","Strike_R","Defend_R","Defend_R","Defend_R","Bash+1","Rampage","Body Slam","Twin Strike+1","Disarm","Carnage","Combust+1","Spot Weakness","Immolate+1","Offering","Shrug It Off","True Grit"],"relics":["Burning Blood","Golden Idol","Meat on the Bone","Regal Pillow","Strawberry","Anchor","Philosopher\u0027s Stone"],"acts_visited":["TheCity"],"potions_floor_usage":[],"damage_taken":[{"damage":0.0,"enemies":"Small Slimes","floor":1.0,"turns":3.0},{"damage":2.0,"enemies":"2 Louse","floor":2.0,"turns":3.0},{"damage":2.0,"enemies":"Jaw Worm","floor":4.0,"turns":3.0},{"damage":13.0,"enemies":"3 Sentries","floor":7.0,"turns":3.0},{"damage":19.0,"enemies":"Exordium Thugs","floor":8.0,"turns":4.0},{"damage":23.0,"enemies":"Gremlin Nob","floor":10.0,"turns":4.0},{"damage":3.0,"enemies":"Exordium Wildlife","floor":11.0,"turns":3.0},{"damage":6.0,"enemies":"3 Louse","floor":12.0,"turns":4.0},{"damage":15.0,"enemies":"2 Fungi Beasts","floor":13.0,"turns":3.0},{"damage":28.0,"enemies":"3 Sentries","floor":14.0,"turns":6.0},{"damage":44.0,"enemies":"The Guardian","floor":16.0,"turns":11.0},{"damage":8.0,"enemies":"Chosen","floor":18.0,"turns":3.0},{"damage":16.0,"enemies":"2 Thieves","floor":19.0,"turns":3.0},{"damage":29,"enemies":"Snecko","floor":22,"turns":4},{"damage":40,"enemies":"Slavers","floor":24,"turns":3}],"seed_played":"-2946563157919865341","potions_obtained":[{"floor":1.0,"key":"LiquidMemories"},{"floor":2.0,"key":"ColorlessPotion"},{"floor":10.0,"key":"AttackPotion"},{"floor":13.0,"key":"Swift Potion"},{"floor":14.0,"key":"BloodPotion"},{"floor":18.0,"key":"SmokeBomb"},{"floor":19.0,"key":"Dexterity Potion"}],"is_trial":false,"path_per_floor":["M","M","?","M","?","R","E","M","T","E","M","M","M","E","R","B",null,"M","M","?","?","M","R","E"],"character_chosen":"IRONCLAD","items_purchased":[],"campfire_rested":0,"item_purchase_floors":[],"current_hp_per_floor":[74,75,75,75,49,49,42,41,41,43,58,58,49,39,39,29,69,67,57,57,51,40,40,0,0],"gold":411,"neow_bonus":"TRANSFORM_TWO_CARDS","is_daily":false,"chose_seed":false,"campfire_upgraded":3,"win_rate":0.0,"timestamp":1611183970,"path_taken":["M","M","?","M","?","R","E","M","T","E","M","M","M","E","R","BOSS","M","M","?","?","M","R","E"],"items_purchased_type":[],"build_version":"2020-12-22","purchased_purges":0,"victory":false,"max_hp_per_floor":[75,75,75,75,75,75,75,75,75,82,82,82,82,82,82,82,82,82,82,82,82,82,82,82,82],"relic_stats":{"Regal Pillow":0,"counters":[15,60],"Golden Idol":72,"obtain_stats":[{"Regal Pillow":9,"Anchor":14,"Golden Idol":5,"Strawberry":10,"Philosopher\u0027s Stone":17,"Burning Blood":0,"Meat on the Bone":7},{"Regal Pillow":5,"Anchor":10,"Golden Idol":3,"Strawberry":6,"Philosopher\u0027s Stone":11,"Burning Blood":0,"Meat on the Bone":4},{"Regal Pillow":16,"Anchor":36,"Golden Idol":9,"Strawberry":20,"Philosopher\u0027s Stone":47,"Burning Blood":0,"Meat on the Bone":12}],"Burning Blood":77,"Meat on the Bone":72},"card_choices":[{"not_picked":["Clash","Pummel","Heavy Blade"],"picked":"SKIP","floor":1.0},{"not_picked":["True Grit","Ghostly Armor"],"picked":"Twin Strike","floor":2.0},{"not_picked":["Twin Strike","Warcry"],"picked":"Disarm","floor":4.0},{"not_picked":["Disarm","Twin Strike"],"picked":"Carnage","floor":7.0},{"not_picked":["Sword Boomerang","Dark Embrace","Rage"],"picked":"SKIP","floor":8.0},{"not_picked":["Searing Blow","Shrug It Off"],"picked":"Combust","floor":10.0},{"not_picked":["Pommel Strike","Dual Wield","Anger"],"picked":"SKIP","floor":11.0},{"not_picked":["Pommel Strike","Anger"],"picked":"Spot Weakness","floor":12.0},{"not_picked":["Thunderclap","Rage","Warcry"],"picked":"SKIP","floor":13.0},{"not_picked":["Flex","Spot Weakness"],"picked":"Immolate","floor":14.0},{"not_picked":["Impervious","Exhume"],"picked":"Offering","floor":16.0},{"not_picked":["Thunderclap+1","Perfected Strike","Ghostly Armor"],"picked":"SKIP","floor":18.0},{"not_picked":["Body Slam","Havoc","Fire Breathing"],"picked":"SKIP","floor":19.0},{"not_picked":["Dark Embrace","Body Slam"],"picked":"True Grit","floor":22}],"player_experience":2087683,"relics_obtained":[{"floor":7.0,"key":"Meat on the Bone"},{"floor":9.0,"key":"Regal Pillow"},{"floor":10.0,"key":"Strawberry"},{"floor":14.0,"key":"Anchor"}],"event_choices":[{"damage_healed":0.0,"max_hp_gain":0.0,"max_hp_loss":0.0,"gold_gain":0.0,"event_name":"Living Wall","player_choice":"Grow","floor":3.0,"gold_loss":0.0,"damage_taken":0.0,"cards_upgraded":["Bash"]},{"damage_healed":0.0,"max_hp_gain":0.0,"max_hp_loss":0.0,"gold_gain":0.0,"event_name":"Golden Idol","player_choice":"Take Damage","floor":5.0,"gold_loss":0.0,"damage_taken":26.0,"relics_obtained":["Golden Idol"]},{"damage_healed":0.0,"max_hp_gain":0.0,"max_hp_loss":0.0,"gold_gain":0.0,"event_name":"The Library","player_choice":"Read","floor":20.0,"gold_loss":0.0,"damage_taken":0.0,"cards_obtained":["Shrug It Off"]},{"damage_healed":0.0,"max_hp_gain":0.0,"max_hp_loss":0.0,"gold_gain":0.0,"event_name":"Knowing Skull","player_choice":"","floor":21.0,"potions_obtained":[],"gold_loss":0.0,"damage_taken":6.0,"cards_obtained":[]}],"is_beta":false,"boss_relics":[{"not_picked":["Tiny House","Runic Cube"],"picked":"Philosopher\u0027s Stone"}],"items_purged_floors":[],"is_endless":false,"potions_floor_spawned":[1,2,10,13,14,18,19],"killed_by":"Slavers","ascension_level":15}}