{"host":"ndpbn7fqb3wjbd7p","time":1611123710,"event":{"mods":["AchievementEnabler","Act Like it!","AlwaysNeverKeys","BaseMod","Better Vampires","Block Reminder","Colored Powertips","DeckTracker","Defuse TimeMaze Blight","Friendly Minions","Hallownest","Hermit","Highlight Path","MarisaÅiñ∂âJÅ@ñÇóùçπÅj","Minty Spire (QoL Compilation)","Permanent Neow","Shade Mod","StSLib","SuperFastMode","Synergy Search","The Mystic","Unceasing Turn Reminder","Wandering Minibosses","egg"],"gold_per_floor":[18,38,38,49,5,5,31,31,57,132,132,3,3,16,16,16,16],"floor_reached":16,"language":"ENG","playtime":504,"items_purged":["Defend_G"],"score":172,"play_id":"fe4d94f9-fc6e-46b3-86ff-5b62cd12d77e","local_time":"20210120072150","is_ascension_mode":true,"campfire_choices":[{"data":"Neutralize","floor":8,"key":"SMITH"},{"data":"Accuracy","floor":11,"key":"SMITH"},{"floor":15,"key":"REST"}],"circlet_count":0,"master_deck":["AscendersBane","Strike_G","Strike_G","Strike_G","Defend_G","Defend_G","Survivor","Neutralize+1","Acrobatics","Infinite Blades","Accuracy+1","Backflip"],"relics":["Ring of the Snake","Lantern","Bronze Scales","Golden Idol"],"acts_visited":["Exordium"],"potions_floor_usage":[16],"damage_taken":[{"damage":6,"enemies":"Small Slimes","floor":1,"turns":4},{"damage":0,"enemies":"2 Louse","floor":2,"turns":3},{"damage":2,"enemies":"Jaw Worm","floor":4,"turns":6},{"damage":6,"enemies":"3 Louse","floor":14,"turns":4},{"damage":62,"enemies":"Slime Boss","floor":16,"turns":9}],"seed_played":"1069574663053568117","potions_obtained":[{"floor":14,"key":"Explosive Potion"}],"is_trial":false,"path_per_floor":["M","M","?","M","$","?","T","R","T","?","R","$","?","M","R","B"],"character_chosen":"THE_SILENT","items_purchased":["Accuracy","Backflip"],"campfire_rested":1,"item_purchase_floors":[5,12],"current_hp_per_floor":[53,53,46,44,44,44,44,44,44,33,33,33,33,27,45,0,0],"gold":16,"neow_bonus":"REMOVE_TWO","is_daily":false,"chose_seed":false,"campfire_upgraded":2,"win_rate":0.0,"timestamp":1611123710,"path_taken":["M","M","?","M","$","?","?","R","T","?","R","$","?","M","R","BOSS"],"items_purchased_type":["Card","Card"],"build_version":"2020-12-22","purchased_purges":1,"victory":false,"max_hp_per_floor":[66,66,66,66,66,66,66,66,66,66,66,66,60,60,60,60,60],"card_choices":[{"not_picked":["Backflip","Skewer"],"picked":"Acrobatics","floor":1},{"not_picked":["All Out Attack","Skewer","Choke"],"picked":"SKIP","floor":2},{"not_picked":["Deadly Poison","Sucker Punch"],"picked":"Infinite Blades","floor":4},{"not_picked":["Slice","Underhanded Strike","Outmaneuver"],"picked":"SKIP","floor":14}],"player_experience":1165352,"relics_obtained":[{"floor":7,"key":"Lantern"},{"floor":9,"key":"Bronze Scales"}],"event_choices":[{"cards_removed":["Strike_G"],"damage_healed":0,"gold_gain":0,"player_choice":"Card Removal","damage_taken":7,"max_hp_gain":0,"max_hp_loss":0,"event_name":"Golden Wing","floor":3,"gold_loss":0},{"cards_removed":["Strike_G"],"damage_healed":0,"gold_gain":0,"player_choice":"Forget","damage_taken":0,"max_hp_gain":0,"max_hp_loss":0,"event_name":"Living Wall","floor":6,"gold_loss":0},{"damage_healed":0,"gold_gain":75,"player_choice":"Gather Gold","damage_taken":11,"max_hp_gain":0,"max_hp_loss":0,"event_name":"World of Goop","floor":10,"gold_loss":0},{"damage_healed":0,"gold_gain":0,"player_choice":"Lose Max HP","damage_taken":0,"relics_obtained":["Golden Idol"],"max_hp_gain":0,"max_hp_loss":6,"event_name":"Golden Idol","floor":13,"gold_loss":0}],"is_beta":false,"boss_relics":[],"items_purged_floors":[12],"is_endless":false,"potions_floor_spawned":[14],"killed_by":"Slime Boss","ascension_level":19}}