{"host":"ojme7g6xlqwffsso","time":1611121708,"event":{"mods":["BaseMod","Downfall","Minty Spire (QoL Compilation)","StSLib"],"gold_per_floor":[99,114,129,429,429,440,495,552,587,46,56,56,56,72,83,182,182,182,193,203,213,213,213,213],"floor_reached":22,"language":"ENG","playtime":765,"items_purged":["Regret"],"score":216,"play_id":"aa3ed0c4-0026-45cc-ad3a-472f8aa3eee0","local_time":"20210120144828","is_ascension_mode":true,"campfire_choices":[{"data":"bronze:Goto","floor":1,"key":"SMITH"},{"data":"bronze:Replicate","floor":12,"key":"SMITH"},{"data":"bronze:MaxOutput","floor":18,"key":"SMITH"}],"circlet_count":0,"master_deck":["bronze:Strike","bronze:Strike","bronze:Strike","bronze:Strike","bronze:Defend","bronze:Defend","bronze:Defend","bronze:Defend","bronze:Replicate+1","bronze:Goto+1","bronze:FollowUp","bronze:Iterate","CurseOfTheBell","Decay","bronze:MaxOutput+1","Clumsy","bronze:Optimize","bronze:Refactor","bronze:OilSpill","bronze:Turbo","bronze:Break","bronze:Overheat","Clumsy","bronze:TinkerersToolbox","bronze:Safeguard","bronze:HyperBeam","bronze:WildBeam+1","bronze:GetLatest","bronze:ChosenStrike+1"],"relics":["Cursed Key","Calling Bell","Bag of Preparation","Sundial","Old Coin","Bag of Marbles","bronze:ProtectiveGoggles","Eternal Feather","Boot","Lee\u0027s Waffle","Mummified Hand","bronze:MakeshiftBattery"],"acts_visited":["Exordium","TheCity"],"potions_floor_usage":[10,16,19,22],"damage_taken":[{"damage":0,"enemies":"Jaw Worm","floor":2,"turns":4},{"damage":4,"enemies":"Small Slimes","floor":3,"turns":3},{"damage":3,"enemies":"Cultist","floor":6,"turns":3},{"damage":19,"enemies":"Gremlin Nob","floor":8,"turns":3},{"damage":22,"enemies":"Gremlin Nob","floor":9,"turns":4},{"damage":12,"enemies":"downfall:FleeingMerchant","floor":10,"turns":4},{"damage":2,"enemies":"2 Fungi Beasts","floor":11,"turns":2},{"damage":0,"enemies":"Exordium Wildlife","floor":14,"turns":1},{"damage":0,"enemies":"Lots of Slimes","floor":15,"turns":3},{"damage":5,"enemies":"IC_STATUS_ARCHETYPE","floor":16,"turns":8},{"damage":12,"enemies":"3 Byrds","floor":19,"turns":4},{"damage":10,"enemies":"Shelled Parasite and Fungi","floor":20,"turns":3},{"damage":27,"enemies":"Centurion and Healer","floor":21,"turns":3},{"damage":37,"enemies":"Centurion and Healer","floor":22,"turns":5}],"seed_played":"3604899726869849562","potions_obtained":[{"floor":2,"key":"Dexterity Potion"},{"floor":6,"key":"champ:CounterPotion"},{"floor":14,"key":"Explosive Potion"},{"floor":15,"key":"Dexterity Potion"},{"floor":21,"key":"PowerPotion"}],"is_trial":false,"path_per_floor":["R","M","M","?","?","M","T","?","E","$","M","R","?","M","M","B",null,"R","M","M","M","?"],"character_chosen":"THE_AUTOMATON","items_purchased":["Lee\u0027s Waffle","Mummified Hand","bronze:OilSpill"],"campfire_rested":0,"item_purchase_floors":[10,10,10],"current_hp_per_floor":[70,70,66,66,63,60,60,41,19,77,75,77,77,77,77,72,77,77,65,55,28,0,0,0],"gold":213,"neow_bonus":"BOSS_RELIC","is_daily":false,"chose_seed":false,"campfire_upgraded":3,"win_rate":0.0,"timestamp":1611121708,"path_taken":["R","M","M","?","?","M","T","?","E","$","M","R","?","M","M","BOSS","R","M","M","?","?"],"items_purchased_type":["Relic","Relic","Card"],"build_version":"2020-12-22","purchased_purges":1,"victory":false,"max_hp_per_floor":[70,70,70,70,70,70,70,70,70,77,77,77,77,77,77,77,77,77,77,77,77,77,77,77],"card_choices":[{"not_picked":["bronze:WhirlingStrike","bronze:ForceShield"],"picked":"bronze:FollowUp","floor":2},{"not_picked":["bronze:BugBarrage","bronze:DelayedGuard"],"picked":"bronze:Iterate","floor":3},{"not_picked":["bronze:InfiniteBeams","bronze:ClassDefault"],"picked":"bronze:MaxOutput","floor":6},{"not_picked":["bronze:BugBarrage","bronze:Invalidate"],"picked":"bronze:Optimize","floor":8},{"not_picked":["bronze:BugBarrage","bronze:Allocate","bronze:Boost"],"picked":"SKIP","floor":9},{"not_picked":["bronze:DarkDash","bronze:Flail"],"picked":"bronze:Refactor","floor":10},{"not_picked":["bronze:GetLatest","bronze:BugBarrage"],"picked":"bronze:Turbo","floor":11},{"not_picked":["bronze:ChildClass","bronze:Deprecate"],"picked":"bronze:TinkerersToolbox","floor":14},{"not_picked":["bronze:ChosenStrike","bronze:Branch"],"picked":"bronze:Safeguard","floor":15},{"not_picked":["bronze:ThunderWave","bronze:Hardcode"],"picked":"bronze:HyperBeam","floor":16},{"not_picked":["bronze:BitShift","bronze:Refactor"],"picked":"bronze:WildBeam+1","floor":19},{"not_picked":["bronze:Safeguard+1","bronze:Philosophize"],"picked":"bronze:GetLatest","floor":20},{"not_picked":["bronze:Backtrace","bronze:Frontload"],"picked":"bronze:ChosenStrike+1","floor":21}],"player_experience":894019,"relics_obtained":[{"floor":4,"key":"Bag of Preparation"},{"floor":4,"key":"Sundial"},{"floor":4,"key":"Old Coin"},{"floor":7,"key":"bronze:ProtectiveGoggles"},{"floor":8,"key":"Eternal Feather"},{"floor":9,"key":"Boot"}],"event_choices":[{"damage_healed":0,"gold_gain":0,"player_choice":"Success","damage_taken":3,"relics_obtained":["Bag of Marbles"],"max_hp_gain":0,"max_hp_loss":0,"event_name":"Scrap Ooze","floor":5,"gold_loss":0}],"is_beta":false,"boss_relics":[{"not_picked":["Busted Crown","Pandora\u0027s Box"],"picked":"bronze:MakeshiftBattery"}],"items_purged_floors":[10],"is_endless":false,"potions_floor_spawned":[2,6,14,15,21],"killed_by":"Centurion and Healer","ascension_level":3}}