{"host":"bf9sa99gaumonoeu","time":1611102971,"event":{"mods":["AchievementEnabler","Act Like it!","Aspiration","BaseMod","Bestiary","Better Note","Block Reminder","Colored Map","Colored Powertips","Fox Events","Friendly Minions","Gensokyo","GifTheSpireLib","Googly Eyes","Hallownest","Hermit","Highlight Path","Jorbs\u0027s Wanderer Trilogy","KinomotoSakuraMod(????)","Koishi","Marisa????????","Minty Spire (QoL Compilation)","Rare Cards Sparkle","Relic Stats","Remilia??????","Replay The Spire","Spire Arcade","StSLib","The Administrix","The Animator","The Blue Laboratory","The Bug Knight","The Construct","The Cursed","The Hierophant","The Mystic","The Necromancer","The Poker Player","The Runesmith","The Senshi","The Servant 0.9.4","ojb\u0027s Info Mod"],"gold_per_floor":[116,132,147,227,245,245,275,37,37,37,37,54,54,89,89,179,179,200,44,44,64,64,97,97,131,143,155,205,217,229,264,276,381,393,429,462,399,424,757,784,799,832,910,910,922,161,161,176,176,176,176,176],"floor_reached":51,"language":"ENG","playtime":6710,"items_purged":["Strike_G","Deadly Poison"],"score":1546,"play_id":"ed6d2822-8d09-4f52-a3f6-37fc919fcb37","local_time":"20210119223611","is_ascension_mode":true,"campfire_choices":[{"data":"Terror","floor":6.0,"key":"SMITH"},{"floor":11.0,"key":"REST"},{"data":"Caltrops","floor":15.0,"key":"SMITH"},{"data":"Footwork","floor":24.0,"key":"SMITH"},{"floor":27.0,"key":"REST"},{"floor":30.0,"key":"REST"},{"floor":32.0,"key":"REST"},{"data":"Defend_G","floor":47.0,"key":"SMITH"},{"data":"Pot Of Greed","floor":49.0,"key":"SMITH"}],"circlet_count":0,"master_deck":["AscendersBane","Strike_G","Strike_G","Strike_G","Defend_G","Defend_G","Defend_G","Defend_G","Defend_G+1","Survivor","Neutralize+1","Terror+1","All Out Attack+1","Dagger Spray","Dagger Spray+1","Caltrops+1","Flying Knee+1","Slice+1","aspiration:Lunge+1","Glass Knife+1","Escape Plan","PiercingWail+1","Replay:BasicMightCard+1","Predator+1","Footwork+1","Riddle With Holes+1","Burst","Adrenaline","Backflip","aspiration:Lunge+1","Backflip+1","PiercingWail","PiercingWail+1","Backflip+1","Backstab+1","Pot Of Greed+1","Pot Of Greed","Pot Of Greed","Pot Of Greed","PiercingWail+1","Well Laid Plans+1","Replay:Bag of Tricks+1","Replay:Sssssssssshield+1","ReplayTheSpireMod:From All Sides+1","Deflect+1"],"relics":["Ring of the Snake","Molten Egg 2","Toy Ornithopter","Torii","HollowMod:StagPassRelic","aspiration:RitualDagger","Replay:Baseball","MawBank","White Beast Statue","Vampiric Spirits","Coffee Dripper","Eternal Feather","Gambling Chip","Replay:Bottled Snecko","Grinning Jar","Bag of Preparation","Orrery"],"acts_visited":["Exordium","TheCity","TheBeyond"],"potions_floor_usage":[50,51],"damage_taken":[{"damage":3.0,"enemies":"Small Slimes","floor":1.0,"turns":5.0},{"damage":2.0,"enemies":"2 Louse","floor":2.0,"turns":4.0},{"damage":0.0,"enemies":"Jaw Worm","floor":3.0,"turns":5.0},{"damage":0.0,"enemies":"Exordium Thugs","floor":5.0,"turns":4.0},{"damage":39.0,"enemies":"Gremlin Nob","floor":7.0,"turns":4.0},{"damage":1.0,"enemies":"2 Fungi Beasts","floor":12.0,"turns":2.0},{"damage":11.0,"enemies":"Lagavulin","floor":14.0,"turns":7.0},{"damage":9.0,"enemies":"Hexaghost","floor":16.0,"turns":7.0},{"damage":15.0,"enemies":"Spheric Guardian","floor":18.0,"turns":3.0},{"damage":36.0,"enemies":"Shell Parasite","floor":21.0,"turns":4.0},{"damage":25.0,"enemies":"Gremlin Leader","floor":23.0,"turns":4.0},{"damage":36.0,"enemies":"Book of Stabbing","floor":25.0,"turns":3.0},{"damage":65.0,"enemies":"Gremlin Leader","floor":28.0,"turns":5.0},{"damage":30.0,"enemies":"Shelled Parasite and Fungi","floor":31.0,"turns":3.0},{"damage":74.0,"enemies":"Champ","floor":33.0,"turns":10.0},{"damage":9.0,"enemies":"Orb Walker","floor":35.0,"turns":3.0},{"damage":64.0,"enemies":"3 Shapes","floor":36.0,"turns":9.0},{"damage":14.0,"enemies":"Jaw Worm Horde","floor":38.0,"turns":4.0},{"damage":62.0,"enemies":"Giant Head","floor":40.0,"turns":6.0},{"damage":3.0,"enemies":"Sphere and 2 Shapes","floor":41.0,"turns":1.0},{"damage":44.0,"enemies":"Nemesis","floor":42.0,"turns":5.0},{"damage":26.0,"enemies":"Spire Growth","floor":45.0,"turns":3.0},{"damage":45.0,"enemies":"Maw","floor":48.0,"turns":6.0},{"damage":90,"enemies":"Donu and Deca","floor":50,"turns":11},{"damage":80,"enemies":"Time Eater","floor":51,"turns":11}],"seed_played":"4334921676262193481","potions_obtained":[{"floor":1.0,"key":"blueLaboratory:BlinkPotion"},{"floor":4.0,"key":"blueLaboratory:SuffocatingSmog"},{"floor":7.0,"key":"Explosive Potion"},{"floor":14.0,"key":"Elixir"},{"floor":18.0,"key":"Milkshake"},{"floor":25.0,"key":"DuplicationPotion"},{"floor":28.0,"key":"blueLaboratory:PhilterOfMotion"},{"floor":31.0,"key":"blueLaboratory:ArtistsPotion"},{"floor":33.0,"key":"AttackPotion"},{"floor":35.0,"key":"blueLaboratory:RememoryPotion"},{"floor":36.0,"key":"LiquidMemories"},{"floor":38.0,"key":"blueLaboratory:SavagePotion"},{"floor":40.0,"key":"Energy Potion"},{"floor":41.0,"key":"blueLaboratory:BottleOfRum"},{"floor":42.0,"key":"Elixir"},{"floor":45.0,"key":"Block Potion"}],"is_trial":false,"path_per_floor":["M","M","M","?","M","R","E","$","T","?","R","M","?","E","R","B",null,"M","$","?","M","?","E","R","E","T","R","E","?","R","M","R","B",null,"M","M","$","M","?","E","M","E","T","?","M","$","R","M","R","B","B"],"character_chosen":"THE_SILENT","items_purchased":["Toy Ornithopter","Caltrops","PiercingWail","Replay:BasicMightCard","Bag of Preparation","Orrery","Replay:Sssssssssshield","ReplayTheSpireMod:From All Sides+1","blueLaboratory:ArtistsPotion"],"campfire_rested":4,"item_purchase_floors":[8,8,19,19,46,46,46,46,46],"current_hp_per_floor":[56,54,54,54,54,54,15,15,15,15,34,33,33,22,22,13,48,38,38,32,59,59,60,60,43,43,60,12,12,30,26,44,27,52,60,22,22,37,37,39,60,35,35,35,51,51,60,38,60,17,0,0],"gold":176,"neow_bonus":"UPGRADE_CARD","is_daily":false,"chose_seed":false,"campfire_upgraded":5,"win_rate":0.0,"timestamp":1611102971,"path_taken":["M","M","M","?","M","R","E","$","T","?","R","M","?","E","R","BOSS","M","$","?","?","?","E","R","E","T","R","E","?","R","M","R","BOSS","M","M","$","M","?","E","M","E","T","?","M","$","R","?","R","BOSS","BOSS"],"items_purchased_type":["Relic","Card","Card","Card","Relic","Relic","Card","Card","Potion"],"build_version":"2020-12-22","purchased_purges":2,"victory":false,"max_hp_per_floor":[66,66,66,66,66,66,66,66,66,66,66,66,60,60,60,60,60,60,60,60,60,60,60,60,60,60,60,60,60,60,60,60,60,60,60,60,60,60,60,60,60,60,60,60,60,60,60,60,60,60,60,60],"relic_stats":{"Torii":35,"counters":[25,129],"Gambling Chip":[15],"Eternal Feather":31,"Bag of Preparation":[6],"MawBank":144,"obtain_stats":[{"Torii":9,"Golden Idol":13,"Vampiric Spirits":28,"Eternal Feather":40,"Bag of Preparation":46,"HollowMod:StagPassRelic":14,"MawBank":25,"White Beast Statue":26,"Replay:Baseball":23,"Gambling Chip":42,"Orrery":46,"Molten Egg 2":7,"Coffee Dripper":34,"aspiration:RitualDagger":17,"Replay:Bottled Snecko":43,"Grinning Jar":44,"Toy Ornithopter":8,"Ring of the Snake":0},{"Torii":5,"Golden Idol":6,"Vampiric Spirits":13,"Eternal Feather":19,"Bag of Preparation":22,"HollowMod:StagPassRelic":7,"MawBank":12,"White Beast Statue":12,"Replay:Baseball":11,"Gambling Chip":21,"Orrery":22,"Molten Egg 2":5,"Coffee Dripper":15,"aspiration:RitualDagger":8,"Replay:Bottled Snecko":21,"Grinning Jar":21,"Toy Ornithopter":5,"Ring of the Snake":0},{"Torii":22,"Golden Idol":24,"Vampiric Spirits":57,"Eternal Feather":92,"Bag of Preparation":101,"HollowMod:StagPassRelic":31,"MawBank":52,"White Beast Statue":52,"Replay:Baseball":49,"Gambling Chip":98,"Orrery":101,"Molten Egg 2":22,"Coffee Dripper":70,"aspiration:RitualDagger":38,"Replay:Bottled Snecko":98,"Grinning Jar":98,"Toy Ornithopter":22,"Ring of the Snake":0}],"Toy Ornithopter":58,"Ring of the Snake":[50]},"card_choices":[{"not_picked":["Draining Mist","Outmaneuver"],"picked":"Terror","floor":1.0},{"not_picked":["Flying Knee","Sucker Punch"],"picked":"Deadly Poison","floor":2.0},{"not_picked":["Eviscerate","ReplayTheSpireMod:Scrap Shanks"],"picked":"All Out Attack","floor":3.0},{"not_picked":["Quick Slash","Leg Sweep"],"picked":"Dagger Spray","floor":5.0},{"not_picked":["A Thousand Cuts","ReplayTheSpireMod:Scrap Shanks"],"picked":"Dagger Spray+1","floor":7.0},{"not_picked":["Fluid Movement","Escape Plan"],"picked":"Slice+1","floor":12.0},{"not_picked":["Underhanded Strike+1","Fluid Movement"],"picked":"aspiration:Lunge+1","floor":14.0},{"not_picked":["Night Terror","Phantasmal Killer"],"picked":"Glass Knife+1","floor":16.0},{"not_picked":["Concentrate","Expertise"],"picked":"Escape Plan","floor":18.0},{"not_picked":["Blade Dance","Cloak And Dagger"],"picked":"Predator+1","floor":21.0},{"not_picked":["Masterful Stab+1","Poisoned Stab+1"],"picked":"Footwork","floor":23.0},{"not_picked":["Underhanded Strike+1","Acrobatics"],"picked":"Riddle With Holes+1","floor":25.0},{"not_picked":["Bane+1","Acrobatics"],"picked":"Burst","floor":28.0},{"not_picked":["Outmaneuver+1","Slice+1"],"picked":"Backflip","floor":31.0},{"not_picked":["Unload+1","Poison Darts"],"picked":"aspiration:Lunge+1","floor":33.0},{"not_picked":["Draining Mist+1","Dagger Spray+1"],"picked":"Backflip+1","floor":35.0},{"not_picked":["Quick Slash+1","Heel Hook+1","Distraction"],"picked":"SKIP","floor":36.0},{"not_picked":["Concentrate+1","Masterful Stab+1"],"picked":"PiercingWail","floor":38.0},{"not_picked":["Cloak And Dagger+1","Acrobatics"],"picked":"PiercingWail+1","floor":40.0},{"not_picked":["Prepared","Underhanded Strike+1"],"picked":"Backflip+1","floor":41.0},{"not_picked":["Poison Darts","Dagger Spray+1"],"picked":"Backstab+1","floor":42.0},{"not_picked":["Blur","Reflex","Finisher+1"],"picked":"SKIP","floor":45.0},{"not_picked":["Dagger Spray+1","Dodge and Roll"],"picked":"PiercingWail","floor":46.0},{"not_picked":["Slice+1","Blade Dance"],"picked":"Well Laid Plans","floor":46.0},{"not_picked":["Quick Slash+1","Predator+1"],"picked":"Replay:Bag of Tricks","floor":46.0},{"not_picked":["Blade Dance","Quick Slash+1"],"picked":"Deflect+1","floor":48.0}],"player_experience":1004458,"relics_obtained":[{"floor":7.0,"key":"Molten Egg 2"},{"floor":9.0,"key":"Torii"},{"floor":14.0,"key":"HollowMod:StagPassRelic"},{"floor":23.0,"key":"Replay:Baseball"},{"floor":25.0,"key":"MawBank"},{"floor":26.0,"key":"White Beast Statue"},{"floor":28.0,"key":"Vampiric Spirits"},{"floor":40.0,"key":"Eternal Feather"},{"floor":42.0,"key":"Gambling Chip"},{"floor":43.0,"key":"Replay:Bottled Snecko"},{"floor":44.0,"key":"Grinning Jar"}],"event_choices":[{"damage_healed":0.0,"max_hp_gain":0.0,"max_hp_loss":0.0,"gold_gain":0.0,"cards_transformed":["Strike_G"],"event_name":"Living Wall","player_choice":"Change","floor":10.0,"gold_loss":0.0,"damage_taken":0.0,"cards_obtained":["Flying Knee"]},{"damage_healed":0.0,"max_hp_gain":0.0,"max_hp_loss":6.0,"gold_gain":0.0,"event_name":"Golden Idol","player_choice":"Lose Max HP","floor":13.0,"gold_loss":0.0,"damage_taken":0.0,"relics_obtained":["Golden Idol"]},{"damage_healed":0.0,"max_hp_gain":0.0,"max_hp_loss":0.0,"gold_gain":0.0,"event_name":"Knowing Skull","player_choice":"","floor":20.0,"potions_obtained":[],"gold_loss":0.0,"damage_taken":6.0,"cards_obtained":[]},{"damage_healed":0.0,"max_hp_gain":0.0,"max_hp_loss":0.0,"gold_gain":0.0,"event_name":"Accursed Blacksmith","player_choice":"Forge","floor":22.0,"gold_loss":0.0,"damage_taken":0.0,"cards_upgraded":["All Out Attack"]},{"cards_removed":["aspiration:Lunge"],"damage_healed":0.0,"max_hp_gain":0.0,"max_hp_loss":0.0,"gold_gain":0.0,"event_name":"betterNote:BetterNote","player_choice":"Take \u0026 Give","floor":29.0,"gold_loss":0.0,"damage_taken":0.0,"cards_obtained":["Adrenaline"]},{"damage_healed":0.0,"max_hp_gain":0.0,"max_hp_loss":0.0,"gold_gain":333.0,"event_name":"The Moai Head","player_choice":"Gave Idol","floor":39.0,"relics_lost":["Golden Idol"],"gold_loss":0.0,"damage_taken":0.0},{"damage_healed":0.0,"max_hp_gain":0.0,"max_hp_loss":0.0,"gold_gain":0.0,"event_name":"Wheel of Change","player_choice":"Relic","floor":44.0,"gold_loss":0.0,"damage_taken":0.0}],"is_beta":false,"boss_relics":[{"not_picked":["Ectoplasm","ReplayTheSpireMod:DimensionalGlitch"],"picked":"aspiration:RitualDagger"},{"not_picked":["Sozu","Honey Jar"],"picked":"Coffee Dripper"}],"items_purged_floors":[37,46],"is_endless":false,"potions_floor_spawned":[1,7,14,16,18,25,28,31,33,35,36,38,40,41,42,45,48],"killed_by":"Time Eater","ascension_level":20}}