{"host":"2srookcy7001h5fw","time":1611129722,"event":{"mods":["ATMod(阿瑾Mod)","Act Like it!","Arknights The Spire","BaseMod","Colored Powertips","Friendly Minions","Gensokyo","GungeonMod","Hallownest","Kiyohime（清姬）","Luminous","Marisa（F雨　魔理沙）","Minty Spire (QoL Compilation)","Prisma Mod","Spicy Shops","StSLib","The Animator","The Blackbeard","The Mystic","WarShipGirlsR/战舰少女R mod"],"gold_per_floor":[112,112,39,50,66,66,66,66],"floor_reached":7,"language":"ZHS","playtime":256,"items_purged":[],"score":41,"play_id":"481e3d61-9b70-4b87-b74d-ec5f7b83da92","local_time":"20210120160202","is_ascension_mode":false,"campfire_choices":[{"floor":6,"key":"RECALL"}],"circlet_count":0,"master_deck":["Luminous:Light_Flash_Shower","Luminous:Light_Flash_Shower","Luminous:Light_Flash_Shower","Luminous:Dark_Abyssal_Drop","Luminous:Dark_Abyssal_Drop","Luminous:Dark_Abyssal_Drop","Luminous:Defend_Luminous","Luminous:Defend_Luminous","Luminous:Defend_Luminous","Luminous:Defend_Luminous","Luminous:Switch_Luminous","AT_KingSlayer","Luminous:Light_Wash_Luminous","Luminous:Light_Glare","Luminous:Light_Ray_of_Redemption"],"relics":["Luminous:MirrorRelic","AT_ATBox","NeowsBlessing","AT_GoldPhoenixTree","AT_EbonyIvory"],"acts_visited":["Exordium"],"potions_floor_usage":[7],"damage_taken":[{"damage":0,"enemies":"Small Slimes","floor":1,"turns":1},{"damage":0,"enemies":"Cultist","floor":4,"turns":1},{"damage":0,"enemies":"2 Louse","floor":5,"turns":1},{"damage":36,"enemies":"3 Sentries","floor":7,"turns":4}],"seed_played":"9139668123064691881","potions_obtained":[{"floor":4,"key":"Energy Potion"}],"is_trial":false,"path_per_floor":["M","?","?","M","M","R","E"],"character_chosen":"LuminousClass","items_purchased":[],"campfire_rested":0,"item_purchase_floors":[],"current_hp_per_floor":[75,23,23,23,23,23,0,0],"gold":66,"neow_bonus":"THREE_ENEMY_KILL","is_daily":false,"chose_seed":false,"campfire_upgraded":0,"win_rate":0.0,"timestamp":1611129722,"path_taken":["M","?","?","M","?","R","E"],"items_purchased_type":[],"build_version":"2020-12-22","purchased_purges":0,"victory":false,"max_hp_per_floor":[75,75,75,75,75,75,75,75],"card_choices":[{"not_picked":["Luminous:Blinding_Pillar_Luminous","Luminous:Dark_Pressure_Void"],"picked":"Luminous:Light_Wash_Luminous","floor":1},{"not_picked":["Luminous:Concentrate_Luminous","Luminous:Mana_Well_Luminous"],"picked":"Luminous:Light_Glare","floor":4},{"not_picked":["Luminous:Blinding_Pillar_Luminous","Luminous:Darks_Surge_Luminous"],"picked":"Luminous:Light_Ray_of_Redemption","floor":5}],"player_experience":613949,"relics_obtained":[],"event_choices":[{"damage_healed":0,"gold_gain":0,"player_choice":"Success","damage_taken":52,"relics_obtained":["AT_GoldPhoenixTree"],"max_hp_gain":0,"max_hp_loss":0,"event_name":"Scrap Ooze","floor":2,"gold_loss":0},{"damage_healed":0,"gold_gain":0,"player_choice":"Paid Gold","damage_taken":0,"relics_obtained":["AT_EbonyIvory"],"max_hp_gain":0,"max_hp_loss":0,"event_name":"WeMeetAgain","floor":3,"gold_loss":73}],"is_beta":false,"boss_relics":[],"items_purged_floors":[],"is_endless":false,"potions_floor_spawned":[4],"killed_by":"3 Sentries","ascension_level":0}}