{"host":"Ringo","time":1611141919,"event":{"mods":["BaseMod","Colored Map","Conspire","Dota2Spire","Minty Spire (QoL Compilation)","StSLib","[IsaacMod]ÒÔÈö¼âËþ","¡¾ÒÅÎï¿¨ÅÆ¡¿REMEMod"],"gold_per_floor":[127,138,151,170,185,211,243,276,355,390,416,466,498,177,177,254,254,268,288,328,49,62,88,104,135,135,167,167,192,227,274,274,380,380,394,45,63,106,8,35,0,27,50,115,147,178,237,271,271,271,271],"floor_reached":52,"language":"ZHS","playtime":1298,"items_purged":[],"score":3741,"play_id":"f50aea4d-0705-4c70-9cce-e32c87faf8b6","local_time":"20210120192519","daily_mods":["SealedDeck","Vintage","Heirloom","Time Dilation","Flight","DeadlyEvents","Elite Swarm","Lethality","Binary"],"is_ascension_mode":true,"campfire_choices":[{"data":"Armaments","floor":15,"key":"SMITH"},{"data":"Flex","floor":32,"key":"SMITH"},{"data":"Feel No Pain","floor":49,"key":"SMITH"}],"circlet_count":0,"master_deck":["AscendersBane","BettingIsNotGood","Headbutt","Thunderclap","Cleave","Heavy Blade","Clothesline","Sword Boomerang","Armaments+1","Shrug It Off","Flex+1","Thunderclap","Core Surge","Feel No Pain+1"],"relics":["Burning Blood","Busted Crown","HushsDoor","REME_ComplimentaryCards","Leech","Calipers","TuHaoJin","Oddly Smooth Stone","Chaos","Bottled Lightning","CaptainsWheel","Dota2Spire:AssaultCuirass","Strange Spoon","Dota2Spire:AghanimScepter","TheBean","Inserter","Mercury Hourglass","PunchingBag","DeadEye","Dota2Spire:Satanic","Dota2Spire:EchoSabre","REME_HourglassOfDeath","Membership Card","Chemical X","Matryoshka","Ornamental Fan","Dota2Spire:OrchidMalevolence","TheBible","Emotion Chip","HowToJump","Strawberry","Orrery","Mummified Hand","conspire:Dentures","Dota2Spire:HandOfMidas","Thread and Needle","Dota2Spire:AssaultCuirass","The Courier","SatanicBible","Dota2Spire:Desolator","Ginger","Blood Vial","Pen Nib","Dota2Spire:CrimsonGuard","AnarchistCookbook","Dota2Spire:DivineRapier","Brimstone","RottenBaby","Red Mask","Runic Cube","conspire:TopHat","BFFS","SlaversCollar","StoneCalendar","Dota2Spire:Bloodstone","YumHeart"],"acts_visited":["Exordium","TheCity","TheBeyond"],"potions_floor_usage":[18,20,30,50],"damage_taken":[{"damage":0,"enemies":"2 Louse","floor":1,"turns":1},{"damage":0,"enemies":"Cultist","floor":2,"turns":1},{"damage":9,"enemies":"conspire:RoseBush","floor":3,"turns":1},{"damage":0,"enemies":"Blue Slaver","floor":4,"turns":1},{"damage":0,"enemies":"Gremlin Gang","floor":5,"turns":1},{"damage":0,"enemies":"Gremlin Nob","floor":6,"turns":1},{"damage":0,"enemies":"Lagavulin","floor":7,"turns":2},{"damage":0,"enemies":"Gremlin Nob","floor":8,"turns":2},{"damage":0,"enemies":"3 Sentries","floor":10,"turns":1},{"damage":0,"enemies":"Lagavulin","floor":11,"turns":2},{"damage":0,"enemies":"Hiden Room Battle","floor":12,"turns":2},{"damage":5,"enemies":"3 Sentries","floor":13,"turns":2},{"damage":1,"enemies":"The Guardian","floor":16,"turns":3},{"damage":46,"enemies":"3 Byrds","floor":18,"turns":2},{"damage":0,"enemies":"Spheric Guardian","floor":19,"turns":1},{"damage":0,"enemies":"3 Cultists","floor":20,"turns":2},{"damage":0,"enemies":"Sentry and Sphere","floor":22,"turns":2},{"damage":0,"enemies":"conspire:SneckoGhost","floor":23,"turns":2},{"damage":0,"enemies":"Snecko","floor":24,"turns":1},{"damage":2,"enemies":"Book of Stabbing","floor":25,"turns":3},{"damage":0,"enemies":"conspire:Head Lice","floor":27,"turns":2},{"damage":0,"enemies":"Slavers","floor":29,"turns":1},{"damage":6,"enemies":"conspire:SneckoGhost","floor":30,"turns":2},{"damage":0,"enemies":"Centurion and Healer","floor":31,"turns":2},{"damage":3,"enemies":"Champ","floor":33,"turns":4},{"damage":0,"enemies":"Orb Walker","floor":35,"turns":1},{"damage":0,"enemies":"3 Darklings","floor":37,"turns":2},{"damage":0,"enemies":"Transient","floor":38,"turns":4},{"damage":0,"enemies":"Giant Head","floor":40,"turns":2},{"damage":0,"enemies":"Nemesis","floor":42,"turns":1},{"damage":0,"enemies":"Reptomancer","floor":44,"turns":2},{"damage":0,"enemies":"Giant Head","floor":45,"turns":3},{"damage":0,"enemies":"Nemesis","floor":46,"turns":1},{"damage":0,"enemies":"Reptomancer","floor":47,"turns":1},{"damage":0,"enemies":"Nemesis","floor":48,"turns":1},{"damage":0,"enemies":"conspire:OrnateMirror","floor":50,"turns":1},{"damage":0,"enemies":"Donu and Deca","floor":51,"turns":2}],"seed_played":"-7415493059412845283","potions_obtained":[{"floor":3,"key":"Strength Potion"},{"floor":7,"key":"ColorlessPotion"},{"floor":19,"key":"REME_GoldPotion"},{"floor":20,"key":"GamblersBrew"},{"floor":31,"key":"DistilledChaos"}],"is_trial":true,"path_per_floor":["M","M","M","M","M","E","E","E","T","E","E","?","E","$","R","B",null,"M","M","M","$","M","E","M","E","T","E","$","E","E","M","R","B",null,"M","$","M","M","$","E","?","E","T","E","E","E","E","E","R","B","B",null],"character_chosen":"IRONCLAD","items_purchased":["Dota2Spire:Satanic","Matryoshka","Ornamental Fan","SatanicBible","Ginger","Blood Vial","Pen Nib","Dota2Spire:CrimsonGuard","Feel No Pain","Brimstone"],"campfire_rested":0,"item_purchase_floors":[14,21,21,34,36,36,36,36,39,39],"current_hp_per_floor":[74,75,72,75,75,75,75,75,75,75,75,67,75,75,75,75,75,36,43,50,50,57,64,70,75,82,82,82,82,82,82,82,82,72,72,72,72,72,72,72,72,72,72,72,72,72,72,72,72,72,72],"gold":271,"neow_bonus":"","is_daily":false,"chose_seed":false,"campfire_upgraded":3,"win_rate":0.0,"timestamp":1611141919,"path_taken":["M","M","M","M","M","E","E","E","T","E","E","?","E","$","R","BOSS","M","M","M","$","M","E","M","E","T","E","$","E","E","M","R","BOSS","M","$","M","M","$","E","?","E","T","E","E","E","E","E","R","BOSS","BOSS"],"items_purchased_type":["Relic","Relic","Relic","Relic","Relic","Relic","Relic","Relic","Card","Relic"],"build_version":"2020-12-18","purchased_purges":0,"victory":true,"max_hp_per_floor":[75,75,75,75,75,75,75,75,75,75,75,75,75,75,75,75,75,75,75,75,75,75,75,75,75,82,82,82,82,82,82,82,82,72,72,72,72,72,72,72,72,72,72,72,72,72,72,72,72,72,72],"card_choices":[{"not_picked":[],"picked":"BettingIsNotGood","floor":0}],"player_experience":531856,"relics_obtained":[{"floor":1,"key":"Calipers"},{"floor":2,"key":"TuHaoJin"},{"floor":3,"key":"Oddly Smooth Stone"},{"floor":4,"key":"Chaos"},{"floor":5,"key":"Bottled Lightning"},{"floor":6,"key":"CaptainsWheel"},{"floor":7,"key":"Dota2Spire:AssaultCuirass"},{"floor":8,"key":"Strange Spoon"},{"floor":9,"key":"Dota2Spire:AghanimScepter"},{"floor":10,"key":"TheBean"},{"floor":11,"key":"Inserter"},{"floor":12,"key":"Mercury Hourglass"},{"floor":12,"key":"PunchingBag"},{"floor":13,"key":"DeadEye"},{"floor":18,"key":"REME_HourglassOfDeath"},{"floor":19,"key":"Membership Card"},{"floor":20,"key":"Chemical X"},{"floor":22,"key":"Dota2Spire:OrchidMalevolence"},{"floor":23,"key":"TheBible"},{"floor":24,"key":"Emotion Chip"},{"floor":25,"key":"HowToJump"},{"floor":26,"key":"Strawberry"},{"floor":26,"key":"Orrery"},{"floor":27,"key":"Mummified Hand"},{"floor":29,"key":"conspire:Dentures"},{"floor":30,"key":"Dota2Spire:HandOfMidas"},{"floor":31,"key":"Thread and Needle"},{"floor":35,"key":"Dota2Spire:Desolator"},{"floor":37,"key":"AnarchistCookbook"},{"floor":38,"key":"Dota2Spire:DivineRapier"},{"floor":40,"key":"RottenBaby"},{"floor":42,"key":"Runic Cube"},{"floor":43,"key":"conspire:TopHat"},{"floor":43,"key":"BFFS"},{"floor":44,"key":"SlaversCollar"},{"floor":45,"key":"StoneCalendar"},{"floor":46,"key":"Dota2Spire:Bloodstone"},{"floor":47,"key":"YumHeart"}],"event_choices":[{"damage_healed":0,"gold_gain":0,"player_choice":"Fight","damage_taken":0,"max_hp_gain":0,"max_hp_loss":0,"event_name":"HidenRoomEvent","floor":12,"gold_loss":0},{"damage_healed":0,"gold_gain":0,"player_choice":"Paid","damage_taken":0,"relics_obtained":["Red Mask"],"max_hp_gain":0,"max_hp_loss":0,"event_name":"Tomb of Lord Red Mask","floor":41,"gold_loss":35}],"is_beta":true,"boss_relics":[{"not_picked":["conspire:DecoderRing","Kunai"],"picked":"Dota2Spire:EchoSabre"},{"not_picked":[]},{"not_picked":["Orichalcum","Lizard Tail"],"picked":"The Courier"},{"not_picked":[]}],"items_purged_floors":[],"is_endless":false,"potions_floor_spawned":[3,7,8,11,12,13,19,20,24,31,37,38,48],"ascension_level":20}}