{"host":"Koishi","time":1611167691,"event":{"mods":["2.2 Compatiblity","AchievementEnabler","Act Like it!","BaseMod","Better Match","Better Note","Better Sensory Stone","Better Third Choice","Chen","Colored Powertips","Conspire","Downfall","Gensokyo","Hermit","Koishi","Lobotomy","LobotomyExtend","MarisaÅiñ∂âJÅ@ñÇóùçπÅj","Minty Spire (QoL Compilation)","Quick Restart","Rare Cards Sparkle","ReimuÅiîé??öÎÅj","Relic Stats","SCP261 Mod","Spicy Shops","StSLib","The Construct","The Gatherer","Åy?ï®?îvÅzREMEMod"],"gold_per_floor":[115,42,42,42,56,56,56],"floor_reached":6,"language":"ENG","playtime":228,"items_purged":[],"score":34,"play_id":"0785e240-d767-40db-8db8-079287a429d8","local_time":"20210120133451","is_ascension_mode":false,"campfire_choices":[],"circlet_count":0,"master_deck":["Strike_Lin:ReiMu","Strike_Lin:ReiMu","Strike_Lin:ReiMu","Strike_Lin:ReiMu","Defend_Lin:ReiMu","Defend_Lin:ReiMu","Defend_Lin:ReiMu","Defend_Lin:ReiMu","NB:ReiMu","Stagnation:ReiMu","REME_CopyPotion","Conquer:ReiMu","PassingAway:ReiMu","SpiritualOutbreak2:ReiMu"],"relics":["FlyPower:ReiMu","REME_ComplimentaryCards","CogitoBucket","LetterFromLob","HornCleat"],"acts_visited":["Gensokyo:Gensokyo"],"potions_floor_usage":[],"damage_taken":[{"damage":1,"enemies":"Gensokyo:Python","floor":1,"turns":6},{"damage":0,"enemies":"Gensokyo:Gryphon","floor":5,"turns":5},{"damage":0,"enemies":"Gensokyo:Mamizou","floor":6,"turns":5}],"seed_played":"-6782127904735438998","potions_obtained":[{"floor":5,"key":"FairyPotion"}],"is_trial":false,"path_per_floor":["M","$","?","T","M","E"],"character_chosen":"REIMU","items_purchased":["PassingAway:ReiMu"],"campfire_rested":0,"item_purchase_floors":[2],"current_hp_per_floor":[64,64,64,64,64,64,64],"gold":56,"neow_bonus":"","is_daily":false,"chose_seed":false,"campfire_upgraded":0,"win_rate":0.0,"timestamp":1611167691,"path_taken":["M","?","?","?","M","E"],"items_purchased_type":["Card"],"build_version":"2020-12-18","purchased_purges":0,"victory":false,"max_hp_per_floor":[65,65,65,65,65,65,65],"relic_stats":{"counters":[3,15],"obtain_stats":[{"CogitoBucket":0,"HornCleat":4,"LetterFromLob":1,"FlyPower:ReiMu":0,"REME_ComplimentaryCards":0},{"CogitoBucket":0,"HornCleat":1,"LetterFromLob":1,"FlyPower:ReiMu":0,"REME_ComplimentaryCards":0},{"CogitoBucket":0,"HornCleat":6,"LetterFromLob":6,"FlyPower:ReiMu":0,"REME_ComplimentaryCards":0}]},"card_choices":[{"not_picked":["Gathering:ReiMu","SubcavityInstant:ReiMu"],"picked":"Conquer:ReiMu","floor":1},{"not_picked":["PunishingBird","FairyFestival","CrumblingArmor"],"picked":"Singing Bowl","floor":1},{"not_picked":["PrepareRite:ReiMu","AirStrike:ReiMu"],"picked":"SpiritualOutbreak2:ReiMu","floor":5},{"not_picked":["FairyFestival","Bloodbath","Murderer"],"picked":"Singing Bowl","floor":5}],"player_experience":222264,"relics_obtained":[{"floor":1,"key":"LetterFromLob"},{"floor":4,"key":"HornCleat"}],"event_choices":[],"is_beta":true,"boss_relics":[],"items_purged_floors":[],"is_endless":false,"potions_floor_spawned":[5],"killed_by":"Gensokyo:Mamizou","ascension_level":0}}