{"host":"3zmssa4s99zhxek5","time":1611110269,"event":{"mods":["AchievementEnabler","BaseMod","Minty Spire (QoL Compilation)","Permanent Neow","Relic Stats"],"gold_per_floor":[12,12,29,46,63,63,92,111,111,131,151,184,184,184,184,259,259,269,10,27,27,27],"floor_reached":21,"language":"KOR","playtime":1423,"items_purged":["Clash"],"score":386,"play_id":"5e5f194a-4ad2-448b-b69d-9d154f3daebb","local_time":"20210120113749","is_ascension_mode":true,"campfire_choices":[{"data":"Armaments","floor":6,"key":"SMITH"},{"data":"Barricade","floor":13,"key":"SMITH"},{"data":"Strike_R","floor":15,"key":"PURGE"}],"circlet_count":0,"master_deck":["AscendersBane","Strike_R","Strike_R","Defend_R","Defend_R","Defend_R","Bash","Second Wind","Anger","Sentinel","Armaments+1","Metallicize","Dark Embrace","Whirlwind","Evolve","Barricade+1","Feed","Offering","Power Through","Feel No Pain","Wild Strike+1","True Grit","Sentinel"],"relics":["Burning Blood","Pen Nib","Gambling Chip","Peace Pipe","Molten Egg 2","Mark of Pain"],"acts_visited":["Exordium","TheCity"],"potions_floor_usage":[7,12,12],"damage_taken":[{"damage":4,"enemies":"Small Slimes","floor":1,"turns":3},{"damage":1,"enemies":"Cultist","floor":3,"turns":3},{"damage":0,"enemies":"2 Louse","floor":4,"turns":3},{"damage":3,"enemies":"Blue Slaver","floor":5,"turns":6},{"damage":20,"enemies":"3 Sentries","floor":7,"turns":14},{"damage":6,"enemies":"3 Louse","floor":8,"turns":4},{"damage":0,"enemies":"Large Slime","floor":10,"turns":4},{"damage":1,"enemies":"2 Fungi Beasts","floor":11,"turns":4},{"damage":13,"enemies":"Lagavulin","floor":12,"turns":6},{"damage":64,"enemies":"Hexaghost","floor":16,"turns":12},{"damage":27,"enemies":"Shell Parasite","floor":18,"turns":5},{"damage":27,"enemies":"Spheric Guardian","floor":20,"turns":12},{"damage":34,"enemies":"Chosen and Byrds","floor":21,"turns":5}],"seed_played":"-4601268687309162693","potions_obtained":[{"floor":1,"key":"BlessingOfTheForge"},{"floor":3,"key":"Weak Potion"},{"floor":5,"key":"FearPotion"},{"floor":8,"key":"Strength Potion"}],"is_trial":false,"path_per_floor":["M","?","M","M","M","R","E","M","T","M","M","E","R","T","R","B",null,"M","$","M","M"],"character_chosen":"IRONCLAD","items_purchased":["Feel No Pain","Wild Strike+1","True Grit"],"campfire_rested":0,"item_purchase_floors":[19,19,19],"current_hp_per_floor":[70,70,75,75,75,75,61,61,61,67,72,65,65,65,65,7,58,37,37,20,0,0],"gold":27,"neow_bonus":"TRANSFORM_TWO_CARDS","is_daily":false,"chose_seed":false,"campfire_upgraded":2,"win_rate":0.0,"timestamp":1611110269,"path_taken":["M","?","M","M","M","R","E","?","T","M","M","E","R","?","R","BOSS","M","$","M","M"],"items_purchased_type":["Card","Card","Card"],"build_version":"2020-12-22","purchased_purges":1,"victory":false,"max_hp_per_floor":[75,75,75,75,75,75,75,75,75,75,75,75,75,75,75,75,75,75,75,79,79,79],"relic_stats":{"Peace Pipe":1,"counters":[13,81],"Gambling Chip":[24],"Pen Nib":[8],"obtain_stats":[{"Peace Pipe":12,"Gambling Chip":9,"Molten Egg 2":14,"Pen Nib":7,"Mark of Pain":17,"Burning Blood":0},{"Peace Pipe":9,"Gambling Chip":6,"Molten Egg 2":9,"Pen Nib":5,"Mark of Pain":10,"Burning Blood":0},{"Peace Pipe":47,"Gambling Chip":33,"Molten Egg 2":47,"Pen Nib":29,"Mark of Pain":59,"Burning Blood":0}],"Burning Blood":63},"card_choices":[{"not_picked":["Anger","Rupture"],"picked":"Sentinel","floor":1},{"not_picked":["Pummel","Headbutt"],"picked":"Armaments","floor":3},{"not_picked":["Flex","Pommel Strike"],"picked":"Metallicize","floor":4},{"not_picked":["Shrug It Off","Twin Strike"],"picked":"Dark Embrace","floor":5},{"not_picked":["Thunderclap","Warcry"],"picked":"Whirlwind","floor":7},{"not_picked":["Combust","Body Slam"],"picked":"Clash","floor":8},{"not_picked":["Flex","Pommel Strike"],"picked":"Evolve","floor":10},{"not_picked":["Heavy Blade","Shockwave"],"picked":"Barricade","floor":11},{"not_picked":["Cleave","Brutality"],"picked":"Feed","floor":12},{"not_picked":["Double Tap","Bludgeon+1"],"picked":"Offering","floor":16},{"not_picked":["Warcry","True Grit"],"picked":"Power Through","floor":18},{"not_picked":["Carnage+1","Cleave+1"],"picked":"Sentinel","floor":20}],"player_experience":1539389,"relics_obtained":[{"floor":7,"key":"Pen Nib"},{"floor":9,"key":"Gambling Chip"},{"floor":12,"key":"Peace Pipe"},{"floor":14,"key":"Molten Egg 2"}],"event_choices":[{"cards_removed":["Strike_R"],"damage_healed":0,"gold_gain":0,"player_choice":"Offered Basic","damage_taken":0,"max_hp_gain":0,"max_hp_loss":0,"event_name":"Bonfire Elementals","floor":2,"gold_loss":0}],"is_beta":false,"boss_relics":[{"not_picked":["Fusion Hammer","Runic Pyramid"],"picked":"Mark of Pain"}],"items_purged_floors":[19],"is_endless":false,"potions_floor_spawned":[1,3,5,8,10,11],"killed_by":"Chosen and Byrds","ascension_level":20}}