{"host":"yuhy0i501zzmn1iz","time":1611168942,"event":{"mods":["AchievementEnabler","AlwaysNeverKeys","BaseMod","Bestiary","Better Match","Better Third Choice","Curses Come First","Downfall","Minty Spire (QoL Compilation)","StSLib","slay the spire mod where everything is the same but ironclad has a cowboy hat"],"gold_per_floor":[114,289,301,401,420,454,454,483,483,510,525,539,539,539,539,638,638,648,648,35,52,66,97,97,128,153,187,62,62,62,72,72,170,170,180,199,199,209,209,241,39,64,89,89,105,135,135,150,150,150,150,150,20,47,47],"floor_reached":56,"language":"ENG","playtime":1797,"items_purged":[],"score":1879,"play_id":"e1f21577-56f4-49c4-bfed-8332030d5530","local_time":"20210120135542","is_ascension_mode":true,"campfire_choices":[{"data":"Cleave","floor":7,"key":"SMITH"},{"data":"Whirlwind","floor":13,"key":"SMITH"},{"data":"Pummel","floor":15,"key":"SMITH"},{"data":"Feed","floor":30,"key":"SMITH"},{"data":"Heavy Blade","floor":32,"key":"SMITH"},{"floor":44,"key":"RECALL"},{"data":"Limit Break","floor":49,"key":"SMITH"},{"data":"Dramatic Entrance","floor":52,"key":"SMITH"}],"circlet_count":0,"master_deck":["Strike_R","Strike_R","Strike_R","Strike_R","Defend_R","Defend_R","Defend_R","Defend_R+1","Bash","Cleave+1","Doubt","Pommel Strike","Parasite","Normality","Decay","Corruption","Shame","downfall:Haunted","Searing Blow","Thunderclap","Havoc","Pummel+1","Whirlwind+1","Feel No Pain+1","Feed+1","CurseOfTheBell","Second Wind","True Grit","Burning Pact+1","Second Wind","Mayhem+1","Sword Boomerang","Cleave","Fire Breathing+1","Rampage","Twin Strike","Wild Strike","Dropkick","Heavy Blade+1","Immolate","Heavy Blade+1","Dual Wield+1","Madness","Dramatic Entrance+1","Panacea","Sword Boomerang+1","Writhe","Rage","Sword Boomerang","Anger","Cleave","downfall:Bewildered","Pommel Strike+1","Battle Trance","Limit Break+1","Offering","Battle Trance"],"relics":["Burning Blood","NeowsBlessing","Du-Vu Doll","Champion Belt","The Courier","Frozen Egg 2","Pantograph","Calling Bell","Centennial Puzzle","White Beast Statue","Lizard Tail","Potion Belt","Akabeko","Matryoshka","Pear","War Paint","Lantern","Bronze Scales","MealTicket","Frozen Eye","Cursed Key","Bottled Lightning","Vajra","Blue Candle","Bottled Flame","Omamori","Mercury Hourglass"],"acts_visited":["Exordium","TheCity","TheBeyond","TheEnding"],"potions_floor_usage":[23,25,25,33,33,33,35,38,46],"damage_taken":[{"damage":0,"enemies":"Jaw Worm","floor":1,"turns":1},{"damage":0,"enemies":"2 Louse","floor":3,"turns":1},{"damage":0,"enemies":"Small Slimes","floor":5,"turns":1},{"damage":27,"enemies":"Lagavulin","floor":6,"turns":5},{"damage":15,"enemies":"3 Sentries","floor":8,"turns":4},{"damage":27,"enemies":"Gremlin Nob","floor":10,"turns":4},{"damage":0,"enemies":"2 Fungi Beasts","floor":11,"turns":2},{"damage":5,"enemies":"Red Slaver","floor":12,"turns":2},{"damage":39,"enemies":"The Guardian","floor":16,"turns":9},{"damage":23,"enemies":"Spheric Guardian","floor":18,"turns":4},{"damage":0,"enemies":"3 Byrds","floor":21,"turns":1},{"damage":6,"enemies":"Sentry and Sphere","floor":22,"turns":3},{"damage":18,"enemies":"Book of Stabbing","floor":23,"turns":3},{"damage":26,"enemies":"Gremlin Leader","floor":25,"turns":5},{"damage":0,"enemies":"Slavers","floor":27,"turns":1},{"damage":5,"enemies":"Shelled Parasite and Fungi","floor":31,"turns":2},{"damage":116,"enemies":"Automaton","floor":33,"turns":9},{"damage":0,"enemies":"3 Darklings","floor":35,"turns":2},{"damage":17,"enemies":"3 Shapes","floor":36,"turns":2},{"damage":12,"enemies":"Writhing Mass","floor":38,"turns":2},{"damage":27,"enemies":"Giant Head","floor":40,"turns":7},{"damage":0,"enemies":"Reptomancer","floor":42,"turns":2},{"damage":0,"enemies":"Jaw Worm Horde","floor":45,"turns":1},{"damage":7,"enemies":"Nemesis","floor":46,"turns":3},{"damage":21,"enemies":"Spire Growth","floor":48,"turns":3},{"damage":84,"enemies":"Time Eater","floor":50,"turns":8},{"damage":12,"enemies":"Shield and Spear","floor":54,"turns":2},{"damage":94,"enemies":"The Heart","floor":55,"turns":5}],"seed_played":"8030147359082649355","potions_obtained":[{"floor":3,"key":"LiquidMemories"},{"floor":8,"key":"DuplicationPotion"},{"floor":10,"key":"Weak Potion"},{"floor":21,"key":"Ancient Potion"},{"floor":22,"key":"FairyPotion"},{"floor":23,"key":"PowerPotion"},{"floor":25,"key":"Weak Potion"},{"floor":27,"key":"ColorlessPotion"},{"floor":33,"key":"Explosive Potion"},{"floor":35,"key":"Guardian:BlockOnCardUsePotion"},{"floor":36,"key":"Fire Potion"},{"floor":38,"key":"BlessingOfTheForge"},{"floor":40,"key":"LiquidMemories"},{"floor":42,"key":"EssenceOfSteel"},{"floor":46,"key":"Fruit Juice"},{"floor":48,"key":"Fire Potion"}],"is_trial":false,"path_per_floor":["M","?","M","?","M","E","R","E","T","E","M","M","R","?","R","B",null,"M","?","$","M","M","E","?","E","T","E","$","?","R","M","R","B",null,"M","M","?","M","?","E","$","E","T","R","M","E","?","M","R","B",null,"R","$","E","B",null],"character_chosen":"IRONCLAD","items_purchased":["Potion Belt","Akabeko","True Grit","Burning Pact","Second Wind","Mayhem+1","Sword Boomerang","Cleave","Frozen Eye","Vajra","Sword Boomerang","Anger","Offering"],"campfire_rested":0,"item_purchase_floors":[20,20,20,20,20,20,20,20,28,41,41,41,53],"current_hp_per_floor":[80,80,80,85,85,64,64,55,55,34,40,41,41,46,46,38,77,60,60,60,66,66,54,64,44,44,50,65,65,65,66,66,11,78,84,73,63,61,87,66,81,87,87,87,93,97,97,82,82,29,89,89,104,98,21],"gold":47,"neow_bonus":"THREE_ENEMY_KILL","is_daily":false,"chose_seed":false,"campfire_upgraded":7,"win_rate":0.0,"timestamp":1611168942,"path_taken":["M","?","M","?","?","E","R","E","T","E","M","M","R","?","R","BOSS","M","?","$","M","?","E","?","E","T","E","$","?","R","M","R","BOSS","M","M","?","M","?","E","$","E","T","R","M","E","?","?","R","BOSS","R","$","E","BOSS"],"items_purchased_type":["Relic","Relic","Card","Card","Card","Card","Card","Card","Relic","Relic","Card","Card","Card"],"build_version":"2020-12-22","purchased_purges":0,"victory":true,"max_hp_per_floor":[80,80,80,85,85,85,85,85,85,85,85,85,85,90,90,90,90,90,90,90,90,90,90,100,100,100,100,100,100,100,100,100,100,100,100,100,100,104,104,104,104,104,104,104,104,109,109,109,109,109,109,109,109,109,109],"card_choices":[{"not_picked":["Sword Boomerang","Twin Strike"],"picked":"Cleave","floor":1},{"not_picked":["Clothesline","Wild Strike"],"picked":"Pommel Strike","floor":3},{"not_picked":["Armaments","Havoc"],"picked":"Searing Blow","floor":5},{"not_picked":["Flex","Clothesline"],"picked":"Thunderclap","floor":6},{"not_picked":["Warcry","Uppercut"],"picked":"Havoc","floor":8},{"not_picked":["Anger","Bludgeon"],"picked":"Pummel","floor":10},{"not_picked":["Sword Boomerang","Anger"],"picked":"Whirlwind","floor":11},{"not_picked":["Clash","Body Slam"],"picked":"Feel No Pain+1","floor":12},{"not_picked":["Exhume","Impervious"],"picked":"Feed","floor":16},{"not_picked":["Havoc","Rampage"],"picked":"Second Wind","floor":18},{"not_picked":["Blood for Blood","Anger"],"picked":"Fire Breathing+1","floor":21},{"not_picked":["Sentinel","Body Slam"],"picked":"Rampage","floor":22},{"not_picked":["Armaments","Entrench"],"picked":"Twin Strike","floor":23},{"not_picked":["Offering","Metallicize+1"],"picked":"Wild Strike","floor":25},{"not_picked":["Warcry","Headbutt"],"picked":"Dropkick","floor":27},{"not_picked":["Flame Barrier","Flex"],"picked":"Heavy Blade","floor":31},{"not_picked":["Bludgeon","Brutality+1"],"picked":"Immolate","floor":33},{"not_picked":["Burning Pact","Rampage"],"picked":"Heavy Blade+1","floor":35},{"not_picked":["Armaments+1","Wild Strike"],"picked":"Dual Wield+1","floor":36},{"not_picked":["Trip","PanicButton"],"picked":"Madness","floor":37},{"not_picked":["Secret Technique","Flash of Steel"],"picked":"Dramatic Entrance","floor":37},{"not_picked":["Metamorphosis","Jack Of All Trades"],"picked":"Panacea","floor":37},{"not_picked":["Shrug It Off","Feel No Pain+1"],"picked":"Sword Boomerang+1","floor":38},{"not_picked":["Flex+1","Shrug It Off"],"picked":"Rage","floor":40},{"not_picked":["Havoc+1","Uppercut"],"picked":"Cleave","floor":42},{"not_picked":["Barricade+1","Perfected Strike+1"],"picked":"Pommel Strike+1","floor":45},{"not_picked":["Blood for Blood","Clothesline+1"],"picked":"Battle Trance","floor":46},{"not_picked":["Heavy Blade+1","Feel No Pain+1"],"picked":"Limit Break","floor":48},{"not_picked":["Anger+1","Perfected Strike"],"picked":"Battle Trance","floor":54}],"player_experience":315728,"relics_obtained":[{"floor":6,"key":"Champion Belt"},{"floor":8,"key":"The Courier"},{"floor":9,"key":"Frozen Egg 2"},{"floor":10,"key":"Pantograph"},{"floor":17,"key":"Centennial Puzzle"},{"floor":17,"key":"White Beast Statue"},{"floor":17,"key":"Lizard Tail"},{"floor":23,"key":"Matryoshka"},{"floor":25,"key":"War Paint"},{"floor":26,"key":"Lantern"},{"floor":26,"key":"Bronze Scales"},{"floor":27,"key":"MealTicket"},{"floor":40,"key":"Bottled Lightning"},{"floor":42,"key":"Blue Candle"},{"floor":43,"key":"Bottled Flame"},{"floor":46,"key":"Omamori"},{"floor":54,"key":"Mercury Hourglass"}],"event_choices":[{"damage_healed":0,"gold_gain":175,"player_choice":"AGREE","damage_taken":114,"max_hp_gain":0,"max_hp_loss":0,"event_name":"betterThird:BetterSerpent","floor":2,"gold_loss":0},{"damage_healed":0,"gold_gain":0,"player_choice":"Donut","damage_taken":0,"max_hp_gain":5,"max_hp_loss":0,"event_name":"Big Fish","floor":14,"gold_loss":0},{"damage_healed":0,"gold_gain":0,"player_choice":"Got Potions","damage_taken":0,"max_hp_gain":0,"max_hp_loss":0,"event_name":"Lab","floor":19,"gold_loss":0},{"damage_healed":0,"gold_gain":0,"player_choice":"Opened","damage_taken":0,"relics_obtained":["Pear"],"max_hp_gain":0,"max_hp_loss":0,"event_name":"The Mausoleum","floor":24,"gold_loss":0},{"damage_healed":0,"gold_gain":0,"player_choice":"Ignored","damage_taken":0,"max_hp_gain":0,"max_hp_loss":0,"event_name":"Fountain of Cleansing","floor":29,"gold_loss":0},{"damage_healed":0,"gold_gain":0,"player_choice":"Memory 3","damage_taken":10,"max_hp_gain":0,"max_hp_loss":0,"event_name":"SensoryStone","floor":37,"gold_loss":0},{"damage_healed":26,"gold_gain":0,"player_choice":"Writhe","damage_taken":0,"max_hp_gain":0,"max_hp_loss":0,"event_name":"Winding Halls","floor":39,"gold_loss":0,"cards_obtained":["Writhe"]},{"cards_removed":["Strike_R"],"damage_healed":0,"gold_gain":0,"player_choice":"Purged","damage_taken":0,"max_hp_gain":0,"max_hp_loss":0,"event_name":"Purifier","floor":47,"gold_loss":0}],"is_beta":false,"boss_relics":[{"not_picked":["Runic Pyramid","Coffee Dripper"],"picked":"Calling Bell"},{"not_picked":["Velvet Choker","Black Star"],"picked":"Cursed Key"}],"items_purged_floors":[],"is_endless":false,"potions_floor_spawned":[3,8,10,11,16,18,21,22,23,25,27,31,33,35,36,38,40,42,45,46,48,54],"ascension_level":5}}