{"host":"vumwfieg2b2mnrfl","time":1611165173,"event":{"mods":["AchievementEnabler","BaseMod","Minty Spire (QoL Compilation)","Rare Cards Sparkle","Relic Stats"],"gold_per_floor":[115,129,129,109,129,129,159,159,209,248,260,285,315,341,353,441,453,477,489,177,177,177,187,187,201,227,227,227],"floor_reached":27,"language":"ENG","playtime":625,"items_purged":["Strike_R"],"score":505,"play_id":"8f7045ab-7ddf-492f-8843-2e2c5aab956e","local_time":"20210120115253","is_ascension_mode":true,"campfire_choices":[{"data":"Bash","floor":6,"key":"SMITH"},{"floor":8,"key":"REST"},{"data":"Armaments","floor":11,"key":"SMITH"},{"data":"Fire Breathing","floor":15,"key":"SMITH"}],"circlet_count":0,"master_deck":["AscendersBane","Strike_R","Strike_R","Strike_R","Defend_R","Defend_R","Defend_R+1","Bash+1","Thunderclap","Fiend Fire+1","Armaments+1","Fire Breathing+1","Battle Trance+1","Battle Trance","Feed","Metallicize+1","Feed","Heavy Blade","Uppercut"],"relics":["Burning Blood","NeowsBlessing","Ancient Tea Set","MawBank","Smiling Mask","SlaversCollar","Singing Bowl","MealTicket","Orichalcum"],"acts_visited":["Exordium","TheCity"],"potions_floor_usage":[10,18,27,27],"damage_taken":[{"damage":0,"enemies":"Cultist","floor":1,"turns":1},{"damage":0,"enemies":"2 Louse","floor":2,"turns":1},{"damage":0,"enemies":"Jaw Worm","floor":5,"turns":1},{"damage":44,"enemies":"3 Sentries","floor":7,"turns":11},{"damage":5,"enemies":"Gremlin Nob","floor":10,"turns":3},{"damage":14,"enemies":"Exordium Thugs","floor":12,"turns":2},{"damage":3,"enemies":"Looter","floor":13,"turns":2},{"damage":7,"enemies":"3 Louse","floor":14,"turns":3},{"damage":0,"enemies":"Slime Boss","floor":16,"turns":4},{"damage":24,"enemies":"Spheric Guardian","floor":18,"turns":5},{"damage":29,"enemies":"Shell Parasite","floor":23,"turns":5},{"damage":41,"enemies":"Snake Plant","floor":25,"turns":5},{"damage":21,"enemies":"Slavers","floor":27,"turns":1}],"seed_played":"-2567291824487211570","potions_obtained":[{"floor":1,"key":"Energy Potion"},{"floor":4,"key":"EssenceOfSteel"},{"floor":5,"key":"Dexterity Potion"},{"floor":7,"key":"PowerPotion"},{"floor":12,"key":"AttackPotion"},{"floor":18,"key":"CultistPotion"},{"floor":23,"key":"CultistPotion"}],"is_trial":false,"path_per_floor":["M","M","?","?","M","R","E","R","T","E","R","M","M","M","R","B",null,"M","?","$","T","?","M","?","M","T","E"],"character_chosen":"IRONCLAD","items_purchased":["Singing Bowl"],"campfire_rested":1,"item_purchase_floors":[20],"current_hp_per_floor":[74,75,52,52,58,58,20,42,42,43,43,35,38,37,37,43,67,49,49,49,49,49,30,46,16,16,0,0],"gold":227,"neow_bonus":"THREE_ENEMY_KILL","is_daily":false,"chose_seed":false,"campfire_upgraded":3,"win_rate":0.0,"timestamp":1611165173,"path_taken":["M","?","?","?","M","R","E","R","T","E","R","M","?","M","R","BOSS","M","?","$","?","?","M","?","?","T","E"],"items_purchased_type":["Relic"],"build_version":"2020-12-22","purchased_purges":1,"victory":false,"max_hp_per_floor":[75,75,75,75,75,75,75,75,75,75,75,75,75,75,75,75,75,75,75,75,75,75,79,79,84,84,84,84],"relic_stats":{"Singing Bowl":2,"counters":[13,44],"MealTicket":0,"Orichalcum":[0],"MawBank":132,"Smiling Mask":25,"obtain_stats":[{"SlaversCollar":17,"NeowsBlessing":0,"Singing Bowl":20,"MealTicket":21,"Orichalcum":26,"Ancient Tea Set":7,"MawBank":9,"Smiling Mask":10,"Burning Blood":0},{"SlaversCollar":9,"NeowsBlessing":0,"Singing Bowl":10,"MealTicket":10,"Orichalcum":12,"Ancient Tea Set":4,"MawBank":4,"Smiling Mask":5,"Burning Blood":0},{"SlaversCollar":28,"NeowsBlessing":0,"Singing Bowl":33,"MealTicket":33,"Orichalcum":43,"Ancient Tea Set":14,"MawBank":14,"Smiling Mask":17,"Burning Blood":0}],"Burning Blood":67},"card_choices":[{"not_picked":["Havoc","Warcry"],"picked":"Thunderclap","floor":1},{"not_picked":["Anger","Havoc"],"picked":"Fiend Fire","floor":2},{"not_picked":["Perfected Strike","Flex","Warcry"],"picked":"SKIP","floor":5},{"not_picked":["Second Wind","Iron Wave"],"picked":"Armaments","floor":7},{"not_picked":["Whirlwind","Warcry"],"picked":"Fire Breathing","floor":10},{"not_picked":["Sever Soul","Havoc","Dropkick"],"picked":"SKIP","floor":12},{"not_picked":["Inflame","Flex"],"picked":"Battle Trance","floor":13},{"not_picked":["Whirlwind","Clash"],"picked":"Battle Trance","floor":14},{"not_picked":["Bludgeon","Impervious"],"picked":"Feed","floor":16},{"not_picked":["Reckless Charge","Pommel Strike+1"],"picked":"Metallicize+1","floor":18},{"not_picked":["Inflame","True Grit"],"picked":"Uppercut","floor":23},{"not_picked":["True Grit","Dark Embrace+1","Fire Breathing"],"picked":"Singing Bowl","floor":25}],"player_experience":444783,"relics_obtained":[{"floor":7,"key":"Ancient Tea Set"},{"floor":9,"key":"MawBank"},{"floor":10,"key":"Smiling Mask"},{"floor":21,"key":"MealTicket"},{"floor":26,"key":"Orichalcum"}],"event_choices":[{"damage_healed":0,"gold_gain":0,"player_choice":"Entered Light","damage_taken":23,"max_hp_gain":0,"max_hp_loss":0,"event_name":"Shining Light","floor":3,"gold_loss":0,"cards_upgraded":["Defend_R","Fiend Fire"]},{"damage_healed":0,"gold_gain":0,"player_choice":"Bought 1 Potion","damage_taken":0,"max_hp_gain":0,"max_hp_loss":0,"event_name":"The Woman in Blue","floor":4,"gold_loss":0},{"damage_healed":0,"gold_gain":0,"player_choice":"Upgraded","damage_taken":0,"max_hp_gain":0,"max_hp_loss":0,"event_name":"Upgrade Shrine","floor":19,"gold_loss":0,"cards_upgraded":["Battle Trance"]},{"damage_healed":0,"gold_gain":0,"cards_transformed":["Strike_R","Defend_R"],"player_choice":"Became Test Subject","damage_taken":0,"max_hp_gain":0,"max_hp_loss":0,"event_name":"Drug Dealer","floor":22,"gold_loss":0,"cards_obtained":["Feed","Heavy Blade"]},{"damage_healed":16,"gold_gain":0,"player_choice":"Heal","damage_taken":0,"max_hp_gain":0,"max_hp_loss":0,"event_name":"The Library","floor":24,"gold_loss":0}],"is_beta":false,"boss_relics":[{"not_picked":["Runic Cube","Runic Dome"],"picked":"SlaversCollar"}],"items_purged_floors":[20],"is_endless":false,"potions_floor_spawned":[1,5,7,12,14,18,23],"killed_by":"Slavers","ascension_level":17}}