{"host":"ayh4nqhr0ddw4ozv","time":1611125084,"event":{"mods":["BaseMod","Minty Spire (QoL Compilation)","Relic Stats","Replay The Spire","Robot Space Explorer","StSLib"],"gold_per_floor":[118,137,147,147,216,216,248,248,248,264,289,308,334,334,334,411,411,424,434,359,359,359,359,384,138,138,138,183,183,183,28,47,94,94,179,179,198,15,42,42,42,42,77,77,77,77,77,110,131,170,188,188,188,198,198,198,46,81,91],"floor_reached":60,"language":"ENG","playtime":3481,"items_purged":["Strike_R","Strike_R"],"score":2247,"play_id":"005aea3f-658c-49fa-a383-030a934e6cdb","local_time":"20210119224444","is_ascension_mode":true,"campfire_choices":[{"data":"Immolate","floor":6.0,"key":"SMITH"},{"data":"ReplayTheSpireMod:Limb From Limb","floor":8.0,"key":"SMITH"},{"data":"CrushJoints","floor":15,"key":"SMITH"},{"data":"Evolve","floor":23,"key":"SMITH"},{"data":"Shockwave","floor":29,"key":"SMITH"},{"data":"Abandon","floor":34,"key":"SMITH"},{"data":"Enlightenment","floor":42,"key":"SMITH"},{"data":"Replay:BasicMightCard","floor":46,"key":"SMITH"},{"floor":53,"key":"RECALL"},{"data":"Disarm","floor":56,"key":"SMITH"}],"circlet_count":0,"master_deck":["AscendersBane","Strike_R","Strike_R","Strike_R","Defend_R+1","Defend_R","Defend_R+1","Defend_R","Immolate+1","ReplayTheSpireMod:Limb From Limb+1","Ghostly Armor","Eruption","Crescendo","Offering","CrushJoints+1","Evolve+1","Impervious","Shockwave+1","Pommel Strike+1","Abandon+1","Brutality","Replay:BasicMightCard+1","Enlightenment+1","Burning Pact","Disarm+1"],"relics":["Replay:M_SmolderingBlood","Nunchaku","White Beast Statue","HornCleat","Chameleon Ring","Simple Rune","Omamori","Black Star","ReplayTheSpireMod:Ring of Addiction","Toy Ornithopter","SacredBark","Ring of Searing","Molten Egg 2","ReplayFunnel","OrangePellets","Replay:Bandana","Meat on the Bone","Medical Kit","Singing Bowl","Bottled Flame","ChewingGum","Membership Card","Turnip","PreservedInsect","TungstenRod","Durian","Bottled Lightning","Ice Cream","Charon\u0027s Ashes","Lantern"],"acts_visited":["Exordium","TheCity","TheBeyond","TheEnding"],"potions_floor_usage":[11,12,13,18,24,32,33,35,35,39,43,51,58,59,59],"damage_taken":[{"damage":0.0,"enemies":"2 Louse","floor":1.0,"turns":1.0},{"damage":0.0,"enemies":"Small Slimes","floor":2.0,"turns":2.0},{"damage":12.0,"enemies":"Jaw Worm","floor":3.0,"turns":3.0},{"damage":16.0,"enemies":"Gremlin Nob","floor":7.0,"turns":3.0},{"damage":15.0,"enemies":"Exordium Thugs","floor":10.0,"turns":2.0},{"damage":6,"enemies":"Lagavulin","floor":11,"turns":2},{"damage":12,"enemies":"Blue Slaver","floor":12,"turns":6},{"damage":0,"enemies":"3 Sentries","floor":13,"turns":4},{"damage":11,"enemies":"Fading Forest","floor":16,"turns":11},{"damage":8,"enemies":"3 Byrds","floor":18,"turns":4},{"damage":0,"enemies":"2 Thieves","floor":19,"turns":3},{"damage":6,"enemies":"Book of Stabbing","floor":24,"turns":1},{"damage":6,"enemies":"Snake Plant","floor":32,"turns":1},{"damage":6,"enemies":"Gremlin Leader","floor":33,"turns":3},{"damage":9,"enemies":"Automaton","floor":35,"turns":5},{"damage":12,"enemies":"Orb Walker","floor":37,"turns":2},{"damage":37,"enemies":"Mind Bloom Boss Battle","floor":39,"turns":6},{"damage":27,"enemies":"Nemesis","floor":43,"turns":5},{"damage":5,"enemies":"3 Darklings","floor":48,"turns":4},{"damage":0,"enemies":"Jaw Worm Horde","floor":49,"turns":1},{"damage":5,"enemies":"Giant Head","floor":50,"turns":4},{"damage":0,"enemies":"Transient","floor":51,"turns":5},{"damage":24,"enemies":"Donu and Deca","floor":54,"turns":5},{"damage":19,"enemies":"Shield and Spear","floor":58,"turns":2},{"damage":12,"enemies":"The Heart","floor":59,"turns":6}],"seed_played":"-1283269741092208520","potions_obtained":[{"floor":1.0,"key":"LiquidBronze"},{"floor":3.0,"key":"ColorlessPotion"},{"floor":5.0,"key":"Fruit Juice"},{"floor":10.0,"key":"Regen Potion"},{"floor":11,"key":"EssenceOfSteel"},{"floor":12,"key":"ElixirPotion"},{"floor":13,"key":"LiquidMemories"},{"floor":18,"key":"Flashbang"},{"floor":22,"key":"DuplicationPotion"},{"floor":22,"key":"DistilledChaos"},{"floor":24,"key":"Adrenaline Potion"},{"floor":32,"key":"Energy Potion"},{"floor":33,"key":"Swift Potion"},{"floor":35,"key":"Regen Potion"},{"floor":37,"key":"SpeedPotion"},{"floor":39,"key":"SkillPotion"},{"floor":43,"key":"EntropicBrew"},{"floor":48,"key":"Languid Potion"},{"floor":58,"key":"EssenceOfSteel"}],"is_trial":false,"path_per_floor":["M","M","M","?","?","R","E","R","T","M","E","M","E","?","R","B",null,"M","M","$","?","?","R","E","$","PTL","PTL","T","R","?","$","M","E","R","B",null,"M","$","?","?","?","R","E","PTL","PTL","R","T","M","M","E","M","?","R","B",null,"R","$","E","B",null],"character_chosen":"IRONCLAD","items_purchased":["OrangePellets","Medical Kit","Membership Card","Dark Embrace","Ice Cream"],"campfire_rested":0,"item_purchase_floors":[25,31,38,38,57],"current_hp_per_floor":[72,72,66,66,66,66,50,50,50,35,36,49,49,42,42,39,69,61,61,61,46,46,46,45,45,45,45,45,45,45,45,44,43,43,44,71,61,61,73,73,68,68,48,48,48,48,48,45,45,57,64,57,57,45,75,75,75,63,61],"gold":91,"neow_bonus":"THREE_RARE_CARDS","is_daily":false,"chose_seed":false,"campfire_upgraded":9,"win_rate":0.0,"timestamp":1611125084,"path_taken":["M","M","M","?","?","R","E","R","T","M","E","M","E","?","R","BOSS","M","M","$","?","?","R","E","$","PTL","PTL","T","R","?","?","M","E","R","BOSS","M","$","?","?","?","R","E","PTL","PTL","R","T","M","M","E","?","?","R","BOSS","R","$","E","BOSS"],"items_purchased_type":["Relic","Relic","Relic","Card","Relic"],"build_version":"2020-12-22","purchased_purges":2,"victory":true,"max_hp_per_floor":[72,72,72,72,72,72,72,72,72,72,79,79,79,79,79,79,79,79,79,79,84,84,84,84,84,84,84,82,82,82,80,80,80,80,80,80,82,82,82,82,82,82,82,82,82,82,80,82,82,85,87,87,87,87,85,85,85,85,85],"relic_stats":{"Singing Bowl":12,"counters":[25,91],"PreservedInsect":207,"Charon\u0027s Ashes":[60],"Medical Kit":[8],"OrangePellets":[1],"Nunchaku":[15],"Turnip":[2],"Black Star":5,"obtain_stats":[{"ReplayFunnel":24,"Ice Cream":57,"Lantern":58,"Singing Bowl":33,"SacredBark":22,"Burning Blood":0,"Ring of Searing":22,"Nunchaku":5,"Replay:Bandana":28,"HornCleat":9,"Chameleon Ring":11,"Replay:M_SmolderingBlood":4,"ReplayTheSpireMod:Ring of Addiction":22,"PreservedInsect":43,"Charon\u0027s Ashes":58,"Omamori":14,"Medical Kit":31,"White Beast Statue":7,"OrangePellets":25,"Bottled Flame":33,"Simple Rune":13,"Molten Egg 2":24,"ChewingGum":36,"Turnip":39,"Black Star":17,"Durian":50,"Membership Card":38,"Bottled Lightning":50,"Toy Ornithopter":22,"TungstenRod":43,"Meat on the Bone":30},{"ReplayFunnel":12,"Ice Cream":23,"Lantern":24,"Singing Bowl":14,"SacredBark":11,"Burning Blood":0,"Ring of Searing":11,"Nunchaku":3,"Replay:Bandana":12,"HornCleat":4,"Chameleon Ring":6,"Replay:M_SmolderingBlood":3,"ReplayTheSpireMod:Ring of Addiction":11,"PreservedInsect":18,"Charon\u0027s Ashes":24,"Omamori":8,"Medical Kit":12,"White Beast Statue":4,"OrangePellets":12,"Bottled Flame":14,"Simple Rune":8,"Molten Egg 2":12,"ChewingGum":15,"Turnip":17,"Black Star":9,"Durian":21,"Membership Card":16,"Bottled Lightning":21,"Toy Ornithopter":11,"TungstenRod":18,"Meat on the Bone":12},{"ReplayFunnel":42,"Ice Cream":83,"Lantern":85,"Singing Bowl":46,"SacredBark":41,"Burning Blood":0,"Ring of Searing":41,"Nunchaku":6,"Replay:Bandana":42,"HornCleat":9,"Chameleon Ring":13,"Replay:M_SmolderingBlood":6,"ReplayTheSpireMod:Ring of Addiction":41,"PreservedInsect":64,"Charon\u0027s Ashes":85,"Omamori":23,"Medical Kit":42,"White Beast Statue":9,"OrangePellets":42,"Bottled Flame":46,"Simple Rune":23,"Molten Egg 2":42,"ChewingGum":51,"Turnip":59,"Black Star":34,"Durian":73,"Membership Card":53,"Bottled Lightning":73,"Toy Ornithopter":41,"TungstenRod":64,"Meat on the Bone":42}],"Toy Ornithopter":55,"TungstenRod":37,"Meat on the Bone":24},"card_choices":[{"not_picked":["Berserk","Exhume"],"picked":"Immolate","floor":0.0},{"not_picked":["Dual Wield","Sword Boomerang"],"picked":"ReplayTheSpireMod:Limb From Limb","floor":1.0},{"not_picked":["Shrug It Off","Twin Strike","ReplayTheSpireMod:Strike From Hell"],"picked":"SKIP","floor":2.0},{"not_picked":["Replay:Undeath\u0027s Touch","Entrench"],"picked":"Ghostly Armor","floor":3.0},{"not_picked":["Carnage","Heavy Blade"],"picked":"Crescendo","floor":5.0},{"not_picked":["EmptyFist","FlyingSleeves"],"picked":"Offering","floor":7.0},{"not_picked":["Dropkick","Perfected Strike"],"picked":"CrushJoints","floor":10.0},{"not_picked":["Headbutt","Immolate","Armaments"],"picked":"SKIP","floor":11},{"not_picked":["Clothesline","Warcry"],"picked":"Evolve","floor":12},{"not_picked":["Headbutt","Juggernaut","Infernal Blade"],"picked":"SKIP","floor":13},{"not_picked":["Barricade","Berserk"],"picked":"Impervious","floor":16},{"not_picked":["ReplayTheSpireMod:Limb From Limb","Anger","Dropkick"],"picked":"SKIP","floor":18},{"not_picked":["Run Through","Shrug It Off"],"picked":"Shockwave","floor":19},{"not_picked":["Ghostly Armor","Infernal Blade"],"picked":"Pommel Strike+1","floor":24},{"not_picked":["Heavy Blade+1","Wild Strike+1","Limit Break"],"picked":"SKIP","floor":32},{"not_picked":["Shrug It Off","Reckless Charge+1"],"picked":"Abandon","floor":33},{"not_picked":["Corruption","Feed+1"],"picked":"Brutality","floor":35},{"not_picked":["Rampage+1","Armaments","Sword Boomerang+1"],"picked":"Singing Bowl","floor":37},{"not_picked":["ReplayTheSpireMod:Strike From Hell+1","Headbutt+1","Havoc"],"picked":"Singing Bowl","floor":39},{"not_picked":["ReplayTheSpireMod:Uncanny Aura","Enlightenment"],"picked":"Replay:BasicMightCard","floor":41},{"not_picked":["Replay:Bootleg Shield Generator","Trip"],"picked":"Enlightenment","floor":41},{"not_picked":["Rage","Run Through+1","Pommel Strike+1"],"picked":"Singing Bowl","floor":43},{"not_picked":["Pommel Strike+1","Dual Wield","Second Wind"],"picked":"Singing Bowl","floor":48},{"not_picked":["Anger+1","Warcry"],"picked":"Burning Pact","floor":49},{"not_picked":["Carnage+1","ReplayTheSpireMod:Corrosion Curse"],"picked":"Disarm","floor":50},{"not_picked":["Barricade","Clothesline+1","Iron Wave+1"],"picked":"Singing Bowl","floor":51},{"not_picked":["Intimidate","Life Link+1","Run Through+1"],"picked":"Singing Bowl","floor":58}],"player_experience":358780,"relics_obtained":[{"floor":5.0,"key":"Nunchaku"},{"floor":7.0,"key":"White Beast Statue"},{"floor":9.0,"key":"HornCleat"},{"floor":11,"key":"Chameleon Ring"},{"floor":13,"key":"Simple Rune"},{"floor":22,"key":"ReplayTheSpireMod:Ring of Addiction"},{"floor":22,"key":"Toy Ornithopter"},{"floor":22,"key":"SacredBark"},{"floor":22,"key":"Ring of Searing"},{"floor":24,"key":"Molten Egg 2"},{"floor":24,"key":"ReplayFunnel"},{"floor":28,"key":"Replay:Bandana"},{"floor":33,"key":"Singing Bowl"},{"floor":33,"key":"Bottled Flame"},{"floor":39,"key":"Turnip"},{"floor":43,"key":"PreservedInsect"},{"floor":43,"key":"TungstenRod"},{"floor":50,"key":"Durian"},{"floor":50,"key":"Bottled Lightning"},{"floor":58,"key":"Charon\u0027s Ashes"},{"floor":58,"key":"Lantern"}],"event_choices":[{"damage_healed":0,"gold_gain":0,"player_choice":"Success","damage_taken":7,"relics_obtained":["Omamori"],"max_hp_gain":0,"max_hp_loss":0,"event_name":"Scrap Ooze","floor":14,"gold_loss":0},{"damage_healed":0,"gold_gain":0,"player_choice":"Shed Blood","damage_taken":20,"max_hp_gain":5,"max_hp_loss":0,"event_name":"Forgotten Altar","floor":21,"gold_loss":0},{"damage_healed":0,"gold_gain":0,"player_choice":"Fight","damage_taken":0,"max_hp_gain":0,"max_hp_loss":0,"event_name":"MindBloom","floor":39,"gold_loss":0},{"cards_removed":["Dark Embrace"],"damage_healed":0,"gold_gain":0,"player_choice":"Removed Power","damage_taken":0,"max_hp_gain":0,"max_hp_loss":0,"event_name":"Falling","floor":40,"gold_loss":0},{"damage_healed":0,"gold_gain":0,"player_choice":"Memory 2","damage_taken":5,"max_hp_gain":0,"max_hp_loss":0,"event_name":"SensoryStone","floor":41,"gold_loss":0},{"damage_healed":0,"gold_gain":0,"player_choice":"Damaged","damage_taken":8,"max_hp_gain":0,"max_hp_loss":0,"event_name":"Wheel of Change","floor":52,"gold_loss":0}],"is_beta":false,"boss_relics":[{"not_picked":["Ectoplasm","SlaversCollar"],"picked":"Black Star"},{"not_picked":["Calling Bell","Honey Jar"],"picked":"ChewingGum"}],"items_purged_floors":[20,25],"is_endless":false,"potions_floor_spawned":[1,3,10,11,12,13,16,18,19,24,32,33,35,37,39,43,48,49,50,51,58],"ascension_level":13}}