{"host":"8yg5xi2a6w9qkgsw","time":1611162166,"event":{"mods":["AchievementEnabler","BaseMod","Block Reminder","Colored Powertips","Minty Spire (QoL Compilation)","MonsterHotkey","Random Character Button","Relic Stats"],"gold_per_floor":[111,111,122,136,136,164,164,175,175,175,205,205,230,230,230,333,333,350,361,16,36,52,79,79,110,110,110,110,130,163,178,178,178,178],"floor_reached":33,"language":"ENG","playtime":5036,"items_purged":["Strike_G"],"score":520,"play_id":"8808b214-251a-4f17-82c4-1791e6e6fec5","local_time":"20210120180246","is_ascension_mode":true,"campfire_choices":[{"floor":7.0,"key":"REST"},{"data":"Deadly Poison","floor":10.0,"key":"SMITH"},{"floor":12.0,"key":"REST"},{"floor":15.0,"key":"REST"},{"floor":24,"key":"REST"},{"floor":27,"key":"REST"},{"data":"Well Laid Plans","floor":32,"key":"SMITH"}],"circlet_count":0,"master_deck":["AscendersBane","Strike_G+1","Defend_G","Defend_G","Defend_G","Defend_G","Defend_G","Survivor","Neutralize+1","Deadly Poison+1","Caltrops+1","Escape Plan","Endless Agony+1","Caltrops","Adrenaline","Acrobatics+1","Crippling Poison+1","After Image+1","Cloak And Dagger","Bouncing Flask","Flash of Steel","Escape Plan","Distraction+1","Blade Dance+1","Die Die Die","Backflip","Well Laid Plans+1"],"relics":["Ring of the Snake","NeowsBlessing","Darkstone Periapt","Ninja Scroll","Bottled Lightning","Potion Belt","Astrolabe","Ancient Tea Set","Whetstone","Singing Bowl","Art of War"],"acts_visited":["Exordium","TheCity"],"potions_floor_usage":[23,33,33],"damage_taken":[{"damage":0.0,"enemies":"Small Slimes","floor":1.0,"turns":1.0},{"damage":0.0,"enemies":"Cultist","floor":3.0,"turns":1.0},{"damage":0.0,"enemies":"2 Louse","floor":4.0,"turns":1.0},{"damage":35.0,"enemies":"Gremlin Nob","floor":6.0,"turns":5.0},{"damage":6.0,"enemies":"Looter","floor":8.0,"turns":4.0},{"damage":17.0,"enemies":"Lagavulin","floor":11.0,"turns":7.0},{"damage":14.0,"enemies":"3 Sentries","floor":13.0,"turns":6.0},{"damage":22.0,"enemies":"Hexaghost","floor":16.0,"turns":9.0},{"damage":0.0,"enemies":"Shell Parasite","floor":18.0,"turns":5.0},{"damage":0,"enemies":"Chosen","floor":19,"turns":6},{"damage":7,"enemies":"Centurion and Healer","floor":21,"turns":6},{"damage":7,"enemies":"Snecko","floor":22,"turns":5},{"damage":29,"enemies":"Gremlin Leader","floor":23,"turns":7},{"damage":6,"enemies":"Book of Stabbing","floor":25,"turns":6},{"damage":10,"enemies":"Snake Plant","floor":29,"turns":3},{"damage":5,"enemies":"Gremlin Leader","floor":30,"turns":5},{"damage":2,"enemies":"Centurion and Healer","floor":31,"turns":7},{"damage":39,"enemies":"Champ","floor":33,"turns":12}],"seed_played":"-5729827965775098266","potions_obtained":[{"floor":4.0,"key":"ColorlessPotion"},{"floor":8.0,"key":"Fire Potion"},{"floor":11.0,"key":"Explosive Potion"},{"floor":22,"key":"Strength Potion"},{"floor":23,"key":"LiquidMemories"},{"floor":29,"key":"CultistPotion"},{"floor":30,"key":"Dexterity Potion"}],"is_trial":false,"path_per_floor":["M","?","M","M","?","E","R","M","T","R","E","R","E","?","R","B",null,"M","M","$","M","M","E","R","E","T","R","?","M","E","M","R","B"],"character_chosen":"THE_SILENT","items_purchased":["Bouncing Flask","Flash of Steel","Ancient Tea Set"],"campfire_rested":5,"item_purchase_floors":[20,20,20],"current_hp_per_floor":[63,56,56,56,42,7,28,22,22,22,5,26,12,12,33,11,55,55,55,55,48,41,12,33,27,27,48,48,40,35,33,33,0,0],"gold":178,"neow_bonus":"THREE_ENEMY_KILL","is_daily":false,"chose_seed":false,"campfire_upgraded":2,"win_rate":0.0,"timestamp":1611162166,"path_taken":["M","?","?","M","?","E","R","M","T","R","E","R","E","?","R","BOSS","M","M","$","M","M","E","R","E","T","R","?","M","E","?","R","BOSS"],"items_purchased_type":["Card","Card","Relic"],"build_version":"2020-12-22","purchased_purges":1,"victory":false,"max_hp_per_floor":[70,70,70,70,70,70,70,70,70,70,70,70,70,70,70,70,70,70,70,70,70,70,70,70,70,70,70,70,72,72,72,72,72,72],"relic_stats":{"Darkstone Periapt":0,"Singing Bowl":2,"counters":[18,96],"Astrolabe":["Acrobatics","Crippling Poison","After Image"],"Art of War":[2],"Whetstone":["Neutralize","Endless Agony"],"obtain_stats":[{"Darkstone Periapt":6,"Potion Belt":13,"NeowsBlessing":0,"Singing Bowl":25,"Ninja Scroll":9,"Astrolabe":17,"Art of War":30,"Bottled Lightning":11,"Whetstone":23,"Ancient Tea Set":20,"Ring of the Snake":0},{"Darkstone Periapt":4,"Potion Belt":7,"NeowsBlessing":0,"Singing Bowl":14,"Ninja Scroll":5,"Astrolabe":8,"Art of War":16,"Bottled Lightning":6,"Whetstone":13,"Ancient Tea Set":10,"Ring of the Snake":0},{"Darkstone Periapt":8,"Potion Belt":25,"NeowsBlessing":0,"Singing Bowl":69,"Ninja Scroll":12,"Astrolabe":34,"Art of War":77,"Bottled Lightning":19,"Whetstone":63,"Ancient Tea Set":45,"Ring of the Snake":0}],"Ring of the Snake":[36]},"card_choices":[{"not_picked":["Deflect","Slice"],"picked":"Deadly Poison","floor":1.0},{"not_picked":["Prepared","Deflect"],"picked":"Caltrops","floor":3.0},{"not_picked":["Cloak And Dagger","Quick Slash","Acrobatics"],"picked":"SKIP","floor":4.0},{"not_picked":["Underhanded Strike","All Out Attack","Quick Slash"],"picked":"SKIP","floor":6.0},{"not_picked":["Heel Hook","PiercingWail"],"picked":"Escape Plan","floor":8.0},{"not_picked":["Underhanded Strike","Prepared"],"picked":"Endless Agony","floor":11.0},{"not_picked":["Dagger Throw","Setup"],"picked":"Caltrops","floor":13.0},{"not_picked":["Die Die Die","A Thousand Cuts"],"picked":"Adrenaline","floor":16.0},{"not_picked":["Backstab","Slice"],"picked":"Cloak And Dagger","floor":18.0},{"not_picked":["Quick Slash","Acrobatics","Flying Knee+1"],"picked":"SKIP","floor":19},{"not_picked":["Finisher","Terror"],"picked":"Escape Plan","floor":21},{"not_picked":["Deflect","Quick Slash"],"picked":"Distraction+1","floor":22},{"not_picked":["Dagger Throw","Deadly Poison"],"picked":"Blade Dance","floor":23},{"not_picked":["Choke+1","Bane"],"picked":"Die Die Die","floor":25},{"not_picked":["Dagger Spray+1","Accuracy","Distraction"],"picked":"Singing Bowl","floor":29},{"not_picked":["Underhanded Strike+1","Quick Slash"],"picked":"Backflip","floor":30},{"not_picked":["Flying Knee+1","Prepared"],"picked":"Well Laid Plans","floor":31}],"player_experience":1462601,"relics_obtained":[{"floor":6.0,"key":"Darkstone Periapt"},{"floor":9.0,"key":"Ninja Scroll"},{"floor":11.0,"key":"Bottled Lightning"},{"floor":13.0,"key":"Potion Belt"},{"floor":23,"key":"Whetstone"},{"floor":25,"key":"Singing Bowl"},{"floor":30,"key":"Art of War"}],"event_choices":[{"damage_healed":0.0,"max_hp_gain":0.0,"max_hp_loss":0.0,"gold_gain":0.0,"event_name":"Wheel of Change","player_choice":"Damaged","floor":2.0,"gold_loss":0.0,"damage_taken":7.0},{"damage_healed":0.0,"max_hp_gain":0.0,"max_hp_loss":0.0,"gold_gain":0.0,"event_name":"Shining Light","player_choice":"Entered Light","floor":5.0,"gold_loss":0.0,"damage_taken":14.0,"cards_upgraded":["Strike_G","Caltrops"]},{"damage_healed":0.0,"max_hp_gain":0.0,"max_hp_loss":0.0,"gold_gain":0.0,"event_name":"Dead Adventurer","player_choice":"Searched \u00270\u0027 times","floor":14.0,"gold_loss":0.0,"damage_taken":0.0},{"damage_healed":0,"gold_gain":0,"player_choice":"Forge","damage_taken":0,"max_hp_gain":0,"max_hp_loss":0,"event_name":"Accursed Blacksmith","floor":28,"gold_loss":0,"cards_upgraded":["Blade Dance"]}],"is_beta":false,"boss_relics":[{"not_picked":["Empty Cage","Philosopher\u0027s Stone"],"picked":"Astrolabe"}],"items_purged_floors":[20],"is_endless":false,"potions_floor_spawned":[4,8,11,22,23,29,30],"killed_by":"Champ","ascension_level":12}}