{"host":"1qxljlv0g0hslid3","time":1611144258,"event":{"mods":["2.2 Compatiblity","AchievementEnabler","Act Like it!","Astrologer","BaseMod","Beaked The Cultist","BetterRewards","Clawfect","Conspire","Custom Start","Dio Mod","Elementarium","Energized Spire","Googly Eyes","GungeonMod","Hallownest","Hermit","Hero for Fun","Hubris","Infinite Spire","Lobotomy","LobotomyExtend","Magitek Elite","Marisa????????","Minty Spire (QoL Compilation)","Prisma Mod","Remilia??????","Replay The Spire","Shop Mod","StSLib","The Administrix","The Alterego","The Animator","The Bug Knight","The Cursed","The Death Knight","The Elementalist","The Hierophant","The Jungle","The Necromancer","The Runesmith","The Senshi","The Servant 0.9.4","Wandering Minibosses","Yuri Mod","everything is the same but u backflip on backflip","slay the spire mod where everything is the same but ironclad has a cowboy hat"],"gold_per_floor":[109,109,125,125,91,122,122,82,82,96,96,171,186,230,230,353,353,372,386,407,407,407,407,236,236,261,261,261,261],"floor_reached":28,"language":"ENG","playtime":1789,"items_purged":[],"score":224,"play_id":"2ba63755-95cc-4045-80e5-da2e9010fca3","local_time":"20210120060418","is_ascension_mode":false,"campfire_choices":[{"data":"Summon_Lich","floor":7,"key":"SMITH"},{"floor":15,"key":"REST"},{"data":"Bone_Wall","floor":23,"key":"SMITH"},{"data":"Summon_Undead_Army","floor":25,"key":"SMITH"}],"circlet_count":0,"master_deck":["Strike_W","Strike_W","Strike_W","Strike_W","Defend_W","Defend_W","Defend_W","Defend_W","Negative_Energy_Arrows","Bone_Wall+1","Finger_Of_Death","Laetitia","FieryBird","Summon_Lich+1","Thousand_Bone_Knives","CherryBlossoms","MeatLantern","Spectral_Armor","Summon_Undead","Skeleton_Dragon","ShyLook","Summon_Vampire_Lady","FairyFestival","Bone_Shift+1","Parasite","infinitespire:UltimateForm","Summon_Undead_Army+1","Flash of Steel","Elementarium:StickyTar"],"relics":["Vampire_Amulet","CogitoBucket","LetterFromLob","Mango","infinitespire:Lucky Rock","DemoMod:AgedBell","Golden Idol","Replay:Bottled Snecko","hubris:RunicObelisk","HellTrain","Gaze_r","MagicBullet_r","energizedSpire:OgreHead","DemoMod:MonsterBlood","Oddly Smooth Stone","elementalistmod:BlueRibbon"],"acts_visited":["Exordium","Elementarium:Elementarium"],"potions_floor_usage":[6,14,14],"damage_taken":[{"damage":0,"enemies":"Small Slimes","floor":1,"turns":4},{"damage":6,"enemies":"Cultist","floor":3,"turns":3},{"damage":52,"enemies":"Gremlin Nob","floor":6,"turns":6},{"damage":4,"enemies":"2 Louse","floor":10,"turns":2},{"damage":6,"enemies":"Gremlin Gang","floor":13,"turns":4},{"damage":9,"enemies":"3 Sentries","floor":14,"turns":6},{"damage":12,"enemies":"Slime Boss","floor":16,"turns":10},{"damage":0,"enemies":"Elementarium:Cyclone","floor":18,"turns":3},{"damage":22,"enemies":"Elementarium:VoidCorruption","floor":19,"turns":6},{"damage":59,"enemies":"Elementarium:VoidBeast","floor":20,"turns":5},{"damage":3,"enemies":"Elementarium:VOID_CORRUPTION_AND_TAR_GOLEM","floor":21,"turns":4},{"damage":9,"enemies":"Elementarium:VOID_CORRUPTION_AND_TAR_GOLEM","floor":28,"turns":4}],"seed_played":"3856429655987703364","potions_obtained":[{"floor":1,"key":"Ancient Potion"},{"floor":3,"key":"Block Potion"},{"floor":8,"key":"Strength Potion"},{"floor":8,"key":"SkillPotion"},{"floor":8,"key":"ColorlessPotion"},{"floor":16,"key":"LiquidBronze"},{"floor":19,"key":"Energy Potion"}],"is_trial":false,"path_per_floor":["M","?","M","?","$","E","R","?","T","M","?","?","M","E","R","B",null,"M","M","M","M","AVR","R","$","R","T","?","M"],"character_chosen":"NECROMANCER","items_purchased":["Summon_Lich","Summon_Undead_Army","Flash of Steel"],"campfire_rested":1,"item_purchase_floors":[5,24,24],"current_hp_per_floor":[75,89,85,85,85,35,35,35,35,35,35,24,26,35,59,76,82,82,70,21,1,8,8,8,8,8,8,0,0],"gold":261,"neow_bonus":"","is_daily":false,"chose_seed":false,"campfire_upgraded":3,"win_rate":0.0,"timestamp":1611144258,"path_taken":["M","?","?","?","$","E","R","?","T","?","?","?","M","E","R","BOSS","M","M","M","M","AVR","R","$","R","T","?","?"],"items_purchased_type":["Card","Card","Card"],"build_version":"2020-12-22","purchased_purges":0,"victory":false,"max_hp_per_floor":[75,89,89,89,89,89,89,89,89,89,82,82,82,82,82,82,82,82,82,82,1,8,8,8,8,8,8,8,8],"card_choices":[{"not_picked":["Negative_Energy_Shield","Strike_from_Beyond"],"picked":"Finger_Of_Death","floor":1},{"not_picked":["Murderer","Funeral"],"picked":"Laetitia","floor":1},{"not_picked":["Bloodbath","CrumblingArmor"],"picked":"FieryBird","floor":3},{"not_picked":["Bone_Shift","Shackles_Of_Pain","Blood_for_Blood"],"picked":"SKIP","floor":3},{"not_picked":["Whirlwind_of_Bones","Vampiric_Strike"],"picked":"Thousand_Bone_Knives","floor":6},{"not_picked":["PunishingBird","WallGazer"],"picked":"CherryBlossoms","floor":6},{"not_picked":["MHz","Freischutz"],"picked":"MeatLantern","floor":10},{"not_picked":["Shackles_Of_Pain","Death_Coil"],"picked":"Spectral_Armor","floor":10},{"not_picked":["Hellfire","Necrotic_Claws"],"picked":"Summon_Undead","floor":13},{"not_picked":["Blood_Curse","Cloudkill"],"picked":"Skeleton_Dragon","floor":14},{"not_picked":["LongBird","DreamingCurrent","SingingMachine"],"picked":"Singing Bowl","floor":14},{"not_picked":["Woodsman","BigBird"],"picked":"ShyLook","floor":16},{"not_picked":["Negative_Energy_Bomb","Blood_Wake"],"picked":"Summon_Vampire_Lady","floor":16},{"not_picked":["PunishingBird","BigBadWolf"],"picked":"FairyFestival","floor":18},{"not_picked":["Bone_Spikes+1","Life_Tap","Life_Drain+1"],"picked":"SKIP","floor":18},{"not_picked":["Bone_Spikes+1","Life_Tap","Life_Drain+1"],"picked":"SKIP","floor":18},{"not_picked":["Toxic_Smoke_Screen","Corrupt"],"picked":"Bone_Shift+1","floor":19},{"not_picked":["Necrotic_Claws","Requiem","Exploit+1"],"picked":"SKIP","floor":20}],"player_experience":554737,"relics_obtained":[{"floor":1,"key":"LetterFromLob"},{"floor":6,"key":"infinitespire:Lucky Rock"},{"floor":9,"key":"DemoMod:AgedBell"},{"floor":14,"key":"Replay:Bottled Snecko"},{"floor":26,"key":"Oddly Smooth Stone"}],"event_choices":[{"damage_healed":0,"gold_gain":0,"player_choice":"Gave Potion","damage_taken":0,"relics_obtained":["Mango"],"max_hp_gain":0,"max_hp_loss":0,"event_name":"WeMeetAgain","floor":2,"gold_loss":0},{"damage_healed":0,"gold_gain":0,"player_choice":"Leave","damage_taken":0,"max_hp_gain":0,"max_hp_loss":0,"event_name":"conspire:Investor","floor":4,"gold_loss":0},{"damage_healed":0,"gold_gain":0,"player_choice":"Bought 3 Potions","damage_taken":0,"max_hp_gain":0,"max_hp_loss":0,"event_name":"The Woman in Blue","floor":8,"gold_loss":0},{"damage_healed":0,"gold_gain":0,"player_choice":"Lose Max HP","damage_taken":0,"relics_obtained":["Golden Idol"],"max_hp_gain":0,"max_hp_loss":7,"event_name":"Golden Idol","floor":11,"gold_loss":0},{"damage_healed":0,"gold_gain":75,"player_choice":"Gather Gold","damage_taken":11,"max_hp_gain":0,"max_hp_loss":0,"event_name":"World of Goop","floor":12,"gold_loss":0}],"is_beta":false,"boss_relics":[{"not_picked":["hubris:Backtick","hubris:CrackedHourglass"],"picked":"hubris:RunicObelisk"}],"items_purged_floors":[],"is_endless":false,"potions_floor_spawned":[1,3,16,19],"killed_by":"Elementarium:VOID_CORRUPTION_AND_TAR_GOLEM","ascension_level":0}}