{"host":"vrsxkkch9ccrec7k","time":1611131651,"event":{"mods":["Act Like it!","BaseMod","Bestiary","Better Altar","Better Match","Better Note","Better Sensory Stone","Better Skull","Better Third Choice","Better Vampires","Downfall","Minty Spire (QoL Compilation)","Permanent Neow","Relic Stats","Spicy Shops","StSLib"],"gold_per_floor":[99,119,134,150,150,182,233,26,26,26,26,26,45,56,70,173,173,73,85,96,196,196,208,208,228,14,14,14,39,39,65,83,184,184,184,194,214,214,399,424,450,480,503,315,40,75,86,104,124,124,124,155,43,43,43,43],"floor_reached":57,"language":"ENG","playtime":7827,"items_purged":["champ:Strike","champ:Strike"],"score":1902,"play_id":"6d55c48c-b0d4-4812-82d4-7fd315e6a6ef","local_time":"20210120033411","is_ascension_mode":true,"campfire_choices":[{"data":"champ:Execute","floor":1,"key":"SMITH"},{"data":"champ:Taunt","floor":9,"key":"SMITH"},{"data":"champ:Backstep","floor":11,"key":"SMITH"},{"data":"champ:Backstep","floor":18,"key":"SMITH"},{"floor":27,"key":"RECALL"},{"data":"champ:FocusedBerserking","floor":30,"key":"SMITH"},{"data":"champ:IronFortress","floor":35,"key":"SMITH"},{"data":"Purity","floor":44,"key":"SMITH"},{"data":"champ:Improvising","floor":54,"key":"SMITH"}],"circlet_count":0,"master_deck":["champ:Defend","champ:Defend","champ:Defend","champ:Defend","champ:Execute+1","champ:Taunt+1","champ:Backstep+1","champ:FocusedBerserking+1","champ:RecklessLeap","champ:SwordThrow","champ:Backstep+1","champ:Endure","champ:ShieldSigil","champ:IronFortress+1","champ:TripleStrike","champ:FancyFootwork","champ:Lariat+1","Purity+1","champ:StanceDance+1","champ:Backstep+1","champ:FanOfKnives","champ:MurderStrike","champ:CalledShot+1","champ:ShieldSigil+1","champ:ArenaPreparation+1","champ:BringItOn+1","champ:CrookedStrike","champ:Improvising+1","champ:RapidStrikes+1","champ:FancyFootwork+1","champ:ShieldSigil+1"],"relics":["champ:ChampionCrown","Dream Catcher","Guardian:PocketSentry","Pear","Lantern","Matryoshka","Runic Pyramid","downfall:HeartBlessingGreen","champ:BlackKnightHelmet","Blue Candle","PreservedInsect","Membership Card","sneckomod:BabySnecko","FossilizedHelix","Gremlin Horn","Empty Cage","HandDrill","Pen Nib","Slimebound:PreparedRelic","Pantograph","MawBank","downfall:HeartBlessingRed","downfall:HeartBlessingBlue","Sling","Bronze Scales","TheAbacus","Ornamental Fan","Blood Vial","Slimebound:StickyStick","Cauldron"],"acts_visited":["Exordium","TheCity","TheBeyond","TheEnding"],"potions_floor_usage":[15,16,29,32,33,40,47,49,52,56,56,56],"damage_taken":[{"damage":10,"enemies":"Small Slimes","floor":2,"turns":3},{"damage":7,"enemies":"Jaw Worm","floor":3,"turns":6},{"damage":22,"enemies":"Cultist","floor":4,"turns":7},{"damage":40,"enemies":"3 Sentries","floor":6,"turns":8},{"damage":35,"enemies":"downfall:FleeingMerchant","floor":8,"turns":4},{"damage":10,"enemies":"2 Fungi Beasts","floor":13,"turns":2},{"damage":25,"enemies":"Large Slime","floor":14,"turns":4},{"damage":30,"enemies":"Exordium Thugs","floor":15,"turns":1},{"damage":76,"enemies":"DF_ARCHETYPE_STREAMLINE","floor":16,"turns":11},{"damage":15,"enemies":"Spheric Guardian","floor":19,"turns":3},{"damage":45,"enemies":"Chosen","floor":20,"turns":5},{"damage":143,"enemies":"Chosen","floor":21,"turns":9},{"damage":55,"enemies":"Shelled Parasite and Fungi","floor":23,"turns":5},{"damage":71,"enemies":"Sentry and Sphere","floor":25,"turns":5},{"damage":75,"enemies":"downfall:FleeingMerchant","floor":26,"turns":4},{"damage":29,"enemies":"Slavers","floor":29,"turns":4},{"damage":70,"enemies":"Gremlin Leader","floor":31,"turns":6},{"damage":59,"enemies":"Snake Plant","floor":32,"turns":3},{"damage":100,"enemies":"IC_MUSHROOM_ARCHETYPE","floor":33,"turns":7},{"damage":20,"enemies":"Orb Walker","floor":36,"turns":3},{"damage":55,"enemies":"3 Darklings","floor":37,"turns":6},{"damage":25,"enemies":"downfall:FleeingMerchant","floor":39,"turns":3},{"damage":109,"enemies":"Reptomancer","floor":40,"turns":4},{"damage":120,"enemies":"Maw","floor":42,"turns":6},{"damage":55,"enemies":"4 Shapes","floor":43,"turns":3},{"damage":80,"enemies":"Giant Head","floor":46,"turns":5},{"damage":90,"enemies":"Spire Growth","floor":47,"turns":5},{"damage":10,"enemies":"Jaw Worm Horde","floor":48,"turns":3},{"damage":20,"enemies":"Writhing Mass","floor":49,"turns":3},{"damage":165,"enemies":"WA_ARCHETYPE_DIVINITY","floor":50,"turns":10},{"damage":60,"enemies":"downfall:CharBossMerchant","floor":52,"turns":7},{"damage":189,"enemies":"downfall:NeowBoss","floor":55,"turns":9},{"damage":139,"enemies":"downfall:NeowBossFinal","floor":56,"turns":10}],"seed_played":"-6707479092905203657","potions_obtained":[{"floor":6,"key":"Strength Potion"},{"floor":13,"key":"DistilledChaos"},{"floor":15,"key":"LiquidBronze"},{"floor":25,"key":"CultistPotion"},{"floor":29,"key":"Energy Potion"},{"floor":31,"key":"LiquidMemories"},{"floor":32,"key":"SkillPotion"},{"floor":33,"key":"champ:OpenerPotion"},{"floor":36,"key":"Fruit Juice"},{"floor":40,"key":"Swift Potion"},{"floor":48,"key":"SpeedPotion"},{"floor":49,"key":"Dexterity Potion"},{"floor":53,"key":"champ:UltimateStancePotion"}],"is_trial":false,"path_per_floor":["R","M","M","M","?","E","T","$","R","?","R","T","M","M","M","B",null,"R","M","M","?","?","M","T","M","$","R","?","E","R","E","M","B",null,"R","M","M","?","$","E","T","M","M","R","$","E","M","M","M","B",null,"E","$","R","B","B",null],"character_chosen":"THE_CHAMP","items_purchased":["champ:Endure","Membership Card","HandDrill","Pen Nib","Sling","Bronze Scales","champ:CrookedStrike","champ:Improvising","TheAbacus","Slimebound:StickyStick","Cauldron"],"campfire_rested":0,"item_purchase_floors":[8,26,39,39,45,45,45,45,45,53,53],"current_hp_per_floor":[81,81,79,72,72,72,72,72,72,77,77,77,77,77,77,56,93,93,93,93,90,90,90,90,89,89,89,89,85,85,90,66,71,97,97,105,105,97,105,101,101,106,110,120,120,120,120,120,120,120,120,120,120,120,118,116],"gold":43,"neow_bonus":"RANDOM_COMMON_RELIC","is_daily":false,"chose_seed":false,"campfire_upgraded":8,"win_rate":0.0,"timestamp":1611131651,"path_taken":["R","M","M","M","?","E","T","$","R","?","R","?","M","M","M","BOSS","R","M","M","?","?","M","T","M","$","R","?","E","R","E","M","BOSS","R","M","M","?","?","E","T","M","M","R","$","E","M","M","M","BOSS","E","$","R","BOSS","BOSS"],"items_purchased_type":["Card","Relic","Relic","Relic","Relic","Relic","Card","Card","Relic","Relic","Relic"],"build_version":"2020-12-22","purchased_purges":2,"victory":true,"max_hp_per_floor":[90,90,90,90,90,100,100,100,100,105,105,105,105,105,105,105,105,105,105,105,105,105,105,105,105,105,105,105,105,105,105,105,105,105,105,105,105,105,105,110,110,110,110,120,120,120,120,120,120,120,120,120,120,120,120,120],"relic_stats":{"Gremlin Horn":[17,17],"counters":[33,174],"Blue Candle":[8],"PreservedInsect":379,"Pen Nib":[10],"MawBank":48,"Blood Vial":2,"Dream Catcher":0,"TheAbacus":[24],"Ornamental Fan":[52],"Pantograph":0,"Bronze Scales":[109],"HandDrill":[40],"obtain_stats":[{"Lantern":7,"champ:BlackKnightHelmet":21,"Gremlin Horn":31,"champ:ChampionCrown":0,"downfall:HeartBlessingGreen":18,"Empty Cage":34,"Sling":45,"Blood Vial":52,"Dream Catcher":0,"Matryoshka":12,"TheAbacus":45,"downfall:HeartBlessingBlue":44,"Slimebound:StickyStick":53,"Pantograph":41,"HandDrill":39,"Runic Pyramid":17,"Pear":6,"downfall:HeartBlessingRed":44,"Blue Candle":21,"PreservedInsect":24,"Pen Nib":39,"Guardian:PocketSentry":5,"MawBank":41,"sneckomod:BabySnecko":28,"Cauldron":53,"Ornamental Fan":46,"Bronze Scales":45,"Slimebound:PreparedRelic":40,"Membership Card":26,"FossilizedHelix":29},{"Lantern":4,"champ:BlackKnightHelmet":12,"Gremlin Horn":17,"champ:ChampionCrown":0,"downfall:HeartBlessingGreen":9,"Empty Cage":19,"Sling":25,"Blood Vial":31,"Dream Catcher":0,"Matryoshka":5,"TheAbacus":25,"downfall:HeartBlessingBlue":25,"Slimebound:StickyStick":31,"Pantograph":23,"HandDrill":22,"Runic Pyramid":9,"Pear":4,"downfall:HeartBlessingRed":25,"Blue Candle":12,"PreservedInsect":13,"Pen Nib":22,"Guardian:PocketSentry":3,"MawBank":23,"sneckomod:BabySnecko":15,"Cauldron":31,"Ornamental Fan":26,"Bronze Scales":25,"Slimebound:PreparedRelic":23,"Membership Card":15,"FossilizedHelix":16},{"Lantern":24,"champ:BlackKnightHelmet":63,"Gremlin Horn":87,"champ:ChampionCrown":0,"downfall:HeartBlessingGreen":46,"Empty Cage":97,"Sling":122,"Blood Vial":155,"Dream Catcher":0,"Matryoshka":28,"TheAbacus":122,"downfall:HeartBlessingBlue":122,"Slimebound:StickyStick":155,"Pantograph":113,"HandDrill":109,"Runic Pyramid":46,"Pear":24,"downfall:HeartBlessingRed":122,"Blue Candle":63,"PreservedInsect":68,"Pen Nib":109,"Guardian:PocketSentry":16,"MawBank":113,"sneckomod:BabySnecko":77,"Cauldron":155,"Ornamental Fan":127,"Bronze Scales":122,"Slimebound:PreparedRelic":113,"Membership Card":77,"FossilizedHelix":81}]},"card_choices":[{"not_picked":["champ:EndlessRage","champ:SetATrap"],"picked":"champ:Backstep","floor":2},{"not_picked":["champ:Shatter","champ:SkillfulDodge"],"picked":"champ:FocusedBerserking","floor":3},{"not_picked":["champ:PerfectedStrike","champ:Circumvent"],"picked":"champ:RecklessLeap","floor":4},{"not_picked":["champ:EnGarde","champ:GladiatorStyle"],"picked":"champ:SwordThrow","floor":6},{"not_picked":["champ:BladeFlurry","champ:FlashCut"],"picked":"champ:Backstep","floor":8},{"not_picked":["champ:EnGarde","champ:HeartStrike"],"picked":"champ:ShieldSigil","floor":13},{"not_picked":["champ:FocusedBerserking","champ:Shatter"],"picked":"champ:IronFortress","floor":14},{"not_picked":["champ:Haymaker","champ:Circumvent","champ:FalseCounter"],"picked":"SKIP","floor":15},{"not_picked":["champ:UltimateStance","champ:EnchantShield"],"picked":"champ:TripleStrike","floor":16},{"not_picked":["champ:EndlessRage","champ:Backstep+1"],"picked":"champ:FancyFootwork","floor":19},{"not_picked":["champ:ShieldWall","champ:FaceSlap+1"],"picked":"champ:Lariat+1","floor":20},{"not_picked":["Madness","Panache"],"picked":"Purity","floor":22},{"not_picked":["champ:PreciseThrust+1","champ:Encircle","champ:Haymaker"],"picked":"SKIP","floor":23},{"not_picked":["champ:BladeFlurry","champ:RageSigil"],"picked":"champ:StanceDance+1","floor":25},{"not_picked":["champ:HeavySlash","champ:FanOfKnives"],"picked":"champ:Backstep+1","floor":26},{"not_picked":["champ:FaceSlap","champ:EnGarde"],"picked":"champ:FanOfKnives","floor":29},{"not_picked":["champ:Parry+1","champ:ShieldSigil","champ:BerserkersShout+1"],"picked":"SKIP","floor":31},{"not_picked":["champ:StanceDance","champ:DefensiveStyle","champ:ShieldSigil"],"picked":"SKIP","floor":32},{"not_picked":["champ:TripleStrike","champ:ShieldThrow"],"picked":"champ:MurderStrike","floor":33},{"not_picked":["champ:Backstep+1","champ:ViciousMockery+1"],"picked":"champ:CalledShot+1","floor":36},{"not_picked":["champ:PreciseThrust","champ:EndlessRage"],"picked":"champ:ShieldSigil+1","floor":37},{"not_picked":["champ:Haymaker+1","champ:PreemptiveStrike+1","champ:FocusedDefense"],"picked":"SKIP","floor":39},{"not_picked":["champ:CrownThrow+1","champ:Encircle"],"picked":"champ:ArenaPreparation+1","floor":40},{"not_picked":["champ:SetATrap+1","champ:Shatter+1","champ:RisingSlash"],"picked":"SKIP","floor":42},{"not_picked":["champ:GutPunch","champ:ShieldSlam"],"picked":"champ:BringItOn+1","floor":43},{"not_picked":["champ:Shatter","champ:Duel","champ:BringItOn"],"picked":"SKIP","floor":46},{"not_picked":["champ:BerserkersShout+1","champ:FocusedBerserking+1"],"picked":"champ:RapidStrikes+1","floor":47},{"not_picked":["champ:Haymaker+1","champ:MurderStrike"],"picked":"champ:FancyFootwork+1","floor":48},{"not_picked":["champ:CrownThrow","champ:DefensiveShout","champ:StanceDance"],"picked":"SKIP","floor":49},{"not_picked":["champ:FalseCounter+1","champ:BerserkersShout"],"picked":"champ:ShieldSigil+1","floor":52}],"player_experience":1642932,"relics_obtained":[{"floor":6,"key":"Pear"},{"floor":7,"key":"Lantern"},{"floor":12,"key":"Matryoshka"},{"floor":21,"key":"champ:BlackKnightHelmet"},{"floor":21,"key":"Blue Candle"},{"floor":24,"key":"PreservedInsect"},{"floor":29,"key":"FossilizedHelix"},{"floor":31,"key":"Gremlin Horn"},{"floor":40,"key":"Slimebound:PreparedRelic"},{"floor":41,"key":"Pantograph"},{"floor":41,"key":"MawBank"},{"floor":46,"key":"Ornamental Fan"},{"floor":52,"key":"Blood Vial"}],"event_choices":[{"damage_healed":0,"gold_gain":0,"player_choice":"Donut","damage_taken":0,"max_hp_gain":5,"max_hp_loss":0,"event_name":"Big Fish","floor":10,"gold_loss":0},{"damage_healed":0,"gold_gain":2,"player_choice":"1","damage_taken":0,"max_hp_gain":0,"max_hp_loss":0,"event_name":"betterStone:BetterStone","floor":22,"gold_loss":0}],"is_beta":false,"boss_relics":[{"not_picked":["bronze:MakeshiftBattery","Cursed Key"],"picked":"Runic Pyramid"},{"not_picked":["Tiny House","SacredBark"],"picked":"Empty Cage"}],"items_purged_floors":[8,26],"is_endless":false,"potions_floor_spawned":[6,13,15,25,29,31,32,33,36,40,42,46,48,49],"ascension_level":7}}