{"host":"bos5votkudm6su2k","time":1611130270,"event":{"mods":["100% Spire Juice","Act Like it!","AlwaysNeverKeys","Arknights The Spire","BaseMod","Chinese 32Bit Patch","Colored Map","Colored Powertips","DeckTracker","Good Game Mod","Marked Mod","Minty Spire (QoL Compilation)","Quick Restart","StSLib","SuperFastMode","The Invoker Mod","Waifu the Spire"],"gold_per_floor":[113,188,188,188,118,162,162,177,204,204,245,269,302,326,326,421,421,434,349,41,65,78,119,144,144,167,167,187,230,260,288,300,410,422,454,491,836,11,31,31,31,31,82,94,94,106,2,13,13,13],"floor_reached":51,"language":"ZHS","playtime":1969,"items_purged":["Second Wind"],"score":1416,"play_id":"c62f18d1-60f8-43ad-a61f-ce4ea97e7c17","local_time":"20210120161110","is_ascension_mode":true,"campfire_choices":[{"floor":7.0,"key":"REST"},{"data":"Berserk","floor":15,"key":"SMITH"},{"floor":27,"key":"REST"},{"floor":32,"key":"REST"},{"floor":40,"key":"REST"},{"data":"Armaments","floor":45,"key":"SMITH"},{"data":"Berserk","floor":49,"key":"SMITH"}],"circlet_count":0,"master_deck":["AscendersBane","Bash","Spot Weakness","Shrug It Off","Inflame","Shrug It Off","Twin Strike","Berserk+1","Dropkick","Bash","Flex","Rage","Sword Boomerang","Demon Form","Headbutt","Demon Form","Iron Wave","Twin Strike+1","Bloodletting","Iron Wave","Heavy Blade","Flame Barrier+1","Armaments+1","Berserk+1","Clothesline","Limit Break","Demon Form","Bloodletting","Shrug It Off","Feed","Heavy Blade+1","Heavy Blade+1","Infernal Blade+1","Finesse+1","Iron Wave","Madness+1","Madness+1","Iron Wave","Armaments+1","Armaments+1","Shrug It Off+1"],"relics":["Burning Blood","REME:ComplimentaryCards","NeowsBlessing","Akabeko","Centennial Puzzle","Peace Pipe","Pear","Runic Pyramid","StoneCalendar","Bronze Scales","Red Skull","Blue Candle","Boot","MawBank","Pandora\u0027s Box","Toxic Egg 2","Lantern","Frozen Eye","Nunchaku"],"acts_visited":["Exordium","TheCity","TheBeyond"],"potions_floor_usage":[11,13,29,31,39,50],"damage_taken":[{"damage":0.0,"enemies":"Small Slimes","floor":1.0,"turns":1.0},{"damage":0.0,"enemies":"Lagavulin","floor":6.0,"turns":1.0},{"damage":0.0,"enemies":"2 Louse","floor":8.0,"turns":2.0},{"damage":24,"enemies":"Gremlin Nob","floor":11,"turns":3},{"damage":6,"enemies":"Cultist","floor":12,"turns":3},{"damage":8,"enemies":"3 Sentries","floor":13,"turns":4},{"damage":9,"enemies":"2 Fungi Beasts","floor":14,"turns":2},{"damage":46,"enemies":"Hexaghost","floor":16,"turns":7},{"damage":7,"enemies":"Chosen","floor":18,"turns":4},{"damage":10,"enemies":"Spheric Guardian","floor":21,"turns":3},{"damage":8,"enemies":"Snecko","floor":22,"turns":4},{"damage":23,"enemies":"Gremlin Leader","floor":23,"turns":5},{"damage":26,"enemies":"3 Cultists","floor":24,"turns":4},{"damage":20,"enemies":"Cultist and Chosen","floor":28,"turns":5},{"damage":28,"enemies":"Slavers","floor":29,"turns":4},{"damage":8,"enemies":"Snecko","floor":30,"turns":3},{"damage":3,"enemies":"Centurion and Healer","floor":31,"turns":5},{"damage":25,"enemies":"Champ","floor":33,"turns":7},{"damage":29,"enemies":"3 Darklings","floor":35,"turns":5},{"damage":14,"enemies":"Orb Walker","floor":36,"turns":4},{"damage":24,"enemies":"Jaw Worm Horde","floor":39,"turns":3},{"damage":22,"enemies":"Sphere and 2 Shapes","floor":44,"turns":6},{"damage":16,"enemies":"Writhing Mass","floor":46,"turns":5},{"damage":6,"enemies":"Transient","floor":48,"turns":5},{"damage":33,"enemies":"Time Eater","floor":50,"turns":5}],"seed_played":"178194791945941766","potions_obtained":[{"floor":1.0,"key":"SkillPotion"},{"floor":6.0,"key":"Explosive Potion"},{"floor":13,"key":"AttackPotion"},{"floor":18,"key":"FairyPotion"},{"floor":29,"key":"HeartOfIron"},{"floor":31,"key":"SpeedPotion"},{"floor":39,"key":"Fruit Juice"},{"floor":46,"key":"ColorlessPotion"}],"is_trial":false,"path_per_floor":["M","?","?","?","$","E","R","M","T","?","E","M","E","M","R","B",null,"M","?","$","M","M","E","M","?","T","R","M","E","M","M","R","B",null,"M","M","?","$","M","R","?","?","T","M","R","M","$","M","R","B",null],"character_chosen":"IRONCLAD","items_purchased":["Inflame","Bronze Scales","Red Skull","Toxic Egg 2","Infernal Blade+1","Lantern","Finesse+1","Dexterity Potion","Frozen Eye","Armaments+1","Energy Potion"],"campfire_rested":4,"item_purchase_floors":[5,20,20,38,38,38,38,38,38,47,47],"current_hp_per_floor":[74,63,63,37,37,43,65,71,71,71,53,53,61,58,58,18,68,67,67,67,63,61,44,24,24,24,49,35,13,11,14,39,20,69,46,41,41,41,28,55,38,93,93,80,80,70,70,70,70,43],"gold":13,"neow_bonus":"THREE_ENEMY_KILL","is_daily":false,"chose_seed":false,"campfire_upgraded":3,"win_rate":0.0,"timestamp":1611130270,"path_taken":["M","?","?","?","$","E","R","M","T","?","E","M","E","?","R","BOSS","M","?","$","M","M","E","M","?","T","R","?","E","M","M","R","BOSS","M","M","?","$","M","R","?","?","T","M","R","?","$","M","R","BOSS"],"items_purchased_type":["Card","Relic","Relic","Relic","Card","Relic","Card","Potion","Relic","Card","Potion"],"build_version":"2020-12-22","purchased_purges":1,"victory":true,"max_hp_per_floor":[75,75,75,75,75,75,75,75,75,75,75,75,85,85,85,85,85,85,85,85,85,85,85,85,85,85,85,85,85,85,85,85,85,85,85,88,88,88,93,93,93,93,93,96,96,96,96,96,96,96],"card_choices":[{"not_picked":["Uppercut","True Grit"],"picked":"Spot Weakness","floor":1.0},{"not_picked":["Dropkick","Headbutt"],"picked":"Shrug It Off","floor":6.0},{"not_picked":["Havoc","Body Slam"],"picked":"Twin Strike","floor":8.0},{"not_picked":["Headbutt","Dual Wield"],"picked":"Rage","floor":11},{"not_picked":["Headbutt","Thunderclap"],"picked":"Sword Boomerang","floor":12},{"not_picked":["True Grit","Heavy Blade"],"picked":"Demon Form","floor":13},{"not_picked":["Armaments","Clash"],"picked":"Headbutt","floor":14},{"not_picked":["Juggernaut","Fiend Fire"],"picked":"Demon Form","floor":16},{"not_picked":["Twin Strike","Searing Blow"],"picked":"Iron Wave","floor":18},{"not_picked":["Rupture","Second Wind+1"],"picked":"Dual Wield","floor":21},{"not_picked":["Fire Breathing","Reckless Charge"],"picked":"Twin Strike+1","floor":22},{"not_picked":["Combust","Offering"],"picked":"Bloodletting","floor":23},{"not_picked":["True Grit","Body Slam"],"picked":"Iron Wave","floor":24},{"not_picked":["Twin Strike","Body Slam"],"picked":"Heavy Blade","floor":28},{"not_picked":["Perfected Strike+1","True Grit","Battle Trance"],"picked":"SKIP","floor":29},{"not_picked":["Searing Blow","Perfected Strike"],"picked":"Flame Barrier+1","floor":30},{"not_picked":["Warcry","Havoc"],"picked":"Armaments","floor":31},{"not_picked":["Impervious","Brutality"],"picked":"Berserk","floor":33},{"not_picked":["Thunderclap","Sentinel"],"picked":"Heavy Blade+1","floor":35},{"not_picked":["Carnage","Battle Trance+1"],"picked":"Heavy Blade+1","floor":36},{"not_picked":["Power Through+1","Clothesline"],"picked":"Iron Wave","floor":39},{"not_picked":["Sword Boomerang+1","Havoc+1"],"picked":"Iron Wave","floor":44},{"not_picked":["Reaper","Clash"],"picked":"Armaments+1","floor":46},{"not_picked":["Heavy Blade","Bludgeon"],"picked":"Shrug It Off+1","floor":48}],"player_experience":440595,"relics_obtained":[{"floor":6.0,"key":"Akabeko"},{"floor":9.0,"key":"Centennial Puzzle"},{"floor":11,"key":"Peace Pipe"},{"floor":13,"key":"Pear"},{"floor":23,"key":"Blue Candle"},{"floor":26,"key":"Boot"},{"floor":29,"key":"MawBank"},{"floor":43,"key":"Nunchaku"}],"event_choices":[{"damage_healed":0.0,"max_hp_gain":0.0,"max_hp_loss":0.0,"gold_gain":75.0,"event_name":"World of Goop","player_choice":"Gather Gold","floor":2.0,"gold_loss":0.0,"damage_taken":11.0},{"damage_healed":0.0,"max_hp_gain":0.0,"max_hp_loss":0.0,"gold_gain":0.0,"cards_transformed":["Strike_R"],"event_name":"Living Wall","player_choice":"Change","floor":3.0,"gold_loss":0.0,"damage_taken":0.0,"cards_obtained":["Shrug It Off"]},{"damage_healed":0.0,"max_hp_gain":0.0,"max_hp_loss":0.0,"gold_gain":0.0,"event_name":"Golden Idol","player_choice":"Take Damage","floor":4.0,"gold_loss":0.0,"damage_taken":26.0,"relics_obtained":["Golden Idol"]},{"damage_healed":0,"gold_gain":0,"player_choice":"4 cards matched","damage_taken":0,"max_hp_gain":0,"max_hp_loss":0,"event_name":"Match and Keep!","floor":10,"gold_loss":0,"cards_obtained":["Berserk","Dropkick","Bash","Flex"]},{"damage_healed":0,"gold_gain":0,"player_choice":"Obtained Relic","damage_taken":0,"relics_obtained":["StoneCalendar"],"max_hp_gain":0,"max_hp_loss":0,"event_name":"Addict","floor":19,"gold_loss":85},{"cards_removed":["Strike_R"],"damage_healed":0,"gold_gain":0,"player_choice":"Purged","damage_taken":0,"max_hp_gain":0,"max_hp_loss":0,"event_name":"Purifier","floor":25,"gold_loss":0},{"damage_healed":0,"gold_gain":333,"player_choice":"Gave Idol","damage_taken":0,"max_hp_gain":0,"max_hp_loss":0,"event_name":"The Moai Head","floor":37,"relics_lost":["Golden Idol"],"gold_loss":0},{"damage_healed":0,"gold_gain":0,"player_choice":"Embrace Madness","damage_taken":17,"max_hp_gain":0,"max_hp_loss":0,"event_name":"Winding Halls","floor":41,"gold_loss":0,"cards_obtained":["Madness","Madness"]},{"cards_removed":["Dual Wield"],"damage_healed":55,"gold_gain":0,"player_choice":"Offered Uncommon","damage_taken":0,"max_hp_gain":0,"max_hp_loss":0,"event_name":"Bonfire Elementals","floor":42,"gold_loss":0}],"is_beta":false,"boss_relics":[{"not_picked":["Empty Cage","Sozu"],"picked":"Runic Pyramid"},{"not_picked":["Snecko Eye","Cursed Key"],"picked":"Pandora\u0027s Box"}],"items_purged_floors":[38],"is_endless":false,"potions_floor_spawned":[1,6,13,18,28,29,31,33,39,46],"ascension_level":15}}