{"host":"i1h39d0gfh5c6uxl","time":1611132805,"event":{"mods":["AchievementEnabler","BaseMod","Colored Map","Colored Powertips","Highlight Path","Minty Spire (QoL Compilation)"],"gold_per_floor":[112,112,112,127,102,102,131,146,194,194,209,82,82,94,94,94,94],"floor_reached":16,"language":"ENG","playtime":249,"items_purged":["Strike_R"],"score":90,"play_id":"e44e490c-a0d7-4eaf-8f9b-f11dabcfa4db","local_time":"20210120165325","is_ascension_mode":false,"campfire_choices":[{"data":"Bash","floor":6,"key":"SMITH"},{"data":"Perfected Strike","floor":10,"key":"SMITH"},{"floor":15,"key":"REST"}],"circlet_count":0,"master_deck":["Strike_R","Strike_R","Strike_R","Strike_R","Defend_R","Defend_R","Defend_R","Defend_R","Bash+1","Cleave","Perfected Strike+1","Ghostly Armor","Pommel Strike","Clothesline"],"relics":["Black Star","Odd Mushroom","Vajra"],"acts_visited":["Exordium"],"potions_floor_usage":[14],"damage_taken":[{"damage":4,"enemies":"Small Slimes","floor":1,"turns":4},{"damage":1,"enemies":"2 Louse","floor":4,"turns":2},{"damage":28,"enemies":"The Mushroom Lair","floor":7,"turns":5},{"damage":1,"enemies":"Jaw Worm","floor":8,"turns":2},{"damage":18,"enemies":"Large Slime","floor":11,"turns":5},{"damage":8,"enemies":"Lots of Slimes","floor":14,"turns":3},{"damage":0,"enemies":"Hexaghost","floor":16,"turns":1}],"seed_played":"-9172983585749364766","potions_obtained":[{"floor":4,"key":"AttackPotion"},{"floor":7,"key":"SteroidPotion"},{"floor":8,"key":"Energy Potion"}],"is_trial":false,"path_per_floor":["M","?","?","M","?","R","?","M","T","R","M","$","?","M","R","B"],"character_chosen":"IRONCLAD","items_purchased":["Clothesline"],"campfire_rested":1,"item_purchase_floors":[12],"current_hp_per_floor":[76,76,81,80,80,80,52,51,51,51,33,33,33,25,50,50,50],"gold":94,"neow_bonus":"BOSS_RELIC","is_daily":false,"chose_seed":false,"campfire_upgraded":2,"win_rate":0.0,"timestamp":1611132805,"path_taken":["M","?","?","M","?","R","?","M","T","R","M","$","?","?","R","BOSS"],"items_purchased_type":["Card"],"build_version":"2020-12-22","purchased_purges":1,"victory":false,"max_hp_per_floor":[80,80,85,85,85,85,85,85,85,85,85,85,85,85,85,85,85],"card_choices":[{"not_picked":["Spot Weakness","Combust"],"picked":"Cleave","floor":1},{"not_picked":["Intimidate","Cleave"],"picked":"Perfected Strike","floor":4},{"not_picked":["Dual Wield","Wild Strike"],"picked":"Ghostly Armor","floor":7},{"not_picked":["Body Slam","Heavy Blade","Metallicize"],"picked":"SKIP","floor":8},{"not_picked":["Wild Strike","Evolve"],"picked":"Pommel Strike","floor":11},{"not_picked":["Infernal Blade","Cleave","Fire Breathing"],"picked":"SKIP","floor":14}],"player_experience":1379899,"relics_obtained":[{"floor":7,"key":"Odd Mushroom"},{"floor":9,"key":"Vajra"}],"event_choices":[{"damage_healed":0,"gold_gain":0,"player_choice":"Ignored","damage_taken":0,"max_hp_gain":0,"max_hp_loss":0,"event_name":"Liars Game","floor":2,"gold_loss":0},{"damage_healed":0,"gold_gain":0,"player_choice":"Donut","damage_taken":0,"max_hp_gain":5,"max_hp_loss":0,"event_name":"Big Fish","floor":3,"gold_loss":0},{"damage_healed":0,"gold_gain":0,"player_choice":"Left Gold","damage_taken":0,"max_hp_gain":0,"max_hp_loss":0,"event_name":"World of Goop","floor":5,"gold_loss":25},{"damage_healed":0,"gold_gain":0,"player_choice":"Fought Mushrooms","damage_taken":0,"max_hp_gain":0,"max_hp_loss":0,"event_name":"Mushrooms","floor":7,"gold_loss":0},{"damage_healed":0,"gold_gain":0,"player_choice":"Searched \u00270\u0027 times","damage_taken":0,"max_hp_gain":0,"max_hp_loss":0,"event_name":"Dead Adventurer","floor":13,"gold_loss":0}],"is_beta":false,"boss_relics":[],"items_purged_floors":[12],"is_endless":false,"potions_floor_spawned":[4,7,8],"killed_by":"Hexaghost","ascension_level":0}}