{"host":"3jhxjeq8h3mqaq9s","time":1611108220,"event":{"mods":["BaseMod","Bestiary","Colored Map","Downfall","Highlight Path","Minty Spire (QoL Compilation)","Rare Cards Sparkle","Relic Stats","StSLib","everything is the same but u backflip on backflip","slay the spire mod where everything is the same but ironclad has a cowboy hat"],"gold_per_floor":[99,34,50,66,76,76,76,76,76,76,104,89,89,108,124,227,227,27,52,52,69,3,3,29,42,42,61,61,80,204,235,248,344,344,244,262,273,291,311,54,54,65,65,65,90,90,90,110,120,120,120,146,70,70,70,70,70,70],"floor_reached":56,"language":"ENG","playtime":3844,"items_purged":["hexamod:Strike","hexamod:Defend"],"score":812,"play_id":"2252fb8f-5c8b-431c-a696-2c56554da264","local_time":"20210119210340","is_ascension_mode":true,"campfire_choices":[{"floor":1,"key":"REST"},{"floor":9,"key":"RECALL"},{"floor":13,"key":"REST"},{"data":"hexamod:SearingWound","floor":18,"key":"SMITH"},{"floor":26,"key":"REST"},{"data":"hexamod:SoulSteal","floor":28,"key":"SMITH"},{"data":"hexamod:BurningTouch","floor":35,"key":"SMITH"},{"data":"expansioncontent:LastStand","floor":44,"key":"SMITH"},{"floor":46,"key":"REST"},{"floor":54,"key":"REST"}],"circlet_count":0,"master_deck":["hexamod:Strike+1","hexamod:Strike+1","hexamod:Strike+1","hexamod:Defend+1","hexamod:Defend+1","hexamod:Defend+1","hexamod:Sear","hexamod:Float+1","hexamod:Hexaguard","hexamod:RainOfEmbers+1","hexamod:SuperheatedStrike+1","hexamod:Firestarter","hexamod:SpectralSpark","hexamod:SoulSteal+1","hexamod:GhostShield","hexamod:SearingWound+1","hexamod:BurningTouch+1","Necronomicurse","hexamod:NightmareStrike+1","hexamod:Haunt","hexamod:FlamesFromBeyond+1","hexamod:BurningTouch","hexamod:WildfireWeapon","expansioncontent:PrepareCrush","expansioncontent:LastStand+1","hexamod:SuperheatedStrike","hexamod:RetreatToShadows+1","hexamod:SuperheatedStrike+1"],"relics":["hexamod:SpiritBrand","Orichalcum","Velvet Choker","downfall:HeartBlessingBlue","downfall:HeartBlessingGreen","hexamod:TheBrokenSeal","Ancient Tea Set","Necronomicon","Whetstone","Bronze Scales","Meat on the Bone","SacredBark","downfall:HeartBlessingRed","Anchor","Mummified Hand","hexamod:MatchstickCase","Letter Opener"],"acts_visited":["Exordium","TheCity","TheBeyond","TheEnding"],"potions_floor_usage":[11,16,19,21,22,42,45,55,55],"damage_taken":[{"damage":0,"enemies":"downfall:FleeingMerchant","floor":2,"turns":4},{"damage":13,"enemies":"Small Slimes","floor":3,"turns":5},{"damage":17,"enemies":"2 Louse","floor":4,"turns":4},{"damage":1,"enemies":"Jaw Worm","floor":5,"turns":3},{"damage":45,"enemies":"3 Sentries","floor":11,"turns":12},{"damage":10,"enemies":"downfall:FleeingMerchant","floor":12,"turns":4},{"damage":0,"enemies":"Red Slaver","floor":14,"turns":3},{"damage":14,"enemies":"2 Fungi Beasts","floor":15,"turns":5},{"damage":34,"enemies":"IC_STATUS_ARCHETYPE","floor":16,"turns":9},{"damage":16,"enemies":"Shell Parasite","floor":19,"turns":4},{"damage":0,"enemies":"3 Byrds","floor":21,"turns":2},{"damage":15,"enemies":"downfall:FleeingMerchant","floor":22,"turns":4},{"damage":0,"enemies":"Snecko","floor":25,"turns":2},{"damage":0,"enemies":"Shelled Parasite and Fungi","floor":27,"turns":3},{"damage":0,"enemies":"Chosen and Byrds","floor":29,"turns":3},{"damage":9,"enemies":"downfall:FleeingMerchant","floor":30,"turns":3},{"damage":0,"enemies":"Book of Stabbing","floor":31,"turns":3},{"damage":0,"enemies":"Snecko","floor":32,"turns":3},{"damage":27,"enemies":"SI_MIRROR_ARCHETYPE","floor":33,"turns":6},{"damage":5,"enemies":"3 Shapes","floor":36,"turns":3},{"damage":0,"enemies":"3 Darklings","floor":37,"turns":3},{"damage":17,"enemies":"Spire Growth","floor":38,"turns":3},{"damage":6,"enemies":"Maw","floor":39,"turns":4},{"damage":7,"enemies":"Transient","floor":42,"turns":5},{"damage":25,"enemies":"Reptomancer","floor":45,"turns":5},{"damage":14,"enemies":"3 Darklings","floor":48,"turns":3},{"damage":8,"enemies":"Sphere and 2 Shapes","floor":49,"turns":3},{"damage":30,"enemies":"DF_ARCHETYPE_ORBS","floor":50,"turns":5},{"damage":51,"enemies":"downfall:CharBossMerchant","floor":52,"turns":6},{"damage":85,"enemies":"downfall:NeowBoss","floor":55,"turns":18},{"damage":128,"enemies":"downfall:NeowBossFinal","floor":56,"turns":8}],"seed_played":"1164073637773006432","potions_obtained":[{"floor":4,"key":"SmokeBomb"},{"floor":4,"key":"ColorlessPotion"},{"floor":5,"key":"Energy Potion"},{"floor":12,"key":"AttackPotion"},{"floor":15,"key":"GamblersBrew"},{"floor":16,"key":"LiquidBronze"},{"floor":19,"key":"CultistPotion"},{"floor":21,"key":"FearPotion"},{"floor":25,"key":"hexamod:InfernoChargePotion"},{"floor":29,"key":"FairyPotion"},{"floor":31,"key":"Block Potion"},{"floor":36,"key":"DuplicationPotion"},{"floor":37,"key":"Fruit Juice"},{"floor":42,"key":"Dexterity Potion"}],"is_trial":false,"path_per_floor":["R","$","M","M","M","?","T","?","R","?","E","$","R","M","M","B",null,"R","M","T","M","$","?","T","M","R","M","R","M","$","E","M","B",null,"R","M","M","M","M","$","T","M","?","R","E","R","?","M","M","B",null,"E","$","R","B","B"],"character_chosen":"THE_SPIRIT","items_purchased":["SkillPotion","SkillPotion","Bronze Scales","Anchor","EssenceOfSteel"],"campfire_rested":5,"item_purchase_floors":[2,22,30,40,53],"current_hp_per_floor":[70,70,57,40,46,69,69,69,69,69,31,28,49,49,42,8,70,80,84,84,84,69,53,53,53,80,80,80,80,71,71,71,56,90,90,85,85,68,62,62,62,65,55,55,42,72,72,58,62,54,100,61,61,91,28,0,0,0],"gold":70,"neow_bonus":"THREE_RARE_CARDS","is_daily":false,"chose_seed":false,"campfire_upgraded":4,"win_rate":0.0,"timestamp":1611108220,"path_taken":["R","$","M","M","M","?","T","?","R","?","E","?","R","M","M","BOSS","R","M","?","M","$","?","T","M","R","?","R","M","$","E","M","BOSS","R","M","M","?","M","$","T","M","?","R","E","R","?","?","M","BOSS","E","$","R","BOSS","BOSS"],"items_purchased_type":["Potion","Potion","Relic","Relic","Potion"],"build_version":"2020-12-22","purchased_purges":2,"victory":false,"max_hp_per_floor":[70,70,70,70,70,70,70,70,70,70,70,70,70,70,70,70,70,80,90,90,90,90,90,90,90,90,90,90,90,90,90,90,90,90,90,90,90,90,90,90,90,100,100,100,100,100,100,100,100,100,100,100,100,100,100,100,100,100],"relic_stats":{"counters":[31,148],"Mummified Hand":[12],"Bronze Scales":[158],"Necronomicon":[35],"Whetstone":["hexamod:Strike","hexamod:Strike"],"Letter Opener":[30],"Orichalcum":[96],"obtain_stats":[{"downfall:HeartBlessingRed":35,"SacredBark":34,"Velvet Choker":17,"hexamod:TheBrokenSeal":19,"downfall:HeartBlessingGreen":18,"Whetstone":24,"Letter Opener":52,"Orichalcum":11,"Ancient Tea Set":20,"hexamod:MatchstickCase":45,"Anchor":40,"downfall:BrokenWingStatue":8,"downfall:HeartBlessingBlue":18,"Mummified Hand":41,"Bronze Scales":30,"Necronomicon":23,"hexamod:SpiritBrand":0,"Meat on the Bone":31},{"downfall:HeartBlessingRed":19,"SacredBark":19,"Velvet Choker":9,"hexamod:TheBrokenSeal":10,"downfall:HeartBlessingGreen":9,"Whetstone":12,"Letter Opener":29,"Orichalcum":5,"Ancient Tea Set":10,"hexamod:MatchstickCase":25,"Anchor":23,"downfall:BrokenWingStatue":4,"downfall:HeartBlessingBlue":9,"Mummified Hand":23,"Bronze Scales":16,"Necronomicon":12,"hexamod:SpiritBrand":0,"Meat on the Bone":17},{"downfall:HeartBlessingRed":82,"SacredBark":82,"Velvet Choker":49,"hexamod:TheBrokenSeal":52,"downfall:HeartBlessingGreen":49,"Whetstone":59,"Letter Opener":122,"Orichalcum":28,"Ancient Tea Set":53,"hexamod:MatchstickCase":105,"Anchor":95,"downfall:BrokenWingStatue":16,"downfall:HeartBlessingBlue":49,"Mummified Hand":95,"Bronze Scales":70,"Necronomicon":59,"hexamod:SpiritBrand":0,"Meat on the Bone":73}],"Meat on the Bone":72},"card_choices":[{"not_picked":["hexamod:Toasty","hexamod:ApocalypseNow"],"picked":"hexamod:FifthSeal","floor":0},{"not_picked":["hexamod:ShieldOfDarkness","hexamod:ThermalTransfer"],"picked":"hexamod:Hexaguard","floor":2},{"not_picked":["hexamod:FourthSeal","hexamod:SecondSeal"],"picked":"hexamod:SixthSeal","floor":2},{"not_picked":["hexamod:SecondSeal","hexamod:ThirdSeal"],"picked":"hexamod:FourthSeal","floor":3},{"not_picked":["hexamod:GhostOfSpireFuture","hexamod:DynamicBlow"],"picked":"hexamod:RainOfEmbers","floor":3},{"not_picked":["hexamod:ThirdSeal","hexamod:FourthSeal"],"picked":"hexamod:FirstSeal","floor":4},{"not_picked":["hexamod:DynamicBlow","hexamod:EtherealExpedition"],"picked":"hexamod:SuperheatedStrike","floor":4},{"not_picked":["hexamod:RainOfEmbers","hexamod:NightmareGuise"],"picked":"hexamod:Firestarter","floor":5},{"not_picked":["hexamod:PhantomFireball","hexamod:RadiantFlame"],"picked":"hexamod:SpectralSpark","floor":11},{"not_picked":["hexamod:HeatShield","hexamod:SpectersWail","hexamod:HeatMetal"],"picked":"SKIP","floor":12},{"not_picked":["hexamod:FourthSeal","hexamod:SixthSeal"],"picked":"hexamod:ThirdSeal","floor":14},{"not_picked":["hexamod:Incineration","hexamod:NightmareGuise","hexamod:FastForward"],"picked":"SKIP","floor":14},{"not_picked":["hexamod:GhostShield","hexamod:CatchUp"],"picked":"hexamod:SoulSteal","floor":15},{"not_picked":["hexamod:HeatMetal","hexamod:GhostOfSpirePast"],"picked":"hexamod:GhostShield","floor":15},{"not_picked":["hexamod:ThirdSeal","hexamod:FirstSeal"],"picked":"hexamod:SecondSeal","floor":16},{"not_picked":["hexamod:UnleashSpirits","hexamod:ForkedFlame"],"picked":"hexamod:SearingWound","floor":16},{"not_picked":["hexamod:SuperheatedStrike","hexamod:ShieldOfDarkness","hexamod:AdvancingGuard+1"],"picked":"SKIP","floor":19},{"not_picked":["hexamod:InspiringFlames+1","hexamod:CatchUp+1"],"picked":"hexamod:BurningTouch","floor":21},{"not_picked":["hexamod:NightmareStrike","hexamod:Rewind+1","hexamod:BacktrackSmack"],"picked":"SKIP","floor":22},{"not_picked":["hexamod:Haunt","hexamod:SwordOfDarkness+1","hexamod:HeatShield+1"],"picked":"SKIP","floor":25},{"not_picked":["hexamod:StepThrough","hexamod:NightmareStrike","hexamod:GhostflameBarrier"],"picked":"SKIP","floor":27},{"not_picked":["hexamod:FourthSeal","hexamod:GiftsFromTheDead"],"picked":"hexamod:NightmareStrike+1","floor":29},{"not_picked":["hexamod:InspiringFlames","hexamod:BacktrackSmack","hexamod:SpectersWail"],"picked":"SKIP","floor":30},{"not_picked":["hexamod:ApocalypticArmor","hexamod:ShieldOfDarkness+1"],"picked":"hexamod:Haunt","floor":31},{"not_picked":["hexamod:HeatShield+1","hexamod:GhostLash","hexamod:SuperheatedStrike"],"picked":"SKIP","floor":32},{"not_picked":["hexamod:AdvancingGuard","hexamod:Firestarter"],"picked":"hexamod:FlamesFromBeyond+1","floor":36},{"not_picked":["hexamod:GhostShield","hexamod:NightmareStrike+1"],"picked":"hexamod:BurningTouch","floor":37},{"not_picked":["hexamod:NightmareGuise+1","hexamod:PhantomCloak+1","hexamod:InspiringFlames+1"],"picked":"SKIP","floor":38},{"not_picked":["hexamod:InspiringFlames","hexamod:HauntingEcho"],"picked":"hexamod:WildfireWeapon","floor":39},{"not_picked":["hexamod:InspiringFlames+1","hexamod:RadiantFlame","hexamod:NightmareGuise"],"picked":"SKIP","floor":42},{"not_picked":["expansioncontent:GuardianWhirl","expansioncontent:HyperBeam"],"picked":"expansioncontent:PrepareCrush","floor":43},{"not_picked":["expansioncontent:AwakenDeath","expansioncontent:GuardianWhirl"],"picked":"expansioncontent:LastStand","floor":43},{"not_picked":["hexamod:GhostShield+1","hexamod:BurningTouch"],"picked":"hexamod:SuperheatedStrike","floor":45},{"not_picked":["hexamod:HeatMetal+1","hexamod:HeatCrush+1","hexamod:InspiringFlames"],"picked":"SKIP","floor":48},{"not_picked":["hexamod:RainOfEmbers","hexamod:AdvancingGuard"],"picked":"hexamod:RetreatToShadows+1","floor":49},{"not_picked":["hexamod:ShieldOfDarkness","hexamod:EtherealExpedition+1"],"picked":"hexamod:SuperheatedStrike+1","floor":52}],"player_experience":2597777,"relics_obtained":[{"floor":11,"key":"Orichalcum"},{"floor":20,"key":"Ancient Tea Set"},{"floor":23,"key":"Necronomicon"},{"floor":24,"key":"Whetstone"},{"floor":31,"key":"Meat on the Bone"},{"floor":41,"key":"Mummified Hand"},{"floor":45,"key":"hexamod:MatchstickCase"},{"floor":52,"key":"Letter Opener"}],"event_choices":[{"damage_healed":23,"gold_gain":0,"player_choice":"Banana","damage_taken":0,"max_hp_gain":0,"max_hp_loss":0,"event_name":"Big Fish","floor":6,"gold_loss":0}],"is_beta":false,"boss_relics":[{"not_picked":["Busted Crown","Sozu"],"picked":"Velvet Choker"},{"not_picked":["SlaversCollar","Pandora\u0027s Box"],"picked":"SacredBark"}],"items_purged_floors":[30,40],"is_endless":false,"potions_floor_spawned":[4,5,15,16,21,25,29,31,33,36,37,42],"killed_by":"downfall:NeowBossFinal","ascension_level":1}}