{"host":"lnt5dzsuhru0aonl","time":1611148510,"event":{"mods":["2.2 Compatiblity","BaseMod","Colored Map","Colored Powertips","DeckTracker","Keyboard Shortcuts","Minty Spire (QoL Compilation)","Permanent Neow","Rare Cards Sparkle","StSLib","SuperFastMode","everything is the same but u backflip on backflip"],"gold_per_floor":[114,114,35,35,54,82,82,117,142,176,176,186,206,217,217,289,289,303,316,344,344,394,394,404,430,430,430,457,467,15,27,27,104,104,118,170,170,186,33,33,33,61,61,61,86,98,45,45,45],"floor_reached":48,"language":"KOR","playtime":1983,"items_purged":["Strike_G","Strike_G"],"score":1082,"play_id":"b63745de-c042-42ef-9021-e894870cf43d","local_time":"20210120221510","is_ascension_mode":true,"campfire_choices":[{"data":"Noxious Fumes","floor":7.0,"key":"SMITH"},{"floor":11.0,"key":"REST"},{"data":"Noxious Fumes","floor":15.0,"key":"SMITH"},{"data":"Prepared","floor":23.0,"key":"SMITH"},{"floor":27.0,"key":"REST"},{"floor":32.0,"key":"REST"},{"floor":40.0,"key":"REST"},{"floor":44.0,"key":"REST"}],"circlet_count":0,"master_deck":["AscendersBane","Strike_G","Strike_G","Strike_G+1","Defend_G","Defend_G","Defend_G","Defend_G","Survivor","Neutralize+1","Backflip","Noxious Fumes+1","Noxious Fumes+1","Leg Sweep","Corpse Explosion","PiercingWail","Crippling Poison","Bane","Bullet Time","Well Laid Plans","Prepared+1","Flying Knee+1","Dagger Throw","After Image","Prepared","Tools of the Trade","Deadly Poison","Underhanded Strike","Noxious Fumes+1"],"relics":["Ring of the Snake","NeowsBlessing","Happy Flower","Whetstone","Art of War","Pocketwatch","HoveringKite","Red Mask","StrikeDummy","Letter Opener","Lizard Tail","TwistedFunnel","Busted Crown","StoneCalendar","Girya","Juzu Bracelet","Ice Cream"],"acts_visited":["Exordium","TheCity","TheBeyond"],"potions_floor_usage":[48],"damage_taken":[{"damage":0.0,"enemies":"Cultist","floor":1.0,"turns":1.0},{"damage":0.0,"enemies":"Jaw Worm","floor":5.0,"turns":1.0},{"damage":0.0,"enemies":"3 Sentries","floor":6.0,"turns":1.0},{"damage":11.0,"enemies":"Lagavulin","floor":8.0,"turns":8.0},{"damage":49.0,"enemies":"Gremlin Nob","floor":10.0,"turns":6.0},{"damage":0.0,"enemies":"Small Slimes","floor":12.0,"turns":5.0},{"damage":1.0,"enemies":"Blue Slaver","floor":13.0,"turns":5.0},{"damage":3.0,"enemies":"Looter","floor":14.0,"turns":4.0},{"damage":4.0,"enemies":"Slime Boss","floor":16.0,"turns":9.0},{"damage":2.0,"enemies":"Spheric Guardian","floor":18.0,"turns":4.0},{"damage":11.0,"enemies":"Chosen","floor":19.0,"turns":5.0},{"damage":5.0,"enemies":"Masked Bandits","floor":20.0,"turns":3.0},{"damage":5.0,"enemies":"Snecko","floor":24.0,"turns":6.0},{"damage":27.0,"enemies":"Slavers","floor":25.0,"turns":4.0},{"damage":15.0,"enemies":"Book of Stabbing","floor":28.0,"turns":6.0},{"damage":6.0,"enemies":"Centurion and Healer","floor":29.0,"turns":4.0},{"damage":4.0,"enemies":"Cultist and Chosen","floor":31.0,"turns":4.0},{"damage":28.0,"enemies":"Automaton","floor":33.0,"turns":12.0},{"damage":0.0,"enemies":"3 Shapes","floor":35.0,"turns":4.0},{"damage":48.0,"enemies":"2 Orb Walkers","floor":36.0,"turns":5.0},{"damage":20.0,"enemies":"3 Darklings","floor":38.0,"turns":4.0},{"damage":8.0,"enemies":"Nemesis","floor":42.0,"turns":7.0},{"damage":10.0,"enemies":"Mind Bloom Boss Battle","floor":45.0,"turns":7.0},{"damage":8.0,"enemies":"Maw","floor":46.0,"turns":7.0},{"damage":60,"enemies":"Giant Head","floor":48,"turns":8}],"seed_played":"730101370044898280","potions_obtained":[{"floor":8.0,"key":"FearPotion"},{"floor":12.0,"key":"GamblersBrew"},{"floor":13.0,"key":"Energy Potion"},{"floor":14.0,"key":"CunningPotion"},{"floor":18.0,"key":"SkillPotion"},{"floor":25.0,"key":"GamblersBrew"},{"floor":29.0,"key":"DistilledChaos"},{"floor":31.0,"key":"Strength Potion"},{"floor":35.0,"key":"Dexterity Potion"},{"floor":36.0,"key":"Regen Potion"},{"floor":42.0,"key":"Regen Potion"},{"floor":45.0,"key":"Block Potion"}],"is_trial":false,"path_per_floor":["M","?","$","?","M","E","R","E","T","E","R","M","M","M","R","B",null,"M","M","?","?","?","R","M","E","T","R","E","M","$","M","R","B",null,"M","?","?","M","$","R","?","E","T","R","?","M","$","E"],"character_chosen":"THE_SILENT","items_purchased":["Noxious Fumes","Tools of the Trade","Deadly Poison","TwistedFunnel","BlessingOfTheForge","PowerPotion"],"campfire_rested":5,"item_purchase_floors":[3,30,30,30,39,47],"current_hp_per_floor":[59,64,64,64,64,64,64,53,53,4,25,25,24,21,21,17,58,56,45,40,40,40,40,35,8,8,29,14,8,8,4,25,35,62,62,14,14,8,8,29,29,21,21,41,46,38,38,0,0],"gold":45,"neow_bonus":"THREE_ENEMY_KILL","is_daily":false,"chose_seed":false,"campfire_upgraded":3,"win_rate":0.0,"timestamp":1611148510,"path_taken":["M","?","$","?","?","E","R","E","T","E","R","M","?","M","R","BOSS","M","M","?","?","?","R","M","E","T","R","E","M","$","M","R","BOSS","M","?","?","M","$","R","?","E","T","R","?","M","$","E"],"items_purchased_type":["Card","Card","Card","Relic","Potion","Potion"],"build_version":"2020-12-22","purchased_purges":2,"victory":false,"max_hp_per_floor":[66,71,71,71,71,71,71,71,71,71,71,71,71,71,71,71,71,71,71,71,71,71,71,71,71,71,71,71,71,71,71,71,71,71,71,71,71,71,71,71,67,67,67,67,67,67,67,67,67],"card_choices":[{"not_picked":["Predator","All Out Attack"],"picked":"Backflip","floor":1.0},{"not_picked":["Dagger Throw","Choke"],"picked":"Noxious Fumes","floor":5.0},{"not_picked":["Quick Slash","Escape Plan"],"picked":"Leg Sweep","floor":6.0},{"not_picked":["Caltrops","Flying Knee"],"picked":"Corpse Explosion","floor":8.0},{"not_picked":["Dagger Throw","Masterful Stab"],"picked":"PiercingWail","floor":10.0},{"not_picked":["Blade Dance","Dodge and Roll","Infinite Blades"],"picked":"SKIP","floor":12.0},{"not_picked":["Calculated Gamble","Expertise"],"picked":"Crippling Poison","floor":13.0},{"not_picked":["Distraction","Blade Dance"],"picked":"Bane","floor":14.0},{"not_picked":["Malaise","Storm of Steel"],"picked":"Bullet Time","floor":16.0},{"not_picked":["Cloak And Dagger","Flying Knee","Quick Slash"],"picked":"SKIP","floor":18.0},{"not_picked":["Flying Knee","Quick Slash"],"picked":"Well Laid Plans","floor":19.0},{"not_picked":["Dagger Spray","Outmaneuver"],"picked":"Prepared","floor":20.0},{"not_picked":["Dodge and Roll","Infinite Blades"],"picked":"Flying Knee+1","floor":24.0},{"not_picked":["Outmaneuver","Glass Knife"],"picked":"Dagger Throw","floor":25.0},{"not_picked":["Prepared","Concentrate"],"picked":"After Image","floor":28.0},{"not_picked":["Endless Agony","Bane"],"picked":"Prepared","floor":29.0},{"not_picked":["Predator","Prepared"],"picked":"Underhanded Strike","floor":31.0},{"not_picked":["Prepared"],"picked":"SKIP","floor":35.0},{"not_picked":["Deflect"],"picked":"SKIP","floor":38.0},{"not_picked":["Outmaneuver"],"picked":"SKIP","floor":42.0},{"not_picked":[],"picked":"Noxious Fumes+1","floor":45.0},{"not_picked":["Infinite Blades"],"picked":"SKIP","floor":46.0}],"player_experience":712763,"relics_obtained":[{"floor":6.0,"key":"Happy Flower"},{"floor":8.0,"key":"Whetstone"},{"floor":9.0,"key":"Art of War"},{"floor":10.0,"key":"Pocketwatch"},{"floor":20.0,"key":"Red Mask"},{"floor":25.0,"key":"StrikeDummy"},{"floor":26.0,"key":"Letter Opener"},{"floor":28.0,"key":"Lizard Tail"},{"floor":36.0,"key":"StoneCalendar"},{"floor":42.0,"key":"Girya"},{"floor":43.0,"key":"Juzu Bracelet"},{"floor":45.0,"key":"Ice Cream"}],"event_choices":[{"damage_healed":0.0,"max_hp_gain":5.0,"max_hp_loss":0.0,"gold_gain":0.0,"event_name":"Big Fish","player_choice":"Donut","floor":2.0,"gold_loss":0.0,"damage_taken":0.0},{"damage_healed":0.0,"max_hp_gain":0.0,"max_hp_loss":0.0,"gold_gain":0.0,"event_name":"WeMeetAgain","player_choice":"Ignored","floor":4.0,"gold_loss":0.0,"damage_taken":0.0},{"damage_healed":0.0,"max_hp_gain":0.0,"max_hp_loss":0.0,"gold_gain":0.0,"event_name":"Masked Bandits","player_choice":"Fought Bandits","floor":20.0,"gold_loss":0.0,"damage_taken":0.0},{"damage_healed":0.0,"max_hp_gain":0.0,"max_hp_loss":0.0,"gold_gain":0.0,"event_name":"The Mausoleum","player_choice":"Ignored","floor":21.0,"gold_loss":0.0,"damage_taken":0.0},{"damage_healed":0.0,"max_hp_gain":0.0,"max_hp_loss":0.0,"gold_gain":50.0,"event_name":"Nest","player_choice":"Stole From Cult","floor":22.0,"gold_loss":0.0,"damage_taken":0.0},{"damage_healed":0.0,"max_hp_gain":0.0,"max_hp_loss":0.0,"gold_gain":0.0,"event_name":"Mysterious Sphere","player_choice":"Fight","floor":36.0,"gold_loss":0.0,"damage_taken":0.0},{"cards_removed":["Defend_G"],"damage_healed":0.0,"max_hp_gain":0.0,"max_hp_loss":0.0,"gold_gain":0.0,"event_name":"Falling","player_choice":"Removed Skill","floor":37.0,"gold_loss":0.0,"damage_taken":0.0},{"damage_healed":0.0,"max_hp_gain":0.0,"max_hp_loss":4.0,"gold_gain":0.0,"event_name":"Winding Halls","player_choice":"Max HP","floor":41.0,"gold_loss":0.0,"damage_taken":0.0},{"damage_healed":0.0,"max_hp_gain":0.0,"max_hp_loss":0.0,"gold_gain":0.0,"event_name":"MindBloom","player_choice":"Fight","floor":45.0,"gold_loss":0.0,"damage_taken":0.0}],"is_beta":false,"boss_relics":[{"not_picked":["Pandora\u0027s Box","Astrolabe"],"picked":"HoveringKite"},{"not_picked":["Calling Bell","Velvet Choker"],"picked":"Busted Crown"}],"items_purged_floors":[30,39],"is_endless":false,"potions_floor_spawned":[8,12,13,14,18,25,29,31,35,36,42,45],"killed_by":"Giant Head","ascension_level":20}}