{"host":"ftbkoc3ruyyiy16n","time":1611105923,"event":{"mods":["AchievementEnabler","BaseMod","Colored Map","Colored Powertips","Downfall","Filter the Spire","Highlight Path","Minty Spire (QoL Compilation)","Permanent Neow","Quick Restart","Rare Cards Sparkle","Relic Stats","StSLib"],"gold_per_floor":[0,10,10,110,123,223,223,223,243,271,289,302,302,302,302],"floor_reached":13,"language":"ENG","playtime":918,"items_purged":[],"score":85,"play_id":"3a662095-a74c-45d4-8d61-d1427316f370","local_time":"20210120022523","is_ascension_mode":false,"campfire_choices":[{"data":"champ:StrikeOfGenius","floor":1,"key":"SMITH"},{"data":"champ:BerserkersShout","floor":8,"key":"SMITH"}],"circlet_count":0,"master_deck":["champ:Strike","champ:Strike","champ:Strike","champ:Strike","champ:Defend","champ:Defend","champ:Defend","champ:Defend","champ:Execute","champ:Taunt","champ:StrikeOfGenius+1","champ:BerserkersShout+1","champ:SwordSigil","champ:EnGarde","champ:BerserkersShout","champ:Backstep","champ:ArenaPreparation","champ:TripleStrike"],"relics":["champ:ChampionCrown","CloakClasp","Pantograph","Pen Nib"],"acts_visited":["Exordium"],"potions_floor_usage":[13,13],"damage_taken":[{"damage":27,"enemies":"Jaw Worm","floor":2,"turns":4},{"damage":5,"enemies":"2 Louse","floor":5,"turns":4},{"damage":66,"enemies":"2 Louse","floor":6,"turns":6},{"damage":15,"enemies":"Small Slimes","floor":9,"turns":3},{"damage":39,"enemies":"Lagavulin","floor":10,"turns":5},{"damage":39,"enemies":"3 Louse","floor":11,"turns":5},{"damage":73,"enemies":"Lots of Slimes","floor":12,"turns":5},{"damage":61,"enemies":"Gremlin Nob","floor":13,"turns":3}],"seed_played":"-5890335509304588300","potions_obtained":[{"floor":5,"key":"bronze:BurnAndBuffPotion"},{"floor":9,"key":"Dexterity Potion"},{"floor":10,"key":"DuplicationPotion"}],"is_trial":false,"path_per_floor":["R","M","?","?","M","?","T","R","M","E","M","M","E"],"character_chosen":"THE_CHAMP","items_purchased":[],"campfire_rested":0,"item_purchase_floors":[],"current_hp_per_floor":[90,83,83,83,83,67,67,67,67,63,54,43,0,0,0],"gold":302,"neow_bonus":"THREE_RARE_CARDS","is_daily":false,"chose_seed":false,"campfire_upgraded":2,"win_rate":0.0,"timestamp":1611105923,"path_taken":["R","M","?","?","M","?","T","R","?","E","M","M","E"],"items_purchased_type":[],"build_version":"2020-12-22","purchased_purges":0,"victory":false,"max_hp_per_floor":[90,90,90,90,90,90,90,90,90,90,90,90,90,90,90],"relic_stats":{"counters":[8,35],"Pantograph":0,"Pen Nib":[1],"CloakClasp":[47],"obtain_stats":[{"Pantograph":7,"champ:ChampionCrown":0,"Pen Nib":10,"CloakClasp":6},{"Pantograph":3,"champ:ChampionCrown":0,"Pen Nib":5,"CloakClasp":3},{"Pantograph":14,"champ:ChampionCrown":0,"Pen Nib":22,"CloakClasp":14}]},"card_choices":[{"not_picked":["champ:UltimateStance","champ:Devastate"],"picked":"champ:StrikeOfGenius","floor":0},{"not_picked":["champ:DefensiveStyle","champ:Lariat"],"picked":"champ:BerserkersShout","floor":2},{"not_picked":["champ:ShieldSigil","champ:FlashCut"],"picked":"champ:SwordSigil","floor":5},{"not_picked":["champ:PreciseThrust","champ:BladeFlurry"],"picked":"champ:EnGarde","floor":6},{"not_picked":["champ:HeartStrike","champ:SkillfulDodge"],"picked":"champ:BerserkersShout","floor":9},{"not_picked":["champ:Parry","champ:SetATrap"],"picked":"champ:Backstep","floor":10},{"not_picked":["champ:PerfectedStrike","champ:Circumvent"],"picked":"champ:ArenaPreparation","floor":11},{"not_picked":["champ:ShieldSigil","champ:DefensiveStyle"],"picked":"champ:TripleStrike","floor":12}],"player_experience":304202,"relics_obtained":[{"floor":6,"key":"CloakClasp"},{"floor":7,"key":"Pantograph"},{"floor":10,"key":"Pen Nib"}],"event_choices":[],"is_beta":false,"boss_relics":[],"items_purged_floors":[],"is_endless":false,"potions_floor_spawned":[5,9,10,11],"killed_by":"Gremlin Nob","ascension_level":0}}