{"host":"ia9e4s524g7bamk7","time":1611175996,"event":{"mods":["BaseMod","Bestiary","Block Reminder","Minty Spire (QoL Compilation)"],"gold_per_floor":[113,113,113,113,123,123,158,171,198,43,78,97,127,146,146,248,248,260,277,277,297,197,225,225,251,323,323,349,80,80,91,91,91,91],"floor_reached":33,"language":"ENG","playtime":2288,"items_purged":["Strike_R","Strike_R","Bash"],"score":397,"play_id":"38dc6b1b-4c24-454f-bdc7-10b3900142bd","local_time":"20210120215316","is_ascension_mode":true,"campfire_choices":[{"data":"Body Slam","floor":6.0,"key":"SMITH"},{"data":"Armaments","floor":15.0,"key":"SMITH"},{"floor":24.0,"key":"DIG"},{"floor":32.0,"key":"REST"}],"circlet_count":0,"master_deck":["Defend_R","Defend_R","Defend_R+1","Flame Barrier+1","Iron Wave","Body Slam+1","Armaments+1","Uppercut","Body Slam","Warcry","Feed","Writhe","Reaper","Feed","Impervious"],"relics":["Burning Blood","NeowsBlessing","Nunchaku","Anchor","Oddly Smooth Stone","Potion Belt","SacredBark","War Paint","Shovel","Tiny Chest","Frozen Egg 2","Bottled Lightning","Juzu Bracelet"],"acts_visited":["Exordium","TheCity"],"potions_floor_usage":[33,33],"damage_taken":[{"damage":0.0,"enemies":"Small Slimes","floor":1.0,"turns":1.0},{"damage":0.0,"enemies":"2 Louse","floor":5.0,"turns":1.0},{"damage":0.0,"enemies":"Gremlin Nob","floor":7.0,"turns":1.0},{"damage":0.0,"enemies":"Cultist","floor":8.0,"turns":4.0},{"damage":22.0,"enemies":"Lagavulin","floor":11.0,"turns":7.0},{"damage":0.0,"enemies":"3 Louse","floor":12.0,"turns":2.0},{"damage":0.0,"enemies":"Looter","floor":14.0,"turns":3.0},{"damage":27.0,"enemies":"Hexaghost","floor":16.0,"turns":9.0},{"damage":3.0,"enemies":"Shell Parasite","floor":18.0,"turns":4.0},{"damage":0.0,"enemies":"Chosen","floor":19.0,"turns":4.0},{"damage":5.0,"enemies":"Snecko","floor":21.0,"turns":5.0},{"damage":19.0,"enemies":"Book of Stabbing","floor":23.0,"turns":6.0},{"damage":31.0,"enemies":"Slavers","floor":25.0,"turns":6.0},{"damage":27.0,"enemies":"Book of Stabbing","floor":28.0,"turns":7.0},{"damage":52.0,"enemies":"3 Cultists","floor":31.0,"turns":6.0},{"damage":59,"enemies":"Collector","floor":33,"turns":7}],"seed_played":"5258073739193834310","potions_obtained":[{"floor":1.0,"key":"Block Potion"},{"floor":7.0,"key":"Weak Potion"},{"floor":8.0,"key":"ElixirPotion"},{"floor":11.0,"key":"DistilledChaos"},{"floor":19.0,"key":"BloodPotion"},{"floor":21.0,"key":"Explosive Potion"},{"floor":25.0,"key":"Explosive Potion"},{"floor":28.0,"key":"ColorlessPotion"}],"is_trial":false,"path_per_floor":["M","?","?","?","M","R","E","M","T","$","E","M","?","M","R","B",null,"M","M","?","M","$","E","R","E","T","?","E","$","?","M","R","B"],"character_chosen":"IRONCLAD","items_purchased":["Uppercut","Juzu Bracelet"],"campfire_rested":1,"item_purchase_floors":[10,29],"current_hp_per_floor":[80,73,73,73,79,79,80,80,80,80,64,70,70,76,76,55,80,80,80,80,84,84,71,71,55,55,55,72,72,53,23,51,0,0],"gold":91,"neow_bonus":"THREE_ENEMY_KILL","is_daily":false,"chose_seed":false,"campfire_upgraded":2,"win_rate":0.0,"timestamp":1611175996,"path_taken":["M","?","?","?","M","R","E","M","T","$","E","?","?","M","R","BOSS","M","M","?","M","$","E","R","E","T","?","E","$","?","M","R","BOSS"],"items_purchased_type":["Card","Relic"],"build_version":"2020-12-22","purchased_purges":3,"victory":false,"max_hp_per_floor":[80,80,80,80,80,80,80,80,80,80,80,80,80,80,80,80,80,80,80,80,84,84,84,84,87,87,87,91,91,91,95,95,95,95],"card_choices":[{"not_picked":["Disarm","Anger"],"picked":"Flame Barrier","floor":1.0},{"not_picked":["Warcry","Heavy Blade"],"picked":"Body Slam","floor":5.0},{"not_picked":["Dropkick","Brutality","Cleave"],"picked":"SKIP","floor":7.0},{"not_picked":["Clash","Twin Strike"],"picked":"Armaments","floor":8.0},{"not_picked":["Limit Break","Clash"],"picked":"Body Slam","floor":11.0},{"not_picked":["Perfected Strike","Cleave"],"picked":"Warcry","floor":12.0},{"not_picked":["Limit Break","True Grit","Iron Wave"],"picked":"SKIP","floor":14.0},{"not_picked":["Double Tap","Berserk"],"picked":"Feed","floor":16.0},{"not_picked":["Twin Strike+1","Wild Strike+1","Spot Weakness"],"picked":"SKIP","floor":18.0},{"not_picked":["Clash","Headbutt","Shrug It Off"],"picked":"SKIP","floor":19.0},{"not_picked":["Cleave","Rupture","Shrug It Off"],"picked":"SKIP","floor":21.0},{"not_picked":["Armaments+1","Bloodletting"],"picked":"Reaper","floor":23.0},{"not_picked":["Perfected Strike","Wild Strike","Clothesline"],"picked":"SKIP","floor":25.0},{"not_picked":["Seeing Red","Headbutt+1","Clothesline+1"],"picked":"SKIP","floor":28.0},{"not_picked":["True Grit+1","Combust+1","Wild Strike"],"picked":"SKIP","floor":31.0}],"player_experience":164907,"relics_obtained":[{"floor":7.0,"key":"Nunchaku"},{"floor":9.0,"key":"Anchor"},{"floor":11.0,"key":"Oddly Smooth Stone"},{"floor":23.0,"key":"Shovel"},{"floor":24.0,"key":"Tiny Chest"},{"floor":25.0,"key":"Frozen Egg 2"},{"floor":28.0,"key":"Bottled Lightning"}],"event_choices":[{"cards_removed":["Defend_R"],"damage_healed":0.0,"max_hp_gain":0.0,"max_hp_loss":0.0,"gold_gain":0.0,"event_name":"Golden Wing","player_choice":"Card Removal","floor":2.0,"gold_loss":0.0,"damage_taken":7.0},{"damage_healed":0.0,"max_hp_gain":0.0,"max_hp_loss":0.0,"gold_gain":0.0,"event_name":"Shining Light","player_choice":"Ignored","floor":3.0,"gold_loss":0.0,"damage_taken":0.0},{"damage_healed":0.0,"max_hp_gain":0.0,"max_hp_loss":0.0,"gold_gain":0.0,"cards_transformed":["Strike_R"],"event_name":"Transmorgrifier","player_choice":"Transformed","floor":4.0,"gold_loss":0.0,"damage_taken":0.0,"cards_obtained":["Iron Wave"]},{"damage_healed":0.0,"max_hp_gain":0.0,"max_hp_loss":0.0,"gold_gain":30.0,"event_name":"Dead Adventurer","player_choice":"Searched \u00272\u0027 times","floor":13.0,"gold_loss":0.0,"damage_taken":0.0,"relics_obtained":["Potion Belt"]},{"damage_healed":0.0,"max_hp_gain":0.0,"max_hp_loss":0.0,"gold_gain":0.0,"event_name":"The Mausoleum","player_choice":"Opened","floor":20.0,"gold_loss":0.0,"damage_taken":0.0,"relics_obtained":["War Paint"],"cards_obtained":["Writhe"]},{"damage_healed":0.0,"max_hp_gain":0.0,"max_hp_loss":0.0,"gold_gain":0.0,"cards_transformed":["Strike_R","Strike_R"],"event_name":"Drug Dealer","player_choice":"Became Test Subject","floor":27.0,"gold_loss":0.0,"damage_taken":0.0,"cards_obtained":["Feed","Impervious"]},{"damage_healed":0.0,"max_hp_gain":0.0,"max_hp_loss":0.0,"gold_gain":0.0,"event_name":"Knowing Skull","player_choice":"POTION POTION ","floor":30.0,"potions_obtained":["PowerPotion","CultistPotion"],"gold_loss":0.0,"damage_taken":19.0,"cards_obtained":[]}],"is_beta":false,"boss_relics":[{"not_picked":["Philosopher\u0027s Stone","Tiny House"],"picked":"SacredBark"}],"items_purged_floors":[10,22,29],"is_endless":false,"potions_floor_spawned":[1,7,8,11,19,21,25,28],"killed_by":"Collector","ascension_level":2}}