{"host":"nukjzc0ca34w6eem","time":1611175466,"event":{"mods":["2.2 Compatiblity","AchievementEnabler","BaseMod","Colored Powertips","Downfall","Minty Spire (QoL Compilation)","StSLib"],"gold_per_floor":[99,24,9,28,47,60,60,10,10,37,72,90,0,0,14,14,14,14],"floor_reached":16,"language":"ENG","playtime":1278,"items_purged":["Slimebound:Defend_Slimebound"],"score":155,"play_id":"35a0d314-7d0e-4b84-8dd5-72fa62f80872","local_time":"20210120124426","is_ascension_mode":true,"campfire_choices":[{"data":"Slimebound:Split","floor":1,"key":"SMITH"},{"data":"Slimebound:SamplingLick","floor":8,"key":"SMITH"}],"circlet_count":0,"master_deck":["AscendersBane","Slimebound:Strike_Slimebound","Slimebound:Strike_Slimebound+1","Slimebound:Tackle","Slimebound:Defend_Slimebound","Slimebound:Defend_Slimebound","Slimebound:Defend_Slimebound","Slimebound:Split+1","Slimebound:CorrosiveSpit","Slimebound:Overexert","Slimebound:GoopTackle","Slimebound:RollThrough+1","Slimebound:SamplingLick+1","Slimebound:ComboTackle","Slimebound:SlimeSpikes","Slimebound:SlimeBarrage","Parasite","Slimebound:Nibble"],"relics":["Slimebound:AbsorbEndCombat","Slimebound:GreedOozeRelic","Ornamental Fan","Pen Nib","Whetstone"],"acts_visited":["Exordium"],"potions_floor_usage":[11,11,16],"damage_taken":[{"damage":13,"enemies":"downfall:FleeingMerchant","floor":3,"turns":4},{"damage":6,"enemies":"2 Louse","floor":4,"turns":1},{"damage":12,"enemies":"Jaw Worm","floor":5,"turns":3},{"damage":0,"enemies":"Small Slimes","floor":6,"turns":2},{"damage":20,"enemies":"Lagavulin","floor":11,"turns":5},{"damage":7,"enemies":"3 Louse","floor":12,"turns":3},{"damage":10,"enemies":"downfall:FleeingMerchant","floor":13,"turns":4},{"damage":9,"enemies":"2 Fungi Beasts","floor":15,"turns":3},{"damage":29,"enemies":"WA_ARCHETYPE_RETAIN","floor":16,"turns":6}],"seed_played":"2998145385161327993","potions_obtained":[{"floor":5,"key":"ColorlessPotion"},{"floor":6,"key":"Block Potion"},{"floor":11,"key":"bronze:BurnAndBuffPotion"},{"floor":12,"key":"Slimebound:SlimedPotion"}],"is_trial":false,"path_per_floor":["R","?","$","M","M","M","T","R","?","T","E","M","$","?","M","B"],"character_chosen":"SLIMEBOUND","items_purchased":[],"campfire_rested":0,"item_purchase_floors":[],"current_hp_per_floor":[59,59,52,48,38,40,40,40,40,40,24,19,13,29,24,3,3,3],"gold":14,"neow_bonus":"ONE_RANDOM_RARE_CARD","is_daily":false,"chose_seed":false,"campfire_upgraded":2,"win_rate":0.0,"timestamp":1611175466,"path_taken":["R","?","$","M","M","M","T","R","?","?","E","M","$","?","M","BOSS"],"items_purchased_type":[],"build_version":"2020-12-22","purchased_purges":1,"victory":false,"max_hp_per_floor":[65,65,65,65,65,65,65,65,65,65,65,65,65,65,65,65,65,65],"card_choices":[{"not_picked":["Slimebound:WasteNot","Slimebound:LeechEnergy"],"picked":"Slimebound:GoopTackle","floor":3},{"not_picked":["Slimebound:ComboTackle","Slimebound:HungryTackle"],"picked":"Slimebound:RollThrough","floor":4},{"not_picked":["Slimebound:RollThrough","Slimebound:Recollect","Slimebound:Dissolve"],"picked":"SKIP","floor":5},{"not_picked":["Slimebound:SplitLeeching","Slimebound:WasteNot"],"picked":"Slimebound:SamplingLick","floor":6},{"not_picked":["Slimebound:SplitLeeching","Slimebound:SamplingLick"],"picked":"Slimebound:SlimeSpikes","floor":11},{"not_picked":["Slimebound:LeechingTouch","Slimebound:MegaLick","Slimebound:GoopSpray"],"picked":"SKIP","floor":12},{"not_picked":["Slimebound:SlimeSpikes","Slimebound:SplitLeeching"],"picked":"Slimebound:SlimeBarrage","floor":13},{"not_picked":["Slimebound:FinishingTackle","Slimebound:ComboTackle"],"picked":"Slimebound:Nibble","floor":15}],"player_experience":533927,"relics_obtained":[{"floor":7,"key":"Ornamental Fan"},{"floor":10,"key":"Pen Nib"},{"floor":11,"key":"Whetstone"}],"event_choices":[{"damage_healed":0,"gold_gain":0,"cards_transformed":["Slimebound:Strike_Slimebound"],"player_choice":"Change","damage_taken":0,"max_hp_gain":0,"max_hp_loss":0,"event_name":"Living Wall","floor":9,"gold_loss":0,"cards_obtained":["Slimebound:ComboTackle"]},{"damage_healed":16,"gold_gain":0,"player_choice":"Healed and dodged fight","damage_taken":0,"max_hp_gain":0,"max_hp_loss":0,"event_name":"Mushrooms","floor":14,"gold_loss":0,"cards_obtained":["Parasite"]}],"is_beta":false,"boss_relics":[],"items_purged_floors":[13],"is_endless":false,"potions_floor_spawned":[5,6,11,12],"killed_by":"WA_ARCHETYPE_RETAIN","ascension_level":11}}