{"host":"xi8yg1ddhptuxb9d","time":1611107385,"event":{"mods":["AchievementEnabler","AlwaysNeverKeys","BaseMod","Block Reminder","Minty Spire (QoL Compilation)","Relic Sorter","StSLib"],"gold_per_floor":[115,127,138,138,152,152,177,177,230,230,245,245,245,272,272,343,343,358,358,331,347,347,347,373,373,426,426,107,122,152,167,167,167,167],"floor_reached":33,"language":"ENG","playtime":1290,"items_purged":[],"score":556,"play_id":"95c0a70a-a178-4ec5-a83c-4d906f90eb68","local_time":"20210119204945","is_ascension_mode":true,"campfire_choices":[{"data":"Choke","floor":6.0,"key":"SMITH"},{"data":"Well Laid Plans","floor":8.0,"key":"SMITH"},{"data":"Choke","floor":13.0,"key":"SMITH"},{"floor":15.0,"key":"REST"},{"data":"After Image","floor":23.0,"key":"SMITH"},{"data":"Neutralize","floor":25.0,"key":"SMITH"},{"floor":32,"key":"REST"}],"circlet_count":0,"master_deck":["AscendersBane","Defend_G","Defend_G","Defend_G","Defend_G","Defend_G","Survivor","Neutralize+1","Well Laid Plans+1","Poisoned Stab","Choke+1","Leg Sweep","Choke+1","After Image+1","Bane","Dagger Throw","Bite","Bite","Bite","Bite","Bite","Backstab","Dodge and Roll","Catalyst"],"relics":["Runic Dome","Darkstone Periapt","Regal Pillow","PreservedInsect","Velvet Choker","Mummified Hand","Unceasing Top","Tiny Chest","MutagenicStrength","Ice Cream","Sundial"],"acts_visited":["Exordium","TheCity"],"potions_floor_usage":[29,30,33],"damage_taken":[{"damage":3.0,"enemies":"Jaw Worm","floor":1.0,"turns":5.0},{"damage":5.0,"enemies":"Cultist","floor":2.0,"turns":5.0},{"damage":0.0,"enemies":"2 Louse","floor":3.0,"turns":3.0},{"damage":4.0,"enemies":"Red Slaver","floor":5.0,"turns":4.0},{"damage":8.0,"enemies":"Gremlin Nob","floor":7.0,"turns":3.0},{"damage":9.0,"enemies":"3 Louse","floor":11.0,"turns":3.0},{"damage":20.0,"enemies":"3 Sentries","floor":14.0,"turns":9.0},{"damage":14.0,"enemies":"The Guardian","floor":16.0,"turns":12.0},{"damage":12.0,"enemies":"Shell Parasite","floor":18.0,"turns":5.0},{"damage":12.0,"enemies":"2 Thieves","floor":20.0,"turns":5.0},{"damage":19.0,"enemies":"Snake Plant","floor":21.0,"turns":4.0},{"damage":20.0,"enemies":"Book of Stabbing","floor":24.0,"turns":5.0},{"damage":10,"enemies":"Shelled Parasite and Fungi","floor":29,"turns":4},{"damage":7,"enemies":"Slavers","floor":30,"turns":4},{"damage":17,"enemies":"Chosen and Byrds","floor":31,"turns":6},{"damage":69,"enemies":"Champ","floor":33,"turns":12}],"seed_played":"-2553798162471380118","potions_obtained":[{"floor":2.0,"key":"ColorlessPotion"},{"floor":4.0,"key":"DuplicationPotion"},{"floor":4.0,"key":"Strength Potion"},{"floor":7.0,"key":"SpeedPotion"},{"floor":11.0,"key":"Energy Potion"},{"floor":31,"key":"DuplicationPotion"}],"is_trial":false,"path_per_floor":["M","M","M","?","M","R","E","R","T","?","M","?","R","E","R","B",null,"M","T","M","M","?","R","E","R","T","?","$","M","E","M","R","B"],"character_chosen":"THE_SILENT","items_purchased":["Ice Cream"],"campfire_rested":2,"item_purchase_floors":[28],"current_hp_per_floor":[56,51,51,51,47,47,39,39,39,44,35,35,35,15,51,37,63,51,51,39,20,20,20,12,12,12,12,12,12,13,8,37,0,0],"gold":167,"neow_bonus":"BOSS_RELIC","is_daily":false,"chose_seed":false,"campfire_upgraded":5,"win_rate":0.0,"timestamp":1611107385,"path_taken":["M","M","M","?","?","R","E","R","T","?","M","?","R","E","R","BOSS","M","?","M","M","?","R","E","R","T","?","$","M","E","M","R","BOSS"],"items_purchased_type":["Relic"],"build_version":"2020-12-22","purchased_purges":0,"victory":false,"max_hp_per_floor":[66,66,66,66,66,66,66,66,66,71,71,71,71,71,71,71,71,71,71,71,71,49,49,49,49,49,49,49,49,49,49,49,49,49],"card_choices":[{"not_picked":["Dodge and Roll","Poisoned Stab"],"picked":"Well Laid Plans","floor":1.0},{"not_picked":["Masterful Stab","Heel Hook"],"picked":"Poisoned Stab","floor":2.0},{"not_picked":["Acrobatics","Outmaneuver"],"picked":"Choke","floor":3.0},{"not_picked":["Deflect","Slice"],"picked":"Leg Sweep","floor":5.0},{"not_picked":["Grand Finale","Reflex","All Out Attack"],"picked":"SKIP","floor":7.0},{"not_picked":["Prepared","Expertise","Deflect"],"picked":"SKIP","floor":11.0},{"not_picked":["Eviscerate","Prepared","Outmaneuver"],"picked":"SKIP","floor":14.0},{"not_picked":["Bullet Time","Tools of the Trade"],"picked":"After Image","floor":16.0},{"not_picked":["Well Laid Plans","Flying Knee","Underhanded Strike"],"picked":"SKIP","floor":18.0},{"not_picked":["Flying Knee","Prepared+1"],"picked":"Bane","floor":20.0},{"not_picked":["Slice+1","Prepared+1"],"picked":"Dagger Throw","floor":21.0},{"not_picked":["Deflect","Deadly Poison"],"picked":"Backstab","floor":24.0},{"not_picked":["Underhanded Strike","After Image"],"picked":"Dodge and Roll","floor":29},{"not_picked":["Crippling Poison","Poisoned Stab"],"picked":"Catalyst","floor":30},{"not_picked":["Blur","Slice","Setup"],"picked":"SKIP","floor":31}],"player_experience":650636,"relics_obtained":[{"floor":7.0,"key":"Darkstone Periapt"},{"floor":9.0,"key":"Regal Pillow"},{"floor":14.0,"key":"PreservedInsect"},{"floor":19.0,"key":"Mummified Hand"},{"floor":24.0,"key":"Unceasing Top"},{"floor":26.0,"key":"Tiny Chest"},{"floor":30,"key":"Sundial"}],"event_choices":[{"damage_healed":0.0,"max_hp_gain":0.0,"max_hp_loss":0.0,"gold_gain":0.0,"event_name":"Lab","player_choice":"Got Potions","floor":4.0,"gold_loss":0.0,"damage_taken":0.0},{"damage_healed":0.0,"max_hp_gain":5.0,"max_hp_loss":0.0,"gold_gain":0.0,"event_name":"Big Fish","player_choice":"Donut","floor":10.0,"gold_loss":0.0,"damage_taken":0.0},{"damage_healed":0.0,"max_hp_gain":0.0,"max_hp_loss":0.0,"gold_gain":0.0,"cards_transformed":["Strike_G"],"event_name":"Transmorgrifier","player_choice":"Transformed","floor":12.0,"gold_loss":0.0,"damage_taken":0.0,"cards_obtained":["Choke"]},{"damage_healed":0.0,"max_hp_gain":0.0,"max_hp_loss":22.0,"gold_gain":0.0,"event_name":"Vampires","player_choice":"Became a vampire","floor":22.0,"gold_loss":0.0,"damage_taken":0.0,"cards_obtained":["Bite","Bite","Bite","Bite","Bite"]},{"damage_healed":0.0,"max_hp_gain":0.0,"max_hp_loss":0.0,"gold_gain":0.0,"event_name":"Drug Dealer","player_choice":"Inject Mutagens","floor":27.0,"gold_loss":0.0,"damage_taken":0.0,"relics_obtained":["MutagenicStrength"]}],"is_beta":false,"boss_relics":[{"not_picked":["Tiny House","WristBlade"],"picked":"Velvet Choker"}],"items_purged_floors":[],"is_endless":false,"potions_floor_spawned":[2,7,11,18,20,31],"killed_by":"Champ","ascension_level":16}}