{"host":"mydft8i2zzydgggw","time":1611156473,"event":{"mods":["AchievementEnabler","BaseMod","BetterRewards","Colored Map","Colored Powertips","DeckTracker","Keyboard Shortcuts","Minty Spire (QoL Compilation)","Rare Cards Sparkle","StSLib","SuperFastMode","everything is the same but u backflip on backflip"],"gold_per_floor":[10,10,21,21,38,38,63,63,63,63,75,75,88,118,118,219,219,230,240,240,256,66,66,96,96,96,131,131,146,146,146,146,250,250,295,70,70,89,89,106,106,134,134,144,144,24,24,41,41,41,41],"floor_reached":50,"language":"KOR","playtime":1546,"items_purged":["MasterReality"],"score":848,"play_id":"23c504d3-6509-42e5-a6c5-c403b1a09476","local_time":"20210121002753","is_ascension_mode":true,"campfire_choices":[{"data":"Eruption","floor":6.0,"key":"SMITH"},{"data":"Defend_P","floor":8.0,"key":"PURGE"},{"data":"Defend_P","floor":10.0,"key":"PURGE"},{"data":"Defend_P","floor":12.0,"key":"PURGE"},{"floor":15.0,"key":"REST"},{"floor":23.0,"key":"REST"},{"data":"Strike_P","floor":25.0,"key":"PURGE"},{"floor":30.0,"key":"REST"},{"data":"Strike_P","floor":32.0,"key":"PURGE"},{"floor":41,"key":"REST"},{"floor":45,"key":"REST"},{"floor":47,"key":"REST"},{"floor":49,"key":"REST"}],"circlet_count":0,"master_deck":["Eruption+1","Vigilance","Evaluate","EmptyBody","FlurryOfBlows","WreathOfFlame","Wallop","WheelKick","DeusExMachina","CrushJoints","Adaptation","EmptyFist+1","Wish","CutThroughFate","SashWhip","Prostrate","SandsOfTime","SandsOfTime","DevaForm","Prostrate+1","TalkToTheHand+1","WheelKick+1"],"relics":["HolyWater","Peace Pipe","Singing Bowl","Yang","Letter Opener","Orrery","Strawberry","Bottled Tornado","Pantograph","Gremlin Horn","Pandora\u0027s Box","Bag of Preparation","Boot","Molten Egg 2"],"acts_visited":["Exordium","TheCity","TheBeyond"],"potions_floor_usage":[40,44,48,50],"damage_taken":[{"damage":0.0,"enemies":"Jaw Worm","floor":1.0,"turns":2.0},{"damage":6.0,"enemies":"Cultist","floor":3.0,"turns":5.0},{"damage":7.0,"enemies":"Small Slimes","floor":5.0,"turns":8.0},{"damage":34.0,"enemies":"Gremlin Nob","floor":7.0,"turns":5.0},{"damage":1.0,"enemies":"Looter","floor":11.0,"turns":4.0},{"damage":1.0,"enemies":"3 Louse","floor":13.0,"turns":4.0},{"damage":12.0,"enemies":"Lagavulin","floor":14.0,"turns":7.0},{"damage":0.0,"enemies":"Slime Boss","floor":16.0,"turns":4.0},{"damage":0.0,"enemies":"2 Thieves","floor":18.0,"turns":3.0},{"damage":4.0,"enemies":"3 Byrds","floor":19.0,"turns":4.0},{"damage":24.0,"enemies":"Snake Plant","floor":21.0,"turns":3.0},{"damage":1.0,"enemies":"Gremlin Leader","floor":24.0,"turns":4.0},{"damage":30.0,"enemies":"Book of Stabbing","floor":27.0,"turns":4.0},{"damage":0.0,"enemies":"Shelled Parasite and Fungi","floor":28.0,"turns":1.0},{"damage":0.0,"enemies":"3 Cultists","floor":29.0,"turns":3.0},{"damage":81,"enemies":"Automaton","floor":33,"turns":10},{"damage":13,"enemies":"3 Shapes","floor":35,"turns":5},{"damage":3,"enemies":"Orb Walker","floor":38,"turns":3},{"damage":14,"enemies":"Maw","floor":40,"turns":6},{"damage":61,"enemies":"Nemesis","floor":42,"turns":7},{"damage":18,"enemies":"Sphere and 2 Shapes","floor":44,"turns":4},{"damage":37,"enemies":"Jaw Worm Horde","floor":48,"turns":5},{"damage":84,"enemies":"Time Eater","floor":50,"turns":7}],"seed_played":"423401712475361812","potions_obtained":[{"floor":5.0,"key":"SteroidPotion"},{"floor":7.0,"key":"LiquidBronze"},{"floor":14.0,"key":"BlessingOfTheForge"},{"floor":18.0,"key":"SteroidPotion"},{"floor":21.0,"key":"EssenceOfSteel"},{"floor":27.0,"key":"SmokeBomb"},{"floor":29.0,"key":"Weak Potion"},{"floor":42,"key":"Block Potion"},{"floor":44,"key":"SteroidPotion"},{"floor":48,"key":"ColorlessPotion"}],"is_trial":false,"path_per_floor":["M","?","M","$","M","R","E","R","T","R","M","R","M","E","R","B",null,"M","M","?","M","$","R","E","R","T","E","M","M","R","?","R","B",null,"M","$","?","M","?","M","R","E","T","M","R","$","R","M","R","B"],"character_chosen":"WATCHER","items_purchased":["Adaptation","Orrery","Bag of Preparation","TalkToTheHand+1","PowerPotion"],"campfire_rested":7,"item_purchase_floors":[22,22,36,46,46],"current_hp_per_floor":[65,65,59,59,52,52,18,18,18,18,19,19,18,6,28,28,63,65,63,48,24,32,59,67,67,67,37,37,37,67,67,67,11,78,65,65,65,64,64,50,80,19,19,3,34,34,65,28,59,0,0],"gold":41,"neow_bonus":"ONE_RARE_RELIC","is_daily":false,"chose_seed":false,"campfire_upgraded":1,"win_rate":0.0,"timestamp":1611156473,"path_taken":["M","?","M","?","M","R","E","R","T","R","M","R","M","E","R","BOSS","M","M","?","M","$","R","E","R","T","E","M","M","R","?","R","BOSS","M","$","?","M","?","M","R","E","T","?","R","?","R","M","R","BOSS"],"items_purchased_type":["Card","Relic","Relic","Card","Potion"],"build_version":"2020-12-22","purchased_purges":1,"victory":false,"max_hp_per_floor":[72,72,72,72,72,72,72,72,72,72,74,74,74,74,74,74,74,76,78,83,83,91,91,100,100,100,100,100,100,100,100,100,100,100,100,100,100,102,102,102,102,102,102,104,104,104,104,104,104,104,104],"card_choices":[{"not_picked":["EmptyBody","SashWhip"],"picked":"Evaluate","floor":1.0},{"not_picked":["Pray","BattleHymn"],"picked":"EmptyBody","floor":3.0},{"not_picked":["EmptyBody","Evaluate"],"picked":"FlurryOfBlows","floor":5.0},{"not_picked":["PathToVictory","Protect"],"picked":"WreathOfFlame","floor":7.0},{"not_picked":["CrushJoints","Perseverance","WindmillStrike"],"picked":"Singing Bowl","floor":11.0},{"not_picked":["Judgement","Crescendo"],"picked":"Wallop","floor":13.0},{"not_picked":["SignatureMove","FollowUp"],"picked":"WheelKick","floor":14.0},{"not_picked":["Brilliance","Vault"],"picked":"DeusExMachina","floor":16.0},{"not_picked":["Pray","EmptyBody","PathToVictory+1"],"picked":"Singing Bowl","floor":18.0},{"not_picked":["EmptyBody","ForeignInfluence","Evaluate+1"],"picked":"Singing Bowl","floor":19.0},{"not_picked":["Crescendo","PathToVictory"],"picked":"CrushJoints","floor":21.0},{"not_picked":["CutThroughFate","EmptyBody"],"picked":"EmptyFist+1","floor":22.0},{"not_picked":["ThirdEye+1","DeusExMachina","BowlingBash+1"],"picked":"Singing Bowl","floor":22.0},{"not_picked":["ThirdEye","ClearTheMind+1","WindmillStrike"],"picked":"Singing Bowl","floor":22.0},{"not_picked":["SashWhip","Protect","WreathOfFlame+1"],"picked":"Singing Bowl","floor":22.0},{"not_picked":["BowlingBash","Protect","Nirvana+1"],"picked":"Singing Bowl","floor":22.0},{"not_picked":["ClearTheMind+1","Protect+1","Halt"],"picked":"Singing Bowl","floor":24.0},{"not_picked":["Fasting2","EmptyFist"],"picked":"Wish","floor":27.0},{"not_picked":["EmptyFist+1","JustLucky"],"picked":"CutThroughFate","floor":29.0},{"not_picked":["Judgement","DeusExMachina"],"picked":"MasterReality","floor":33},{"not_picked":["Consecrate+1","CutThroughFate"],"picked":"SandsOfTime","floor":35},{"not_picked":["Halt","Evaluate+1","Consecrate+1"],"picked":"Singing Bowl","floor":38},{"not_picked":["EmptyFist","FlyingSleeves+1"],"picked":"DevaForm","floor":40},{"not_picked":["Evaluate","Crescendo"],"picked":"Prostrate+1","floor":42},{"not_picked":["Protect+1","FollowUp+1","PathToVictory"],"picked":"Singing Bowl","floor":44},{"not_picked":["DeceiveReality","WaveOfTheHand+1"],"picked":"WheelKick+1","floor":48}],"player_experience":186970,"relics_obtained":[{"floor":7.0,"key":"Singing Bowl"},{"floor":9.0,"key":"Yang"},{"floor":14.0,"key":"Letter Opener"},{"floor":24.0,"key":"Strawberry"},{"floor":26.0,"key":"Bottled Tornado"},{"floor":27.0,"key":"Pantograph"},{"floor":42,"key":"Boot"},{"floor":43,"key":"Molten Egg 2"}],"event_choices":[{"cards_removed":["Strike_P"],"damage_healed":0.0,"max_hp_gain":0.0,"max_hp_loss":0.0,"gold_gain":0.0,"event_name":"Bonfire Elementals","player_choice":"Offered Basic","floor":2.0,"gold_loss":0.0,"damage_taken":0.0},{"damage_healed":0.0,"max_hp_gain":5.0,"max_hp_loss":0.0,"gold_gain":0.0,"event_name":"Forgotten Altar","player_choice":"Shed Blood","floor":20.0,"gold_loss":0.0,"damage_taken":20.0},{"damage_healed":0.0,"max_hp_gain":0.0,"max_hp_loss":0.0,"gold_gain":0.0,"event_name":"The Mausoleum","player_choice":"Opened","floor":31.0,"gold_loss":0.0,"damage_taken":0.0,"relics_obtained":["Gremlin Horn"]},{"damage_healed":0,"gold_gain":0,"player_choice":"Ignored","damage_taken":0,"max_hp_gain":0,"max_hp_loss":0,"event_name":"Mysterious Sphere","floor":37,"gold_loss":0},{"damage_healed":0,"gold_gain":0,"player_choice":"Copied","damage_taken":0,"max_hp_gain":0,"max_hp_loss":0,"event_name":"Duplicator","floor":39,"gold_loss":0,"cards_obtained":["SandsOfTime"]}],"is_beta":false,"boss_relics":[{"not_picked":["Tiny House","Calling Bell"],"picked":"HolyWater"},{"not_picked":["Empty Cage","Sozu"],"picked":"Pandora\u0027s Box"}],"items_purged_floors":[36],"is_endless":false,"potions_floor_spawned":[5,7,14,18,21,27,29,42,44,48],"killed_by":"Time Eater","ascension_level":8}}