{"host":"hwrdjx5eod2cxh09","time":1611161731,"event":{"mods":["AchievementEnabler","BaseMod","Bestiary","Minty Spire (QoL Compilation)","Relic Stats"],"gold_per_floor":[365,157,175,192,209,240,240,240,315,315,334,365,385,412,412,412,412],"floor_reached":16,"language":"ENG","playtime":685,"items_purged":[],"score":128,"play_id":"e4c89c06-f1b8-4099-a2b2-8629a42ff8b9","local_time":"20210121015531","is_ascension_mode":true,"campfire_choices":[{"floor":7,"key":"DIG"},{"floor":10,"key":"DIG"},{"floor":15,"key":"RECALL"}],"circlet_count":0,"master_deck":["Strike_B","Strike_B","Strike_B","Strike_B","Defend_B","Defend_B","Defend_B","Defend_B","Zap","Dualcast","Leap","Coolheaded","Streamline","Coolheaded","Turbo","Hologram","Steam"],"relics":["Cracked Core","Sling","Shovel","Smiling Mask","Meat on the Bone","Frozen Egg 2","Bag of Marbles","Happy Flower"],"acts_visited":["Exordium"],"potions_floor_usage":[16],"damage_taken":[{"damage":0,"enemies":"Small Slimes","floor":1,"turns":3},{"damage":0,"enemies":"Cultist","floor":3,"turns":4},{"damage":5,"enemies":"2 Louse","floor":4,"turns":3},{"damage":1,"enemies":"Red Slaver","floor":5,"turns":5},{"damage":13,"enemies":"Lagavulin","floor":6,"turns":7},{"damage":1,"enemies":"2 Fungi Beasts","floor":11,"turns":4},{"damage":10,"enemies":"3 Sentries","floor":12,"turns":8},{"damage":5,"enemies":"Blue Slaver","floor":13,"turns":3},{"damage":8,"enemies":"Lagavulin","floor":14,"turns":8},{"damage":47,"enemies":"Hexaghost","floor":16,"turns":12}],"seed_played":"-2713914883637766784","potions_obtained":[{"floor":4,"key":"Strength Potion"},{"floor":5,"key":"ColorlessPotion"},{"floor":11,"key":"BlessingOfTheForge"},{"floor":13,"key":"CultistPotion"}],"is_trial":false,"path_per_floor":["M","$","M","M","M","E","R","?","T","R","M","E","M","E","R","B"],"character_chosen":"DEFECT","items_purchased":["Coolheaded","Sling"],"campfire_rested":0,"item_purchase_floors":[2,2],"current_hp_per_floor":[54,54,54,49,48,35,35,35,35,35,46,48,43,47,47,0,0],"gold":412,"neow_bonus":"TWO_FIFTY_GOLD","is_daily":false,"chose_seed":false,"campfire_upgraded":0,"win_rate":0.0,"timestamp":1611161731,"path_taken":["M","$","M","M","M","E","R","?","T","R","M","E","M","E","R","BOSS"],"items_purchased_type":["Card","Relic"],"build_version":"2020-12-22","purchased_purges":0,"victory":false,"max_hp_per_floor":[75,75,75,75,75,75,75,75,75,75,75,75,75,75,75,75,75],"relic_stats":{"Shovel":2,"Happy Flower":[4],"counters":[10,57],"Smiling Mask":0,"obtain_stats":[{"Shovel":6,"Happy Flower":14,"Bag of Marbles":12,"Frozen Egg 2":10,"Cracked Core":0,"Sling":2,"Smiling Mask":7,"Meat on the Bone":9},{"Shovel":5,"Happy Flower":9,"Bag of Marbles":7,"Frozen Egg 2":5,"Cracked Core":0,"Sling":1,"Smiling Mask":5,"Meat on the Bone":5},{"Shovel":22,"Happy Flower":45,"Bag of Marbles":34,"Frozen Egg 2":22,"Cracked Core":0,"Sling":3,"Smiling Mask":22,"Meat on the Bone":22}],"Meat on the Bone":36},"card_choices":[{"not_picked":["Reprogram","Stack"],"picked":"Leap","floor":1},{"not_picked":["Leap","Redo"],"picked":"Streamline","floor":3},{"not_picked":["BootSequence","Static Discharge"],"picked":"Coolheaded","floor":4},{"not_picked":["Redo","Go for the Eyes","Coolheaded"],"picked":"SKIP","floor":5},{"not_picked":["Steam Power","Streamline"],"picked":"Turbo","floor":6},{"not_picked":["Chill","Double Energy"],"picked":"Hologram","floor":11},{"not_picked":["Cold Snap","Redo","Chaos"],"picked":"SKIP","floor":12},{"not_picked":["Leap","Reinforced Body"],"picked":"Steam","floor":13},{"not_picked":["Coolheaded","BootSequence","Barrage"],"picked":"SKIP","floor":14}],"player_experience":203899,"relics_obtained":[{"floor":6,"key":"Shovel"},{"floor":7,"key":"Smiling Mask"},{"floor":9,"key":"Meat on the Bone"},{"floor":10,"key":"Frozen Egg 2"},{"floor":12,"key":"Bag of Marbles"},{"floor":14,"key":"Happy Flower"}],"event_choices":[{"damage_healed":0,"gold_gain":0,"player_choice":"Ignored","damage_taken":0,"max_hp_gain":0,"max_hp_loss":0,"event_name":"NoteForYourself","floor":8,"gold_loss":0}],"is_beta":false,"boss_relics":[],"items_purged_floors":[],"is_endless":false,"potions_floor_spawned":[4,5,11,13],"killed_by":"Hexaghost","ascension_level":1}}