{"host":"gk9qdtkqd8dwfeg2","time":1611124632,"event":{"mods":["Act Like it!","Aspiration","BaseMod","Colored Powertips","KomeijiMod","Minty Spire (QoL Compilation)","Quick Restart","Replay The Spire","Shop Mod","StSLib","TestMod","The Gatherer","The Servant 0.9.4","Waifu the Spire","WarShipGirlsR/战舰少女R mod","Yuri Mod","【遗物卡牌】REMEMod"],"gold_per_floor":[360,378,528,539,34,59,59,91,91,118,132,132,151,166,166,240,240,254,288,288,306,63,94,94,494,494,494,511,540,720,752,752,829,829,849,610,169,169,179,205,205,205,229,196,196,230,250,33,33,33,33,33,33,51,81,81],"floor_reached":57,"language":"ZHS","playtime":2820,"items_purged":["Writhe","Injury","Defend_R","Normality","Infernal Blade","Flex"],"score":3093,"play_id":"f68f5474-8b36-4085-8401-7bd82cb5699f","local_time":"20210120143712","is_ascension_mode":true,"campfire_choices":[{"data":"Armaments","floor":7.0,"key":"SMITH"},{"floor":12.0,"key":"REST"},{"data":"Abandon","floor":15.0,"key":"SMITH"},{"data":"REME_FirmDetermination","floor":24.0,"key":"SMITH"},{"data":"Evolve","floor":27.0,"key":"SMITH"},{"floor":32.0,"key":"REST"},{"data":"testmod-Wormhole","floor":42.0,"key":"SMITH"},{"data":"REME_BuildACard","floor":45.0,"key":"SMITH"},{"floor":49,"key":"RECALL"},{"data":"Armaments","floor":53,"key":"SMITH"}],"circlet_count":0,"master_deck":["AscendersBane","Bash","Feed","Shrug It Off","Armaments+1","Body Slam","Feel No Pain","Feed","Sword Boomerang","Sword Boomerang","Burning Pact","Disarm","Abandon+1","Fiend Fire","Second Wind+1","Shrug It Off+1","Evolve+1","REME_FirmDetermination+1","Reaper+1","Replay:Many Hands","Offering","True Grit","REME_BuildACard+1","testmod-Wormhole+1","Confused","Barricade","Dark Embrace","Berserk+1","Armaments+1","Entrench","ReplayTheSpireMod:IOU"],"relics":["Burning Blood","REME_ComplimentaryCards","testmod-Laevatain","MerchantsRug","testmod-AssaultLearning","testmod-StringDisintegrator","Red Mask","testmod-CyclicPeriapt","ReplayTheSpireMod:Shallot","Divine Protection","Question Card","testmod-RainbowHikingShoes","ReplayTheSpireMod:Ring of Addiction","Potion Belt","Toy Ornithopter","Kunai","Replay:Wax Seal","Pocketwatch","OrangePellets","Guide Book","aspiration:AnachronicSnailShell"],"acts_visited":["Exordium","TheCity","TheBeyond","TheEnding"],"potions_floor_usage":[46,51,56,56,56],"damage_taken":[{"damage":11.0,"enemies":"Jaw Worm","floor":1.0,"turns":5.0},{"damage":0.0,"enemies":"Cultist","floor":2.0,"turns":3.0},{"damage":2.0,"enemies":"2 Louse","floor":4.0,"turns":3.0},{"damage":10.0,"enemies":"Lagavulin","floor":6.0,"turns":7.0},{"damage":60.0,"enemies":"Gremlin Nob","floor":8.0,"turns":5.0},{"damage":2.0,"enemies":"Lagavulin","floor":10.0,"turns":6.0},{"damage":1.0,"enemies":"Large Slime","floor":11.0,"turns":6.0},{"damage":17.0,"enemies":"Lots of Slimes","floor":13.0,"turns":3.0},{"damage":11.0,"enemies":"Looter","floor":14.0,"turns":3.0},{"damage":35.0,"enemies":"Hexaghost","floor":16.0,"turns":8.0},{"damage":0.0,"enemies":"Spheric Guardian","floor":18.0,"turns":2.0},{"damage":33.0,"enemies":"Masked Bandits","floor":19.0,"turns":4.0},{"damage":18.0,"enemies":"3 Byrds","floor":21.0,"turns":5.0},{"damage":0.0,"enemies":"Replay:Snechameleon","floor":23.0,"turns":8.0},{"damage":15.0,"enemies":"Centurion and Healer","floor":28.0,"turns":7.0},{"damage":22.0,"enemies":"Book of Stabbing","floor":29.0,"turns":5.0},{"damage":27.0,"enemies":"REME_1_Revenger","floor":31.0,"turns":7.0},{"damage":86.0,"enemies":"Collector","floor":33.0,"turns":8.0},{"damage":0.0,"enemies":"Orb Walker","floor":35.0,"turns":4.0},{"damage":0.0,"enemies":"3 Shapes","floor":39.0,"turns":6.0},{"damage":0.0,"enemies":"Giant Head","floor":40.0,"turns":3.0},{"damage":32,"enemies":"Reptomancer","floor":46,"turns":5},{"damage":12,"enemies":"Transient","floor":47,"turns":4},{"damage":31,"enemies":"Donu and Deca","floor":50,"turns":6},{"damage":10,"enemies":"Time Eater","floor":51,"turns":6},{"damage":12,"enemies":"Shield and Spear","floor":55,"turns":4},{"damage":31,"enemies":"The Heart","floor":56,"turns":7}],"seed_played":"2262242175605829496","potions_obtained":[{"floor":1.0,"key":"Reflective Coating"},{"floor":4.0,"key":"Flashbang"},{"floor":10.0,"key":"LiquidBronze"},{"floor":11.0,"key":"Explosive Potion"},{"floor":21.0,"key":"Languid Potion"},{"floor":23.0,"key":"Ancient Potion"},{"floor":28.0,"key":"Adrenaline Potion"},{"floor":29.0,"key":"Elixir"},{"floor":35.0,"key":"FairyPotion"},{"floor":38.0,"key":"SkillPotion"},{"floor":38.0,"key":"Death Potion"},{"floor":40.0,"key":"Elixir"},{"floor":55,"key":"Swift Potion"}],"is_trial":false,"path_per_floor":["M","M","?","M","$","E","R","E","T","E","M","R","M","M","R","B",null,"M","?","?","M","$","E","R","?","T","R","M","E","?","E","R","B",null,"M","$","$","?","M","E","?","R","T","$","R","E","M","$","R","B","B",null,"R","$","E","B",null],"character_chosen":"IRONCLAD","items_purchased":["MerchantsRug","Replay:PocketPolymizer","REME_FirmDetermination","Reaper","ReplayTheSpireMod:ShopPack","testmod-RainbowHikingShoes","Replay:Wax Seal","OrangePellets","Guide Book","Strength Potion"],"campfire_rested":2,"item_purchase_floors":[5,5,22,22,36,37,44,48,54,54],"current_hp_per_floor":[48,57,57,64,64,70,70,16,16,24,33,63,58,56,56,27,90,99,80,80,71,71,90,90,90,90,90,104,92,73,56,99,56,122,141,141,141,141,155,155,155,155,155,155,153,131,139,139,139,148,153,167,167,167,173,173],"gold":81,"neow_bonus":"TWO_FIFTY_GOLD","is_daily":false,"chose_seed":false,"campfire_upgraded":7,"win_rate":0.0,"timestamp":1611124632,"path_taken":["M","M","?","M","$","E","R","E","T","E","M","R","M","M","R","BOSS","M","?","?","?","?","E","R","?","T","R","M","E","?","E","R","BOSS","M","?","$","?","M","E","?","R","T","?","R","E","?","$","R","BOSS","BOSS","R","$","E","BOSS"],"items_purchased_type":["Relic","Relic","Card","Card","Relic","Relic","Relic","Relic","Relic","Potion"],"build_version":"2020-12-22","purchased_purges":6,"victory":true,"max_hp_per_floor":[78,81,81,84,84,94,94,94,94,98,102,102,108,111,111,111,111,114,122,122,125,125,129,129,129,129,129,136,140,140,144,144,144,144,148,148,148,148,155,155,155,155,155,155,153,157,161,161,161,167,171,171,171,171,173,173],"card_choices":[{"not_picked":["Flex","Wild Strike"],"picked":"Shrug It Off","floor":1.0},{"not_picked":["ReplayTheSpireMod:Stacked","Heavy Blade"],"picked":"Armaments","floor":2.0},{"not_picked":["Demonic Infusion","Uppercut","Anger"],"picked":"SKIP","floor":4.0},{"not_picked":["Thunderclap","Armaments"],"picked":"Body Slam","floor":6.0},{"not_picked":["Disarm","Double Tap"],"picked":"Feed","floor":8.0},{"not_picked":["Blood for Blood","Perfected Strike","Headbutt"],"picked":"SKIP","floor":10.0},{"not_picked":["ReplayTheSpireMod:Corrosion Curse","Wild Strike"],"picked":"Sword Boomerang","floor":11.0},{"not_picked":["Bloodletting","Second Wind"],"picked":"Burning Pact","floor":13.0},{"not_picked":["Replay:Undeath\u0027s Touch","Disarm","Rampage"],"picked":"SKIP","floor":14.0},{"not_picked":["Replay:Undeath\u0027s Touch","Rampage"],"picked":"Disarm","floor":14.0},{"not_picked":["Immolate","Demonic Infusion"],"picked":"Fiend Fire","floor":16.0},{"not_picked":["Thunderclap+1","Warcry"],"picked":"Second Wind+1","floor":18.0},{"not_picked":["Headbutt","Iron Wave"],"picked":"Shrug It Off+1","floor":19.0},{"not_picked":["Sword Boomerang","ReplayTheSpireMod:Limb From Limb","Thunderclap"],"picked":"SKIP","floor":21.0},{"not_picked":["True Grit+1","Combust"],"picked":"Replay:Many Hands","floor":23.0},{"not_picked":["Clash","True Grit+1","Headbutt"],"picked":"SKIP","floor":28.0},{"not_picked":["Body Slam","ReplayTheSpireMod:Strike From Hell"],"picked":"Offering","floor":29.0},{"not_picked":["Pommel Strike","Anger","Bloodletting"],"picked":"SKIP","floor":31.0},{"not_picked":["Feed","Hemogenesis","REME_TheLastStrike"],"picked":"Barricade","floor":33.0},{"not_picked":["Run Through","Sword Boomerang","Iron Wave","Bloodletting"],"picked":"SKIP","floor":35.0},{"not_picked":["testmod-TaurusBlackCat","Searching","testmod-SelfRegulatingSystem"],"picked":"REME_BuildACard","floor":36.0},{"not_picked":["testmod-PerfectCombo","Magnetism","Good Instincts"],"picked":"testmod-Wormhole","floor":36.0},{"not_picked":["Combust","Cleave+1","True Grit","ReplayReversal+1"],"picked":"SKIP","floor":39.0},{"not_picked":["Headbutt+1","Armaments","Second Wind+1","Cleave"],"picked":"SKIP","floor":40.0},{"not_picked":["Infernal Blade+1","Iron Wave","Flame Barrier"],"picked":"Dark Embrace","floor":46},{"not_picked":["ReplayTheSpireMod:Limb From Limb","Combust","Clash"],"picked":"Berserk","floor":47},{"not_picked":["True Grit","Dropkick","Perfected Strike","Iron Wave"],"picked":"SKIP","floor":55}],"player_experience":663010,"relics_obtained":[{"floor":6.0,"key":"Strawberry"},{"floor":8.0,"key":"testmod-AssaultLearning"},{"floor":10.0,"key":"aspiration:DSix"},{"floor":19.0,"key":"Red Mask"},{"floor":23.0,"key":"testmod-CyclicPeriapt"},{"floor":26.0,"key":"ReplayTheSpireMod:Shallot"},{"floor":29.0,"key":"Divine Protection"},{"floor":31.0,"key":"Question Card"},{"floor":38.0,"key":"ReplayTheSpireMod:Ring of Addiction"},{"floor":38.0,"key":"Potion Belt"},{"floor":38.0,"key":"Toy Ornithopter"},{"floor":40.0,"key":"Kunai"},{"floor":43.0,"key":"Smiling Mask"},{"floor":46,"key":"Pocketwatch"},{"floor":55,"key":"aspiration:AnachronicSnailShell"}],"event_choices":[{"damage_healed":0.0,"max_hp_gain":0.0,"max_hp_loss":0.0,"gold_gain":150.0,"event_name":"Liars Game","player_choice":"AGREE","floor":3.0,"gold_loss":0.0,"damage_taken":0.0,"cards_obtained":["Doubt"]},{"damage_healed":0.0,"max_hp_gain":0.0,"max_hp_loss":0.0,"gold_gain":0.0,"event_name":"Masked Bandits","player_choice":"Fought Bandits","floor":19.0,"gold_loss":0.0,"damage_taken":0.0},{"damage_healed":0.0,"max_hp_gain":0.0,"max_hp_loss":0.0,"gold_gain":0.0,"event_name":"Match and Keep!","player_choice":"1 cards matched","floor":20.0,"gold_loss":0.0,"damage_taken":0.0,"cards_obtained":["Evolve"]},{"damage_healed":0.0,"max_hp_gain":0.0,"max_hp_loss":0.0,"gold_gain":400.0,"event_name":"恩洛斯的盘子","player_choice":"Sell","floor":25.0,"relics_lost":["testmod-TestBox"],"gold_loss":0.0,"damage_taken":0.0},{"damage_healed":0.0,"max_hp_gain":0.0,"max_hp_loss":0.0,"gold_gain":180.0,"event_name":"Knowing Skull","player_choice":"GOLD GOLD ","floor":30.0,"potions_obtained":[],"gold_loss":0.0,"damage_taken":19.0,"cards_obtained":[]}],"is_beta":false,"boss_relics":[{"not_picked":["testmod-HarvestTotem","Snecko Eye"],"picked":"testmod-StringDisintegrator"},{"not_picked":["Mark of Pain","Honey Jar"],"picked":"Empty Cage"}],"items_purged_floors":[22,36,37,44,48,54],"is_endless":false,"potions_floor_spawned":[1,4,10,11,16,21,23,28,29,35,40,55],"ascension_level":20}}