{"host":"65a95dzim48ko8ke","time":1611140383,"event":{"mods":["Astrologer","BaseMod","Colored Powertips","Minty Spire (QoL Compilation)","Permanent Neow","Quick Restart","Rare Cards Sparkle","Replay The Spire","StSLib"],"gold_per_floor":[119,164,239,47,64,64,93,93,93,109,141,141,27,45,45,150,150,166,166,166,176,21,11,11],"floor_reached":23,"language":"ENG","playtime":1767,"items_purged":["Regret"],"score":266,"play_id":"25d47a3a-602f-42e0-a90f-125c3ad832a9","local_time":"20210120195943","is_ascension_mode":true,"campfire_choices":[{"data":"Apotheosis","floor":6.0,"key":"SMITH"},{"data":"astrologer:TheFool","floor":8.0,"key":"SMITH"},{"data":"astrologer:Glimpse","floor":15.0,"key":"SMITH"}],"circlet_count":0,"master_deck":["astrologer:Strike","astrologer:Strike","astrologer:Strike","astrologer:Strike","astrologer:Defend+1","astrologer:Defend+1","astrologer:Defend","astrologer:Defend","astrologer:NorthStar","astrologer:TheFool+1","astrologer:Stardust","Apotheosis+1","astrologer:SpaceDust","astrologer:TheChariot","astrologer:FadingStar","astrologer:Still","astrologer:Glimpse","astrologer:Glimpse+1","astrologer:Premonition","astrologer:NeutronStar","astrologer:SpaceDust+1"],"relics":["Runic Dome","Akabeko","Dead Branch","Du-Vu Doll","Thread and Needle","ChewingGum","Nloth\u0027s Gift","Tiny Chest"],"acts_visited":["Exordium","TheCity"],"potions_floor_usage":[23],"damage_taken":[{"damage":1.0,"enemies":"Cultist","floor":1.0,"turns":3.0},{"damage":0.0,"enemies":"Jaw Worm","floor":5.0,"turns":3.0},{"damage":8.0,"enemies":"Gremlin Nob","floor":7.0,"turns":4.0},{"damage":1.0,"enemies":"Small Slimes","floor":10.0,"turns":3.0},{"damage":0.0,"enemies":"3 Sentries","floor":11.0,"turns":8.0},{"damage":0.0,"enemies":"3 Louse","floor":14.0,"turns":3.0},{"damage":27.0,"enemies":"The Guardian","floor":16.0,"turns":12.0},{"damage":0.0,"enemies":"Chosen","floor":18.0,"turns":6.0},{"damage":0.0,"enemies":"3 Byrds","floor":21.0,"turns":5.0},{"damage":81,"enemies":"Gremlin Leader","floor":23,"turns":10}],"seed_played":"4963559945170019711","potions_obtained":[{"floor":5.0,"key":"Block Potion"},{"floor":7.0,"key":"Ancient Potion"},{"floor":18.0,"key":"Explosive Potion"},{"floor":21,"key":"DistilledChaos"}],"is_trial":false,"path_per_floor":["M","T","?","$","M","R","E","R","T","M","E","?","$","M","R","B",null,"M","?","?","M","$","E"],"character_chosen":"ASTROLOGER","items_purchased":["Apotheosis","astrologer:Glimpse","Tiny Chest"],"campfire_rested":0,"item_purchase_floors":[4,13,22],"current_hp_per_floor":[69,69,58,58,58,58,50,50,50,49,49,49,49,49,49,22,70,70,70,70,70,70,0,0],"gold":11,"neow_bonus":"BOSS_RELIC","is_daily":false,"chose_seed":false,"campfire_upgraded":3,"win_rate":0.0,"timestamp":1611140383,"path_taken":["M","?","?","?","M","R","E","R","T","?","E","?","$","M","R","BOSS","M","?","?","?","$","E"],"items_purchased_type":["Card","Card","Relic"],"build_version":"2020-12-22","purchased_purges":1,"victory":false,"max_hp_per_floor":[70,70,70,70,70,70,70,70,70,70,70,70,70,70,70,70,70,70,70,70,70,70,70,70],"card_choices":[{"not_picked":["astrologer:Moonlight","astrologer:TheHighPriestess"],"picked":"astrologer:Stardust","floor":1.0},{"not_picked":["astrologer:TheEmperor","astrologer:Moonlight"],"picked":"astrologer:SpaceDust","floor":5.0},{"not_picked":["astrologer:CosmicExpanse","astrologer:Still"],"picked":"astrologer:TheChariot","floor":7.0},{"not_picked":["astrologer:Strength","astrologer:Opposition"],"picked":"astrologer:FadingStar","floor":10.0},{"not_picked":["astrologer:ReadTheStars","astrologer:Radiance"],"picked":"astrologer:Still","floor":11.0},{"not_picked":["astrologer:Prismatic","astrologer:ReadTheStars"],"picked":"astrologer:Glimpse","floor":14.0},{"not_picked":["astrologer:TheWorld","astrologer:DarkMatter"],"picked":"astrologer:Premonition","floor":16.0},{"not_picked":["astrologer:SolarFlare","astrologer:StarOfMisfortune"],"picked":"astrologer:NeutronStar","floor":18.0},{"not_picked":["astrologer:CometStrike","astrologer:MeteorShower"],"picked":"astrologer:SpaceDust+1","floor":21}],"player_experience":322435,"relics_obtained":[{"floor":2.0,"key":"Simple Rune"},{"floor":7.0,"key":"Akabeko"},{"floor":9.0,"key":"Dead Branch"},{"floor":11.0,"key":"Du-Vu Doll"}],"event_choices":[{"damage_healed":0.0,"max_hp_gain":0.0,"max_hp_loss":0.0,"gold_gain":75.0,"event_name":"World of Goop","player_choice":"Gather Gold","floor":3.0,"gold_loss":0.0,"damage_taken":11.0},{"damage_healed":0.0,"max_hp_gain":0.0,"max_hp_loss":0.0,"gold_gain":0.0,"event_name":"Big Fish","player_choice":"Box","floor":12.0,"gold_loss":0.0,"damage_taken":0.0,"relics_obtained":["Thread and Needle"],"cards_obtained":["Regret"]},{"damage_healed":0.0,"max_hp_gain":0.0,"max_hp_loss":0.0,"gold_gain":0.0,"event_name":"N\u0027loth","player_choice":"Traded Relic","floor":20.0,"relics_lost":["Simple Rune"],"gold_loss":0.0,"damage_taken":0.0,"relics_obtained":["Nloth\u0027s Gift"]}],"is_beta":false,"boss_relics":[{"not_picked":["Replay:Wanted Poster","Fusion Hammer"],"picked":"ChewingGum"}],"items_purged_floors":[13],"is_endless":false,"potions_floor_spawned":[5,7,18,21],"killed_by":"Gremlin Leader","ascension_level":4}}