{"host":"46dxij13gllk3u9t","time":1611104311,"event":{"mods":["BaseMod","Better Note","BetterRewards","Colored Powertips","Custom Start","Downfall","Minty Spire (QoL Compilation)","Relic Sorter","Shop Mod","StSLib","The IronCluck","slay the spire mod where everything is the same but ironclad has a cowboy hat"],"gold_per_floor":[99,111,126,139,49,83,83,96,196,209,209,21,21,21,40,138,138,138,148,81,81,99,99,99,99],"floor_reached":23,"language":"ENG","playtime":1953,"items_purged":["Slimebound:Strike_Slimebound","Slimebound:Strike_Slimebound"],"score":191,"play_id":"febf2544-e19d-4847-a503-68c7feb6ea88","local_time":"20210119195831","is_ascension_mode":false,"campfire_choices":[{"data":"Slimebound:Split","floor":1,"key":"SMITH"},{"data":"Madness","floor":11,"key":"SMITH"},{"data":"Slimebound:CorrosiveSpit","floor":13,"key":"SMITH"},{"floor":18,"key":"RECALL"}],"circlet_count":0,"master_deck":["Slimebound:Strike_Slimebound","Slimebound:Tackle","Slimebound:Defend_Slimebound","Slimebound:Defend_Slimebound","Slimebound:Defend_Slimebound","Slimebound:Defend_Slimebound","Slimebound:Split+1","Slimebound:CorrosiveSpit+1","Madness+1","Slimebound:GoopSpray","Slimebound:SamplingLick","Slimebound:SplitMire","Slimebound:SlimeTap","Slimebound:AcidTongue","Slimebound:SplitBruiser","Slimebound:SplitMire","Slimebound:Repurpose","Slimebound:TagTeam","Slimebound:SplitAcid","Slimebound:SplitMire"],"relics":["Slimebound:AbsorbEndCombat","Eternal Feather","Letter Opener","Philosopher\u0027s Stone"],"acts_visited":["Exordium","TheCity"],"potions_floor_usage":[10,16,20,23],"damage_taken":[{"damage":1,"enemies":"2 Louse","floor":2,"turns":2},{"damage":4,"enemies":"Small Slimes","floor":3,"turns":3},{"damage":0,"enemies":"Jaw Worm","floor":4,"turns":4},{"damage":0,"enemies":"downfall:FleeingMerchant","floor":5,"turns":4},{"damage":16,"enemies":"3 Sentries","floor":6,"turns":7},{"damage":1,"enemies":"Large Slime","floor":8,"turns":3},{"damage":10,"enemies":"Exordium Wildlife","floor":10,"turns":3},{"damage":3,"enemies":"downfall:FleeingMerchant","floor":12,"turns":4},{"damage":13,"enemies":"3 Louse","floor":15,"turns":3},{"damage":1,"enemies":"SI_SHIV_ARCHETYPE","floor":16,"turns":7},{"damage":1,"enemies":"Spheric Guardian","floor":19,"turns":3},{"damage":11,"enemies":"downfall:FleeingMerchant","floor":20,"turns":4},{"damage":25,"enemies":"3 Byrds","floor":22,"turns":3},{"damage":17,"enemies":"Slavers","floor":23,"turns":3}],"seed_played":"-721086801294265186","potions_obtained":[{"floor":2,"key":"LiquidMemories"},{"floor":6,"key":"AttackPotion"},{"floor":8,"key":"FearPotion"},{"floor":15,"key":"Dexterity Potion"},{"floor":19,"key":"ColorlessPotion"}],"is_trial":false,"path_per_floor":["R","M","M","M","$","E","T","M","?","M","R","$","R","?","M","B",null,"R","M","$","?","M","E"],"character_chosen":"SLIMEBOUND","items_purchased":["Slimebound:Repurpose","Slimebound:SplitMire"],"campfire_rested":0,"item_purchase_floors":[12,20],"current_hp_per_floor":[65,64,62,65,65,55,55,56,56,50,59,62,65,70,59,64,70,70,70,63,63,38,27,27,27],"gold":99,"neow_bonus":"RANDOM_COLORLESS","is_daily":false,"chose_seed":false,"campfire_upgraded":3,"win_rate":0.0,"timestamp":1611104311,"path_taken":["R","M","M","M","$","E","T","M","?","M","R","$","R","?","M","BOSS","R","M","$","?","M","E"],"items_purchased_type":["Card","Card"],"build_version":"2020-12-22","purchased_purges":2,"victory":false,"max_hp_per_floor":[65,65,65,65,65,65,65,65,65,65,65,65,65,70,70,70,70,70,70,70,70,70,70,70,70],"card_choices":[{"not_picked":["Forethought","Mind Blast"],"picked":"Madness","floor":0},{"not_picked":["Slimebound:SplitAcid","Slimebound:FormOfPuddle"],"picked":"Slimebound:GoopSpray","floor":2},{"not_picked":["Slimebound:ComboTackle","Slimebound:PressTheAttack"],"picked":"Slimebound:SamplingLick","floor":3},{"not_picked":["Slimebound:LivingWall","Slimebound:GoopSpray"],"picked":"Slimebound:SplitMire","floor":4},{"not_picked":["Slimebound:ForwardTackle","Slimebound:DivideAndConquer"],"picked":"Slimebound:SlimeTap","floor":5},{"not_picked":["Slimebound:TongueLash","Slimebound:ForwardTackle"],"picked":"Slimebound:AcidTongue","floor":6},{"not_picked":["Slimebound:SlimeBrawl","Slimebound:SlimeBarrage","Slimebound:PressTheAttack"],"picked":"SKIP","floor":8},{"not_picked":["Slimebound:Nibble","Slimebound:ItLooksTasty"],"picked":"Slimebound:SplitBruiser","floor":10},{"not_picked":["Slimebound:FlameTackle","Slimebound:ComboTackle"],"picked":"Slimebound:SplitMire","floor":12},{"not_picked":["Slimebound:SlimeBrawl","Slimebound:FinishingTackle","Slimebound:GoopTackle"],"picked":"SKIP","floor":15},{"not_picked":["Slimebound:RallyTheTroops","Slimebound:DuplicatedForm"],"picked":"Slimebound:TagTeam","floor":16},{"not_picked":["Slimebound:MegaLick","Slimebound:TongueLash"],"picked":"Slimebound:SplitAcid","floor":19},{"not_picked":["Slimebound:FlameTackle","Slimebound:ViciousTackle","Slimebound:DisruptingSlam+1"],"picked":"SKIP","floor":20},{"not_picked":["Slimebound:ItLooksTasty","Slimebound:Grow","Slimebound:GoopTackle"],"picked":"SKIP","floor":22}],"player_experience":432257,"relics_obtained":[{"floor":6,"key":"Eternal Feather"},{"floor":7,"key":"Letter Opener"}],"event_choices":[{"damage_healed":0,"gold_gain":0,"player_choice":"Donut","damage_taken":0,"max_hp_gain":5,"max_hp_loss":0,"event_name":"Big Fish","floor":14,"gold_loss":0}],"is_beta":false,"boss_relics":[{"not_picked":["Empty Cage","Astrolabe"],"picked":"Philosopher\u0027s Stone"}],"items_purged_floors":[5,12],"is_endless":false,"potions_floor_spawned":[2,6,8,15,19],"killed_by":"Slavers","ascension_level":0}}