{"host":"1mv6gj0zv8k9e9tz","time":1611185857,"event":{"mods":["AchievementEnabler","BaseMod","Better Third Choice","Colored Map","KOR Keyword Fix","Minty Spire (QoL Compilation)","Permanent Neow","Rare Cards Sparkle","StSLib"],"gold_per_floor":[12,25,39,58,58,58,76,76,145,145,180,180,105,105,105,181,181,196,210,228,153,166,200,200,200,254,254,298,298,378,416,416,504,531,545,445,465,484,484,484,493,307,334,5,5,5,32,70,82,94,106,118,77,120,120],"floor_reached":56,"language":"KOR","playtime":1930,"items_purged":["Strike_G","Defend_G"],"score":2038,"play_id":"e1f45c5b-fa17-442c-89db-fe9718405d35","local_time":"20210121083737","is_ascension_mode":true,"campfire_choices":[{"data":"Catalyst","floor":6.0,"key":"SMITH"},{"data":"Deadly Poison","floor":8.0,"key":"SMITH"},{"data":"Backflip","floor":10.0,"key":"SMITH"},{"data":"Neutralize","floor":15.0,"key":"SMITH"},{"data":"Venomology","floor":25.0,"key":"SMITH"},{"data":"Deadly Poison","floor":27.0,"key":"SMITH"},{"floor":29.0,"key":"REST"},{"data":"Adrenaline","floor":32.0,"key":"SMITH"},{"data":"Adrenaline","floor":40.0,"key":"SMITH"},{"data":"Crippling Poison","floor":46.0,"key":"SMITH"},{"floor":49.0,"key":"RECALL"},{"data":"Deadly Poison","floor":52.0,"key":"SMITH"}],"circlet_count":0,"master_deck":["AscendersBane","Defend_G+1","Defend_G+1","Survivor","Neutralize+1","Catalyst+1","Flying Knee+1","Deflect","Poisoned Stab+1","Backflip+1","Catalyst+1","Deadly Poison+1","Dagger Spray+1","Adrenaline+1","Deadly Poison+1","Deadly Poison+1","Venomology+1","Backflip","Dodge and Roll+1","Adrenaline+1","Adrenaline+1","Venomology+1","Backstab+1","Finesse","Crippling Poison+1","PiercingWail+1","Backflip+1"],"relics":["Ring of the Snake","CaptainsWheel","Black Star","Tiny Chest","Boot","Vajra","CeramicFish","War Paint","Pear","Gremlin Horn","Whetstone","Astrolabe","Oddly Smooth Stone","Potion Belt","The Specimen","MawBank","Shuriken","Blue Candle"],"acts_visited":["Exordium","TheCity","TheBeyond","TheEnding"],"potions_floor_usage":[54,54,55,55,55,55,55,55],"damage_taken":[{"damage":0.0,"enemies":"2 Louse","floor":1.0,"turns":3.0},{"damage":4.0,"enemies":"Small Slimes","floor":2.0,"turns":4.0},{"damage":0.0,"enemies":"Cultist","floor":3.0,"turns":3.0},{"damage":7.0,"enemies":"3 Louse","floor":4.0,"turns":5.0},{"damage":3.0,"enemies":"Exordium Wildlife","floor":7.0,"turns":5.0},{"damage":2.0,"enemies":"Lagavulin","floor":11.0,"turns":5.0},{"damage":5.0,"enemies":"The Guardian","floor":16.0,"turns":5.0},{"damage":3.0,"enemies":"Shell Parasite","floor":18.0,"turns":2.0},{"damage":0.0,"enemies":"Chosen","floor":19.0,"turns":3.0},{"damage":5.0,"enemies":"Snecko","floor":20.0,"turns":4.0},{"damage":0.0,"enemies":"Snake Plant","floor":22.0,"turns":2.0},{"damage":11.0,"enemies":"Gremlin Leader","floor":23.0,"turns":3.0},{"damage":40.0,"enemies":"Slavers","floor":28.0,"turns":7.0},{"damage":0.0,"enemies":"Gremlin Leader","floor":31.0,"turns":4.0},{"damage":81.0,"enemies":"Automaton","floor":33.0,"turns":9.0},{"damage":0.0,"enemies":"3 Shapes","floor":35.0,"turns":3.0},{"damage":4.0,"enemies":"Orb Walker","floor":37.0,"turns":3.0},{"damage":0.0,"enemies":"Transient","floor":38.0,"turns":6.0},{"damage":1.0,"enemies":"Sphere and 2 Shapes","floor":48.0,"turns":5.0},{"damage":22.0,"enemies":"Donu and Deca","floor":50.0,"turns":3.0},{"damage":24,"enemies":"Shield and Spear","floor":54,"turns":5},{"damage":46,"enemies":"The Heart","floor":55,"turns":4}],"seed_played":"-6520496110397351087","potions_obtained":[{"floor":2.0,"key":"ColorlessPotion"},{"floor":3.0,"key":"Energy Potion"},{"floor":7.0,"key":"AttackPotion"},{"floor":20.0,"key":"SkillPotion"},{"floor":22.0,"key":"Block Potion"},{"floor":31.0,"key":"Weak Potion"},{"floor":33.0,"key":"DistilledChaos"},{"floor":48.0,"key":"GhostInAJar"},{"floor":54,"key":"DistilledChaos"}],"is_trial":false,"path_per_floor":["M","M","M","M","?","R","M","R","T","R","E","?","?","?","R","B",null,"M","M","M","$","M","E","?","R","T","R","E","R","T","E","R","B",null,"M","$","M","M","T","R","?","$","T","$","?","R","T","M","R","B",null,"R","$","E","B",null],"character_chosen":"THE_SILENT","items_purchased":["Crippling Poison","Fruit Juice","The Specimen","Poison Potion"],"campfire_rested":1,"item_purchase_floors":[42,42,44,53],"current_hp_per_floor":[59,55,55,48,48,48,45,45,45,45,43,48,48,48,48,43,64,61,61,56,56,56,45,45,45,45,45,5,26,36,36,36,4,62,62,62,58,58,58,58,58,63,63,63,63,63,63,62,62,40,75,75,75,51,5],"gold":120,"neow_bonus":"TRANSFORM_TWO_CARDS","is_daily":false,"chose_seed":false,"campfire_upgraded":10,"win_rate":0.0,"timestamp":1611185857,"path_taken":["M","M","M","M","?","R","M","R","T","R","E","?","?","?","R","BOSS","M","?","M","$","M","E","?","R","T","R","E","R","?","E","R","BOSS","M","$","M","?","?","R","?","?","T","$","?","R","?","M","R","BOSS","R","$","E","BOSS"],"items_purchased_type":["Card","Potion","Relic","Potion"],"build_version":"2020-12-22","purchased_purges":2,"victory":true,"max_hp_per_floor":[66,66,66,66,66,66,66,66,66,66,66,71,71,71,71,71,71,71,71,71,71,71,71,71,71,71,71,71,71,81,81,81,81,81,81,81,81,81,81,81,81,86,86,86,86,86,86,86,86,86,86,86,86,86,86],"card_choices":[{"not_picked":["Prepared","Well Laid Plans"],"picked":"Deflect","floor":1.0},{"not_picked":["Concentrate","Flying Knee"],"picked":"Poisoned Stab","floor":2.0},{"not_picked":["Flying Knee","Slice"],"picked":"Backflip","floor":3.0},{"not_picked":["Escape Plan","Terror"],"picked":"Catalyst","floor":4.0},{"not_picked":["Poisoned Stab","Dagger Spray"],"picked":"Deadly Poison","floor":7.0},{"not_picked":["Deflect","Prepared"],"picked":"Dagger Spray","floor":11.0},{"not_picked":["Storm of Steel","Envenom"],"picked":"Adrenaline","floor":16.0},{"not_picked":["Calculated Gamble","Setup"],"picked":"Deadly Poison","floor":18.0},{"not_picked":["Backflip","Masterful Stab"],"picked":"Deadly Poison","floor":19.0},{"not_picked":["Expertise","Outmaneuver","Prepared"],"picked":"SKIP","floor":20.0},{"not_picked":["Poisoned Stab","Flying Knee","Dagger Spray+1"],"picked":"SKIP","floor":22.0},{"not_picked":["Bane","Setup"],"picked":"Venomology","floor":23.0},{"not_picked":["Quick Slash","Outmaneuver"],"picked":"Backflip","floor":28.0},{"not_picked":["Poisoned Stab","Sucker Punch"],"picked":"Dodge and Roll+1","floor":31.0},{"not_picked":["Unload","Malaise"],"picked":"Adrenaline","floor":33.0},{"not_picked":["Deadly Poison","Cloak And Dagger+1","Slice"],"picked":"SKIP","floor":35.0},{"not_picked":["Flechettes","Bane","Choke"],"picked":"SKIP","floor":37.0},{"not_picked":["Finisher","Terror","Riddle With Holes"],"picked":"SKIP","floor":38.0},{"not_picked":["Mayhem","Madness"],"picked":"Finesse","floor":41.0},{"not_picked":["Prepared","Dodge and Roll"],"picked":"PiercingWail+1","floor":48.0},{"not_picked":["Quick Slash","Blur"],"picked":"Backflip+1","floor":54}],"player_experience":537032,"relics_obtained":[{"floor":11.0,"key":"CaptainsWheel"},{"floor":23.0,"key":"Tiny Chest"},{"floor":23.0,"key":"Boot"},{"floor":26.0,"key":"Vajra"},{"floor":28.0,"key":"CeramicFish"},{"floor":28.0,"key":"War Paint"},{"floor":30.0,"key":"Pear"},{"floor":31.0,"key":"Gremlin Horn"},{"floor":31.0,"key":"Whetstone"},{"floor":39.0,"key":"Oddly Smooth Stone"},{"floor":43.0,"key":"Potion Belt"},{"floor":47.0,"key":"MawBank"},{"floor":54,"key":"Shuriken"},{"floor":54,"key":"Blue Candle"}],"event_choices":[{"damage_healed":0.0,"max_hp_gain":0.0,"max_hp_loss":0.0,"gold_gain":0.0,"event_name":"Living Wall","player_choice":"Grow","floor":5.0,"gold_loss":0.0,"damage_taken":0.0,"cards_upgraded":["Catalyst"]},{"damage_healed":0.0,"max_hp_gain":5.0,"max_hp_loss":0.0,"gold_gain":0.0,"event_name":"Big Fish","player_choice":"Donut","floor":12.0,"gold_loss":0.0,"damage_taken":0.0},{"cards_removed":["Strike_G"],"damage_healed":0.0,"max_hp_gain":0.0,"max_hp_loss":0.0,"gold_gain":0.0,"event_name":"The Cleric","player_choice":"Card Removal","floor":13.0,"gold_loss":75.0,"damage_taken":0.0},{"damage_healed":0.0,"max_hp_gain":0.0,"max_hp_loss":0.0,"gold_gain":0.0,"event_name":"Accursed Blacksmith","player_choice":"Forge","floor":14.0,"gold_loss":0.0,"damage_taken":0.0,"cards_upgraded":["Dagger Spray"]},{"damage_healed":0.0,"max_hp_gain":0.0,"max_hp_loss":0.0,"gold_gain":0.0,"event_name":"Cursed Tome","player_choice":"Ignored","floor":24.0,"gold_loss":0.0,"damage_taken":0.0},{"damage_healed":0.0,"max_hp_gain":0.0,"max_hp_loss":0.0,"gold_gain":0.0,"event_name":"SensoryStone","player_choice":"Memory 1","floor":41.0,"gold_loss":0.0,"damage_taken":0.0},{"damage_healed":0.0,"max_hp_gain":0.0,"max_hp_loss":0.0,"gold_gain":0.0,"event_name":"betterThird:BetterPortal","player_choice":"Ignored","floor":45.0,"gold_loss":0.0,"damage_taken":0.0}],"is_beta":false,"boss_relics":[{"not_picked":["Tiny House","Coffee Dripper"],"picked":"Black Star"},{"not_picked":["WristBlade","Fusion Hammer"],"picked":"Astrolabe"}],"items_purged_floors":[21,36],"is_endless":false,"potions_floor_spawned":[2,3,7,11,20,22,31,33,35,38,48,54],"ascension_level":17}}