{"host":"5jyeqch4fosnsiz2","time":1611115376,"event":{"mods":["BaseMod","Bestiary","Colored Map","Colored Powertips","Filter the Spire","Minty Spire (QoL Compilation)","Relic Stats","StSLib","Waifu the Spire","ojb\u0027s Better Paths Mod","ojb\u0027s Info Mod"],"gold_per_floor":[113,113,128,140,151,151,185,203,203,223,242,274,7,7,7,106,106,142,186,206,206,257,257,315,352,352,352,352,388,433,152,152,257,257,275,300,300],"floor_reached":36,"language":"ENG","playtime":1650,"items_purged":["Defend_G"],"score":598,"play_id":"56472a2a-e578-4401-aa28-d04d8e043877","local_time":"20210119230256","is_ascension_mode":false,"campfire_choices":[{"data":"Wraith Form v2","floor":6,"key":"SMITH"},{"data":"Dodge and Roll","floor":15,"key":"SMITH"},{"data":"Ghostly","floor":23,"key":"SMITH"},{"data":"Ghostly","floor":28,"key":"SMITH"},{"data":"Bouncing Flask","floor":32,"key":"SMITH"}],"circlet_count":0,"master_deck":["Strike_G","Strike_G","Strike_G","Strike_G","Defend_G","Defend_G","Defend_G","Defend_G","Survivor","Neutralize","Blade Dance","Wraith Form v2+1","Blade Dance","Deadly Poison","Noxious Fumes","Infinite Blades","Dagger Spray","Dodge and Roll+1","Backstab","HandOfGreed+1","Adrenaline","Dash","Acrobatics","Ghostly+1","Ghostly+1","Ghostly","Ghostly","Ghostly","Prepared+1","Footwork","Bouncing Flask+1","Bane","Cloak And Dagger","Night Terror","CurseOfTheBell"],"relics":["Runic Dome","Oddly Smooth Stone","Paper Crane","Pantograph","Nunchaku","Sozu","Red Mask","Snake Skull","Smiling Mask","Meat on the Bone","Bag of Preparation","Calling Bell","Centennial Puzzle","StrikeDummy","Tingsha"],"acts_visited":["Exordium","TheCity","TheBeyond"],"potions_floor_usage":[11,12,12,12,16,22],"damage_taken":[{"damage":0,"enemies":"Cultist","floor":1,"turns":4},{"damage":1,"enemies":"2 Louse","floor":3,"turns":4},{"damage":1,"enemies":"Jaw Worm","floor":4,"turns":4},{"damage":0,"enemies":"Exordium Wildlife","floor":5,"turns":3},{"damage":4,"enemies":"Lagavulin","floor":7,"turns":9},{"damage":9,"enemies":"Lots of Slimes","floor":8,"turns":5},{"damage":4,"enemies":"3 Louse","floor":10,"turns":3},{"damage":5,"enemies":"Exordium Thugs","floor":11,"turns":2},{"damage":4,"enemies":"Gremlin Nob","floor":12,"turns":4},{"damage":28,"enemies":"The Guardian","floor":16,"turns":10},{"damage":16,"enemies":"Spheric Guardian","floor":18,"turns":5},{"damage":0,"enemies":"3 Byrds","floor":19,"turns":6},{"damage":18,"enemies":"Shelled Parasite and Fungi","floor":20,"turns":6},{"damage":3,"enemies":"Masked Bandits","floor":22,"turns":7},{"damage":5,"enemies":"Gremlin Leader","floor":24,"turns":7},{"damage":0,"enemies":"Snecko","floor":25,"turns":4},{"damage":0,"enemies":"Sentry and Sphere","floor":29,"turns":6},{"damage":5,"enemies":"Centurion and Healer","floor":30,"turns":5},{"damage":20,"enemies":"Automaton","floor":33,"turns":11},{"damage":3,"enemies":"3 Darklings","floor":35,"turns":6}],"seed_played":"-1284650017794483799","potions_obtained":[{"floor":3,"key":"SpeedPotion"},{"floor":7,"key":"Weak Potion"},{"floor":10,"key":"AttackPotion"},{"floor":11,"key":"Regen Potion"},{"floor":12,"key":"Energy Potion"}],"is_trial":false,"path_per_floor":["M","?","M","M","M","R","E","M","T","M","M","E","$","?","R","B",null,"M","M","M","?","?","R","E","M","T","T","R","M","M","$","R","B",null,"M","M"],"character_chosen":"THE_SILENT","items_purchased":["Nunchaku","Backstab","SkillPotion","Bane","Cloak And Dagger","Bag of Preparation"],"campfire_rested":0,"item_purchase_floors":[13,13,13,31,31,31],"current_hp_per_floor":[70,70,69,68,68,68,64,55,55,51,46,51,51,51,51,42,70,54,54,36,35,32,32,27,27,27,27,27,27,22,22,22,27,35,32,0,0],"gold":300,"neow_bonus":"BOSS_RELIC","is_daily":false,"chose_seed":false,"campfire_upgraded":5,"win_rate":0.0,"timestamp":1611115376,"path_taken":["M","?","M","M","?","R","E","M","T","M","M","E","$","?","R","BOSS","M","M","?","?","?","R","E","M","T","?","R","?","M","$","R","BOSS","M","M"],"items_purchased_type":["Relic","Card","Potion","Card","Card","Relic"],"build_version":"2020-12-22","purchased_purges":1,"victory":false,"max_hp_per_floor":[70,70,70,70,70,70,70,70,70,70,70,70,70,70,70,70,70,70,70,70,35,35,35,35,35,35,35,35,35,35,35,35,35,35,35,35,35],"relic_stats":{"Sozu":3,"Nunchaku":[24],"Centennial Puzzle":[6],"counters":[21,117],"Pantograph":32,"Tingsha":[27],"Snake Skull":[44],"Bag of Preparation":[6],"Smiling Mask":25,"obtain_stats":[{"Oddly Smooth Stone":7,"Tingsha":34,"Snake Skull":24,"Bag of Preparation":31,"Paper Crane":9,"Smiling Mask":26,"Sozu":17,"Calling Bell":34,"Runic Dome":0,"Nunchaku":13,"Centennial Puzzle":34,"Pantograph":12,"Red Mask":22,"StrikeDummy":34,"Ring of the Snake":0,"Meat on the Bone":27},{"Oddly Smooth Stone":5,"Tingsha":19,"Snake Skull":15,"Bag of Preparation":18,"Paper Crane":6,"Smiling Mask":16,"Sozu":10,"Calling Bell":19,"Runic Dome":0,"Nunchaku":9,"Centennial Puzzle":19,"Pantograph":9,"Red Mask":14,"StrikeDummy":19,"Ring of the Snake":0,"Meat on the Bone":16},{"Oddly Smooth Stone":24,"Tingsha":105,"Snake Skull":79,"Bag of Preparation":94,"Paper Crane":29,"Smiling Mask":83,"Sozu":48,"Calling Bell":105,"Runic Dome":0,"Nunchaku":38,"Centennial Puzzle":105,"Pantograph":38,"Red Mask":72,"StrikeDummy":105,"Ring of the Snake":0,"Meat on the Bone":83}],"Meat on the Bone":12},"card_choices":[{"not_picked":["Dodge and Roll","Leg Sweep"],"picked":"Blade Dance","floor":1},{"not_picked":["Slice","All Out Attack"],"picked":"Blade Dance","floor":3},{"not_picked":["Quick Slash","Dagger Throw"],"picked":"Blur","floor":4},{"not_picked":["Endless Agony","Grand Finale"],"picked":"Deadly Poison","floor":5},{"not_picked":["Outmaneuver","Slice"],"picked":"Noxious Fumes","floor":7},{"not_picked":["Prepared","Setup"],"picked":"Infinite Blades","floor":8},{"not_picked":["Dagger Throw","Predator"],"picked":"Dagger Spray","floor":10},{"not_picked":["Flechettes","Underhanded Strike","Envenom"],"picked":"SKIP","floor":11},{"not_picked":["Underhanded Strike","Flying Knee"],"picked":"Dodge and Roll","floor":12},{"not_picked":["Storm of Steel","Grand Finale"],"picked":"Adrenaline","floor":16},{"not_picked":["Poisoned Stab","Dagger Throw"],"picked":"Dash","floor":18},{"not_picked":["Dagger Throw","PiercingWail"],"picked":"Acrobatics","floor":19},{"not_picked":["Setup+1","Backstab","Deadly Poison"],"picked":"SKIP","floor":20},{"not_picked":["Backflip+1","Poisoned Stab"],"picked":"Prepared+1","floor":22},{"not_picked":["Infinite Blades","Dagger Spray","Poisoned Stab"],"picked":"SKIP","floor":24},{"not_picked":["Heel Hook","Unload"],"picked":"Footwork","floor":25},{"not_picked":["Heel Hook+1","Backflip"],"picked":"Bouncing Flask","floor":29},{"not_picked":["Outmaneuver","PiercingWail","Terror+1"],"picked":"SKIP","floor":30},{"not_picked":["Unload","Grand Finale"],"picked":"Night Terror","floor":33},{"not_picked":["Outmaneuver+1","Cloak And Dagger+1","Noxious Fumes"],"picked":"SKIP","floor":35}],"player_experience":314392,"relics_obtained":[{"floor":7,"key":"Oddly Smooth Stone"},{"floor":9,"key":"Paper Crane"},{"floor":12,"key":"Pantograph"},{"floor":22,"key":"Red Mask"},{"floor":24,"key":"Snake Skull"},{"floor":26,"key":"Smiling Mask"},{"floor":27,"key":"Meat on the Bone"},{"floor":34,"key":"Centennial Puzzle"},{"floor":34,"key":"StrikeDummy"},{"floor":34,"key":"Tingsha"}],"event_choices":[{"damage_healed":0,"gold_gain":0,"cards_transformed":["Strike_G"],"player_choice":"Transformed","damage_taken":0,"max_hp_gain":0,"max_hp_loss":0,"event_name":"Transmorgrifier","floor":2,"gold_loss":0,"cards_obtained":["Wraith Form v2"]},{"cards_removed":["Blur"],"damage_healed":0,"gold_gain":0,"player_choice":"Took Card","damage_taken":0,"max_hp_gain":0,"max_hp_loss":0,"event_name":"NoteForYourself","floor":14,"gold_loss":0,"cards_obtained":["HandOfGreed"]},{"damage_healed":0,"gold_gain":0,"player_choice":"Became a Ghost","damage_taken":0,"max_hp_gain":0,"max_hp_loss":35,"event_name":"Ghosts","floor":21,"gold_loss":0,"cards_obtained":["Ghostly","Ghostly","Ghostly","Ghostly","Ghostly"]},{"damage_healed":0,"gold_gain":0,"player_choice":"Fought Bandits","damage_taken":0,"max_hp_gain":0,"max_hp_loss":0,"event_name":"Masked Bandits","floor":22,"gold_loss":0}],"is_beta":false,"boss_relics":[{"not_picked":["Busted Crown","Philosopher\u0027s Stone"],"picked":"Sozu"},{"not_picked":["Cursed Key","Snecko Eye"],"picked":"Calling Bell"}],"items_purged_floors":[31],"is_endless":false,"potions_floor_spawned":[3,7,10,11,12,20,22,33],"killed_by":"3 Shapes","ascension_level":0}}