{"host":"8wq2kaef3mxk27dm","time":1611108195,"event":{"mods":["100% Spire Juice","Abigail Mod","Act Like it!","Aspiration","Bard","BaseMod","CCEM","Colored Map","Friendly Minions","Gensokyo","GifTheSpireLib","Hallownest","Hermit","Hubris","Koishi","Minty Spire (QoL Compilation)","Quarter Circle Forward PUNCH!","StSLib","Stuff the Spire","The Bug Knight","The Cursed","The Gatherer","The Juggle","The Mystic","Trackpad"],"gold_per_floor":[218,233,253,270,290,325,340,340,340,340,340],"floor_reached":10,"language":"ENG","playtime":1903,"items_purged":[],"score":76,"play_id":"d31208c5-61db-4950-8739-37d24e7b6dbe","local_time":"20210119200315","is_ascension_mode":true,"campfire_choices":[],"circlet_count":0,"master_deck":["AbbyMod:Ab_Strike","AbbyMod:Ab_Strike","AbbyMod:Ab_Strike","AbbyMod:Ab_Strike","AbbyMod:Ab_Defend","AbbyMod:Ab_Defend","AbbyMod:Ab_Defend","AbbyMod:FleetingSanity","AbbyMod:ForeheadBeam","AbbyMod:Keyblade","AbbyMod:EyesOfMadness","AbbyMod:LiftSkirt","AbbyMod:PrayerOfFaith","AbbyMod:MysteryKey","AbbyMod:HolidayWishes"],"relics":["AbbyMod:Salem_Diary","StuffTheSpire:Tea","Bottled Lightning"],"acts_visited":["Exordium"],"potions_floor_usage":[6,6,10],"damage_taken":[{"damage":1,"enemies":"Cultist","floor":1,"turns":4},{"damage":0,"enemies":"Small Slimes","floor":2,"turns":3},{"damage":1,"enemies":"2 Louse","floor":3,"turns":2},{"damage":13,"enemies":"2 Fungi Beasts","floor":4,"turns":3},{"damage":0,"enemies":"Looter","floor":5,"turns":4},{"damage":14,"enemies":"3 Sentries","floor":6,"turns":6},{"damage":13,"enemies":"Large Slime","floor":7,"turns":5},{"damage":23,"enemies":"Gremlin Nob","floor":10,"turns":4}],"seed_played":"-1618987068226098877","potions_obtained":[{"floor":3,"key":"SkillPotion"},{"floor":4,"key":"SpeedPotion"},{"floor":7,"key":"EssenceOfSteel"}],"is_trial":false,"path_per_floor":["M","M","M","M","M","E","M","?","T","E"],"character_chosen":"Ab_Foreigner","items_purchased":[],"campfire_rested":0,"item_purchase_floors":[],"current_hp_per_floor":[59,59,58,45,45,31,18,12,12,0,0],"gold":340,"neow_bonus":"HUNDRED_GOLD","is_daily":false,"chose_seed":false,"campfire_upgraded":0,"win_rate":0.0,"timestamp":1611108195,"path_taken":["M","?","M","M","M","E","M","?","T","E"],"items_purchased_type":[],"build_version":"2020-12-22","purchased_purges":0,"victory":false,"max_hp_per_floor":[60,60,60,60,60,60,60,60,60,60,60],"card_choices":[{"not_picked":["AbbyMod:LargeTentacle","AbbyMod:Dabigail"],"picked":"AbbyMod:Keyblade","floor":1},{"not_picked":["AbbyMod:WitchTrial","AbbyMod:ExposedCore"],"picked":"AbbyMod:EyesOfMadness","floor":2},{"not_picked":["AbbyMod:ExposedCore","AbbyMod:EyesOfMadness"],"picked":"AbbyMod:LiftSkirt","floor":3},{"not_picked":["AbbyMod:EyesOfMadness","AbbyMod:WitchTrial"],"picked":"AbbyMod:PrayerOfFaith","floor":4},{"not_picked":["AbbyMod:Ab_FiveStars","AbbyMod:SuperMuscular"],"picked":"AbbyMod:MysteryKey","floor":5},{"not_picked":["AbbyMod:ChocoKey","AbbyMod:HeroCreationA"],"picked":"AbbyMod:HolidayWishes","floor":6},{"not_picked":["AbbyMod:ConsumeFlesh","AbbyMod:ChocoKey","AbbyMod:Ab_DarkestPact"],"picked":"SKIP","floor":7}],"player_experience":146237,"relics_obtained":[{"floor":6,"key":"StuffTheSpire:Tea"},{"floor":9,"key":"Bottled Lightning"}],"event_choices":[{"damage_healed":0,"gold_gain":0,"player_choice":"Damaged","damage_taken":6,"max_hp_gain":0,"max_hp_loss":0,"event_name":"Wheel of Change","floor":8,"gold_loss":0}],"is_beta":false,"boss_relics":[],"items_purged_floors":[],"is_endless":false,"potions_floor_spawned":[3,4,7],"killed_by":"Gremlin Nob","ascension_level":1}}