{"host":"fxrgx7wt2cpkbhka","time":1611115219,"event":{"mods":["AchievementEnabler","BaseMod","Colored Powertips","Minty Spire (QoL Compilation)","Permanent Neow","Slay-I","StSLib","Waifu the Spire"],"gold_per_floor":[113,113,126,143,41,66,66,98,98,111,141,141,169,183,183,279,279,302,311,311,311,320,320,320,320],"floor_reached":24,"language":"ENG","playtime":741,"items_purged":[],"score":358,"play_id":"6e1da419-257e-46a7-bb2e-93d821935150","local_time":"20210119200019","is_ascension_mode":true,"campfire_choices":[{"floor":7,"key":"REST"},{"floor":15,"key":"REST"},{"data":"Accuracy","floor":23,"key":"SMITH"}],"circlet_count":0,"master_deck":["Strike_G","Strike_G","Strike_G","Strike_G","Strike_G","Defend_G","Defend_G","Defend_G","Defend_G","Defend_G","Survivor","Neutralize+1","Poisoned Stab","Poisoned Stab","Blade Dance","Accuracy+1","Cloak And Dagger","Accuracy+1","Unload","Blur","Adrenaline","CurseOfTheBell","Footwork","Necronomicurse","Writhe"],"relics":["Ring of the Snake","NeowsBlessing","Tiny Chest","HornCleat","Oddly Smooth Stone","Thread and Needle","Anchor","Calling Bell","CeramicFish","Matryoshka","Prayer Wheel","Necronomicon","Strawberry","Turnip","Gambling Chip"],"acts_visited":["Exordium","TheCity"],"potions_floor_usage":[8,11,16,24],"damage_taken":[{"damage":0,"enemies":"Small Slimes","floor":1,"turns":1},{"damage":0,"enemies":"Cultist","floor":3,"turns":1},{"damage":0,"enemies":"2 Louse","floor":4,"turns":1},{"damage":36,"enemies":"Lagavulin","floor":6,"turns":6},{"damage":15,"enemies":"3 Sentries","floor":8,"turns":7},{"damage":0,"enemies":"Blue Slaver","floor":10,"turns":3},{"damage":0,"enemies":"Gremlin Nob","floor":11,"turns":3},{"damage":10,"enemies":"Lagavulin","floor":13,"turns":4},{"damage":10,"enemies":"Large Slime","floor":14,"turns":6},{"damage":4,"enemies":"The Guardian","floor":16,"turns":12},{"damage":0,"enemies":"Shell Parasite","floor":18,"turns":5},{"damage":57,"enemies":"Gremlin Leader","floor":24,"turns":7}],"seed_played":"8241812744577251500","potions_obtained":[{"floor":1,"key":"BlessingOfTheForge"},{"floor":10,"key":"Explosive Potion"},{"floor":11,"key":"PowerPotion"},{"floor":13,"key":"SkillPotion"}],"is_trial":false,"path_per_floor":["M","?","M","M","$","E","R","E","T","M","E","?","E","M","R","B",null,"M","?","?","T","?","R","E"],"character_chosen":"THE_SILENT","items_purchased":["Blade Dance","Accuracy"],"campfire_rested":2,"item_purchase_floors":[5,5],"current_hp_per_floor":[63,63,63,63,63,27,48,33,33,33,33,33,23,13,34,30,60,60,44,44,51,51,51,0,0],"gold":320,"neow_bonus":"THREE_ENEMY_KILL","is_daily":false,"chose_seed":false,"campfire_upgraded":1,"win_rate":0.0,"timestamp":1611115219,"path_taken":["M","?","M","?","$","E","R","E","T","M","E","?","E","M","R","BOSS","M","?","?","?","?","R","E"],"items_purchased_type":["Card","Card"],"build_version":"2020-12-22","purchased_purges":0,"victory":false,"max_hp_per_floor":[70,70,70,70,70,70,70,70,70,70,70,70,70,70,70,70,70,70,70,70,77,77,77,77,77],"card_choices":[{"not_picked":["Finisher","Crippling Poison"],"picked":"Poisoned Stab","floor":1},{"not_picked":["Well Laid Plans","Expertise"],"picked":"Poisoned Stab","floor":3},{"not_picked":["Reflex","Outmaneuver","Blade Dance"],"picked":"SKIP","floor":4},{"not_picked":["Endless Agony","Expertise","Choke"],"picked":"SKIP","floor":6},{"not_picked":["Deadly Poison","Escape Plan"],"picked":"Cloak And Dagger","floor":8},{"not_picked":["Escape Plan","Flechettes","PiercingWail"],"picked":"SKIP","floor":10},{"not_picked":["Dagger Throw","Backstab"],"picked":"Accuracy","floor":11},{"not_picked":["Acrobatics","Deflect"],"picked":"Unload","floor":13},{"not_picked":["Deadly Poison","Prepared"],"picked":"Blur","floor":14},{"not_picked":["Doppelganger","Burst"],"picked":"Adrenaline","floor":16},{"not_picked":["Escape Plan","Quick Slash+1"],"picked":"Footwork","floor":18},{"not_picked":["Setup","Finisher","Bane"],"picked":"SKIP","floor":18}],"player_experience":715247,"relics_obtained":[{"floor":6,"key":"Tiny Chest"},{"floor":8,"key":"HornCleat"},{"floor":9,"key":"Oddly Smooth Stone"},{"floor":11,"key":"Thread and Needle"},{"floor":13,"key":"Anchor"},{"floor":17,"key":"CeramicFish"},{"floor":17,"key":"Matryoshka"},{"floor":17,"key":"Prayer Wheel"},{"floor":19,"key":"Necronomicon"},{"floor":21,"key":"Strawberry"},{"floor":21,"key":"Turnip"}],"event_choices":[{"damage_healed":0,"gold_gain":0,"player_choice":"Forge","damage_taken":0,"max_hp_gain":0,"max_hp_loss":0,"event_name":"Accursed Blacksmith","floor":2,"gold_loss":0,"cards_upgraded":["Neutralize"]},{"damage_healed":0,"gold_gain":0,"player_choice":"Grow","damage_taken":0,"max_hp_gain":0,"max_hp_loss":0,"event_name":"Living Wall","floor":12,"gold_loss":0,"cards_upgraded":["Accuracy"]},{"damage_healed":0,"gold_gain":0,"player_choice":"Obtained Book","damage_taken":16,"max_hp_gain":0,"max_hp_loss":0,"event_name":"Cursed Tome","floor":19,"gold_loss":0},{"damage_healed":0,"gold_gain":0,"player_choice":"Ignored","damage_taken":0,"max_hp_gain":0,"max_hp_loss":0,"event_name":"Vampires","floor":20,"gold_loss":0},{"damage_healed":0,"gold_gain":0,"player_choice":"Opened","damage_taken":0,"relics_obtained":["Gambling Chip"],"max_hp_gain":0,"max_hp_loss":0,"event_name":"The Mausoleum","floor":22,"gold_loss":0,"cards_obtained":["Writhe"]}],"is_beta":false,"boss_relics":[{"not_picked":["Pandora\u0027s Box","Fusion Hammer"],"picked":"Calling Bell"}],"items_purged_floors":[],"is_endless":false,"potions_floor_spawned":[1,10,11,13],"killed_by":"Gremlin Leader","ascension_level":9}}