{"host":"z8rxhheekviw7a3n","time":1611125465,"event":{"mods":["BaseMod","Minty Spire (QoL Compilation)"],"gold_per_floor":[112,112,132,132,132,172,190,190,190,204,224,257,257,273,273,392,392,410,430,307,327,341,341,359,375,375,409,433,136,136,136,136,256,256,276,33,46,379,349,349,199,199,199,199,217,217,138,155,155,155],"floor_reached":51,"language":"ENG","playtime":4902,"items_purged":["Strike_R","Strike_R","Strike_R","Strike_R"],"score":654,"play_id":"f732705e-c908-4833-bd81-1b023fe20477","local_time":"20210119225105","is_ascension_mode":false,"campfire_choices":[{"data":"Armaments","floor":8,"key":"SMITH"},{"data":"Warcry","floor":13,"key":"SMITH"},{"floor":15,"key":"REST"},{"data":"Barricade","floor":23,"key":"SMITH"},{"data":"Juggernaut","floor":30,"key":"SMITH"},{"data":"Metallicize","floor":32,"key":"SMITH"},{"data":"True Grit","floor":40,"key":"SMITH"},{"data":"Ghostly Armor","floor":42,"key":"SMITH"},{"data":"Shrug It Off","floor":44,"key":"SMITH"},{"data":"Impervious","floor":49,"key":"SMITH"}],"circlet_count":0,"master_deck":["Strike_R+1","Defend_R","Defend_R","Defend_R","Bash","Panacea+1","Warcry+1","Armaments+1","Pommel Strike+1","Juggernaut+1","Metallicize+1","Barricade+1","Body Slam+1","Ghostly Armor+1","Body Slam+1","Shrug It Off+1","True Grit+1","Finesse","Pain","Impervious+1"],"relics":["Burning Blood","Molten Egg 2","Centennial Puzzle","Self Forming Clay","Coffee Dripper","Oddly Smooth Stone","Potion Belt","Bronze Scales","Mark of Pain","Bottled Tornado","WarpedTongs"],"acts_visited":["Exordium","TheCity","TheBeyond"],"potions_floor_usage":[12,12,16,27,48,50],"damage_taken":[{"damage":9,"enemies":"Jaw Worm","floor":1,"turns":6},{"damage":5,"enemies":"2 Louse","floor":3,"turns":3},{"damage":44,"enemies":"3 Sentries","floor":6,"turns":11},{"damage":5,"enemies":"Small Slimes","floor":7,"turns":3},{"damage":8,"enemies":"2 Fungi Beasts","floor":10,"turns":4},{"damage":5,"enemies":"3 Louse","floor":11,"turns":3},{"damage":5,"enemies":"Lagavulin","floor":12,"turns":8},{"damage":10,"enemies":"Exordium Wildlife","floor":14,"turns":4},{"damage":16,"enemies":"Hexaghost","floor":16,"turns":7},{"damage":8,"enemies":"Chosen","floor":18,"turns":5},{"damage":7,"enemies":"3 Byrds","floor":19,"turns":6},{"damage":18,"enemies":"Sentry and Sphere","floor":21,"turns":6},{"damage":18,"enemies":"3 Cultists","floor":22,"turns":6},{"damage":0,"enemies":"Cultist and Chosen","floor":24,"turns":5},{"damage":7,"enemies":"Snake Plant","floor":25,"turns":4},{"damage":12,"enemies":"Gremlin Leader","floor":27,"turns":5},{"damage":15,"enemies":"Snecko","floor":28,"turns":5},{"damage":4,"enemies":"Automaton","floor":33,"turns":9},{"damage":3,"enemies":"Orb Walker","floor":35,"turns":3},{"damage":3,"enemies":"3 Shapes","floor":37,"turns":5},{"damage":0,"enemies":"Maw","floor":45,"turns":6},{"damage":6,"enemies":"Sphere and 2 Shapes","floor":48,"turns":5},{"damage":20,"enemies":"Time Eater","floor":50,"turns":5}],"seed_played":"2795313387798828315","potions_obtained":[{"floor":3,"key":"Weak Potion"},{"floor":10,"key":"Block Potion"},{"floor":12,"key":"AttackPotion"},{"floor":16,"key":"Dexterity Potion"},{"floor":19,"key":"FearPotion"},{"floor":22,"key":"Strength Potion"},{"floor":27,"key":"SpeedPotion"},{"floor":37,"key":"Regen Potion"},{"floor":39,"key":"DuplicationPotion"},{"floor":48,"key":"SpeedPotion"}],"is_trial":false,"path_per_floor":["M","?","M","?","?","E","M","R","T","M","M","E","R","M","R","B",null,"M","M","$","M","M","R","M","M","T","E","M","$","R","?","R","B",null,"M","$","M","?","?","R","$","R","T","R","M","?","$","M","R","B",null],"character_chosen":"IRONCLAD","items_purchased":["Body Slam+1","BloodPotion","Bronze Scales","True Grit","Finesse","Impervious"],"campfire_rested":1,"item_purchase_floors":[20,29,29,36,36,47],"current_hp_per_floor":[77,77,78,62,62,24,25,25,25,23,24,25,25,21,43,33,74,72,71,71,59,47,47,53,52,52,46,37,37,37,37,37,39,74,74,74,74,74,74,74,74,74,74,74,74,74,74,74,74,60],"gold":155,"neow_bonus":"RANDOM_COLORLESS","is_daily":false,"chose_seed":false,"campfire_upgraded":9,"win_rate":0.0,"timestamp":1611125465,"path_taken":["M","?","M","?","?","E","M","R","T","M","M","E","R","M","R","BOSS","M","M","$","M","M","R","M","M","T","E","M","$","R","?","R","BOSS","M","$","M","?","?","R","$","R","T","R","?","?","$","M","R","BOSS"],"items_purchased_type":["Card","Potion","Relic","Card","Card","Card"],"build_version":"2020-12-22","purchased_purges":4,"victory":true,"max_hp_per_floor":[80,80,80,80,74,74,74,74,74,74,74,74,74,74,74,74,74,74,74,74,74,74,74,74,74,74,74,74,74,74,74,74,74,74,74,74,74,74,74,74,74,74,74,74,74,74,74,74,74,74],"card_choices":[{"not_picked":["Madness","Finesse"],"picked":"Panacea","floor":0},{"not_picked":["Clash","Twin Strike","Iron Wave"],"picked":"SKIP","floor":1},{"not_picked":["Clash","Perfected Strike"],"picked":"Warcry","floor":3},{"not_picked":["Sword Boomerang+1","Dark Embrace","Blood for Blood+1"],"picked":"SKIP","floor":6},{"not_picked":["Thunderclap+1","Blood for Blood+1"],"picked":"Armaments","floor":7},{"not_picked":["Dark Embrace","Shrug It Off"],"picked":"Pommel Strike+1","floor":10},{"not_picked":["Flex","Cleave+1","Sword Boomerang+1"],"picked":"SKIP","floor":11},{"not_picked":["Armaments","Cleave+1"],"picked":"Juggernaut","floor":12},{"not_picked":["Thunderclap+1","Sword Boomerang+1"],"picked":"Metallicize","floor":14},{"not_picked":["Brutality","Demon Form"],"picked":"Barricade","floor":16},{"not_picked":["Warcry","Disarm","Clothesline+1"],"picked":"SKIP","floor":18},{"not_picked":["Dropkick+1","Sword Boomerang+1","Clash+1"],"picked":"SKIP","floor":19},{"not_picked":["Armaments","Iron Wave+1"],"picked":"Ghostly Armor","floor":21},{"not_picked":["Feed+1","Anger+1","True Grit"],"picked":"SKIP","floor":22},{"not_picked":["Thunderclap+1","Infernal Blade","Intimidate"],"picked":"SKIP","floor":24},{"not_picked":["Iron Wave+1","Infernal Blade"],"picked":"Body Slam+1","floor":25},{"not_picked":["Twin Strike+1","Uppercut+1","Demon Form"],"picked":"SKIP","floor":27},{"not_picked":["Sword Boomerang+1","Twin Strike+1"],"picked":"Shrug It Off","floor":28},{"not_picked":["Twin Strike+1","Clash+1","Sword Boomerang+1"],"picked":"SKIP","floor":35},{"not_picked":["Thunderclap+1","Pommel Strike+1","Armaments"],"picked":"SKIP","floor":37},{"not_picked":["Perfected Strike+1","Flex+1","Heavy Blade+1"],"picked":"SKIP","floor":45},{"not_picked":["Heavy Blade+1","Headbutt+1","Whirlwind+1"],"picked":"SKIP","floor":48}],"player_experience":41328,"relics_obtained":[{"floor":6,"key":"Molten Egg 2"},{"floor":9,"key":"Centennial Puzzle"},{"floor":12,"key":"Self Forming Clay"},{"floor":26,"key":"Oddly Smooth Stone"},{"floor":27,"key":"Potion Belt"},{"floor":43,"key":"Bottled Tornado"}],"event_choices":[{"cards_removed":["Defend_R"],"damage_healed":0,"gold_gain":0,"player_choice":"Forget","damage_taken":0,"max_hp_gain":0,"max_hp_loss":0,"event_name":"Living Wall","floor":2,"gold_loss":0},{"damage_healed":0,"gold_gain":0,"player_choice":"Entered Light","damage_taken":16,"max_hp_gain":0,"max_hp_loss":0,"event_name":"Shining Light","floor":4,"gold_loss":0,"cards_upgraded":["Panacea","Strike_R"]},{"damage_healed":0,"gold_gain":0,"player_choice":"Lose Max HP","damage_taken":0,"relics_obtained":["Golden Idol"],"max_hp_gain":0,"max_hp_loss":6,"event_name":"Golden Idol","floor":5,"gold_loss":0},{"damage_healed":0,"gold_gain":0,"player_choice":"Ignored","damage_taken":0,"max_hp_gain":0,"max_hp_loss":0,"event_name":"Vampires","floor":31,"gold_loss":0},{"damage_healed":0,"gold_gain":333,"player_choice":"Gave Idol","damage_taken":0,"max_hp_gain":0,"max_hp_loss":0,"event_name":"The Moai Head","floor":38,"relics_lost":["Golden Idol"],"gold_loss":0},{"damage_healed":0,"gold_gain":0,"player_choice":"Bought 2 Potions","damage_taken":0,"max_hp_gain":0,"max_hp_loss":0,"event_name":"The Woman in Blue","floor":39,"gold_loss":0},{"damage_healed":0,"gold_gain":0,"player_choice":"Rummage","damage_taken":0,"relics_obtained":["WarpedTongs"],"max_hp_gain":0,"max_hp_loss":0,"event_name":"Accursed Blacksmith","floor":46,"gold_loss":0,"cards_obtained":["Pain"]}],"is_beta":false,"boss_relics":[{"not_picked":["Runic Pyramid","Velvet Choker"],"picked":"Coffee Dripper"},{"not_picked":["Runic Dome","Busted Crown"],"picked":"Mark of Pain"}],"items_purged_floors":[20,29,36,41],"is_endless":false,"potions_floor_spawned":[3,10,12,16,19,22,27,37,48],"ascension_level":0}}