{"host":"5jzx1090woovszu4","time":1611105270,"event":{"mods":["BaseMod","Minty Spire (QoL Compilation)","Robot Space Explorer","Spicy Shops","StSLib","The Dragon Tamer"],"gold_per_floor":[110,3,3,14,14,41,41,375,375,400,100,126,126,136,136,232,232,243,243,46,46,65,96,96,121,194,220,235,235,267,23,23,127,127,147,147,166,166,185,212,231,231,231,257,277,309,309,309,309,309],"floor_reached":51,"language":"ENG","playtime":1741,"items_purged":[],"score":1434,"play_id":"f5d4b5b5-2232-4393-99b3-dece4cdcbbc7","local_time":"20210120021430","daily_mods":["SealedDeck","Elite Swarm"],"is_ascension_mode":true,"campfire_choices":[{"data":"RobotSpaceExplorer:ChargingLaser","floor":13,"key":"SMITH"},{"data":"RobotSpaceExplorer:PlasmaMissile","floor":15,"key":"SMITH"},{"data":"RobotSpaceExplorer:Scanner","floor":24,"key":"SMITH"},{"floor":29,"key":"REST"},{"data":"Panache","floor":32,"key":"SMITH"},{"data":"1","floor":42,"key":"LIFT"},{"data":"2","floor":47,"key":"LIFT"},{"data":"3","floor":49,"key":"LIFT"}],"circlet_count":0,"master_deck":["RobotSpaceExplorer:GlueShot+1","RobotSpaceExplorer:GlueShot+1","RobotSpaceExplorer:GlueShot+1","RobotSpaceExplorer:JunkDive+1","RobotSpaceExplorer:Probe+1","RobotSpaceExplorer:MiniDrones+1","RobotSpaceExplorer:LuckyStrike+1","RobotSpaceExplorer:MiniDrones+1","RobotSpaceExplorer:MiniDrones+1","RobotSpaceExplorer:ScrapToss+1","RobotSpaceExplorer:PlasmaMissile+1","RobotSpaceExplorer:Scanner+1","RobotSpaceExplorer:Arsenal+1","RobotSpaceExplorer:ChargingLaser+1","J.A.X.+1","Panache+1","RobotSpaceExplorer:MiniDrones+1"],"relics":["Unceasing Top","Old Coin","RobotSpaceExplorer:BottledGravity","Art of War","Orrery","Sling","RobotSpaceExplorer:ToughPlating","Philosopher\u0027s Stone","Thread and Needle","Mercury Hourglass","Ornamental Fan","Shuriken","Girya","Gremlin Horn","Empty Cage","Mark of the Bloom","Peace Pipe","Question Card","Centennial Puzzle","Toy Ornithopter"],"acts_visited":["Exordium","TheCity","TheBeyond"],"potions_floor_usage":[8,14,16,18,27,28,45,50,50,50],"damage_taken":[{"damage":0,"enemies":"Cultist","floor":1,"turns":1},{"damage":0,"enemies":"2 Louse","floor":4,"turns":1},{"damage":0,"enemies":"Lagavulin","floor":6,"turns":2},{"damage":4,"enemies":"Gremlin Nob","floor":8,"turns":3},{"damage":0,"enemies":"Lagavulin","floor":10,"turns":3},{"damage":1,"enemies":"3 Sentries","floor":12,"turns":2},{"damage":0,"enemies":"Jaw Worm","floor":14,"turns":1},{"damage":30,"enemies":"The Guardian","floor":16,"turns":4},{"damage":19,"enemies":"2 Thieves","floor":18,"turns":2},{"damage":3,"enemies":"Chosen","floor":22,"turns":2},{"damage":6,"enemies":"Slavers","floor":23,"turns":1},{"damage":6,"enemies":"Gremlin Leader","floor":25,"turns":2},{"damage":3,"enemies":"Book of Stabbing","floor":27,"turns":1},{"damage":3,"enemies":"Snake Plant","floor":28,"turns":2},{"damage":3,"enemies":"Slavers","floor":30,"turns":1},{"damage":6,"enemies":"Collector","floor":33,"turns":2},{"damage":6,"enemies":"3 Darklings","floor":35,"turns":1},{"damage":3,"enemies":"Orb Walker","floor":37,"turns":1},{"damage":6,"enemies":"4 Shapes","floor":39,"turns":1},{"damage":3,"enemies":"Giant Head","floor":40,"turns":2},{"damage":6,"enemies":"Transient","floor":41,"turns":2},{"damage":3,"enemies":"Reptomancer","floor":44,"turns":1},{"damage":6,"enemies":"Writhing Mass","floor":45,"turns":1},{"damage":6,"enemies":"Nemesis","floor":46,"turns":1},{"damage":6,"enemies":"Awakened One","floor":50,"turns":2}],"seed_played":"6028663623087070083","potions_obtained":[{"floor":1,"key":"AttackPotion"},{"floor":3,"key":"DuplicationPotion"},{"floor":3,"key":"RobotSpaceExplorer:LiquidFusion"},{"floor":45,"key":"Dexterity Potion"}],"is_trial":true,"path_per_floor":["M","$","?","M","?","E","?","E","T","E","$","E","R","M","R","B",null,"M","?","$","?","M","E","R","E","T","E","M","R","E","$","R","B",null,"M","?","M","?","M","E","M","R","T","E","M","E","R","?","R","B",null],"character_chosen":"RobotSpaceExplorer","items_purchased":["RobotSpaceExplorer:ScrapToss","RobotSpaceExplorer:PlasmaMissile","Orrery","Sling","Panache","Gremlin Horn"],"campfire_rested":1,"item_purchase_floors":[2,2,11,11,20,31],"current_hp_per_floor":[75,75,75,75,75,75,85,81,81,81,81,80,80,80,80,50,85,66,66,66,66,63,57,57,51,51,48,45,70,67,67,67,61,85,79,79,76,76,70,67,61,61,61,58,52,46,46,46,46,40],"gold":309,"neow_bonus":"","is_daily":false,"chose_seed":false,"campfire_upgraded":4,"win_rate":0.0,"timestamp":1611105270,"path_taken":["M","?","?","?","?","E","?","E","T","E","$","E","R","M","R","BOSS","M","?","$","?","M","E","R","E","T","E","M","R","E","?","R","BOSS","M","?","M","?","?","E","M","R","T","E","?","E","R","?","R","BOSS"],"items_purchased_type":["Card","Card","Relic","Relic","Card","Relic"],"build_version":"2020-12-22","purchased_purges":0,"victory":true,"max_hp_per_floor":[75,75,75,75,75,75,85,85,85,85,85,85,85,85,85,85,85,85,85,85,85,85,85,85,85,85,85,85,85,85,85,85,85,85,85,81,81,81,81,81,81,81,81,81,81,81,81,81,81,81],"card_choices":[{"not_picked":["RobotSpaceExplorer:GlueShot","RobotSpaceExplorer:Pulsar"],"picked":"RobotSpaceExplorer:ImprovisedAttack","floor":1},{"not_picked":["RobotSpaceExplorer:GlueSpray","RobotSpaceExplorer:FreezingShield","RobotSpaceExplorer:StunGrenade"],"picked":"SKIP","floor":4},{"not_picked":["RobotSpaceExplorer:Comet","RobotSpaceExplorer:ShockMissile"],"picked":"RobotSpaceExplorer:Accelerator","floor":6},{"not_picked":["RobotSpaceExplorer:HighVoltage","RobotSpaceExplorer:Exploration"],"picked":"RobotSpaceExplorer:Scanner","floor":8},{"not_picked":["RobotSpaceExplorer:Autoloader","RobotSpaceExplorer:Exploration","RobotSpaceExplorer:Asteroid"],"picked":"SKIP","floor":10},{"not_picked":["RobotSpaceExplorer:ScrapMissile","RobotSpaceExplorer:GlueShot"],"picked":"RobotSpaceExplorer:Arsenal","floor":11},{"not_picked":["RobotSpaceExplorer:Comet","RobotSpaceExplorer:BlastShield"],"picked":"RobotSpaceExplorer:ChargingLaser","floor":12},{"not_picked":["RobotSpaceExplorer:SurgingStrike","RobotSpaceExplorer:TurboDodge","RobotSpaceExplorer:ShockKick"],"picked":"SKIP","floor":14},{"not_picked":["RobotSpaceExplorer:Electroshield","RobotSpaceExplorer:FreezeRay","RobotSpaceExplorer:GlueSpray+1"],"picked":"SKIP","floor":18},{"not_picked":["RobotSpaceExplorer:Ammunition","RobotSpaceExplorer:ImprovisedAttack","RobotSpaceExplorer:StarLightning"],"picked":"SKIP","floor":22},{"not_picked":["RobotSpaceExplorer:Asteroid","RobotSpaceExplorer:Blaster","RobotSpaceExplorer:DroneSwarm"],"picked":"SKIP","floor":23},{"not_picked":["RobotSpaceExplorer:Autoloader","RobotSpaceExplorer:Wormhole","RobotSpaceExplorer:BlastShield"],"picked":"SKIP","floor":25},{"not_picked":["RobotSpaceExplorer:ShockMissile","RobotSpaceExplorer:Comet","RobotSpaceExplorer:Blaster"],"picked":"SKIP","floor":27},{"not_picked":["RobotSpaceExplorer:MakeshiftVolley","RobotSpaceExplorer:Blitz+1","RobotSpaceExplorer:ExhaustFan"],"picked":"SKIP","floor":28},{"not_picked":["RobotSpaceExplorer:Autoloader","RobotSpaceExplorer:ShockMissile","RobotSpaceExplorer:Asteroid"],"picked":"SKIP","floor":30},{"not_picked":["RobotSpaceExplorer:StunGrenade+1","RobotSpaceExplorer:Pulsar","RobotSpaceExplorer:Electroshield"],"picked":"SKIP","floor":35},{"not_picked":["RobotSpaceExplorer:StarDust+1","RobotSpaceExplorer:StunGrenade+1"],"picked":"RobotSpaceExplorer:MiniDrones+1","floor":37},{"not_picked":["RobotSpaceExplorer:SurgingStrike","RobotSpaceExplorer:MiniBoosters","RobotSpaceExplorer:Ammunition+1"],"picked":"SKIP","floor":39},{"not_picked":["RobotSpaceExplorer:Arsenal","RobotSpaceExplorer:Explosion","RobotSpaceExplorer:Comet"],"picked":"SKIP","floor":40},{"not_picked":["RobotSpaceExplorer:GlueShot","RobotSpaceExplorer:ExhaustFan","RobotSpaceExplorer:BigMissile+1"],"picked":"SKIP","floor":41},{"not_picked":["RobotSpaceExplorer:Autoloader","RobotSpaceExplorer:Asteroid","RobotSpaceExplorer:Exploration","RobotSpaceExplorer:Accelerator"],"picked":"SKIP","floor":44},{"not_picked":["RobotSpaceExplorer:PowerGlove+1","RobotSpaceExplorer:ScrapShield+1","RobotSpaceExplorer:IronShell+1","RobotSpaceExplorer:GlueShot+1"],"picked":"SKIP","floor":45},{"not_picked":["RobotSpaceExplorer:Explosion","RobotSpaceExplorer:Arsenal","RobotSpaceExplorer:TrailblazerForm","RobotSpaceExplorer:Asteroid"],"picked":"SKIP","floor":46}],"player_experience":642592,"relics_obtained":[{"floor":8,"key":"Old Coin"},{"floor":9,"key":"RobotSpaceExplorer:BottledGravity"},{"floor":10,"key":"Art of War"},{"floor":12,"key":"RobotSpaceExplorer:ToughPlating"},{"floor":23,"key":"Thread and Needle"},{"floor":25,"key":"Mercury Hourglass"},{"floor":26,"key":"Ornamental Fan"},{"floor":27,"key":"Shuriken"},{"floor":30,"key":"Girya"},{"floor":40,"key":"Peace Pipe"},{"floor":43,"key":"Question Card"},{"floor":44,"key":"Centennial Puzzle"},{"floor":46,"key":"Toy Ornithopter"}],"event_choices":[{"damage_healed":0,"gold_gain":0,"player_choice":"Got Potions","damage_taken":0,"max_hp_gain":0,"max_hp_loss":0,"event_name":"Lab","floor":3,"gold_loss":0},{"damage_healed":0,"gold_gain":0,"player_choice":"Grow","damage_taken":0,"max_hp_gain":0,"max_hp_loss":0,"event_name":"Living Wall","floor":5,"gold_loss":0,"cards_upgraded":["RobotSpaceExplorer:LuckyStrike"]},{"cards_removed":["RobotSpaceExplorer:Accelerator"],"damage_healed":0,"gold_gain":0,"player_choice":"Offered Rare","damage_taken":0,"max_hp_gain":10,"max_hp_loss":0,"event_name":"Bonfire Elementals","floor":7,"gold_loss":0},{"damage_healed":0,"gold_gain":0,"player_choice":"Obtain J.A.X.","damage_taken":0,"max_hp_gain":0,"max_hp_loss":0,"event_name":"Drug Dealer","floor":19,"gold_loss":0,"cards_obtained":["J.A.X."]},{"damage_healed":0,"gold_gain":0,"player_choice":"Max HP","damage_taken":0,"max_hp_gain":0,"max_hp_loss":4,"event_name":"Winding Halls","floor":36,"gold_loss":0},{"damage_healed":0,"gold_gain":0,"player_choice":"Upgrade","damage_taken":0,"relics_obtained":["Mark of the Bloom"],"max_hp_gain":0,"max_hp_loss":0,"event_name":"MindBloom","floor":38,"gold_loss":0,"cards_upgraded":["RobotSpaceExplorer:GlueShot","RobotSpaceExplorer:GlueShot","RobotSpaceExplorer:GlueShot","RobotSpaceExplorer:JunkDive","RobotSpaceExplorer:Probe","RobotSpaceExplorer:MiniDrones","RobotSpaceExplorer:MiniDrones","RobotSpaceExplorer:MiniDrones","RobotSpaceExplorer:ScrapToss","RobotSpaceExplorer:Arsenal","J.A.X."]},{"damage_healed":0,"gold_gain":0,"player_choice":"Memory 1","damage_taken":0,"max_hp_gain":0,"max_hp_loss":0,"event_name":"SensoryStone","floor":48,"gold_loss":0}],"is_beta":false,"boss_relics":[{"not_picked":["Cursed Key","Ectoplasm"],"picked":"Philosopher\u0027s Stone"},{"not_picked":["Astrolabe","RobotSpaceExplorer:Reprocessor"],"picked":"Empty Cage"}],"items_purged_floors":[],"is_endless":false,"potions_floor_spawned":[1,6,10,25,28,33,40,41,45],"ascension_level":4}}