{"host":"oc9z8cublggqyfxu","time":1611134807,"event":{"mods":["AchievementEnabler","Act Like it!","Aspiration","BaseMod","Colored Map","Colored Powertips","Dota2Spire","Friendly Minions","Gensokyo","GifTheSpireLib","Hallownest","Hermit","Highlight Path","Infinite Spire","KinomotoSakuraMod(木之本樱)","Koishi","Lobotomy","LobotomyExtend","Marisa（F雨　魔理沙）","Minty Spire (QoL Compilation)","Quick Restart","Rare Cards Sparkle","Relic Stats","Remilia（蕾米莉亚）","Replay The Spire","RumiaBox-露米娅的神秘盒子","Spicy Shops","StSLib","The Administrix","The Animator","The Blackbeard","The Bug Knight","The Cursed","The Hierophant","The Mystic","The Runesmith","The Servant 0.9.4","Yakumo Yukari mod","Youmu（魂魄妖梦）","Yuyuko","vexMod","【功能Mod】混沌之环修复补丁","【功能Mod】聪明的最终Boss"],"gold_per_floor":[110,130,149,149,324,324,384,384,458,478,44,44,64,64,64,190,253,278,291,291,291,304,325,350,350,376,420,50,50,50,50],"floor_reached":30,"language":"ZHS","playtime":1593,"items_purged":["Porccubus"],"score":304,"play_id":"005b5b39-c1b5-4a3f-a308-11cbb24cdefc","local_time":"20210120172647","is_ascension_mode":true,"campfire_choices":[{"floor":6.0,"key":"RECALL"},{"data":"Reflex","floor":8.0,"key":"SMITH"},{"floor":15.0,"key":"REST"}],"circlet_count":0,"master_deck":["Alriune","OSAHOGD","Doubt","Deflect+1","Deflect+1","FairyFestival","Backflip","Envenom+1","BlackSwan","After Image+1","ReplayTheSpireMod:Scrap Shanks+1","LongBird"],"relics":["Ring of the Snake","CogitoBucket","RabbitCall","LetterFromLob","GodSword5","Dota2Spire:EyeOfSkadi","Golden Idol","SolemnVow_r","Tiny House","Turnip","HellTrain","Replay:Rubber Ducky","vexMod:PaidLearning","Nunchaku"],"acts_visited":["Exordium","Hallownest:CityofTears"],"potions_floor_usage":[27],"damage_taken":[{"damage":2.0,"enemies":"2 Louse","floor":1.0,"turns":2.0},{"damage":4.0,"enemies":"Jaw Worm","floor":2.0,"turns":2.0},{"damage":0.0,"enemies":"Cultist","floor":3.0,"turns":2.0},{"damage":50.0,"enemies":"Exordium Thugs","floor":7.0,"turns":4.0},{"damage":12.0,"enemies":"Blue Slaver","floor":10.0,"turns":2.0},{"damage":15.0,"enemies":"3 Louse","floor":13.0,"turns":4.0},{"damage":77.0,"enemies":"Hexaghost","floor":16.0,"turns":15.0},{"damage":0.0,"enemies":"Hallownest:Guard_and_Sentry","floor":18.0,"turns":5.0},{"damage":28.0,"enemies":"Hallownest:2_Mistakes","floor":19.0,"turns":3.0},{"damage":0.0,"enemies":"Hallownest:2_Husk_Sentries","floor":22.0,"turns":1.0},{"damage":0.0,"enemies":"Hallownest:3_Mistakes","floor":23.0,"turns":1.0},{"damage":32.0,"enemies":"Hallownest:2_Flukemon","floor":24.0,"turns":4.0},{"damage":37,"enemies":"Hallownest:eliteWatcherKnight","floor":27,"turns":7}],"seed_played":"4452521334178873223","potions_obtained":[{"floor":1.0,"key":"Toxic Potion"},{"floor":3.0,"key":"ColorlessPotion"},{"floor":16.0,"key":"LiquidMemories"},{"floor":17.0,"key":"SkillPotion"},{"floor":18.0,"key":"DistilledChaos"},{"floor":23.0,"key":"AttackPotion"},{"floor":24.0,"key":"infinitespire:BlackPotion"},{"floor":27,"key":"LiquidMemories"}],"is_trial":false,"path_per_floor":["M","M","M","?","?","R","M","R","T","M","$","?","M","?","R","B",null,"M","M","?","T","M","M","M","?","T","E","$","?","?"],"character_chosen":"THE_SILENT","items_purchased":["Deflect+1","Dota2Spire:EyeOfSkadi","Dota2Spire:HealingSalve","vexMod:PaidLearning","Nunchaku"],"campfire_rested":1,"item_purchase_floors":[11,11,11,28,28],"current_hp_per_floor":[68,64,64,70,70,70,20,20,20,10,16,16,11,11,36,56,74,74,49,55,55,56,60,35,35,35,14,14,14,0,0],"gold":50,"neow_bonus":"","is_daily":false,"chose_seed":false,"campfire_upgraded":1,"win_rate":0.0,"timestamp":1611134807,"path_taken":["M","M","M","?","?","R","M","R","T","M","?","?","M","?","R","BOSS","M","M","?","?","?","M","M","?","T","E","$","?","?"],"items_purchased_type":["Card","Relic","Potion","Relic","Relic"],"build_version":"2020-12-22","purchased_purges":1,"victory":false,"max_hp_per_floor":[70,70,70,70,70,70,70,70,70,70,75,69,69,69,69,69,74,74,74,74,74,74,74,74,74,74,74,74,74,74,74],"relic_stats":{"Nunchaku":[0],"counters":[15,54],"Golden Idol":71,"Turnip":[4],"obtain_stats":[{"RabbitCall":0,"BackwardClock":13,"Tiny House":17,"SolemnVow_r":13,"Golden Idol":12,"vexMod:PaidLearning":28,"Replay:Rubber Ducky":27,"CogitoBucket":0,"Nunchaku":28,"Dota2Spire:EyeOfSkadi":11,"Turnip":21,"LetterFromLob":1,"GodSword5":9,"HellTrain":23,"Ring of the Snake":0},{"RabbitCall":0,"BackwardClock":7,"Tiny House":8,"SolemnVow_r":7,"Golden Idol":5,"vexMod:PaidLearning":15,"Replay:Rubber Ducky":15,"CogitoBucket":0,"Nunchaku":15,"Dota2Spire:EyeOfSkadi":5,"Turnip":10,"LetterFromLob":1,"GodSword5":4,"HellTrain":13,"Ring of the Snake":0},{"RabbitCall":0,"BackwardClock":17,"Tiny House":32,"SolemnVow_r":17,"Golden Idol":12,"vexMod:PaidLearning":54,"Replay:Rubber Ducky":54,"CogitoBucket":0,"Nunchaku":54,"Dota2Spire:EyeOfSkadi":12,"Turnip":40,"LetterFromLob":2,"GodSword5":10,"HellTrain":43,"Ring of the Snake":0}],"Ring of the Snake":[26]},"card_choices":[{"not_picked":["Slice","Skewer"],"picked":"Dagger Throw","floor":1.0},{"not_picked":["CherryBlossoms","VoidDream","MeatLantern"],"picked":"Singing Bowl","floor":1.0},{"not_picked":["Murderer","UniverseFragment"],"picked":"Scorched","floor":1.0},{"not_picked":["Laetitia","CherryBlossoms"],"picked":"Alriune","floor":2.0},{"not_picked":["Poisoned Stab","Footwork"],"picked":"Underhanded Strike","floor":2.0},{"not_picked":["SpiderBud","PunishingBird"],"picked":"OSAHOGD","floor":3.0},{"not_picked":["Deadly Poison","Cloak And Dagger","Quick Slash"],"picked":"SKIP","floor":3.0},{"not_picked":["HeroicMonk","SnowQueen"],"picked":"Funeral","floor":7.0},{"not_picked":["ReplayTheSpireMod:Exploit Weakness","Dodge and Roll"],"picked":"Reflex","floor":7.0},{"not_picked":["PunishingBird","Bloodbath","Scarecrow"],"picked":"Singing Bowl","floor":10.0},{"not_picked":["Heel Hook","Slice"],"picked":"Deflect","floor":10.0},{"not_picked":["OldLady","BlackSwan","CherryBlossoms"],"picked":"Singing Bowl","floor":13.0},{"not_picked":["PunishingBird","CherryBlossoms"],"picked":"FairyFestival","floor":13.0},{"not_picked":["Dodge and Roll","Outmaneuver"],"picked":"Backflip","floor":13.0},{"not_picked":["OldLady","Wellcheers","PunishingBird"],"picked":"Singing Bowl","floor":16.0},{"not_picked":["Bullet Time","aspiration:Lunge"],"picked":"Storm of Steel","floor":16.0},{"not_picked":["Deflect","Deadly Poison"],"picked":"Choke","floor":17.0},{"not_picked":["NakedNest","Yin","WallGazer"],"picked":"Singing Bowl","floor":18.0},{"not_picked":["Backflip","Dagger Spray"],"picked":"Envenom","floor":18.0},{"not_picked":["Yin","Wellcheers","Murderer"],"picked":"Singing Bowl","floor":19.0},{"not_picked":["VoidDream","Wellcheers"],"picked":"Porccubus","floor":19.0},{"not_picked":["Dodge and Roll","Dagger Throw+1","Dagger Spray"],"picked":"SKIP","floor":19.0},{"not_picked":["BodiesMountain","Laetitia","Bloodbath"],"picked":"Singing Bowl","floor":22.0},{"not_picked":["LittleHelper","CENSORED"],"picked":"BlackSwan","floor":22.0},{"not_picked":["Dodge and Roll","Leg Sweep","PiercingWail"],"picked":"SKIP","floor":22.0},{"not_picked":["SnowQueen","DreamingCurrent","BeautyBeast"],"picked":"Singing Bowl","floor":23.0},{"not_picked":["ReplayTheSpireMod:Tripwire+1","Hidden Blade"],"picked":"After Image","floor":23.0},{"not_picked":["SingingMachine","Scarecrow","Mercenary"],"picked":"Singing Bowl","floor":24.0},{"not_picked":["Poisoned Stab+1","Caltrops","Outmaneuver"],"picked":"SKIP","floor":24.0},{"not_picked":["Sucker Punch","Masterful Stab+1"],"picked":"ReplayTheSpireMod:Scrap Shanks+1","floor":27},{"not_picked":["LittleHelper","Rudolta"],"picked":"LongBird","floor":27}],"player_experience":346969,"relics_obtained":[{"floor":1.0,"key":"LetterFromLob"},{"floor":9.0,"key":"GodSword5"},{"floor":21.0,"key":"Turnip"},{"floor":27,"key":"Replay:Rubber Ducky"}],"event_choices":[{"damage_healed":0.0,"max_hp_gain":0.0,"max_hp_loss":0.0,"gold_gain":175.0,"event_name":"Liars Game","player_choice":"AGREE","floor":5.0,"gold_loss":0.0,"damage_taken":0.0,"cards_obtained":["Doubt"]},{"damage_healed":0.0,"max_hp_gain":0.0,"max_hp_loss":6.0,"gold_gain":0.0,"event_name":"Golden Idol","player_choice":"Lose Max HP","floor":12.0,"gold_loss":0.0,"damage_taken":0.0,"relics_obtained":["Golden Idol"]}],"is_beta":false,"boss_relics":[{"not_picked":["vexMod:MysteryBossChallenge","Ring of Chaos"],"picked":"Tiny House"}],"items_purged_floors":[28],"is_endless":false,"potions_floor_spawned":[1,3,16,18,23,24,27],"ascension_level":3}}