{"host":"0j49nvi4cbm626s8","time":1611145434,"event":{"mods":["AchievementEnabler","BaseMod","Highlight Path","Marisa????????","Minty Spire (QoL Compilation)"],"gold_per_floor":[118,118,2,19,19,50,99,156,156,215,277,225,225,269,269,533,533],"floor_reached":16,"language":"ENG","playtime":652,"items_purged":[],"score":292,"play_id":"7556d21d-14ff-42f7-bb59-5267b77414dc","local_time":"20210120132354","is_ascension_mode":true,"campfire_choices":[{"data":"MilkyWay","floor":13,"key":"SMITH"},{"floor":15,"key":"REST"}],"circlet_count":0,"master_deck":["AscendersBane","Strike_MRS","Strike_MRS","Strike_MRS","Strike_MRS","Defend_MRS+1","Defend_MRS+1","Defend_MRS","Defend_MRS","MasterSpark","UpSweep","MilkyWay+1","Robbery","GalacticHalo","SprinkleStarSeal","6A+1","MilkyWay+1","SporeBomb+1"],"relics":["MiniHakkero","NeowsBlessing","Toxic Egg 2","Molten Egg 2","HornCleat"],"acts_visited":["Exordium"],"potions_floor_usage":[8],"damage_taken":[{"damage":0,"enemies":"Jaw Worm","floor":1,"turns":1},{"damage":0,"enemies":"Small Slimes","floor":4,"turns":1},{"damage":0,"enemies":"Gremlin Nob","floor":6,"turns":1},{"damage":0,"enemies":"2 Louse","floor":7,"turns":9},{"damage":27,"enemies":"3 Sentries","floor":8,"turns":12},{"damage":0,"enemies":"Blue Slaver","floor":10,"turns":5},{"damage":0,"enemies":"2 Fungi Beasts","floor":11,"turns":6},{"damage":6,"enemies":"Exordium Wildlife","floor":14,"turns":7},{"damage":30,"enemies":"Hexaghost","floor":16,"turns":12}],"seed_played":"3257908334596114836","potions_obtained":[{"floor":4,"key":"DuplicationPotion"},{"floor":11,"key":"FearPotion"},{"floor":14,"key":"Explosive Potion"}],"is_trial":false,"path_per_floor":["M","?","$","M","?","E","M","E","T","M","M","?","R","M","R","B"],"character_chosen":"MARISA","items_purchased":["Robbery","GalacticHalo"],"campfire_rested":1,"item_purchase_floors":[3,3],"current_hp_per_floor":[63,63,63,63,42,42,42,15,15,15,15,15,15,9,30,0,0],"gold":533,"neow_bonus":"THREE_ENEMY_KILL","is_daily":false,"chose_seed":false,"campfire_upgraded":1,"win_rate":0.0,"timestamp":1611145434,"path_taken":["M","?","$","M","?","E","M","E","T","M","M","?","R","M","R","BOSS"],"items_purchased_type":["Card","Card"],"build_version":"2020-12-22","purchased_purges":0,"victory":false,"max_hp_per_floor":[70,70,70,70,70,70,70,70,70,70,70,70,70,70,70,70,70],"card_choices":[{"not_picked":["PowerUp","SporeBomb"],"picked":"MilkyWay","floor":1},{"not_picked":["Robbery","GravityBeat"],"picked":"SprinkleStarSeal","floor":4},{"not_picked":["PulseMagic+1","BinaryStars+1","GravityBeat"],"picked":"SKIP","floor":6},{"not_picked":["UnstableBomb","ShootingEcho","OrrerysSun"],"picked":"SKIP","floor":7},{"not_picked":["PropBag+1","MillisecondPulsars"],"picked":"6A+1","floor":8},{"not_picked":["NonDirectionalLaser+1","MachineGunSpark+1"],"picked":"MilkyWay+1","floor":10},{"not_picked":["GravityBeat+1","DC+1"],"picked":"SporeBomb+1","floor":11},{"not_picked":["PowerUp+1","DoubleSpark+1","WitchLeyline+1"],"picked":"SKIP","floor":14}],"player_experience":255712,"relics_obtained":[{"floor":6,"key":"Toxic Egg 2"},{"floor":8,"key":"Molten Egg 2"},{"floor":9,"key":"HornCleat"}],"event_choices":[{"damage_healed":0,"gold_gain":0,"player_choice":"Ignored","damage_taken":0,"max_hp_gain":0,"max_hp_loss":0,"event_name":"Liars Game","floor":2,"gold_loss":0},{"damage_healed":0,"gold_gain":0,"player_choice":"Entered Light","damage_taken":21,"max_hp_gain":0,"max_hp_loss":0,"event_name":"Shining Light","floor":5,"gold_loss":0,"cards_upgraded":["Defend_MRS","Defend_MRS"]},{"damage_healed":0,"gold_gain":0,"player_choice":"Left Gold","damage_taken":0,"max_hp_gain":0,"max_hp_loss":0,"event_name":"World of Goop","floor":12,"gold_loss":52}],"is_beta":false,"boss_relics":[],"items_purged_floors":[],"is_endless":false,"potions_floor_spawned":[4,11,14],"killed_by":"Hexaghost","ascension_level":16}}