{"host":"1c17lcvl7acx821p","time":1611150821,"event":{"mods":["AchievementEnabler","BaseMod","Colored Map","Minty Spire (QoL Compilation)","StSLib"],"gold_per_floor":[109,109,109,134,134,173,173,214,240,240,265,265,2,40,40,166,166,179,203,118,118,118,158,158,194,194,16,16,35,35,116,116,239,239,263,284,311,311,336,371,371,406,406,406,446,467,500,202,202,202,202,202,14,62,62,62],"floor_reached":55,"language":"ENG","playtime":2353,"items_purged":["Strike_P","Strike_P"],"score":1189,"play_id":"fbe7ce3c-63e9-474a-bfde-05864a80a2df","local_time":"20210120155341","is_ascension_mode":true,"campfire_choices":[{"data":"SandsOfTime","floor":7.0,"key":"SMITH"},{"data":"Wallop","floor":10.0,"key":"SMITH"},{"data":"Vigilance","floor":12.0,"key":"SMITH"},{"data":"ThirdEye","floor":15.0,"key":"SMITH"},{"data":"Devotion","floor":24.0,"key":"SMITH"},{"data":"WheelKick","floor":32.0,"key":"SMITH"},{"floor":49.0,"key":"RECALL"},{"floor":52.0,"key":"REST"}],"circlet_count":0,"master_deck":["Strike_P","Strike_P","Defend_P","Defend_P","Defend_P","Defend_P","Eruption+1","Vigilance+1","WheelKick+1","Wallop+1","SandsOfTime+1","ThirdEye+1","CrushJoints+1","BowlingBash+1","Devotion+1","CurseOfTheBell","Sanctity+1","Nirvana+1","Conclude+1","EmptyBody+1","FlurryOfBlows+1","FearNoEvil+1","Brilliance+1","Protect+1","InnerPeace+1","Meditate+1","SashWhip+1","ThirdEye+1","DevaForm","Sanctity+1","Wireheading","CutThroughFate+1","Weave+1"],"relics":["PureWater","CaptainsWheel","Golden Idol","MealTicket","Regal Pillow","Toy Ornithopter","Molten Egg 2","Damaru","Calling Bell","Tiny Chest","Mercury Hourglass","WingedGreaves","Happy Flower","Pantograph","Akabeko","Meat on the Bone","Membership Card","Nunchaku","MutagenicStrength","Gremlin Horn","Fusion Hammer","Eternal Feather","PreservedInsect","CeramicFish","Letter Opener","Potion Belt","Ginger","DollysMirror","Bottled Lightning","Kunai","Bag of Marbles"],"acts_visited":["Exordium","TheCity","TheBeyond","TheEnding"],"potions_floor_usage":[55,55],"damage_taken":[{"damage":12.0,"enemies":"2 Louse","floor":1.0,"turns":3.0},{"damage":1.0,"enemies":"Cultist","floor":4.0,"turns":2.0},{"damage":4.0,"enemies":"3 Sentries","floor":6.0,"turns":7.0},{"damage":10.0,"enemies":"Lagavulin","floor":8.0,"turns":6.0},{"damage":0.0,"enemies":"Small Slimes","floor":11.0,"turns":2.0},{"damage":13.0,"enemies":"3 Sentries","floor":14.0,"turns":6.0},{"damage":2.0,"enemies":"Hexaghost","floor":16.0,"turns":7.0},{"damage":1.0,"enemies":"3 Byrds","floor":18.0,"turns":4.0},{"damage":17.0,"enemies":"2 Thieves","floor":19.0,"turns":4.0},{"damage":26.0,"enemies":"Book of Stabbing","floor":23.0,"turns":6.0},{"damage":25.0,"enemies":"Gremlin Leader","floor":25.0,"turns":4.0},{"damage":12.0,"enemies":"Snake Plant","floor":29.0,"turns":4.0},{"damage":35.0,"enemies":"Collector","floor":33.0,"turns":6.0},{"damage":0.0,"enemies":"3 Shapes","floor":35.0,"turns":1.0},{"damage":2.0,"enemies":"Orb Walker","floor":36.0,"turns":2.0},{"damage":0.0,"enemies":"Spire Growth","floor":39.0,"turns":2.0},{"damage":0.0,"enemies":"Reptomancer","floor":40.0,"turns":4.0},{"damage":3.0,"enemies":"Nemesis","floor":42.0,"turns":4.0},{"damage":9.0,"enemies":"Giant Head","floor":45.0,"turns":5.0},{"damage":7.0,"enemies":"4 Shapes","floor":46.0,"turns":5.0},{"damage":7.0,"enemies":"Writhing Mass","floor":47.0,"turns":4.0},{"damage":37.0,"enemies":"Time Eater","floor":50.0,"turns":10.0},{"damage":43.0,"enemies":"Shield and Spear","floor":54.0,"turns":7.0},{"damage":74,"enemies":"The Heart","floor":55,"turns":5}],"seed_played":"-2668153269845077944","potions_obtained":[{"floor":4.0,"key":"SpeedPotion"},{"floor":8.0,"key":"FearPotion"},{"floor":14.0,"key":"DuplicationPotion"},{"floor":16.0,"key":"BlessingOfTheForge"},{"floor":25.0,"key":"FearPotion"},{"floor":40.0,"key":"GamblersBrew"},{"floor":42.0,"key":"FearPotion"},{"floor":45.0,"key":"BlessingOfTheForge"}],"is_trial":false,"path_per_floor":["M","?","?","M","?","E","R","E","T","R","M","R","$","E","R","B",null,"M","M","?","?","?","E","R","E","T","$","T","M","?","T","R","B",null,"M","M","T","?","M","E","?","E","T","T","E","M","M","$","R","B",null,"R","$","E","B"],"character_chosen":"WATCHER","items_purchased":["Molten Egg 2","CrushJoints+1","Membership Card","FlurryOfBlows+1","DollysMirror","Bottled Lightning","Wireheading","LiquidBronze","Kunai","CutThroughFate+1"],"campfire_rested":1,"item_purchase_floors":[13,13,27,27,48,48,48,48,53,53],"current_hp_per_floor":[53,53,53,52,52,48,48,38,38,38,38,38,53,40,40,38,60,59,42,42,42,64,43,43,18,18,33,33,33,33,33,33,35,59,59,57,57,57,57,57,57,59,59,59,50,43,36,51,67,35,59,67,67,36,0,0],"gold":62,"neow_bonus":"ONE_RARE_RELIC","is_daily":false,"chose_seed":false,"campfire_upgraded":6,"win_rate":0.0,"timestamp":1611150821,"path_taken":["M","?","?","?","?","E","R","E","T","R","?","R","$","E","R","BOSS","M","M","?","?","?","E","R","E","T","$","?","M","?","?","R","BOSS","M","?","?","?","?","E","?","E","T","?","E","M","M","?","R","BOSS","R","$","E","BOSS"],"items_purchased_type":["Relic","Card","Relic","Card","Relic","Relic","Card","Potion","Relic","Card"],"build_version":"2020-12-22","purchased_purges":2,"victory":false,"max_hp_per_floor":[72,67,67,67,67,67,67,67,67,67,67,67,67,67,67,67,67,67,67,67,67,67,67,67,67,67,67,67,67,67,67,67,67,67,67,67,67,67,67,67,67,67,67,67,67,67,67,67,67,67,67,67,67,67,67,67],"card_choices":[{"not_picked":["Collect","SashWhip"],"picked":"WheelKick","floor":1.0},{"not_picked":["Prostrate","FlyingSleeves"],"picked":"Wallop","floor":4.0},{"not_picked":["WindmillStrike","BattleHymn"],"picked":"SandsOfTime","floor":6.0},{"not_picked":["Collect","Prostrate"],"picked":"ThirdEye","floor":8.0},{"not_picked":["Perseverance","Collect","MasterReality"],"picked":"SKIP","floor":11.0},{"not_picked":["CrushJoints+1","Prostrate"],"picked":"BowlingBash+1","floor":14.0},{"not_picked":["Scrawl","MasterReality"],"picked":"Devotion","floor":16.0},{"not_picked":["ThirdEye","FearNoEvil+1"],"picked":"Sanctity+1","floor":18.0},{"not_picked":["Consecrate+1","EmptyBody"],"picked":"Nirvana+1","floor":19.0},{"not_picked":["Blasphemy","Crescendo"],"picked":"Conclude+1","floor":23.0},{"not_picked":["SignatureMove+1","Wireheading"],"picked":"EmptyBody+1","floor":25.0},{"not_picked":["Consecrate+1","Evaluate"],"picked":"FearNoEvil+1","floor":29.0},{"not_picked":["Blasphemy","LessonLearned+1"],"picked":"Brilliance+1","floor":33.0},{"not_picked":["Vengeance+1","Swivel","BowlingBash+1"],"picked":"SKIP","floor":35.0},{"not_picked":["WreathOfFlame","WaveOfTheHand"],"picked":"Protect+1","floor":36.0},{"not_picked":["EmptyBody","SandsOfTime+1"],"picked":"InnerPeace+1","floor":39.0},{"not_picked":["CarveReality+1","InnerPeace+1"],"picked":"Meditate+1","floor":40.0},{"not_picked":["Evaluate","JustLucky+1","WheelKick+1"],"picked":"SKIP","floor":42.0},{"not_picked":["Indignation+1","CrushJoints+1"],"picked":"ThirdEye+1","floor":45.0},{"not_picked":["PathToVictory+1","Crescendo+1","Consecrate+1"],"picked":"SKIP","floor":46.0},{"not_picked":["PathToVictory","FollowUp+1"],"picked":"DevaForm","floor":47.0},{"not_picked":["FearNoEvil+1","CutThroughFate+1"],"picked":"Weave+1","floor":54.0}],"player_experience":158668,"relics_obtained":[{"floor":6.0,"key":"MealTicket"},{"floor":8.0,"key":"Regal Pillow"},{"floor":9.0,"key":"Toy Ornithopter"},{"floor":14.0,"key":"Damaru"},{"floor":17.0,"key":"Tiny Chest"},{"floor":17.0,"key":"Mercury Hourglass"},{"floor":17.0,"key":"WingedGreaves"},{"floor":23.0,"key":"Pantograph"},{"floor":25.0,"key":"Akabeko"},{"floor":26.0,"key":"Meat on the Bone"},{"floor":28.0,"key":"Nunchaku"},{"floor":31.0,"key":"Gremlin Horn"},{"floor":40.0,"key":"PreservedInsect"},{"floor":42.0,"key":"CeramicFish"},{"floor":43.0,"key":"Letter Opener"},{"floor":44.0,"key":"Potion Belt"},{"floor":45.0,"key":"Ginger"},{"floor":54.0,"key":"Bag of Marbles"}],"event_choices":[{"damage_healed":0.0,"max_hp_gain":0.0,"max_hp_loss":5.0,"gold_gain":0.0,"event_name":"Golden Idol","player_choice":"Lose Max HP","floor":2.0,"gold_loss":0.0,"damage_taken":0.0,"relics_obtained":["Golden Idol"]},{"damage_healed":0.0,"max_hp_gain":0.0,"max_hp_loss":0.0,"gold_gain":0.0,"event_name":"Upgrade Shrine","player_choice":"Upgraded","floor":3.0,"gold_loss":0.0,"damage_taken":0.0,"cards_upgraded":["Eruption"]},{"cards_removed":["Pain"],"damage_healed":0.0,"max_hp_gain":0.0,"max_hp_loss":0.0,"gold_gain":0.0,"event_name":"Fountain of Cleansing","player_choice":"Removed Curses","floor":5.0,"gold_loss":0.0,"damage_taken":0.0},{"damage_healed":0.0,"max_hp_gain":0.0,"max_hp_loss":0.0,"gold_gain":0.0,"event_name":"Addict","player_choice":"Obtained Relic","floor":20.0,"gold_loss":85.0,"damage_taken":0.0,"relics_obtained":["Happy Flower"]},{"damage_healed":0.0,"max_hp_gain":0.0,"max_hp_loss":0.0,"gold_gain":0.0,"event_name":"Ghosts","player_choice":"Ignored","floor":21.0,"gold_loss":0.0,"damage_taken":0.0},{"damage_healed":22.0,"max_hp_gain":0.0,"max_hp_loss":0.0,"gold_gain":0.0,"event_name":"The Library","player_choice":"Heal","floor":22.0,"gold_loss":0.0,"damage_taken":0.0},{"damage_healed":0.0,"max_hp_gain":0.0,"max_hp_loss":0.0,"gold_gain":0.0,"event_name":"Drug Dealer","player_choice":"Inject Mutagens","floor":30.0,"gold_loss":0.0,"damage_taken":0.0,"relics_obtained":["MutagenicStrength"]},{"damage_healed":0.0,"max_hp_gain":0.0,"max_hp_loss":0.0,"gold_gain":0.0,"event_name":"WeMeetAgain","player_choice":"Gave Potion","floor":38.0,"gold_loss":0.0,"damage_taken":0.0,"relics_obtained":["Eternal Feather"]},{"damage_healed":0.0,"max_hp_gain":0.0,"max_hp_loss":0.0,"gold_gain":0.0,"event_name":"Match and Keep!","player_choice":"1 cards matched","floor":41.0,"gold_loss":0.0,"damage_taken":0.0,"cards_obtained":["SashWhip"]}],"is_beta":false,"boss_relics":[{"not_picked":["Tiny House","Empty Cage"],"picked":"Calling Bell"},{"not_picked":["Coffee Dripper","Astrolabe"],"picked":"Fusion Hammer"}],"items_purged_floors":[48,53],"is_endless":false,"potions_floor_spawned":[4,8,14,16,19,25,29,40,42,45],"killed_by":"The Heart","ascension_level":7}}