{"host":"obplhmlw33xb91v8","time":1611108151,"event":{"mods":["BaseMod","Block Reminder","Curses Come First","Dio Mod","Evolution","Friendly Minions","HololiveMod","Koishi","Minty Spire (QoL Compilation)","Quick Restart","Relic Stats","Shop Mod","Spicy Shops","StSLib","The IronCluck","The Servant 0.9.4","Uncapped","Waifu the Spire","Yakumo Yukari mod","Yohane!","Youmu??????","Yuyuko","egg"],"gold_per_floor":[76,76,76,86,106,106,1,12,36,54,113,130,148,158,158,255,255,274,9,19,19,30,58,58,78,127,146,146,190,201,212,212,344,344,364,397,423,445,456,456,483,483,483,483,216,216,266,293,293,301,301,301,1,33,33],"floor_reached":56,"language":"ENG","playtime":3479,"items_purged":["Parasite"],"score":1579,"play_id":"fcb9b95a-8447-40ee-b99c-4a7343b94f3b","local_time":"20210119210231","is_ascension_mode":true,"campfire_choices":[{"floor":6,"key":"REST"},{"data":"1","floor":15,"key":"LIFT"},{"floor":28,"key":"RECALL"},{"floor":32,"key":"REST"},{"data":"2","floor":40,"key":"LIFT"},{"data":"3","floor":44,"key":"LIFT"},{"data":"Hololive_CallNekomataOkayu","floor":49,"key":"SMITH"},{"data":"Hololive_IdolExercise","floor":52,"key":"SMITH"}],"circlet_count":0,"master_deck":["Hololive_StrengthChampion","Hololive_Strike","Hololive_Defend","Hololive_Defend","Hololive_Sequa","Hololive_CallKiryuuCoco","Hololive_CallCivia","Hololive_CallAmaneKanata","Hololive_CallTsunomakiWatame","Hololive_CallInugamiKorone","Hololive_CallShishiroBotan","Hololive_CallArtia","Hololive_DevilCharm","Hololive_CallFriendA","Doubt","Hololive_CallHoshimachiSuisei","Hololive_Recruit","Hololive_CocoNews","Hololive_CallMomosuzuNene+14","Hololive_IdolExercise+1","Hololive_CallNekomataOkayu+1","Hololive_ILoveYou","Hololive_CallHimemoriLuna","Hololive_CallYukihanaLamy+1","Hololive_RevenueBasedLive","Hololive_ILoveYou+1","Hololive_Rebound+1","Hololive_DDD","Hololive_LuckPotion+1","Hololive_CallOzoraSubaru","Hololive_Rebound+1","Hololive_CallUruhaRushia","Hololive_ILoveYou","Decay","Hololive_Breathe"],"relics":["EVO:Axolotl","Cursed Key","Toy Ornithopter","Strawberry","Girya","Snecko Eye","Membership Card","Bronze Scales","Juzu Bracelet","TungstenRod","Coffee Dripper","Singing Bowl","Bird Faced Urn","Calipers","Orrery","Ginger","Incense Burner","Bag of Marbles","Lee\u0027s Waffle","Blood Vial","Pear"],"acts_visited":["Exordium","TheCity","TheBeyond","TheEnding"],"potions_floor_usage":[29,48,48,48,54],"damage_taken":[{"damage":0,"enemies":"2 Louse","floor":1,"turns":2},{"damage":0,"enemies":"Jaw Worm","floor":4,"turns":3},{"damage":0,"enemies":"Small Slimes","floor":5,"turns":3},{"damage":0,"enemies":"Looter","floor":8,"turns":3},{"damage":0,"enemies":"Red Slaver","floor":10,"turns":3},{"damage":0,"enemies":"Gremlin Nob","floor":11,"turns":4},{"damage":0,"enemies":"Large Slime","floor":12,"turns":4},{"damage":0,"enemies":"2 Fungi Beasts","floor":13,"turns":2},{"damage":0,"enemies":"Gremlin Gang","floor":14,"turns":4},{"damage":0,"enemies":"The Guardian","floor":16,"turns":6},{"damage":4,"enemies":"Chosen","floor":18,"turns":4},{"damage":0,"enemies":"2 Thieves","floor":20,"turns":3},{"damage":0,"enemies":"Sentry and Sphere","floor":22,"turns":4},{"damage":0,"enemies":"Gremlin Leader","floor":23,"turns":4},{"damage":0,"enemies":"Snecko","floor":25,"turns":3},{"damage":0,"enemies":"Cultist and Chosen","floor":27,"turns":4},{"damage":37,"enemies":"Slavers","floor":29,"turns":5},{"damage":0,"enemies":"Snake Plant","floor":30,"turns":2},{"damage":0,"enemies":"Sentry and Sphere","floor":31,"turns":3},{"damage":0,"enemies":"Collector","floor":33,"turns":7},{"damage":0,"enemies":"3 Shapes","floor":35,"turns":4},{"damage":0,"enemies":"3 Darklings","floor":36,"turns":4},{"damage":0,"enemies":"Jaw Worm Horde","floor":37,"turns":5},{"damage":0,"enemies":"Transient","floor":38,"turns":5},{"damage":0,"enemies":"Spire Growth","floor":39,"turns":4},{"damage":0,"enemies":"Nemesis","floor":41,"turns":5},{"damage":0,"enemies":"Mind Bloom Boss Battle","floor":47,"turns":3},{"damage":30,"enemies":"Reptomancer","floor":48,"turns":6},{"damage":0,"enemies":"Donu and Deca","floor":50,"turns":8},{"damage":40,"enemies":"Shield and Spear","floor":54,"turns":7},{"damage":14,"enemies":"The Heart","floor":55,"turns":8}],"seed_played":"-8215203118343320390","potions_obtained":[{"floor":4,"key":"BlessingOfTheForge"},{"floor":5,"key":"Block Potion"},{"floor":11,"key":"SkillPotion"},{"floor":13,"key":"Fire Potion"},{"floor":31,"key":"EssenceOfSteel"},{"floor":38,"key":"CultistPotion"},{"floor":48,"key":"PowerPotion"}],"is_trial":false,"path_per_floor":["M","?","?","M","M","R","$","M","T","M","?","M","M","M","R","B",null,"M","$","M","$","M","E","?","M","T","M","R","E","M","M","R","B",null,"M","M","M","M","M","R","E","?","T","R","$","?","?","E","R","B",null,"R","$","E","B",null],"character_chosen":"Hololive_HololiveCharacter","items_purchased":["Hololive_DevilCharm","Membership Card","Bronze Scales","Hololive_ILoveYou","Calipers","Orrery","Bag of Marbles","LiquidBronze","Lee\u0027s Waffle","Weak Potion","Blood Vial","Hololive_Breathe"],"campfire_rested":2,"item_purchase_floors":[7,19,19,19,45,45,53,53,53,53,53,53],"current_hp_per_floor":[35,17,17,17,17,27,27,27,34,34,34,34,34,34,34,34,42,38,38,38,38,38,38,38,38,38,38,38,6,6,6,18,18,42,42,42,42,42,42,42,44,46,46,46,53,53,55,56,56,57,57,57,64,43,62],"gold":33,"neow_bonus":"BOSS_RELIC","is_daily":false,"chose_seed":false,"campfire_upgraded":2,"win_rate":0.0,"timestamp":1611108151,"path_taken":["M","?","?","M","M","R","$","M","T","M","?","M","M","M","R","BOSS","M","$","M","$","M","E","?","M","T","M","R","E","M","M","R","BOSS","M","M","M","M","M","R","E","?","T","R","$","?","?","E","R","BOSS","R","$","E","BOSS"],"items_purchased_type":["Card","Relic","Relic","Card","Relic","Relic","Relic","Potion","Relic","Potion","Relic","Card"],"build_version":"2020-12-22","purchased_purges":1,"victory":true,"max_hp_per_floor":[35,35,35,35,35,35,35,35,42,42,42,42,42,42,42,42,42,42,42,42,42,42,42,42,42,42,42,42,42,42,42,42,42,42,42,42,42,42,42,42,44,46,46,46,53,53,55,57,57,57,57,57,64,76,76],"relic_stats":{"Lee\u0027s Waffle":7,"Singing Bowl":20,"counters":[31,131],"Juzu Bracelet":1,"Ginger":[9],"Cursed Key":3,"Blood Vial":2,"Bronze Scales":[385],"Bird Faced Urn":[48],"Snecko Eye":[171,154,140,142],"obtain_stats":[{"Girya":11,"Lee\u0027s Waffle":53,"Calipers":45,"Pear":54,"Singing Bowl":41,"Juzu Bracelet":23,"Incense Burner":48,"EVO:Axolotl":0,"Ginger":47,"Cursed Key":0,"Blood Vial":53,"Strawberry":9,"Bronze Scales":19,"Bird Faced Urn":43,"Hololive_TheStar":0,"Snecko Eye":17,"Orrery":45,"Coffee Dripper":34,"Bag of Marbles":53,"Membership Card":19,"Toy Ornithopter":2,"TungstenRod":29},{"Girya":6,"Lee\u0027s Waffle":29,"Calipers":26,"Pear":30,"Singing Bowl":26,"Juzu Bracelet":14,"Incense Burner":28,"EVO:Axolotl":0,"Ginger":27,"Cursed Key":0,"Blood Vial":29,"Strawberry":4,"Bronze Scales":11,"Bird Faced Urn":26,"Hololive_TheStar":0,"Snecko Eye":10,"Orrery":26,"Coffee Dripper":20,"Bag of Marbles":29,"Membership Card":11,"Toy Ornithopter":1,"TungstenRod":17},{"Girya":17,"Lee\u0027s Waffle":116,"Calipers":99,"Pear":123,"Singing Bowl":99,"Juzu Bracelet":48,"Incense Burner":108,"EVO:Axolotl":0,"Ginger":102,"Cursed Key":0,"Blood Vial":116,"Strawberry":11,"Bronze Scales":37,"Bird Faced Urn":99,"Hololive_TheStar":0,"Snecko Eye":33,"Orrery":99,"Coffee Dripper":72,"Bag of Marbles":116,"Membership Card":37,"Toy Ornithopter":2,"TungstenRod":60}],"Toy Ornithopter":25,"TungstenRod":12},"card_choices":[{"not_picked":["Hololive_Psychosis","Hololive_Drill"],"picked":"Hololive_CallShishiroBotan","floor":1},{"not_picked":["Hololive_Rebound","Hololive_Trident"],"picked":"Hololive_HuntDinosaur","floor":4},{"not_picked":["Hololive_Sequa","Hololive_CallTsunomakiWatame"],"picked":"Hololive_CallArtia","floor":5},{"not_picked":["Hololive_CallAmaneKanata","Hololive_Drill"],"picked":"Hololive_CallFriendA","floor":8},{"not_picked":["Hololive_Sequa","Hololive_SoulCatcher"],"picked":"Hololive_CallHoshimachiSuisei","floor":10},{"not_picked":["Hololive_Sequa","Hololive_Psychosis"],"picked":"Hololive_Recruit","floor":11},{"not_picked":["Hololive_OvertimeWork","Hololive_Trident"],"picked":"Hololive_CocoNews","floor":12},{"not_picked":["Hololive_FlyingPonyTail","Hololive_Trident","Hololive_StrengthChampion"],"picked":"SKIP","floor":13},{"not_picked":["Hololive_StrengthChampion","Hololive_Sequa"],"picked":"Hololive_CallMomosuzuNene","floor":14},{"not_picked":["Hololive_BeCareful","Hololive_ASMR"],"picked":"Hololive_IdolExercise","floor":16},{"not_picked":["Hololive_FlyingPonyTail","Hololive_CallMurasakiShion+1"],"picked":"Hololive_CallNekomataOkayu","floor":18},{"not_picked":["Hololive_SoulCatcher","Hololive_CallMinatoAqua+1"],"picked":"Hololive_CallHimemoriLuna","floor":20},{"not_picked":["Hololive_Sequa","Hololive_HuntDinosaur"],"picked":"Hololive_CallYukihanaLamy+1","floor":22},{"not_picked":["Hololive_StrengthChampion","Hololive_AWSL"],"picked":"Hololive_RevenueBasedLive","floor":23},{"not_picked":["Hololive_HuntDinosaur","Hololive_CallHimemoriLuna"],"picked":"Hololive_ILoveYou+1","floor":25},{"not_picked":["Hololive_CocoNews","Hololive_Breathe+1","Hololive_Teleport"],"picked":"SKIP","floor":27},{"not_picked":["Hololive_Nanodesu","Hololive_Sequa+1"],"picked":"Hololive_Rebound+1","floor":29},{"not_picked":["Hololive_CocoNews+1","Hololive_Drill+1","Hololive_Psychosis"],"picked":"SKIP","floor":30},{"not_picked":["Hololive_ManjiGathering","Hololive_HuntDinosaur","Hololive_CallFriendA"],"picked":"SKIP","floor":31},{"not_picked":["Hololive_FlareMind","Hololive_BeCareful"],"picked":"Hololive_DDD","floor":33},{"not_picked":["Hololive_Rebound+1","Hololive_HuntDinosaur"],"picked":"Hololive_LuckPotion+1","floor":35},{"not_picked":["Hololive_Breathe","Hololive_Watashimo+1"],"picked":"Hololive_CallOzoraSubaru","floor":36},{"not_picked":["Hololive_CallMinatoAqua","Hololive_OpenUp"],"picked":"Hololive_Rebound+1","floor":37},{"not_picked":["Hololive_RevenueBasedLive","Hololive_CallMomosuzuNene+1"],"picked":"Hololive_CallUruhaRushia","floor":38},{"not_picked":["Hololive_Sequa+1","Hololive_StrengthChampion"],"picked":"Hololive_ILoveYou","floor":39},{"not_picked":["Hololive_Breathe","Hololive_RevenueBasedLive","Hololive_CallYukihanaLamy+1"],"picked":"Singing Bowl","floor":41},{"not_picked":["Forethought","Mind Blast","Master of Strategy"],"picked":"Singing Bowl","floor":42},{"not_picked":["Hololive_Breathe","Hololive_CallAyundaRisu","Hololive_Trident+1"],"picked":"Singing Bowl","floor":45},{"not_picked":["Hololive_Drill","Hololive_LuckPotion","Hololive_FlyingPonyTail"],"picked":"Singing Bowl","floor":45},{"not_picked":["Hololive_OvertimeWork+1","Hololive_Trident+1","Hololive_CallYozoraMel"],"picked":"Singing Bowl","floor":45},{"not_picked":["Hololive_StrengthChampion","Hololive_HuntDinosaur+1","Hololive_CallManoAloe"],"picked":"Singing Bowl","floor":45},{"not_picked":["Hololive_CallNakiriAyame+1","Hololive_Sequa","Hololive_CallCivia"],"picked":"Singing Bowl","floor":45},{"not_picked":["Hololive_CallShishiroBotan+1","Hololive_Sequa","Hololive_OvertimeWork"],"picked":"Singing Bowl","floor":47},{"not_picked":["Hololive_HuntDinosaur+1","Hololive_Psychosis+1","Hololive_RevenueBasedLive"],"picked":"Singing Bowl","floor":48},{"not_picked":["Hololive_HighAtkLowDef","Hololive_CallCivia+1","Hololive_CallAkiRosenthal+1"],"picked":"Singing Bowl","floor":54}],"player_experience":226841,"relics_obtained":[{"floor":9,"key":"Strawberry"},{"floor":11,"key":"Girya"},{"floor":23,"key":"Juzu Bracelet"},{"floor":29,"key":"TungstenRod"},{"floor":41,"key":"Singing Bowl"},{"floor":43,"key":"Bird Faced Urn"},{"floor":47,"key":"Ginger"},{"floor":48,"key":"Incense Burner"},{"floor":54,"key":"Pear"}],"event_choices":[{"damage_healed":0,"gold_gain":0,"player_choice":"Success","damage_taken":18,"relics_obtained":["Toy Ornithopter"],"max_hp_gain":0,"max_hp_loss":0,"event_name":"Scrap Ooze","floor":2,"gold_loss":0},{"damage_healed":0,"gold_gain":0,"player_choice":"Ignored","damage_taken":0,"max_hp_gain":0,"max_hp_loss":0,"event_name":"Liars Game","floor":3,"gold_loss":0},{"damage_healed":0,"gold_gain":30,"player_choice":"Searched \u00272\u0027 times","damage_taken":0,"max_hp_gain":0,"max_hp_loss":0,"event_name":"Dead Adventurer","floor":11,"gold_loss":0},{"damage_healed":0,"gold_gain":0,"player_choice":"Ignored","damage_taken":0,"max_hp_gain":0,"max_hp_loss":0,"event_name":"Cursed Tome","floor":24,"gold_loss":0},{"damage_healed":0,"gold_gain":0,"player_choice":"Memory 1","damage_taken":0,"max_hp_gain":0,"max_hp_loss":0,"event_name":"SensoryStone","floor":42,"gold_loss":0},{"cards_removed":["Hololive_HuntDinosaur"],"damage_healed":0,"gold_gain":0,"player_choice":"Removed Skill","damage_taken":0,"max_hp_gain":0,"max_hp_loss":0,"event_name":"Falling","floor":46,"gold_loss":0},{"damage_healed":0,"gold_gain":0,"player_choice":"Fight","damage_taken":0,"max_hp_gain":0,"max_hp_loss":0,"event_name":"MindBloom","floor":47,"gold_loss":0}],"is_beta":false,"boss_relics":[{"not_picked":["Philosopher\u0027s Stone","Tiny House"],"picked":"Snecko Eye"},{"not_picked":["Hololive_Finger","Velvet Choker"],"picked":"Coffee Dripper"}],"items_purged_floors":[45],"is_endless":false,"potions_floor_spawned":[4,5,11,12,13,16,18,20,25,27,31,36,38,39,48],"ascension_level":1}}