{"host":"3sa4zaev4wdi3unr","time":1611101170,"event":{"mods":["AchievementEnabler","BaseMod","Colored Map","Colored Powertips","Minty Spire (QoL Compilation)","Quick Restart","Relic Sorter","StSLib","everything is the same but u backflip on backflip"],"gold_per_floor":[114,39,17,17,32,71,71,104,104,104,137,114,139,151,163,304,316,353,365,77,92,105,141,155,190,190,115,115,90,124,147,147,275,275,298,318,342,342,360,404,404,448,448,347,347,374,374,20,20,20,20,20,20,56,56],"floor_reached":56,"language":"ENG","playtime":2760,"items_purged":["Defend_R","Clumsy","Normality"],"score":1329,"play_id":"a3d8340a-22e7-4ef0-90e4-c74314b05653","local_time":"20210119220610","is_ascension_mode":false,"campfire_choices":[{"data":"Fiend Fire","floor":7,"key":"SMITH"},{"data":"Uppercut","floor":15,"key":"SMITH"},{"data":"Whirlwind","floor":28,"key":"SMITH"},{"floor":32,"key":"DIG"},{"floor":45,"key":"DIG"},{"floor":47,"key":"RECALL"},{"floor":49,"key":"DIG"},{"floor":52,"key":"DIG"}],"circlet_count":0,"master_deck":["Strike_R","Strike_R","Strike_R","Strike_R","Strike_R+1","Defend_R+1","Defend_R+1","Bash+1","Fiend Fire+1","Iron Wave","Shrug It Off","True Grit","Ghostly Armor","Dark Embrace","Uppercut+1","Thunderclap","Reaper","Feel No Pain","Clothesline","Whirlwind+1","Heavy Blade","Sentinel","Sentinel","Bludgeon","Armaments+1","Barricade","Uppercut+1","Magnetism","Whirlwind+1"],"relics":["Burning Blood","Golden Idol","Meat on the Bone","Gremlin Horn","Bag of Marbles","MawBank","Snecko Eye","Nilry\u0027s Codex","Membership Card","Ice Cream","Blue Candle","Tiny Chest","Bag of Preparation","Shovel","Whetstone","Cursed Key","Singing Bowl","Letter Opener","Blood Vial","Red Skull","Paper Frog","DollysMirror","Mercury Hourglass","Mummified Hand","Ornamental Fan"],"acts_visited":["Exordium","TheCity","TheBeyond","TheEnding"],"potions_floor_usage":[6,23,25,33,40,40,54,55,55,55],"damage_taken":[{"damage":1,"enemies":"Cultist","floor":1,"turns":3},{"damage":1,"enemies":"Jaw Worm","floor":5,"turns":3},{"damage":18,"enemies":"3 Sentries","floor":6,"turns":8},{"damage":6,"enemies":"Gremlin Nob","floor":8,"turns":3},{"damage":6,"enemies":"3 Sentries","floor":11,"turns":9},{"damage":0,"enemies":"2 Louse","floor":13,"turns":3},{"damage":22,"enemies":"Slime Boss","floor":16,"turns":8},{"damage":6,"enemies":"Chosen","floor":18,"turns":2},{"damage":0,"enemies":"Spheric Guardian","floor":21,"turns":3},{"damage":15,"enemies":"Snake Plant","floor":22,"turns":2},{"damage":13,"enemies":"Book of Stabbing","floor":23,"turns":4},{"damage":10,"enemies":"Chosen and Byrds","floor":24,"turns":4},{"damage":10,"enemies":"Gremlin Leader","floor":25,"turns":3},{"damage":0,"enemies":"Slavers","floor":30,"turns":3},{"damage":0,"enemies":"Snecko","floor":31,"turns":1},{"damage":56,"enemies":"Collector","floor":33,"turns":7},{"damage":0,"enemies":"Orb Walker","floor":35,"turns":1},{"damage":3,"enemies":"3 Shapes","floor":36,"turns":2},{"damage":0,"enemies":"Sphere and 2 Shapes","floor":37,"turns":2},{"damage":19,"enemies":"3 Darklings","floor":39,"turns":2},{"damage":33,"enemies":"Reptomancer","floor":40,"turns":3},{"damage":30,"enemies":"Nemesis","floor":42,"turns":5},{"damage":37,"enemies":"Time Eater","floor":50,"turns":8},{"damage":72,"enemies":"Shield and Spear","floor":54,"turns":5},{"damage":13,"enemies":"The Heart","floor":55,"turns":6}],"seed_played":"-1185839821720831128","potions_obtained":[{"floor":1,"key":"Explosive Potion"},{"floor":6,"key":"Fire Potion"},{"floor":13,"key":"BlessingOfTheForge"},{"floor":18,"key":"SteroidPotion"},{"floor":21,"key":"Swift Potion"},{"floor":24,"key":"BlessingOfTheForge"},{"floor":35,"key":"SkillPotion"},{"floor":39,"key":"PowerPotion"},{"floor":40,"key":"Swift Potion"}],"is_trial":false,"path_per_floor":["M","$","$","?","M","E","R","E","T","?","E","?","M","$","R","B",null,"M","?","$","M","M","E","M","E","T","?","R","$","E","M","R","B",null,"M","M","M","?","M","E","?","E","T","$","R","T","R","$","R","B",null,"R","$","E","B",null],"character_chosen":"IRONCLAD","items_purchased":["Shrug It Off","Membership Card","Ice Cream","Strength Potion","EntropicBrew","Paper Frog","Magnetism","DollysMirror"],"campfire_rested":0,"item_purchase_floors":[3,20,20,29,44,48,48,48],"current_hp_per_floor":[80,80,80,60,65,53,53,53,53,37,49,69,75,75,75,59,80,80,64,64,70,61,60,65,76,76,76,76,76,80,80,80,42,80,80,80,80,80,68,64,64,54,54,54,54,54,54,54,54,41,84,84,84,42,61],"gold":56,"neow_bonus":"ONE_RANDOM_RARE_CARD","is_daily":false,"chose_seed":false,"campfire_upgraded":3,"win_rate":0.0,"timestamp":1611101170,"path_taken":["M","?","$","?","M","E","R","E","T","?","E","?","M","$","R","BOSS","M","?","$","M","M","E","M","E","T","?","R","$","E","M","R","BOSS","M","M","M","?","M","E","?","E","T","$","R","?","R","$","R","BOSS","R","$","E","BOSS"],"items_purchased_type":["Card","Relic","Relic","Potion","Potion","Relic","Card","Relic"],"build_version":"2020-12-22","purchased_purges":3,"victory":true,"max_hp_per_floor":[80,80,80,80,80,80,80,80,80,80,80,80,80,80,80,80,80,80,80,80,80,80,80,80,80,80,80,80,80,80,80,80,80,80,80,80,80,80,80,82,82,84,84,84,84,84,84,84,84,84,84,84,84,86,86],"card_choices":[{"not_picked":["Dropkick","Body Slam"],"picked":"Iron Wave","floor":1},{"not_picked":["Warcry","Dual Wield"],"picked":"True Grit","floor":5},{"not_picked":["True Grit","Wild Strike"],"picked":"Ghostly Armor","floor":6},{"not_picked":["Shockwave","Searing Blow"],"picked":"Dark Embrace","floor":8},{"not_picked":["True Grit","Battle Trance"],"picked":"Uppercut","floor":11},{"not_picked":["Combust","Uppercut"],"picked":"Thunderclap","floor":13},{"not_picked":["Impervious","Berserk"],"picked":"Reaper","floor":16},{"not_picked":["Flex","Wild Strike","Thunderclap"],"picked":"SKIP","floor":18},{"not_picked":["True Grit","Disarm"],"picked":"Feel No Pain","floor":21},{"not_picked":["Combust","Clash"],"picked":"Clothesline","floor":22},{"not_picked":["Dual Wield+1","Carnage+1"],"picked":"Whirlwind","floor":23},{"not_picked":["Headbutt","Twin Strike+1"],"picked":"Heavy Blade","floor":24},{"not_picked":["Second Wind","Burning Pact+1","Heavy Blade"],"picked":"SKIP","floor":25},{"not_picked":["Cleave","Body Slam+1"],"picked":"Sentinel","floor":30},{"not_picked":["Armaments+1","Offering"],"picked":"Sentinel","floor":31},{"not_picked":["Limit Break","Reaper"],"picked":"Bludgeon","floor":33},{"not_picked":["Body Slam","Flex"],"picked":"Armaments+1","floor":35},{"not_picked":["Headbutt","Sword Boomerang","Armaments"],"picked":"SKIP","floor":36},{"not_picked":["Whirlwind","Flex+1"],"picked":"Barricade","floor":37},{"not_picked":["Wild Strike","Armaments"],"picked":"Uppercut+1","floor":39},{"not_picked":["Blood for Blood+1","Seeing Red","Dark Embrace+1"],"picked":"Singing Bowl","floor":40},{"not_picked":["Pommel Strike","Dark Embrace+1","Shrug It Off"],"picked":"Singing Bowl","floor":42},{"not_picked":["Anger","Rampage+1","True Grit"],"picked":"Singing Bowl","floor":54}],"player_experience":293069,"relics_obtained":[{"floor":6,"key":"Meat on the Bone"},{"floor":8,"key":"Gremlin Horn"},{"floor":9,"key":"Bag of Marbles"},{"floor":11,"key":"MawBank"},{"floor":19,"key":"Nilry\u0027s Codex"},{"floor":23,"key":"Blue Candle"},{"floor":25,"key":"Tiny Chest"},{"floor":26,"key":"Bag of Preparation"},{"floor":30,"key":"Shovel"},{"floor":32,"key":"Whetstone"},{"floor":40,"key":"Singing Bowl"},{"floor":42,"key":"Letter Opener"},{"floor":45,"key":"Blood Vial"},{"floor":46,"key":"Red Skull"},{"floor":49,"key":"Mercury Hourglass"},{"floor":52,"key":"Mummified Hand"},{"floor":54,"key":"Ornamental Fan"}],"event_choices":[{"damage_healed":0,"gold_gain":0,"player_choice":"Take Damage","damage_taken":20,"relics_obtained":["Golden Idol"],"max_hp_gain":0,"max_hp_loss":0,"event_name":"Golden Idol","floor":4,"gold_loss":0},{"damage_healed":0,"gold_gain":0,"player_choice":"Entered Light","damage_taken":16,"max_hp_gain":0,"max_hp_loss":0,"event_name":"Shining Light","floor":10,"gold_loss":0,"cards_upgraded":["Defend_R","Defend_R"]},{"damage_healed":20,"gold_gain":0,"player_choice":"Healed","damage_taken":0,"max_hp_gain":0,"max_hp_loss":0,"event_name":"The Cleric","floor":12,"gold_loss":35},{"damage_healed":0,"gold_gain":0,"player_choice":"Obtained Book","damage_taken":16,"max_hp_gain":0,"max_hp_loss":0,"event_name":"Cursed Tome","floor":19,"gold_loss":0},{"cards_removed":["Defend_R"],"damage_healed":0,"gold_gain":0,"player_choice":"Gave Gold","damage_taken":0,"max_hp_gain":0,"max_hp_loss":0,"event_name":"Beggar","floor":27,"gold_loss":75},{"damage_healed":0,"gold_gain":0,"player_choice":"Ignored","damage_taken":0,"max_hp_gain":0,"max_hp_loss":0,"event_name":"Tomb of Lord Red Mask","floor":38,"gold_loss":0},{"damage_healed":0,"gold_gain":0,"player_choice":"Ignored","damage_taken":0,"max_hp_gain":0,"max_hp_loss":0,"event_name":"NoteForYourself","floor":41,"gold_loss":0}],"is_beta":false,"boss_relics":[{"not_picked":["Runic Cube","Sozu"],"picked":"Snecko Eye"},{"not_picked":["Mark of Pain","Tiny House"],"picked":"Cursed Key"}],"items_purged_floors":[2,44,48],"is_endless":false,"potions_floor_spawned":[1,6,13,18,21,24,30,35,39,40],"ascension_level":0}}