{"host":"06e3yyzgn8o619wl","time":1611153714,"event":{"mods":["BaseMod","Block Reminder","Colored Map","Colored Powertips","DeckTracker","Minty Spire (QoL Compilation)","Relic Stats","StSLib"],"gold_per_floor":[117,132,149,161,177,209,209,242,267,267,131,159,178,205,205,318,318,338,23,38,47,62,62,80,80,127,127,127,152,152,232,232,340,340,352,70,97,97,115,115,174,193,193,207,228,241,270,289,289,289],"floor_reached":51,"language":"JPN","playtime":4430,"items_purged":["Strike_P","Strike_P","Strike_P"],"score":679,"play_id":"26c934cd-ba61-4a95-be2e-3422f81e0d85","local_time":"20210120234154","is_ascension_mode":true,"campfire_choices":[{"floor":10,"key":"REST"},{"data":"LikeWater","floor":15,"key":"SMITH"},{"data":"Establishment","floor":23,"key":"SMITH"},{"floor":25,"key":"REST"},{"floor":27,"key":"REST"},{"floor":30,"key":"REST"},{"data":"LikeWater","floor":32,"key":"SMITH"},{"data":"Vigilance","floor":40,"key":"SMITH"},{"floor":49,"key":"REST"}],"circlet_count":0,"master_deck":["Strike_P","Defend_P","Defend_P","Defend_P","Eruption","Vigilance+1","ThirdEye","BattleHymn+1","Establishment+1","LikeWater+1","Wireheading","Worship+1","Protect+1","ThirdEye+1","Vault+1","LikeWater+1","Necronomicurse","ThirdEye+1","Scrawl+1","CrushJoints+1","Madness+1","Madness+1","LikeWater+1","WaveOfTheHand+1","MentalFortress+1"],"relics":["PureWater","Lizard Tail","Toxic Egg 2","CeramicFish","VioletLotus","Lantern","Necronomicon","Damaru","Frozen Egg 2","Busted Crown","Bag of Marbles","Thread and Needle","Vajra"],"acts_visited":["Exordium","TheCity","TheBeyond"],"potions_floor_usage":[8,16,24,33,33,50,50,50],"damage_taken":[{"damage":4,"enemies":"2 Louse","floor":1,"turns":4},{"damage":0,"enemies":"Jaw Worm","floor":2,"turns":3},{"damage":0,"enemies":"Cultist","floor":3,"turns":5},{"damage":16,"enemies":"Blue Slaver","floor":4,"turns":6},{"damage":12,"enemies":"Large Slime","floor":5,"turns":5},{"damage":11,"enemies":"Lagavulin","floor":6,"turns":6},{"damage":9,"enemies":"Gremlin Nob","floor":8,"turns":4},{"damage":1,"enemies":"Looter","floor":12,"turns":4},{"damage":18,"enemies":"Exordium Thugs","floor":13,"turns":4},{"damage":2,"enemies":"Large Slime","floor":14,"turns":5},{"damage":17,"enemies":"The Guardian","floor":16,"turns":10},{"damage":3,"enemies":"Spheric Guardian","floor":18,"turns":6},{"damage":0,"enemies":"Chosen","floor":20,"turns":7},{"damage":13,"enemies":"Shelled Parasite and Fungi","floor":22,"turns":5},{"damage":32,"enemies":"Chosen and Byrds","floor":24,"turns":9},{"damage":35,"enemies":"Snake Plant","floor":29,"turns":6},{"damage":43,"enemies":"Champ","floor":33,"turns":14},{"damage":6,"enemies":"Orb Walker","floor":35,"turns":5},{"damage":19,"enemies":"3 Darklings","floor":37,"turns":8},{"damage":0,"enemies":"Mind Bloom Boss Battle","floor":41,"turns":5},{"damage":4,"enemies":"Jaw Worm Horde","floor":42,"turns":5},{"damage":32,"enemies":"Transient","floor":44,"turns":6},{"damage":8,"enemies":"Spire Growth","floor":45,"turns":5},{"damage":0,"enemies":"Jaw Worm Horde","floor":46,"turns":6},{"damage":0,"enemies":"Transient","floor":47,"turns":6},{"damage":10,"enemies":"Spire Growth","floor":48,"turns":5},{"damage":21,"enemies":"Awakened One","floor":50,"turns":14}],"seed_played":"98071951093140522","potions_obtained":[{"floor":4,"key":"Fire Potion"},{"floor":6,"key":"BlessingOfTheForge"},{"floor":13,"key":"Regen Potion"},{"floor":14,"key":"StancePotion"},{"floor":16,"key":"ColorlessPotion"},{"floor":29,"key":"GamblersBrew"},{"floor":42,"key":"SkillPotion"},{"floor":44,"key":"PowerPotion"},{"floor":47,"key":"PowerPotion"}],"is_trial":false,"path_per_floor":["M","M","M","M","M","E","?","E","T","R","$","M","M","M","R","B",null,"M","$","M","?","M","R","M","R","T","R","?","M","R","T","R","B",null,"M","$","M","?","?","R","?","M","T","M","M","M","M","M","R","B",null],"character_chosen":"WATCHER","items_purchased":["Wireheading","LikeWater","Lantern","Bag of Marbles"],"campfire_rested":5,"item_purchase_floors":[11,19,19,36],"current_hp_per_floor":[75,75,75,59,47,36,36,27,27,50,50,49,31,29,29,27,79,76,76,76,60,47,47,15,38,38,61,61,26,49,49,49,6,79,73,73,54,54,44,44,44,40,40,8,39,39,39,29,52,31],"gold":289,"neow_bonus":"TEN_PERCENT_HP_BONUS","is_daily":false,"chose_seed":false,"campfire_upgraded":4,"win_rate":0.0,"timestamp":1611153714,"path_taken":["M","M","M","M","M","E","?","E","T","R","$","M","M","M","R","BOSS","M","$","M","?","M","R","M","R","T","R","?","?","R","?","R","BOSS","M","$","M","?","?","R","?","M","T","M","M","M","M","?","R","BOSS"],"items_purchased_type":["Card","Card","Relic","Relic"],"build_version":"2020-12-22","purchased_purges":3,"victory":true,"max_hp_per_floor":[79,79,79,79,79,79,79,79,79,79,79,79,79,79,79,79,79,79,79,79,79,79,79,79,79,79,79,79,79,79,79,79,79,79,79,79,79,79,79,79,79,79,79,79,79,79,79,79,79,79],"relic_stats":{"Lizard Tail":39,"Busted Crown":18,"counters":[27,168],"CeramicFish":135,"VioletLotus":[26],"Necronomicon":[11],"obtain_stats":[{"Lantern":19,"CeramicFish":9,"Damaru":26,"Vajra":43,"Thread and Needle":41,"Frozen Egg 2":31,"Lizard Tail":6,"Busted Crown":34,"VioletLotus":17,"Necronomicon":21,"Bag of Marbles":36,"PureWater":0,"Toxic Egg 2":8},{"Lantern":12,"CeramicFish":7,"Damaru":15,"Vajra":21,"Thread and Needle":20,"Frozen Egg 2":16,"Lizard Tail":6,"Busted Crown":17,"VioletLotus":11,"Necronomicon":13,"Bag of Marbles":18,"PureWater":0,"Toxic Egg 2":7},{"Lantern":62,"CeramicFish":33,"Damaru":83,"Vajra":126,"Thread and Needle":121,"Frozen Egg 2":89,"Lizard Tail":29,"Busted Crown":103,"VioletLotus":56,"Necronomicon":69,"Bag of Marbles":108,"PureWater":0,"Toxic Egg 2":33}]},"card_choices":[{"not_picked":["EmptyFist","Collect"],"picked":"ThirdEye","floor":1},{"not_picked":["SignatureMove","Study","SashWhip"],"picked":"SKIP","floor":2},{"not_picked":["Fasting2","FearNoEvil"],"picked":"BattleHymn","floor":3},{"not_picked":["Pray","FlyingSleeves","SashWhip"],"picked":"SKIP","floor":4},{"not_picked":["ThirdEye","FlurryOfBlows"],"picked":"Establishment","floor":5},{"not_picked":["CutThroughFate","Conclude"],"picked":"LikeWater","floor":6},{"not_picked":["SandsOfTime","Consecrate","JustLucky"],"picked":"SKIP","floor":8},{"not_picked":["EmptyBody+1","WreathOfFlame+1"],"picked":"Worship+1","floor":12},{"not_picked":["ForeignInfluence+1","SashWhip"],"picked":"Protect+1","floor":13},{"not_picked":["PathToVictory+1","Evaluate+1"],"picked":"ThirdEye+1","floor":14},{"not_picked":["Establishment","Wish+1"],"picked":"Vault+1","floor":16},{"not_picked":["CrushJoints","SashWhip","Crescendo+1"],"picked":"SKIP","floor":18},{"not_picked":["Crescendo+1","CutThroughFate","CrushJoints"],"picked":"SKIP","floor":20},{"not_picked":["Evaluate+1","Nirvana+1","EmptyBody+1"],"picked":"SKIP","floor":22},{"not_picked":["PathToVictory+1","EmptyFist+1","Halt+1"],"picked":"SKIP","floor":24},{"not_picked":["Conclude","SashWhip+1"],"picked":"ThirdEye+1","floor":29},{"not_picked":["SpiritShield+1","Ragnarok"],"picked":"Scrawl+1","floor":33},{"not_picked":["BowlingBash"],"picked":"SKIP","floor":35},{"not_picked":[],"picked":"CrushJoints+1","floor":37},{"not_picked":[],"picked":"LikeWater+1","floor":41},{"not_picked":["EmptyFist"],"picked":"SKIP","floor":42},{"not_picked":["EmptyMind+1"],"picked":"SKIP","floor":44},{"not_picked":[],"picked":"WaveOfTheHand+1","floor":45},{"not_picked":["Crescendo+1"],"picked":"SKIP","floor":46},{"not_picked":[],"picked":"MentalFortress+1","floor":47},{"not_picked":["Crescendo+1"],"picked":"SKIP","floor":48}],"player_experience":103103,"relics_obtained":[{"floor":6,"key":"Lizard Tail"},{"floor":8,"key":"Toxic Egg 2"},{"floor":9,"key":"CeramicFish"},{"floor":21,"key":"Necronomicon"},{"floor":26,"key":"Damaru"},{"floor":31,"key":"Frozen Egg 2"},{"floor":41,"key":"Thread and Needle"},{"floor":43,"key":"Vajra"}],"event_choices":[{"damage_healed":0,"gold_gain":0,"player_choice":"Grow","damage_taken":0,"max_hp_gain":0,"max_hp_loss":0,"event_name":"Living Wall","floor":7,"gold_loss":0,"cards_upgraded":["BattleHymn"]},{"damage_healed":0,"gold_gain":0,"player_choice":"Obtained Book","damage_taken":16,"max_hp_gain":0,"max_hp_loss":0,"event_name":"Cursed Tome","floor":21,"gold_loss":0},{"damage_healed":0,"gold_gain":0,"player_choice":"Ignored","damage_taken":0,"max_hp_gain":0,"max_hp_loss":0,"event_name":"Vampires","floor":28,"gold_loss":0},{"cards_removed":["Defend_P"],"damage_healed":0,"gold_gain":0,"player_choice":"Removed Skill","damage_taken":0,"max_hp_gain":0,"max_hp_loss":0,"event_name":"Falling","floor":38,"gold_loss":0},{"damage_healed":0,"gold_gain":0,"player_choice":"Embrace Madness","damage_taken":10,"max_hp_gain":0,"max_hp_loss":0,"event_name":"Winding Halls","floor":39,"gold_loss":0,"cards_obtained":["Madness","Madness"]},{"damage_healed":0,"gold_gain":0,"player_choice":"Fight","damage_taken":0,"max_hp_gain":0,"max_hp_loss":0,"event_name":"MindBloom","floor":41,"gold_loss":0}],"is_beta":false,"boss_relics":[{"not_picked":["Fusion Hammer","Runic Pyramid"],"picked":"VioletLotus"},{"not_picked":["Pandora\u0027s Box","HolyWater"],"picked":"Busted Crown"}],"items_purged_floors":[11,19,36],"is_endless":false,"potions_floor_spawned":[4,6,13,14,16,18,20,29,42,44,45,47,48],"ascension_level":2}}