{"host":"ydg0vn0pu4pubmdt","time":1611167384,"event":{"mods":["AchievementEnabler","BaseMod","Colored Map","Gold Saver","Minty Spire (QoL Compilation)","Quick Restart","SuperFastMode"],"gold_per_floor":[110,185,185,198,214,214,255,255,255,280,334,334,352,372,372,465,465,486,401,166,216,0,40,40,40,67,92,92,92,11,35,35,35,35],"floor_reached":33,"language":"KOR","playtime":1817,"items_purged":["Strike_G"],"score":513,"play_id":"373ab8aa-542b-40f5-834d-de20be172ffa","local_time":"20210121032944","is_ascension_mode":true,"campfire_choices":[{"data":"Dagger Spray","floor":6.0,"key":"SMITH"},{"floor":12.0,"key":"REST"},{"floor":15.0,"key":"REST"},{"floor":29.0,"key":"REST"},{"data":"Bullet Time","floor":32.0,"key":"SMITH"}],"circlet_count":0,"master_deck":["AscendersBane","Strike_G+1","Strike_G+1","Strike_G+1","Defend_G+1","Defend_G+1","Defend_G+1","Defend_G+1","Survivor","Neutralize","Dagger Spray+1","Bullet Time+1","Crippling Poison","Blur","Eviscerate","Noxious Fumes","Predator","Glass Knife","Acrobatics","Eviscerate","Calculated Gamble+1","Ghostly","Ghostly","Ghostly"],"relics":["Ring of the Snake","NeowsBlessing","Golden Idol","Letter Opener","StrikeDummy","PreservedInsect","Empty Cage","Juzu Bracelet","TheAbacus","Membership Card","InkBottle","Anchor","Akabeko"],"acts_visited":["Exordium","TheCity"],"potions_floor_usage":[33],"damage_taken":[{"damage":0.0,"enemies":"Cultist","floor":1.0,"turns":1.0},{"damage":0.0,"enemies":"2 Louse","floor":4.0,"turns":1.0},{"damage":0.0,"enemies":"Jaw Worm","floor":5.0,"turns":1.0},{"damage":29.0,"enemies":"Lagavulin","floor":7.0,"turns":6.0},{"damage":9.0,"enemies":"Blue Slaver","floor":10.0,"turns":4.0},{"damage":4.0,"enemies":"Exordium Wildlife","floor":13.0,"turns":4.0},{"damage":9.0,"enemies":"Exordium Thugs","floor":14.0,"turns":3.0},{"damage":12.0,"enemies":"Slime Boss","floor":16.0,"turns":8.0},{"damage":2.0,"enemies":"3 Byrds","floor":18.0,"turns":4.0},{"damage":43.0,"enemies":"Book of Stabbing","floor":23.0,"turns":5.0},{"damage":0.0,"enemies":"Spheric Guardian","floor":27.0,"turns":5.0},{"damage":0.0,"enemies":"Centurion and Healer","floor":31.0,"turns":5.0},{"damage":23,"enemies":"Automaton","floor":33,"turns":6}],"seed_played":"-9221844331078904858","potions_obtained":[{"floor":1.0,"key":"PowerPotion"},{"floor":10.0,"key":"Ancient Potion"},{"floor":13.0,"key":"AttackPotion"},{"floor":14.0,"key":"Poison Potion"},{"floor":27.0,"key":"SteroidPotion"},{"floor":31.0,"key":"Weak Potion"}],"is_trial":false,"path_per_floor":["M","?","?","M","M","R","E","?","T","M","T","R","M","M","R","B",null,"M","?","$","?","$","E","?","?","T","M","?","R","$","M","R","B"],"character_chosen":"THE_SILENT","items_purchased":["TheAbacus","Membership Card","Eviscerate","Akabeko"],"campfire_rested":3,"item_purchase_floors":[20,22,22,30],"current_hp_per_floor":[59,48,48,48,48,48,19,19,19,10,10,28,24,15,33,21,50,48,48,48,48,48,5,5,5,5,5,5,14,14,14,14,0,0],"gold":35,"neow_bonus":"THREE_ENEMY_KILL","is_daily":false,"chose_seed":false,"campfire_upgraded":2,"win_rate":0.0,"timestamp":1611167384,"path_taken":["M","?","?","M","?","R","E","?","T","M","?","R","M","M","R","BOSS","M","?","$","?","$","E","?","?","T","M","?","R","?","M","R","BOSS"],"items_purchased_type":["Relic","Relic","Card","Relic"],"build_version":"2020-12-22","purchased_purges":1,"victory":false,"max_hp_per_floor":[66,66,60,60,60,60,60,60,60,60,60,60,60,60,60,60,60,60,60,60,60,60,60,30,30,30,30,30,30,30,30,30,30,30],"card_choices":[{"not_picked":["Slice","Bane"],"picked":"Dagger Spray","floor":1.0},{"not_picked":["Deadly Poison","Reflex"],"picked":"Bullet Time","floor":4.0},{"not_picked":["Dagger Throw","Sucker Punch"],"picked":"Crippling Poison","floor":5.0},{"not_picked":["Finisher","Quick Slash"],"picked":"Blur","floor":7.0},{"not_picked":["Prepared","Leg Sweep"],"picked":"Eviscerate","floor":10.0},{"not_picked":["Sucker Punch","Terror"],"picked":"Noxious Fumes","floor":13.0},{"not_picked":["Outmaneuver","Riddle With Holes"],"picked":"Predator","floor":14.0},{"not_picked":["Bullet Time","Storm of Steel"],"picked":"Glass Knife","floor":16.0},{"not_picked":["Sucker Punch","Cloak And Dagger"],"picked":"Acrobatics","floor":18.0},{"not_picked":["Infinite Blades","Dagger Spray+1"],"picked":"Calculated Gamble+1","floor":23.0},{"not_picked":["Deadly Poison","Sucker Punch","Underhanded Strike"],"picked":"SKIP","floor":27.0},{"not_picked":["All Out Attack+1","Backstab","Dagger Spray+1"],"picked":"SKIP","floor":31.0}],"player_experience":507843,"relics_obtained":[{"floor":7.0,"key":"Letter Opener"},{"floor":9.0,"key":"StrikeDummy"},{"floor":11.0,"key":"PreservedInsect"},{"floor":23.0,"key":"InkBottle"},{"floor":26.0,"key":"Anchor"}],"event_choices":[{"damage_healed":0.0,"max_hp_gain":0.0,"max_hp_loss":0.0,"gold_gain":75.0,"event_name":"World of Goop","player_choice":"Gather Gold","floor":2.0,"gold_loss":0.0,"damage_taken":11.0},{"damage_healed":0.0,"max_hp_gain":0.0,"max_hp_loss":6.0,"gold_gain":0.0,"event_name":"Golden Idol","player_choice":"Lose Max HP","floor":3.0,"gold_loss":0.0,"damage_taken":0.0,"relics_obtained":["Golden Idol"]},{"damage_healed":0.0,"max_hp_gain":0.0,"max_hp_loss":0.0,"gold_gain":0.0,"event_name":"Dead Adventurer","player_choice":"Searched \u00270\u0027 times","floor":8.0,"gold_loss":0.0,"damage_taken":0.0},{"damage_healed":0.0,"max_hp_gain":0.0,"max_hp_loss":0.0,"gold_gain":0.0,"event_name":"Addict","player_choice":"Obtained Relic","floor":19.0,"gold_loss":85.0,"damage_taken":0.0,"relics_obtained":["Juzu Bracelet"]},{"damage_healed":0.0,"max_hp_gain":0.0,"max_hp_loss":0.0,"gold_gain":50.0,"event_name":"Nest","player_choice":"Stole From Cult","floor":21.0,"gold_loss":0.0,"damage_taken":0.0},{"damage_healed":0.0,"max_hp_gain":0.0,"max_hp_loss":30.0,"gold_gain":0.0,"event_name":"Ghosts","player_choice":"Became a Ghost","floor":24.0,"gold_loss":0.0,"damage_taken":0.0,"cards_obtained":["Ghostly","Ghostly","Ghostly"]},{"damage_healed":0.0,"max_hp_gain":0.0,"max_hp_loss":0.0,"gold_gain":0.0,"event_name":"Back to Basics","player_choice":"Simplicity","floor":25.0,"gold_loss":0.0,"damage_taken":0.0,"cards_upgraded":["Strike_G","Strike_G","Strike_G","Defend_G","Defend_G","Defend_G","Defend_G"]},{"damage_healed":0.0,"max_hp_gain":0.0,"max_hp_loss":0.0,"gold_gain":0.0,"event_name":"The Mausoleum","player_choice":"Ignored","floor":28.0,"gold_loss":0.0,"damage_taken":0.0}],"is_beta":false,"boss_relics":[{"not_picked":["Runic Dome","Velvet Choker"],"picked":"Empty Cage"}],"items_purged_floors":[20],"is_endless":false,"potions_floor_spawned":[1,10,13,14,27,31],"killed_by":"Automaton","ascension_level":19}}