{"host":"etdvqcaukayomjhd","time":1611140582,"event":{"mods":["AchievementEnabler","Act Like it!","BaseMod","BetterRewards","Colored Powertips","Hermit","Infinite Spire","Minty Spire (QoL Compilation)","Quick Restart","Replay The Spire","Spicy Shops","StSLib","The Animator","Waifu the Spire"],"gold_per_floor":[113,113,113,113,132,159,159,192,216,230,241,241,272,272,272,368,418,435,435,447,461,461,491,508,508,559,659,672,672,704,714,714,859,859,927,998,998,753,1028,1028,571,618,618,618,618,618,668,738,738,738,738,738,39,74,74],"floor_reached":56,"language":"ENG","playtime":2342,"items_purged":["Overencumbered","Writhe","Regret"],"score":1570,"play_id":"f4be6c8e-d969-4ee9-942b-844c4bd7193b","local_time":"20210120120302","is_ascension_mode":true,"campfire_choices":[{"floor":12.0,"key":"REST"},{"floor":15.0,"key":"RECALL"},{"data":"Creative AI","floor":25.0,"key":"SMITH"},{"data":"Storm","floor":32.0,"key":"SMITH"},{"data":"ReplayTheSpireMod:Black Plague","floor":40.0,"key":"SMITH"},{"data":"Seek","floor":49.0,"key":"SMITH"},{"data":"Seek","floor":52.0,"key":"SMITH"}],"circlet_count":0,"master_deck":["Strike_B","Strike_B","Strike_B","Strike_B","Defend_B","Defend_B","Defend_B","Defend_B","Zap","White Noise+1","Static Discharge","Mind Blast","Loop","Aggregate+1","Barrage","Ball Lightning","Ball Lightning","Core Surge","Creative AI+1","Self Repair","Ball Lightning","Defragment","Seek+1","Barrage","Ball Lightning","Multi-Cast","Storm+1","Seek+1","ReplayTheSpireMod:Black Plague+1","Aggregate+1","Reboot","Lockon+1","Mind Blast","Pot Of Greed","Pot Of Greed","Pot Of Greed","Madness","Madness","Defragment+1","Pot Of Greed","Leap+1"],"relics":["Cracked Core","infinitespire:ShieldingShard","Membership Card","Juzu Bracelet","Bird Faced Urn","Runic Capacitor","infinitespire:EmpoweringShard","ReplayTheSpireMod:Ring of Collecting","ReplayTheSpireMod:CursedCoin","Torii","WarpedTongs","Incense Burner","Ring of Panic","Replay:Towering Pillar of Hats","Nunchaku","ReplayTheSpireMod:Ring of Exchange","Replay:Baseball","Tiny House","MutagenicStrength","MealTicket","Vajra","Ring of Hypnosis","infinitespire:Magic Flask","infinitespire:BottledMercury","Thread and Needle","Chameleon Ring","infinitespire:EvilPickle","Philosopher\u0027s Stone","Quantum Egg","Orrery","Bag of Marbles","Lantern","infinitespire:Satchel","infinitespire:Lucky Rock","ReplayTheSpireMod:Ring of Challenge","Grinning Jar","Blue Doll","Replay:Antivirus Software","Snecko Heart","CaptainsWheel","Snack Pack"],"acts_visited":["Exordium","TheCity","TheBeyond","TheEnding"],"potions_floor_usage":[55,55,55],"damage_taken":[{"damage":8.0,"enemies":"2 Louse","floor":1.0,"turns":4.0},{"damage":8.0,"enemies":"Cultist","floor":5.0,"turns":4.0},{"damage":24.0,"enemies":"3 Sentries","floor":6.0,"turns":7.0},{"damage":14.0,"enemies":"Lagavulin","floor":8.0,"turns":6.0},{"damage":9.0,"enemies":"Jaw Worm","floor":10.0,"turns":2.0},{"damage":1.0,"enemies":"Gremlin Gang","floor":11.0,"turns":4.0},{"damage":10.0,"enemies":"3 Sentries","floor":13.0,"turns":4.0},{"damage":32.0,"enemies":"The Guardian","floor":16.0,"turns":7.0},{"damage":0.0,"enemies":"Chosen","floor":18.0,"turns":3.0},{"damage":4.0,"enemies":"Shell Parasite","floor":20.0,"turns":6.0},{"damage":28.0,"enemies":"Shelled Parasite and Fungi","floor":21.0,"turns":5.0},{"damage":50.0,"enemies":"Slavers","floor":23.0,"turns":5.0},{"damage":17.0,"enemies":"Snake Plant","floor":24.0,"turns":3.0},{"damage":1.0,"enemies":"Colosseum Slavers","floor":27.0,"turns":3.0},{"damage":0.0,"enemies":"Colosseum Nobs","floor":27.0,"turns":3.0},{"damage":10.0,"enemies":"Cultist and Chosen","floor":28.0,"turns":5.0},{"damage":28.0,"enemies":"Book of Stabbing","floor":30.0,"turns":4.0},{"damage":32.0,"enemies":"Shelled Parasite and Fungi","floor":31.0,"turns":4.0},{"damage":4.0,"enemies":"Pondfish","floor":33.0,"turns":7.0},{"damage":7.0,"enemies":"3 Shapes","floor":35.0,"turns":3.0},{"damage":11.0,"enemies":"Orb Walker","floor":36.0,"turns":3.0},{"damage":0.0,"enemies":"3 Darklings","floor":42.0,"turns":2.0},{"damage":16.0,"enemies":"Sphere and 2 Shapes","floor":47.0,"turns":3.0},{"damage":1.0,"enemies":"Nemesis","floor":48.0,"turns":3.0},{"damage":16.0,"enemies":"Replay:Hell Engine","floor":50.0,"turns":3.0},{"damage":0.0,"enemies":"Shield and Spear","floor":54.0,"turns":3.0},{"damage":58,"enemies":"The Heart","floor":55,"turns":4}],"seed_played":"-8165846486984221529","potions_obtained":[{"floor":5.0,"key":"Strength Potion"},{"floor":13.0,"key":"Explosive Potion"},{"floor":16.0,"key":"Regen Potion"},{"floor":17.0,"key":"LiquidMemories"},{"floor":30.0,"key":"Explosive Potion"},{"floor":35.0,"key":"Regen Potion"},{"floor":47.0,"key":"Ancient Potion"}],"is_trial":false,"path_per_floor":["M","?","?","?","M","E","T","E","T","M","M","R","E","?","R","B",null,"M","?","M","M","?","E","M","R","T","?","M","?","E","M","R","B",null,"M","M","?","$","?","R","$","M","T","?","?","?","M","E","R","B",null,"R","$","E","B",null],"character_chosen":"DEFECT","items_purchased":["infinitespire:ShieldingShard","Membership Card","Juzu Bracelet","Bird Faced Urn","Runic Capacitor","infinitespire:EmpoweringShard","White Noise","ReplayTheSpireMod:CursedCoin","Torii","Static Discharge","Mind Blast","Loop","Quantum Egg","Orrery","Bag of Marbles","Lantern","infinitespire:Satchel","Mind Blast","infinitespire:Lucky Rock","Death Potion","Snecko Heart","CaptainsWheel","Strength Potion"],"campfire_rested":1,"item_purchase_floors":[0,0,0,0,0,0,0,0,0,0,0,0,38,38,41,41,41,41,41,41,53,53,53],"current_hp_per_floor":[26,51,51,44,42,24,24,16,16,11,14,36,32,32,32,6,80,80,80,80,67,67,45,45,45,45,63,74,74,56,48,48,79,80,74,78,58,73,73,73,80,80,80,70,70,70,73,80,80,78,80,80,80,80,43],"gold":74,"neow_bonus":"","is_daily":false,"chose_seed":false,"campfire_upgraded":5,"win_rate":0.0,"timestamp":1611140582,"path_taken":["M","?","?","?","M","E","?","E","T","M","M","R","E","?","R","BOSS","M","?","M","M","?","E","M","R","T","?","M","?","E","M","R","BOSS","M","M","?","$","?","R","$","M","T","?","?","?","M","E","R","BOSS","R","$","E","BOSS"],"items_purchased_type":["Relic","Relic","Relic","Relic","Relic","Relic","Card","Relic","Relic","Card","Card","Card","Relic","Relic","Relic","Relic","Relic","Card","Relic","Potion","Relic","Relic","Potion"],"build_version":"2020-12-22","purchased_purges":3,"victory":true,"max_hp_per_floor":[75,75,75,75,75,75,75,75,75,75,75,75,75,75,75,75,80,80,80,80,80,80,80,80,80,80,80,80,80,80,80,80,80,80,80,80,80,80,80,80,80,80,80,80,80,80,80,80,80,80,80,80,80,80,80],"card_choices":[{"not_picked":["Recycle","Steam","Scrape"],"picked":"SKIP","floor":1.0},{"not_picked":["Force Field","Streamline"],"picked":"Aggregate","floor":5.0},{"not_picked":["Beam Cell","Scrape"],"picked":"Barrage","floor":6.0},{"not_picked":["All For One","Redo","Beam Cell"],"picked":"SKIP","floor":8.0},{"not_picked":["Go for the Eyes","Turbo"],"picked":"Ball Lightning","floor":10.0},{"not_picked":["Crystallizer","Compile Driver"],"picked":"Ball Lightning","floor":11.0},{"not_picked":["Hologram","Coolheaded"],"picked":"Core Surge","floor":13.0},{"not_picked":["Hyperbeam","ReplayTheSpireMod:Omega Cannon"],"picked":"Creative AI","floor":16.0},{"not_picked":["FTL","Panic Button"],"picked":"Self Repair","floor":17.0},{"not_picked":["Conserve Battery","Self Repair"],"picked":"Ball Lightning","floor":18.0},{"not_picked":["Rebound","Steam","ReplayTheSpireMod:Reroute Power"],"picked":"SKIP","floor":20.0},{"not_picked":["Conserve Battery","Go for the Eyes"],"picked":"Defragment","floor":21.0},{"not_picked":["Stack+1","ReplayGash"],"picked":"Seek","floor":23.0},{"not_picked":["Cold Snap","Streamline"],"picked":"Barrage","floor":24.0},{"not_picked":["Coolheaded+1","Reinforced Body+1"],"picked":"Ball Lightning","floor":28.0},{"not_picked":["Redo","Panic Button"],"picked":"Multi-Cast","floor":30.0},{"not_picked":["Auto Shields","Sweeping Beam"],"picked":"Storm","floor":31.0},{"not_picked":["Reboot","Fission"],"picked":"Seek","floor":33.0},{"not_picked":["Panic Button+1","Tempest+1","Cold Snap+1"],"picked":"SKIP","floor":35.0},{"not_picked":["Rebound+1","Recycle","Time Bomb"],"picked":"SKIP","floor":36.0},{"not_picked":["ReplayTheSpireMod:??????????????????????","infinitespire:FinalStrike"],"picked":"ReplayTheSpireMod:Black Plague","floor":37.0},{"not_picked":["Turbo+1","ReplayTheSpireMod:Reroute Power"],"picked":"Aggregate+1","floor":38.0},{"not_picked":["Auto Shields","Sweeping Beam+1"],"picked":"Reboot","floor":38.0},{"not_picked":["Sweeping Beam+1","Chaos+1"],"picked":"Lockon+1","floor":38.0},{"not_picked":["ReplayTheSpireMod:Reroute Power","Hyperbeam","Undo"],"picked":"SKIP","floor":42.0},{"not_picked":["Compile Driver","Aggregate"],"picked":"Defragment+1","floor":47.0},{"not_picked":["Self Repair+1","Streamline"],"picked":"Leap+1","floor":48.0},{"not_picked":["Beam Cell+1","Blizzard+1","Gash"],"picked":"SKIP","floor":54.0}],"player_experience":382593,"relics_obtained":[{"floor":6.0,"key":"Incense Burner"},{"floor":7.0,"key":"Ring of Panic"},{"floor":7.0,"key":"Replay:Towering Pillar of Hats"},{"floor":8.0,"key":"Nunchaku"},{"floor":9.0,"key":"ReplayTheSpireMod:Ring of Exchange"},{"floor":13.0,"key":"Replay:Baseball"},{"floor":23.0,"key":"MealTicket"},{"floor":26.0,"key":"Vajra"},{"floor":26.0,"key":"Ring of Hypnosis"},{"floor":27.0,"key":"infinitespire:Magic Flask"},{"floor":27.0,"key":"infinitespire:BottledMercury"},{"floor":30.0,"key":"Chameleon Ring"},{"floor":43.0,"key":"ReplayTheSpireMod:Ring of Challenge"},{"floor":43.0,"key":"Grinning Jar"},{"floor":48.0,"key":"Replay:Antivirus Software"},{"floor":54.0,"key":"Snack Pack"}],"event_choices":[{"damage_healed":25.0,"max_hp_gain":0.0,"max_hp_loss":0.0,"gold_gain":0.0,"event_name":"Big Fish","player_choice":"Banana","floor":2.0,"gold_loss":0.0,"damage_taken":0.0},{"damage_healed":0.0,"max_hp_gain":0.0,"max_hp_loss":0.0,"gold_gain":0.0,"event_name":"Accursed Blacksmith","player_choice":"Rummage","floor":3.0,"gold_loss":0.0,"damage_taken":0.0,"relics_obtained":["WarpedTongs"],"cards_obtained":["Pain"]},{"cards_removed":["Pain"],"damage_healed":0.0,"max_hp_gain":0.0,"max_hp_loss":0.0,"gold_gain":0.0,"event_name":"Golden Wing","player_choice":"Card Removal","floor":4.0,"gold_loss":0.0,"damage_taken":7.0},{"damage_healed":0.0,"max_hp_gain":0.0,"max_hp_loss":0.0,"gold_gain":0.0,"event_name":"Vampires","player_choice":"Ignored","floor":19.0,"gold_loss":0.0,"damage_taken":0.0},{"damage_healed":0.0,"max_hp_gain":0.0,"max_hp_loss":0.0,"gold_gain":0.0,"event_name":"Drug Dealer","player_choice":"Inject Mutagens","floor":22.0,"gold_loss":0.0,"damage_taken":0.0,"relics_obtained":["MutagenicStrength"]},{"damage_healed":0.0,"max_hp_gain":0.0,"max_hp_loss":0.0,"gold_gain":0.0,"event_name":"Colosseum","player_choice":"Fight","floor":27.0,"gold_loss":0.0,"damage_taken":0.0},{"damage_healed":0.0,"max_hp_gain":0.0,"max_hp_loss":0.0,"gold_gain":0.0,"event_name":"Colosseum","player_choice":"Fought Nobs","floor":27.0,"gold_loss":0.0,"damage_taken":0.0},{"damage_healed":0.0,"max_hp_gain":0.0,"max_hp_loss":0.0,"gold_gain":0.0,"event_name":"The Mausoleum","player_choice":"Opened","floor":29.0,"gold_loss":0.0,"damage_taken":0.0,"relics_obtained":["Thread and Needle"],"cards_obtained":["Writhe"]},{"damage_healed":0.0,"max_hp_gain":0.0,"max_hp_loss":0.0,"gold_gain":275.0,"event_name":"Golden Shrine","player_choice":"Desecrate","floor":39.0,"gold_loss":0.0,"damage_taken":0.0,"cards_obtained":["Regret"]},{"damage_healed":0.0,"max_hp_gain":0.0,"max_hp_loss":0.0,"gold_gain":0.0,"event_name":"Winding Halls","player_choice":"Embrace Madness","floor":44.0,"gold_loss":0.0,"damage_taken":10.0,"cards_obtained":["Madness","Madness"]},{"damage_healed":0.0,"max_hp_gain":0.0,"max_hp_loss":0.0,"gold_gain":0.0,"event_name":"WeMeetAgain","player_choice":"Gave Potion","floor":45.0,"gold_loss":0.0,"damage_taken":0.0,"relics_obtained":["Blue Doll"]},{"damage_healed":0.0,"max_hp_gain":0.0,"max_hp_loss":0.0,"gold_gain":0.0,"event_name":"SecretPortal","player_choice":"Ignored","floor":46.0,"gold_loss":0.0,"damage_taken":0.0}],"is_beta":false,"boss_relics":[{"not_picked":["Snecko Eye","Runic Dome"],"picked":"Tiny House"},{"not_picked":["Replay:Drink Me","Runic Pyramid"],"picked":"Philosopher\u0027s Stone"}],"items_purged_floors":[0,38,41],"is_endless":false,"potions_floor_spawned":[5,13,16,20,23,27,30,35,47,54],"ascension_level":4}}