{"host":"igi9xpgoc000gxf5","time":1611174735,"event":{"mods":["BaseMod","Colored Powertips","Downfall","Googly Eyes","Minty Spire (QoL Compilation)","StSLib"],"gold_per_floor":[99,113,213,223,246,246,546,580,12,12,12,0,18,3,19,122,122,122,142,162,179,190,200,200,200,200,225,243,243,243,243],"floor_reached":29,"language":"ENG","playtime":1641,"items_purged":[],"score":245,"play_id":"44dff431-5d28-4cbb-9b95-56718449d178","local_time":"20210120213215","is_ascension_mode":false,"campfire_choices":[{"data":"bronze:Overload","floor":1,"key":"SMITH"},{"floor":10,"key":"REST"},{"data":"bronze:Verify","floor":18,"key":"SMITH"},{"floor":26,"key":"REST"}],"circlet_count":0,"master_deck":["bronze:Strike","bronze:Strike","bronze:Strike","bronze:Defend","bronze:Defend","bronze:Defend","bronze:Defend","bronze:Replicate","bronze:Goto","bronze:Overload+1","bronze:WhirlingStrike","bronze:MaxOutput","bronze:Turbo","bronze:Deprecate","bronze:Assembly","bronze:Flail","bronze:ItsAFeature","bronze:Frontload","bronze:WildBeam","bronze:Branch","bronze:Separator","bronze:Separator","bronze:Terminator","bronze:Verify+1","bronze:ItsAFeature","bronze:BronzeOrb","bronze:BugBarrage+1","bronze:Iterate+1","bronze:FollowUp+1","bronze:Break","bronze:Invalidate+1","bronze:BronzeArmor+1","bronze:DelayedSlice+1"],"relics":["bronze:BronzeCore","Bronze Scales","Old Coin","CaptainsWheel","Eternal Feather","bronze:MakeshiftBattery","Toxic Egg 2","Peace Pipe"],"acts_visited":["Exordium","TheCity"],"potions_floor_usage":[16,16,16,23,27],"damage_taken":[{"damage":6,"enemies":"2 Louse","floor":2,"turns":4},{"damage":0,"enemies":"Jaw Worm","floor":4,"turns":3},{"damage":44,"enemies":"Gremlin Nob","floor":8,"turns":5},{"damage":0,"enemies":"downfall:FleeingMerchant","floor":9,"turns":4},{"damage":0,"enemies":"Cultist","floor":11,"turns":1},{"damage":0,"enemies":"downfall:FleeingMerchant","floor":12,"turns":4},{"damage":0,"enemies":"Gremlin Gang","floor":13,"turns":1},{"damage":12,"enemies":"downfall:FleeingMerchant","floor":14,"turns":4},{"damage":0,"enemies":"2 Fungi Beasts","floor":15,"turns":3},{"damage":3,"enemies":"DF_ARCHETYPE_STREAMLINE","floor":16,"turns":9},{"damage":5,"enemies":"Chosen","floor":19,"turns":4},{"damage":27,"enemies":"Centurion and Healer","floor":20,"turns":7},{"damage":12,"enemies":"Snecko","floor":21,"turns":4},{"damage":7,"enemies":"Cultist and Chosen","floor":22,"turns":4},{"damage":16,"enemies":"Snake Plant","floor":23,"turns":4},{"damage":21,"enemies":"Slavers","floor":27,"turns":4},{"damage":17,"enemies":"Centurion and Healer","floor":28,"turns":5},{"damage":6,"enemies":"Book of Stabbing","floor":29,"turns":2}],"seed_played":"6445333101845034121","potions_obtained":[{"floor":4,"key":"Energy Potion"},{"floor":13,"key":"Swift Potion"},{"floor":15,"key":"bronze:BuildAFunctionPotion"},{"floor":16,"key":"FearPotion"},{"floor":23,"key":"Explosive Potion"}],"is_trial":false,"path_per_floor":["R","M","?","M","T","?","T","E","$","R","M","$","M","$","M","B",null,"R","M","M","M","M","M","T","?","R","E","M","E"],"character_chosen":"THE_AUTOMATON","items_purchased":["Eternal Feather","bronze:Assembly","bronze:Flail","bronze:ItsAFeature","bronze:Frontload"],"campfire_rested":2,"item_purchase_floors":[9,9,9,9,9],"current_hp_per_floor":[70,64,64,64,64,64,64,20,20,50,50,50,50,38,38,35,70,70,65,38,26,19,3,3,3,42,21,4,0,0,0],"gold":243,"neow_bonus":"TRANSFORM_CARD","is_daily":false,"chose_seed":false,"campfire_upgraded":2,"win_rate":0.0,"timestamp":1611174735,"path_taken":["R","M","?","M","?","?","T","E","$","R","M","?","M","$","M","BOSS","R","M","M","M","?","?","T","?","R","E","M","E"],"items_purchased_type":["Relic","Card","Card","Card","Card"],"build_version":"2020-12-22","purchased_purges":0,"victory":false,"max_hp_per_floor":[70,70,70,70,70,70,70,70,70,70,70,70,70,70,70,70,70,70,70,70,70,70,70,70,70,70,70,70,70,70,70],"card_choices":[{"not_picked":["bronze:Deprecate","bronze:BugBarrage"],"picked":"bronze:WhirlingStrike","floor":2},{"not_picked":["bronze:DarkDash","bronze:Shell"],"picked":"bronze:MaxOutput","floor":4},{"not_picked":["bronze:ForceShield","bronze:Overload"],"picked":"bronze:Turbo","floor":8},{"not_picked":["bronze:Return","bronze:Repulsor"],"picked":"bronze:Deprecate","floor":9},{"not_picked":["bronze:BuggyMess","bronze:Shell"],"picked":"bronze:WildBeam","floor":11},{"not_picked":["bronze:ChildClass","bronze:FineTuning"],"picked":"bronze:Branch","floor":12},{"not_picked":["bronze:FineTuning","bronze:DelayedGuard"],"picked":"bronze:Separator","floor":13},{"not_picked":["bronze:Philosophize","bronze:Format"],"picked":"bronze:Separator","floor":14},{"not_picked":["bronze:Branch","bronze:WildBeam"],"picked":"bronze:Terminator","floor":15},{"not_picked":["bronze:RecursiveStrike","bronze:Virus"],"picked":"bronze:Verify","floor":16},{"not_picked":["bronze:Philosophize","bronze:Backtrace"],"picked":"bronze:ItsAFeature","floor":19},{"not_picked":["bronze:Repulsor+1","bronze:Return+1"],"picked":"bronze:BronzeOrb","floor":20},{"not_picked":["bronze:DigitalCarnage","bronze:Shield"],"picked":"bronze:BugBarrage+1","floor":21},{"not_picked":["bronze:DelayedSlice","bronze:Shield"],"picked":"bronze:Iterate+1","floor":22},{"not_picked":["bronze:Overheat","bronze:BitShift"],"picked":"bronze:FollowUp+1","floor":23},{"not_picked":["bronze:CutThrough","bronze:DelayedSlice"],"picked":"bronze:BronzeArmor+1","floor":27},{"not_picked":["bronze:DigitalCarnage+1","bronze:Optimize"],"picked":"bronze:DelayedSlice+1","floor":28}],"player_experience":948280,"relics_obtained":[{"floor":5,"key":"Bronze Scales"},{"floor":7,"key":"Old Coin"},{"floor":8,"key":"CaptainsWheel"},{"floor":24,"key":"Toxic Egg 2"},{"floor":27,"key":"Peace Pipe"}],"event_choices":[],"is_beta":false,"boss_relics":[{"not_picked":["Coffee Dripper","SacredBark"],"picked":"bronze:MakeshiftBattery"}],"items_purged_floors":[],"is_endless":false,"potions_floor_spawned":[4,13,15,16,23],"killed_by":"Book of Stabbing","ascension_level":0}}