{"host":"cxvb37eaaiijvrl4","time":1611120126,"event":{"mods":["ATMod(阿瑾Mod)","BaseMod","Better Third Choice","Minty Spire (QoL Compilation)","MostiFishMod","Quick Restart","Rare Cards Sparkle","Shop Mod","Spicy Shops","StSLib","TestMod","Uncapped","残留之物"],"gold_per_floor":[365,381,431,449,123,148,166,199,275,275,288,304,323,335,335,409,409,427,440,340,340,340,373,385,385,385,398,408,426,301,313,313,390,390,403,403,423,423,98,98,127,127,154,154,180,30,30,30,30,30,30,30,30,30,56,56],"floor_reached":57,"language":"ZHS","playtime":1635,"items_purged":["Strike_B","Strike_B","Strike_B","AT_ThunderBolt"],"score":3013,"play_id":"450b1b5a-d047-434c-972f-64857ace6795","local_time":"20210119212206","is_ascension_mode":true,"campfire_choices":[{"data":"Recycle","floor":15,"key":"SMITH"},{"data":"MostiFishMod:ATRI","floor":25,"key":"SMITH"},{"data":"MostiFishMod:StrandedSiren","floor":32,"key":"SMITH"},{"data":"MostiFishMod:Culaccino","floor":40,"key":"SMITH"},{"data":"AT_StudyProgram","floor":42,"key":"SMITH"},{"floor":49,"key":"RECALL"},{"data":"Coolheaded","floor":53,"key":"SMITH"}],"circlet_count":0,"master_deck":["AscendersBane","Defend_B","Defend_B","Defend_B","Zap+1","Heatsinks","MostiFishMod:GatherIntelligence","White Noise+1","AT_StudyProgram+1","Capacitor","Recycle+1","MostiFishMod:ATRI+1","Ball Lightning","Coolheaded+1","MostiFishMod:Culaccino+1","Turbo","MostiFishMod:StrandedSiren+1","AT_RightCognition+1","AT_DarkMatter+1","Madness","Madness","Defragment"],"relics":["Cracked Core","testmod-TestBox","AT_ATBox","Civilization","testmod-InjuryResistance","SynthV:TestCard","PlaceholderMod:FlatBlood","testmod-DragonStarHat","StoneCalendar","DaveBox","xbg","Philosopher\u0027s Stone","Cables","Juzu Bracelet","AT_ForceNature","Inserter","War Paint","Medical Kit","Ancient Tea Set","Bag of Marbles","testmod-RealStoneCalender","testmod-ArcanaOfDestiny"],"acts_visited":["Exordium","TheCity","TheBeyond","TheEnding"],"potions_floor_usage":[],"damage_taken":[{"damage":3,"enemies":"2 Louse","floor":1,"turns":3},{"damage":0,"enemies":"Cultist","floor":2,"turns":3},{"damage":2,"enemies":"Jaw Worm","floor":4,"turns":2},{"damage":0,"enemies":"Gremlin Nob","floor":6,"turns":3},{"damage":1,"enemies":"Exordium Wildlife","floor":7,"turns":3},{"damage":10,"enemies":"3 Sentries","floor":8,"turns":5},{"damage":4,"enemies":"Exordium Thugs","floor":11,"turns":3},{"damage":0,"enemies":"Red Slaver","floor":12,"turns":2},{"damage":0,"enemies":"Blue Slaver","floor":13,"turns":1},{"damage":1,"enemies":"Looter","floor":14,"turns":2},{"damage":1,"enemies":"Slime Boss","floor":16,"turns":7},{"damage":6,"enemies":"Chosen","floor":18,"turns":4},{"damage":5,"enemies":"Shell Parasite","floor":19,"turns":2},{"damage":0,"enemies":"Book of Stabbing","floor":23,"turns":4},{"damage":0,"enemies":"Snecko","floor":24,"turns":4},{"damage":0,"enemies":"Chosen and Byrds","floor":27,"turns":4},{"damage":0,"enemies":"Snake Plant","floor":28,"turns":2},{"damage":0,"enemies":"Snecko","floor":29,"turns":2},{"damage":0,"enemies":"3 Cultists","floor":31,"turns":3},{"damage":0,"enemies":"Champ","floor":33,"turns":7},{"damage":11,"enemies":"3 Darklings","floor":35,"turns":5},{"damage":6,"enemies":"Orb Walker","floor":37,"turns":2},{"damage":29,"enemies":"Reptomancer","floor":41,"turns":4},{"damage":0,"enemies":"Nemesis","floor":45,"turns":3},{"damage":22,"enemies":"Awakened One","floor":50,"turns":5},{"damage":16,"enemies":"Time Eater","floor":51,"turns":5},{"damage":46,"enemies":"Shield and Spear","floor":55,"turns":4},{"damage":20,"enemies":"The Heart","floor":56,"turns":7}],"seed_played":"5391123812830349815","potions_obtained":[{"floor":2,"key":"FocusPotion"},{"floor":4,"key":"Regen Potion"}],"is_trial":false,"path_per_floor":["M","M","?","M","$","E","M","E","T","?","M","M","M","M","R","B",null,"M","M","$","?","T","E","M","R","T","M","M","M","$","M","R","B",null,"M","?","M","?","$","R","E","R","T","?","E","$","?","?","R","B","B",null,"R","$","E","B",null],"character_chosen":"DEFECT","items_purchased":["AT_StudyProgram","PlaceholderMod:FlatBlood","War Paint","Medical Kit"],"campfire_rested":0,"item_purchase_floors":[5,5,39,39],"current_hp_per_floor":[63,66,61,63,63,68,72,67,67,67,68,73,78,82,82,86,106,105,105,105,105,105,110,115,115,115,120,125,130,130,135,135,140,154,148,148,147,147,147,147,123,123,123,98,103,103,103,103,103,86,75,160,160,160,119,104],"gold":56,"neow_bonus":"TWO_FIFTY_GOLD","is_daily":false,"chose_seed":false,"campfire_upgraded":6,"win_rate":0.0,"timestamp":1611120126,"path_taken":["M","M","?","M","$","E","?","E","T","?","M","M","M","M","R","BOSS","M","M","$","?","?","E","M","R","T","M","M","M","$","M","R","BOSS","M","?","M","?","$","R","E","R","T","?","E","$","?","?","R","BOSS","BOSS","R","$","E","BOSS"],"items_purchased_type":["Card","Relic","Relic","Relic"],"build_version":"2020-12-22","purchased_purges":4,"victory":true,"max_hp_per_floor":[66,69,69,73,73,78,83,88,88,88,93,98,103,108,108,113,113,118,123,123,123,123,128,133,133,133,138,143,148,148,153,153,158,158,163,163,168,168,168,168,173,173,173,173,178,178,178,178,178,183,188,188,188,188,193,198],"card_choices":[{"not_picked":["AT_HeatAcrobatics","Steam"],"picked":"Heatsinks","floor":1},{"not_picked":["Redo","Lockon","Sweeping Beam","MostiFishMod:ReprogramOld"],"picked":"MostiFishMod:GatherIntelligence","floor":2},{"not_picked":["Streamline","Aggregate","Blizzard","Redo"],"picked":"White Noise","floor":4},{"not_picked":["Stack","Redo","Go for the Eyes","Glacier"],"picked":"Capacitor","floor":6},{"not_picked":["AT_HeatAcrobatics","Barrage","MostiFishMod:DeathFromBelow","Hologram"],"picked":"Recycle","floor":7},{"not_picked":["Gash","Barrage","Conserve Battery","Turbo"],"picked":"MostiFishMod:ATRI","floor":8},{"not_picked":["AT_WarpDrive","Auto Shields","Sweeping Beam","Genetic Algorithm","MostiFishMod:FluxCapactior"],"picked":"SKIP","floor":11},{"not_picked":["Hologram","Rebound","Steam Power","Redo","AT_ThreeBodyProblem"],"picked":"SKIP","floor":12},{"not_picked":["Stack","Beam Cell","MostiFishMod:Tomorrow","Sunder"],"picked":"Ball Lightning","floor":13},{"not_picked":["Gash","Turbo","Cold Snap","Redo"],"picked":"Coolheaded","floor":14},{"not_picked":["Electrodynamics","MostiFishMod:StarOceanB","Rainbow","Creative AI"],"picked":"MostiFishMod:Culaccino","floor":16},{"not_picked":["MostiFishMod:PushDownKick+1","Cold Snap","AT_RobotInSpace","Compile Driver+1"],"picked":"AT_ThunderBolt","floor":18},{"not_picked":["Gash+1","Chaos","Steam+1","Reprogram","Hologram"],"picked":"SKIP","floor":19},{"not_picked":["Sweeping Beam","Echo Form","Ball Lightning+1","Redo","Blizzard"],"picked":"SKIP","floor":23},{"not_picked":["Lockon","AT_HeatAcrobatics","Streamline","Coolheaded"],"picked":"Turbo","floor":24},{"not_picked":["Turbo","Conserve Battery","Chill","Barrage"],"picked":"MostiFishMod:StrandedSiren","floor":27},{"not_picked":["Cold Snap","MostiFishMod:ReprogramOld","BootSequence+1","Sunder","AT_EMC2"],"picked":"SKIP","floor":28},{"not_picked":["Stack","Tempest","AT_EMC2","Rebound","Conserve Battery"],"picked":"SKIP","floor":29},{"not_picked":["Auto Shields","Turbo","Melter","Cold Snap","Ball Lightning"],"picked":"SKIP","floor":31},{"not_picked":["MostiFishMod:StrandedSiren","MostiFishMod:DeathFromBelow","MostiFishMod:Tomorrow","Creative AI"],"picked":"AT_RightCognition","floor":33},{"not_picked":["Defragment","Steam","Leap","Sweeping Beam"],"picked":"AT_DarkMatter+1","floor":35},{"not_picked":["Aggregate+1","Beam Cell+1","Coolheaded","Hologram","MostiFishMod:PushDownKick"],"picked":"SKIP","floor":37},{"not_picked":["Compile Driver","AT_WarpDrive","Doom and Gloom","AT_RobotInSpace","Capacitor"],"picked":"SKIP","floor":41},{"not_picked":["Multi-Cast","Darkness","MostiFishMod:DeathFromBelow","Gash+1","Fusion"],"picked":"SKIP","floor":45},{"not_picked":["MostiFishMod:PushDownKick","Conserve Battery","Stack","Lockon"],"picked":"Defragment","floor":55}],"player_experience":705285,"relics_obtained":[{"floor":1,"key":"SynthV:TestCard"},{"floor":6,"key":"testmod-DragonStarHat"},{"floor":8,"key":"StoneCalendar"},{"floor":22,"key":"Cables"},{"floor":23,"key":"Juzu Bracelet"},{"floor":26,"key":"AT_ForceNature"},{"floor":41,"key":"Ancient Tea Set"},{"floor":43,"key":"Bag of Marbles"},{"floor":45,"key":"testmod-RealStoneCalender"},{"floor":55,"key":"testmod-ArcanaOfDestiny"}],"event_choices":[{"damage_healed":0,"gold_gain":50,"player_choice":"Touch","damage_taken":6,"max_hp_gain":0,"max_hp_loss":0,"event_name":"FaceTrader","floor":3,"gold_loss":0},{"damage_healed":0,"gold_gain":0,"player_choice":"Swap Relic","damage_taken":0,"relics_obtained":["DaveBox"],"max_hp_gain":0,"max_hp_loss":0,"event_name":"给自己的盒子","floor":10,"relics_lost":["DaveBox"],"gold_loss":0},{"cards_removed":["Strike_B"],"damage_healed":0,"gold_gain":0,"player_choice":"Elegance","damage_taken":0,"max_hp_gain":0,"max_hp_loss":0,"event_name":"betterThird:BetterWriting","floor":21,"gold_loss":0},{"cards_removed":["Dualcast"],"damage_healed":0,"gold_gain":0,"player_choice":"Purged","damage_taken":0,"max_hp_gain":0,"max_hp_loss":0,"event_name":"Purifier","floor":36,"gold_loss":0},{"damage_healed":0,"gold_gain":0,"player_choice":"Memory 1","damage_taken":0,"max_hp_gain":0,"max_hp_loss":0,"event_name":"SensoryStone","floor":38,"gold_loss":0},{"damage_healed":0,"gold_gain":0,"player_choice":"Embrace Madness","damage_taken":31,"max_hp_gain":0,"max_hp_loss":0,"event_name":"Winding Halls","floor":44,"gold_loss":0,"cards_obtained":["Madness","Madness"]},{"cards_removed":["Defend_B"],"damage_healed":0,"gold_gain":0,"player_choice":"Offered Basic","damage_taken":0,"max_hp_gain":0,"max_hp_loss":0,"event_name":"Bonfire Elementals","floor":47,"gold_loss":0},{"damage_healed":0,"gold_gain":0,"player_choice":"Forge","damage_taken":0,"max_hp_gain":0,"max_hp_loss":0,"event_name":"Accursed Blacksmith","floor":48,"gold_loss":0,"cards_upgraded":["AT_RightCognition"]}],"is_beta":false,"boss_relics":[{"not_picked":["HereWithMe","Tiny House"],"picked":"Philosopher\u0027s Stone"},{"not_picked":["EE1DDrone","GuanYuAspect"],"picked":"Inserter"}],"items_purged_floors":[5,20,30,46],"is_endless":false,"potions_floor_spawned":[2,4,12,13,14,16,24,28,29,33,35,37],"ascension_level":20}}