{"host":"6hzrz31j95f2y1pa","time":1611125764,"event":{"mods":["BaseMod","Colored Map","Downfall","Minty Spire (QoL Compilation)","StSLib"],"gold_per_floor":[0,11,29,47,58,6,6,22,22,48,148,183,183,248,267,363,363,363,413,424,474,540,590,590,8,58,75,305,332,232,258,276,372,372,172,187,205,28,28,42,67,95,95,127,127,143,205,237,253,253,253,253],"floor_reached":50,"language":"ENG","playtime":2785,"items_purged":["Doubt","bronze:Strike"],"score":688,"play_id":"56e47923-02aa-424b-b25f-8a62515748ee","local_time":"20210120015604","is_ascension_mode":true,"campfire_choices":[{"data":"bronze:Terminator","floor":1.0,"key":"SMITH"},{"floor":9.0,"key":"REST"},{"floor":13.0,"key":"REST"},{"data":"bronze:FindAndReplace","floor":18.0,"key":"SMITH"},{"floor":30,"key":"RECALL"},{"data":"bronze:ItsAFeature","floor":35,"key":"SMITH"},{"data":"bronze:BuggyMess","floor":43,"key":"SMITH"},{"data":"bronze:BurnOut","floor":45,"key":"SMITH"}],"circlet_count":0,"master_deck":["bronze:Defend","bronze:Defend","bronze:Replicate","bronze:Goto","bronze:Terminator+1","bronze:ForLoop","bronze:Invalidate","bronze:FollowUp","bronze:Overheat","bronze:WildBeam","bronze:InfiniteLoop","bronze:Allocate","bronze:Repair","bronze:Break","bronze:ChildClass","bronze:FineTuning","bronze:BurnOut+1","bronze:Shield","bronze:FindAndReplace+1","bronze:BuggyMess+1","bronze:BronzeOrb+1","bronze:InfiniteLoop","bronze:Format","bronze:Flail","Writhe","bronze:ItsAFeature+1","bronze:Separator","bronze:Optimize","bronze:BugBarrage+1"],"relics":["bronze:PlatinumCore","StrikeDummy","Darkstone Periapt","downfall:CloakOfManyFaces","CultistMask","FaceOfCleric","NlothsMask","GremlinMask","SsserpentHead","Ornamental Fan","Guardian:PocketSentry","Singing Bowl","Sling","Toy Ornithopter","downfall:HeartBlessingBlue","Thread and Needle","bronze:MakeshiftBattery","downfall:HeartBlessingRed","downfall:HeartBlessingGreen","Anchor","MealTicket","bronze:SilverBullet","bronze:ProtectiveGoggles","Regal Pillow"],"acts_visited":["Exordium","TheCity","TheBeyond"],"potions_floor_usage":[40,44,47,50,50],"damage_taken":[{"damage":7.0,"enemies":"Small Slimes","floor":2.0,"turns":3.0},{"damage":0.0,"enemies":"Cultist","floor":3.0,"turns":2.0},{"damage":0.0,"enemies":"2 Louse","floor":4.0,"turns":2.0},{"damage":8.0,"enemies":"2 Fungi Beasts","floor":5.0,"turns":2.0},{"damage":17.0,"enemies":"downfall:FleeingMerchant","floor":6.0,"turns":4.0},{"damage":10.0,"enemies":"Exordium Thugs","floor":8.0,"turns":3.0},{"damage":31.0,"enemies":"Lagavulin","floor":10.0,"turns":6.0},{"damage":30.0,"enemies":"downfall:FaceTrader","floor":11.0,"turns":11.0},{"damage":14.0,"enemies":"Gremlin Nob","floor":12.0,"turns":3.0},{"damage":8.0,"enemies":"Lots of Slimes","floor":14.0,"turns":7.0},{"damage":3.0,"enemies":"Large Slime","floor":15.0,"turns":3.0},{"damage":53.0,"enemies":"IC_STATUS_ARCHETYPE","floor":16.0,"turns":9.0},{"damage":0,"enemies":"Chosen","floor":20,"turns":4},{"damage":0,"enemies":"Spheric Guardian","floor":22,"turns":3},{"damage":6,"enemies":"downfall:FleeingMerchant","floor":25,"turns":4},{"damage":0,"enemies":"Shelled Parasite and Fungi","floor":27,"turns":3},{"damage":8,"enemies":"downfall:FleeingMerchant","floor":28,"turns":4},{"damage":12,"enemies":"Slavers","floor":29,"turns":3},{"damage":15,"enemies":"Book of Stabbing","floor":31,"turns":4},{"damage":0,"enemies":"Snecko","floor":32,"turns":3},{"damage":26,"enemies":"SI_MIRROR_ARCHETYPE","floor":33,"turns":7},{"damage":0,"enemies":"3 Shapes","floor":36,"turns":2},{"damage":0,"enemies":"3 Darklings","floor":37,"turns":3},{"damage":0,"enemies":"Transient","floor":40,"turns":5},{"damage":6,"enemies":"Reptomancer","floor":42,"turns":3},{"damage":17,"enemies":"Nemesis","floor":44,"turns":6},{"damage":0,"enemies":"Jaw Worm Horde","floor":46,"turns":4},{"damage":28,"enemies":"Writhing Mass","floor":47,"turns":6},{"damage":22,"enemies":"Giant Head","floor":48,"turns":7},{"damage":43,"enemies":"4 Shapes","floor":49,"turns":12},{"damage":89,"enemies":"DF_ARCHETYPE_ORBS","floor":50,"turns":6}],"seed_played":"-7680778960265825649","potions_obtained":[{"floor":4.0,"key":"Swift Potion"},{"floor":5.0,"key":"FairyPotion"},{"floor":10.0,"key":"BlessingOfTheForge"},{"floor":11.0,"key":"LiquidMemories"},{"floor":22,"key":"GamblersBrew"},{"floor":29,"key":"PowerPotion"},{"floor":31,"key":"Strength Potion"},{"floor":40,"key":"PowerPotion"},{"floor":46,"key":"SkillPotion"},{"floor":48,"key":"Swift Potion"}],"is_trial":false,"path_per_floor":["R","M","M","M","M","$","T","M","R","E","?","E","R","M","M","B",null,"R","?","M","?","M","?","T","$","T","M","$","E","R","E","M","B",null,"R","M","M","$","$","M","T","E","R","E","R","M","M","E","M","B"],"character_chosen":"THE_AUTOMATON","items_purchased":["bronze:Allocate","bronze:ItsAFeature","Singing Bowl","Sling","Anchor","bronze:Optimize"],"campfire_rested":2,"item_purchase_floors":[6,25,25,25,38,38],"current_hp_per_floor":[70,63,63,63,55,38,38,28,49,25,2,22,43,43,48,3,74,74,74,75,81,82,88,88,89,89,92,94,85,95,83,86,70,117,117,118,121,121,121,124,124,119,119,117,117,120,111,99,69,0,0,0],"gold":253,"neow_bonus":"TRANSFORM_TWO_CARDS","is_daily":false,"chose_seed":false,"campfire_upgraded":5,"win_rate":0.0,"timestamp":1611125764,"path_taken":["R","M","M","M","M","$","T","M","R","E","?","E","R","?","M","BOSS","R","?","M","?","?","?","T","$","?","M","$","E","R","E","M","BOSS","R","M","M","?","$","M","T","E","R","E","R","M","?","E","M","BOSS"],"items_purchased_type":["Card","Card","Relic","Relic","Relic","Card"],"build_version":"2020-12-22","purchased_purges":2,"victory":false,"max_hp_per_floor":[70,70,70,70,70,70,70,70,70,70,70,71,71,72,73,74,74,74,74,75,81,82,88,88,89,89,92,95,98,108,111,114,117,117,117,118,121,121,121,124,124,125,125,128,128,131,134,137,140,140,140,140],"card_choices":[{"not_picked":["bronze:Return","bronze:BitShift"],"picked":"bronze:Invalidate","floor":2.0},{"not_picked":["bronze:CutThrough","bronze:Boost"],"picked":"bronze:FollowUp","floor":3.0},{"not_picked":["bronze:Deprecate","bronze:FollowUp"],"picked":"bronze:Overheat","floor":4.0},{"not_picked":["bronze:CutThrough","bronze:ForLoop"],"picked":"bronze:WildBeam","floor":5.0},{"not_picked":["bronze:Overheat","bronze:MaxOutput"],"picked":"bronze:InfiniteLoop","floor":6.0},{"not_picked":["bronze:OilSpill","bronze:MaxOutput"],"picked":"bronze:Repair","floor":8.0},{"not_picked":["bronze:Refactor","bronze:Frontload"],"picked":"bronze:Break","floor":10.0},{"not_picked":["bronze:CutThrough","bronze:ChosenStrike"],"picked":"bronze:ChildClass","floor":11.0},{"not_picked":["bronze:ForLoop","bronze:BronzeOrb"],"picked":"bronze:FineTuning","floor":12.0},{"not_picked":["bronze:OilSpill","bronze:BitShift"],"picked":"bronze:BurnOut","floor":14.0},{"not_picked":["bronze:FineTuning","bronze:FollowUp"],"picked":"bronze:Shield","floor":15.0},{"not_picked":["bronze:Assembly","bronze:Format"],"picked":"bronze:FindAndReplace","floor":16.0},{"not_picked":["bronze:Terminator","bronze:MaxOutput"],"picked":"bronze:BronzeOrb+1","floor":20},{"not_picked":["bronze:Safeguard","bronze:Flail+1","bronze:Branch"],"picked":"SKIP","floor":22},{"not_picked":["bronze:Iterate","bronze:Shield","bronze:Overheat+1"],"picked":"SKIP","floor":25},{"not_picked":["bronze:Invalidate+1","bronze:Constructor","bronze:Turbo"],"picked":"Singing Bowl","floor":27},{"not_picked":["bronze:Branch+1","bronze:Safeguard","bronze:WhirlingStrike"],"picked":"Singing Bowl","floor":28},{"not_picked":["bronze:Turbo","bronze:Safeguard","bronze:Philosophize+1"],"picked":"Singing Bowl","floor":29},{"not_picked":["bronze:Iterate","bronze:BugBarrage","bronze:Verify"],"picked":"Singing Bowl","floor":31},{"not_picked":["bronze:Repulsor","bronze:WildBeam","bronze:DelayedSlice+1"],"picked":"Singing Bowl","floor":32},{"not_picked":["bronze:ThunderWave","bronze:InfiniteLoop","bronze:Assembly"],"picked":"Singing Bowl","floor":33},{"not_picked":["bronze:BuggyMess","bronze:NullPointer+1"],"picked":"bronze:Separator","floor":36},{"not_picked":["bronze:OilSpill+1","bronze:ChildClass+1","bronze:Repulsor+1"],"picked":"Singing Bowl","floor":37},{"not_picked":["bronze:DelayedGuard+1","bronze:Separator+1","bronze:ItsAFeature+1"],"picked":"Singing Bowl","floor":40},{"not_picked":["bronze:Flail+1","bronze:RecursiveStrike"],"picked":"bronze:BugBarrage+1","floor":42},{"not_picked":["bronze:Overheat","bronze:ClassDefault","bronze:Deprecate+1"],"picked":"Singing Bowl","floor":44},{"not_picked":["bronze:Frontload+1","bronze:ForceShield+1","bronze:Constructor"],"picked":"Singing Bowl","floor":46},{"not_picked":["bronze:Frontload","bronze:Repair+1","bronze:Separator"],"picked":"Singing Bowl","floor":47},{"not_picked":["bronze:BronzeOrb","bronze:Invalidate","bronze:ForLoop+1"],"picked":"Singing Bowl","floor":48},{"not_picked":["bronze:Deprecate+1","bronze:ClassDefault+1","bronze:Overheat"],"picked":"Singing Bowl","floor":49}],"player_experience":1369481,"relics_obtained":[{"floor":7.0,"key":"StrikeDummy"},{"floor":10.0,"key":"Darkstone Periapt"},{"floor":11.0,"key":"downfall:CloakOfManyFaces"},{"floor":12.0,"key":"Ornamental Fan"},{"floor":29,"key":"Toy Ornithopter"},{"floor":31,"key":"Thread and Needle"},{"floor":41,"key":"MealTicket"},{"floor":42,"key":"bronze:SilverBullet"},{"floor":44,"key":"bronze:ProtectiveGoggles"},{"floor":48,"key":"Regal Pillow"}],"event_choices":[{"damage_healed":0.0,"max_hp_gain":0.0,"max_hp_loss":0.0,"gold_gain":0.0,"event_name":"The Library","player_choice":"Read","floor":19.0,"gold_loss":0.0,"damage_taken":0.0,"cards_obtained":["bronze:BuggyMess"]}],"is_beta":false,"boss_relics":[{"not_picked":["Runic Dome","Coffee Dripper"],"picked":"bronze:PlatinumCore"},{"not_picked":["Tiny House","Black Star"],"picked":"bronze:MakeshiftBattery"}],"items_purged_floors":[25,28],"is_endless":false,"potions_floor_spawned":[4,5,10,11,22,29,31,32,36,37,40,46,48,49],"killed_by":"DF_ARCHETYPE_ORBS","ascension_level":1}}