{"host":"sxnl403xm2xmiyj1","time":1611147103,"event":{"mods":["AchievementEnabler","BaseMod","Colored Map","Keyboard Shortcuts","Minty Spire (QoL Compilation)","Quick Restart","StSLib","SuperFastMode"],"gold_per_floor":[111,122,137,312,14,40,40,40,116,116,176,176,191,37,37,37,37],"floor_reached":16,"language":"KOR","playtime":326,"items_purged":["Doubt"],"score":167,"play_id":"5633c084-1f0b-49bd-aecc-2cb6edb2c7fa","local_time":"20210120215143","is_ascension_mode":true,"campfire_choices":[{"data":"Calculated Gamble","floor":8.0,"key":"SMITH"},{"data":"Neutralize","floor":10.0,"key":"SMITH"},{"floor":12,"key":"REST"},{"data":"Prepared","floor":15,"key":"SMITH"}],"circlet_count":0,"master_deck":["AscendersBane","Strike_G","Strike_G","Strike_G","Strike_G","Strike_G","Defend_G","Defend_G","Defend_G","Defend_G","Defend_G","Survivor","Neutralize+1","Grand Finale","Backstab","Calculated Gamble+1","Escape Plan","Grand Finale","Flechettes","Prepared+1","PiercingWail"],"relics":["Ring of the Snake","ClockworkSouvenir","Strawberry","Lantern","Singing Bowl","Ninja Scroll","TheAbacus"],"acts_visited":["Exordium"],"potions_floor_usage":[11],"damage_taken":[{"damage":4.0,"enemies":"Cultist","floor":1.0,"turns":5.0},{"damage":0.0,"enemies":"2 Louse","floor":2.0,"turns":3.0},{"damage":0.0,"enemies":"Small Slimes","floor":3.0,"turns":3.0},{"damage":22.0,"enemies":"Gremlin Nob","floor":6.0,"turns":5.0},{"damage":14,"enemies":"3 Sentries","floor":11,"turns":8},{"damage":0,"enemies":"3 Louse","floor":13,"turns":3},{"damage":36,"enemies":"The Guardian","floor":16,"turns":13}],"seed_played":"-825346171086743347","potions_obtained":[{"floor":1.0,"key":"Energy Potion"},{"floor":6.0,"key":"BlessingOfTheForge"}],"is_trial":false,"path_per_floor":["M","M","M","?","$","E","?","R","T","R","?","R","M","$","R","B"],"character_chosen":"THE_SILENT","items_purchased":["Grand Finale","ClockworkSouvenir","TheAbacus"],"campfire_rested":1,"item_purchase_floors":[5,5,14],"current_hp_per_floor":[55,55,55,55,55,40,33,33,33,33,19,40,40,40,40,4,4],"gold":37,"neow_bonus":"ONE_RANDOM_RARE_CARD","is_daily":false,"chose_seed":false,"campfire_upgraded":3,"win_rate":0.0,"timestamp":1611147103,"path_taken":["M","M","?","?","$","E","?","R","T","R","?","R","M","$","R","BOSS"],"items_purchased_type":["Card","Relic","Relic"],"build_version":"2020-12-22","purchased_purges":1,"victory":false,"max_hp_per_floor":[66,66,66,66,66,73,73,73,73,73,73,73,73,73,73,73,73],"card_choices":[{"not_picked":["Leg Sweep","Cloak And Dagger"],"picked":"Backstab","floor":1.0},{"not_picked":["Accuracy","Deadly Poison"],"picked":"Calculated Gamble","floor":2.0},{"not_picked":["Sucker Punch","Dagger Throw"],"picked":"Escape Plan","floor":3.0},{"not_picked":["Dodge and Roll","All Out Attack"],"picked":"Flechettes","floor":6.0},{"not_picked":["Escape Plan","Bane"],"picked":"Prepared","floor":11},{"not_picked":["Night Terror","Bouncing Flask"],"picked":"PiercingWail","floor":13}],"player_experience":171333,"relics_obtained":[{"floor":6.0,"key":"Strawberry"},{"floor":9.0,"key":"Singing Bowl"}],"event_choices":[{"damage_healed":0.0,"max_hp_gain":0.0,"max_hp_loss":0.0,"gold_gain":175.0,"event_name":"Liars Game","player_choice":"AGREE","floor":4.0,"gold_loss":0.0,"damage_taken":0.0,"cards_obtained":["Doubt"]},{"damage_healed":0.0,"max_hp_gain":0.0,"max_hp_loss":0.0,"gold_gain":0.0,"event_name":"Scrap Ooze","player_choice":"Success","floor":7.0,"gold_loss":0.0,"damage_taken":7.0,"relics_obtained":["Lantern"]},{"damage_healed":0,"gold_gain":0,"player_choice":"Searched \u00272\u0027 times","damage_taken":0,"relics_obtained":["Ninja Scroll"],"max_hp_gain":0,"max_hp_loss":0,"event_name":"Dead Adventurer","floor":11,"gold_loss":0}],"is_beta":false,"boss_relics":[],"items_purged_floors":[5],"is_endless":false,"potions_floor_spawned":[1,6],"killed_by":"The Guardian","ascension_level":14}}