{"host":"khc33f3y4hz17yhu","time":1611147216,"event":{"mods":["BaseMod","Hermit","Minty Spire (QoL Compilation)","StSLib","The Cursed","The Hierophant","The Marked","The Mystic","The Runesmith"],"gold_per_floor":[364,220,220,231,231,266,266,280,280,293,37,2,2,20,20,117,117,132,144,157,157,157],"floor_reached":21,"language":"ENG","playtime":1062,"items_purged":["hermit:Strike_Hermit","hermit:Defend_Hermit"],"score":181,"play_id":"3433cc2f-59e2-4e31-8335-fce99ea01e0b","local_time":"20210120075336","is_ascension_mode":false,"campfire_choices":[{"floor":7,"key":"REST"},{"data":"hermit:LoneWolf","floor":13,"key":"SMITH"},{"data":"hermit:BigShot","floor":15,"key":"SMITH"}],"circlet_count":0,"master_deck":["hermit:Strike_Hermit","hermit:Strike_Hermit+1","hermit:Defend_Hermit","hermit:Defend_Hermit","hermit:Defend_Hermit","hermit:Snapshot+1","hermit:Covet","hermit:Ricochet","hermit:BigShot","hermit:LoneWolf+1","hermit:Virtue","hermit:Deadeye","hermit:Desperado","hermit:BigShot+1","hermit:Headshot","hermit:EternalForm","CurseOfTheBell","hermit:Dive","hermit:FlashPowder"],"relics":["hermit:Momento","Matryoshka","The Courier","Gremlin Horn","MealTicket","Calling Bell","Orichalcum","Darkstone Periapt","Ginger"],"acts_visited":["Exordium","TheCity"],"potions_floor_usage":[6,18,20],"damage_taken":[{"damage":5,"enemies":"Jaw Worm","floor":1,"turns":5},{"damage":0,"enemies":"2 Louse","floor":4,"turns":1},{"damage":23,"enemies":"Lagavulin","floor":6,"turns":5},{"damage":2,"enemies":"Small Slimes","floor":8,"turns":3},{"damage":3,"enemies":"Red Slaver","floor":10,"turns":2},{"damage":5,"enemies":"3 Louse","floor":14,"turns":4},{"damage":39,"enemies":"Slime Boss","floor":16,"turns":8},{"damage":14,"enemies":"2 Thieves","floor":18,"turns":3},{"damage":22,"enemies":"Spheric Guardian","floor":19,"turns":4},{"damage":31,"enemies":"Centurion and Healer","floor":20,"turns":6},{"damage":22,"enemies":"Cultist and Chosen","floor":21,"turns":4}],"seed_played":"-1725857017859234137","potions_obtained":[{"floor":1,"key":"BlessingOfTheForge"},{"floor":16,"key":"AttackPotion"},{"floor":19,"key":"FearPotion"}],"is_trial":false,"path_per_floor":["M","$","?","M","?","E","R","M","T","M","$","?","R","M","R","B",null,"M","M","M","M"],"character_chosen":"HERMIT","items_purchased":["hermit:BigShot","MealTicket","hermit:BigShot"],"campfire_rested":1,"item_purchase_floors":[2,11,11],"current_hp_per_floor":[49,49,34,34,34,11,33,31,31,28,28,46,46,41,41,2,75,61,39,8,0,0],"gold":157,"neow_bonus":"TWO_FIFTY_GOLD","is_daily":false,"chose_seed":false,"campfire_upgraded":2,"win_rate":0.0,"timestamp":1611147216,"path_taken":["M","$","?","M","?","E","R","M","T","M","$","?","R","M","R","BOSS","M","M","M","M"],"items_purchased_type":["Card","Relic","Card"],"build_version":"2020-12-22","purchased_purges":2,"victory":false,"max_hp_per_floor":[75,75,75,75,75,75,75,75,75,75,75,75,75,75,75,75,75,75,75,75,75,75],"card_choices":[{"not_picked":["hermit:Shortfuse","hermit:LowProfile"],"picked":"hermit:Ricochet","floor":1},{"not_picked":["hermit:Roulette","hermit:Feint"],"picked":"hermit:LoneWolf","floor":4},{"not_picked":["hermit:Quickdraw","hermit:Desperado"],"picked":"hermit:Deadeye","floor":6},{"not_picked":["hermit:LuckOfTheDraw","hermit:Maintenance"],"picked":"hermit:Desperado","floor":8},{"not_picked":["hermit:GoldenBullet","hermit:Malice","hermit:WideOpen"],"picked":"SKIP","floor":10},{"not_picked":["hermit:TrackingShot","hermit:TakeAim"],"picked":"hermit:Headshot","floor":14},{"not_picked":["hermit:Magnum","hermit:DeadOrAlive"],"picked":"hermit:EternalForm","floor":16},{"not_picked":["hermit:Manifest","hermit:Shortfuse","hermit:Maintenance"],"picked":"SKIP","floor":18},{"not_picked":["hermit:Misfire","hermit:Ricochet"],"picked":"hermit:Dive","floor":19},{"not_picked":["hermit:Ricochet","hermit:Deadeye"],"picked":"hermit:FlashPowder","floor":20}],"player_experience":179804,"relics_obtained":[{"floor":6,"key":"Matryoshka"},{"floor":9,"key":"The Courier"},{"floor":9,"key":"Gremlin Horn"},{"floor":17,"key":"Orichalcum"},{"floor":17,"key":"Darkstone Periapt"},{"floor":17,"key":"Ginger"}],"event_choices":[{"damage_healed":0,"gold_gain":0,"player_choice":"Entered Light","damage_taken":15,"max_hp_gain":0,"max_hp_loss":0,"event_name":"Shining Light","floor":3,"gold_loss":0,"cards_upgraded":["hermit:Strike_Hermit","hermit:Snapshot"]},{"damage_healed":0,"gold_gain":0,"cards_transformed":["hermit:Strike_Hermit"],"player_choice":"Change","damage_taken":0,"max_hp_gain":0,"max_hp_loss":0,"event_name":"Living Wall","floor":5,"gold_loss":0,"cards_obtained":["hermit:Virtue"]},{"damage_healed":18,"gold_gain":0,"player_choice":"Healed","damage_taken":0,"max_hp_gain":0,"max_hp_loss":0,"event_name":"The Cleric","floor":12,"gold_loss":35}],"is_beta":false,"boss_relics":[{"not_picked":["SacredBark","Runic Dome"],"picked":"Calling Bell"}],"items_purged_floors":[2,11],"is_endless":false,"potions_floor_spawned":[1,16,19],"killed_by":"Cultist and Chosen","ascension_level":0}}