{"host":"obplhmlw33xb91v8","time":1611101504,"event":{"mods":["BaseMod","Block Reminder","Curses Come First","Dio Mod","Evolution","Friendly Minions","HololiveMod","Koishi","Minty Spire (QoL Compilation)","Quick Restart","Relic Stats","Shop Mod","Spicy Shops","StSLib","The IronCluck","The Servant 0.9.4","Uncapped","Waifu the Spire","Yakumo Yukari mod","Yohane!","Youmu??????","Yuyuko","egg"],"gold_per_floor":[118,118,56,56,76,110,35,35,35,51,67,97,114,133,133,133,133],"floor_reached":16,"language":"ENG","playtime":871,"items_purged":["Clumsy"],"score":137,"play_id":"3b53d863-ceaa-4ff0-86f5-81434dff16d3","local_time":"20210119191144","is_ascension_mode":false,"campfire_choices":[{"data":"KidneyShot","floor":8,"key":"SMITH"},{"floor":15,"key":"REST"}],"circlet_count":0,"master_deck":["Strike_S","Strike_S","Strike_S","Strike_S","Defend_S","Defend_S","Defend_S","Defend_S+1","KidneyShot+1","Exchange+1","Luminosity","Luminosity","Read","ShatteredReality","Defy","SurpressingFire","FanOfKnives"],"relics":["Uniform","EVO:Axolotl","NeowsBlessing","Strange Spoon","Nunchaku","Question Card","War Paint"],"acts_visited":["Exordium"],"potions_floor_usage":[12],"damage_taken":[{"damage":1,"enemies":"2 Louse","floor":1,"turns":2},{"damage":0,"enemies":"Jaw Worm","floor":5,"turns":1},{"damage":0,"enemies":"Lagavulin","floor":6,"turns":2},{"damage":16,"enemies":"Small Slimes","floor":10,"turns":3},{"damage":11,"enemies":"2 Fungi Beasts","floor":11,"turns":4},{"damage":20,"enemies":"3 Sentries","floor":12,"turns":11},{"damage":13,"enemies":"Blue Slaver","floor":13,"turns":4},{"damage":10,"enemies":"Looter","floor":14,"turns":4},{"damage":68,"enemies":"The Guardian","floor":16,"turns":19}],"seed_played":"3110743803291441766","potions_obtained":[{"floor":1,"key":"Regen Potion"},{"floor":10,"key":"FairyPotion"}],"is_trial":false,"path_per_floor":["M","?","$","?","M","E","$","R","T","M","M","E","M","M","R","B"],"character_chosen":"THE_SERVANT","items_purchased":["Strange Spoon"],"campfire_rested":1,"item_purchase_floors":[3],"current_hp_per_floor":[64,57,57,57,57,57,57,57,57,41,30,25,12,2,21,0,0],"gold":133,"neow_bonus":"THREE_ENEMY_KILL","is_daily":false,"chose_seed":false,"campfire_upgraded":1,"win_rate":0.0,"timestamp":1611101504,"path_taken":["M","?","$","?","M","E","$","R","T","M","M","E","M","M","R","BOSS"],"items_purchased_type":["Relic"],"build_version":"2020-12-22","purchased_purges":1,"victory":false,"max_hp_per_floor":[65,65,65,65,65,65,65,65,65,65,65,65,65,65,65,65,65],"relic_stats":{"Strange Spoon":[0],"Nunchaku":[6],"counters":[9,50],"War Paint":["Defend_S","Exchange"],"Question Card":5,"obtain_stats":[{"Strange Spoon":3,"Nunchaku":6,"NeowsBlessing":0,"Uniform":0,"EVO:Axolotl":0,"War Paint":12,"Question Card":9},{"Strange Spoon":1,"Nunchaku":3,"NeowsBlessing":0,"Uniform":0,"EVO:Axolotl":0,"War Paint":6,"Question Card":3},{"Strange Spoon":2,"Nunchaku":5,"NeowsBlessing":0,"Uniform":0,"EVO:Axolotl":0,"War Paint":23,"Question Card":5}]},"card_choices":[{"not_picked":["Gouge","Ricochet"],"picked":"Alleviate","floor":1},{"not_picked":["Replace","Defy"],"picked":"Luminosity","floor":5},{"not_picked":["ShatteredReality","TimeWarp"],"picked":"Luminosity","floor":6},{"not_picked":["Defy","TimeWarp","BottledTime"],"picked":"Read","floor":10},{"not_picked":["Foresight","Dilation","Revamp"],"picked":"ShatteredReality","floor":11},{"not_picked":["Ricochet","WasteNot","Replace"],"picked":"Defy","floor":12},{"not_picked":["Gouge","BottledTime","Dilation"],"picked":"SurpressingFire","floor":13},{"not_picked":["DoubleEdge","Ricochet","WasteNot"],"picked":"FanOfKnives","floor":14}],"player_experience":224109,"relics_obtained":[{"floor":6,"key":"Nunchaku"},{"floor":9,"key":"Question Card"},{"floor":12,"key":"War Paint"}],"event_choices":[{"cards_removed":["Alleviate"],"damage_healed":0,"gold_gain":0,"player_choice":"Card Removal","damage_taken":7,"max_hp_gain":0,"max_hp_loss":0,"event_name":"Golden Wing","floor":2,"gold_loss":0},{"damage_healed":0,"gold_gain":0,"player_choice":"Ignored","damage_taken":0,"max_hp_gain":0,"max_hp_loss":0,"event_name":"Liars Game","floor":4,"gold_loss":0}],"is_beta":false,"boss_relics":[],"items_purged_floors":[7],"is_endless":false,"potions_floor_spawned":[1,10],"killed_by":"The Guardian","ascension_level":0}}