{"host":"8a3jzv7qxg3y7b6t","time":1611111769,"event":{"mods":["BaseMod","Better Third Choice","Downfall","Hermit","Minty Spire (QoL Compilation)","Relic Stats","StSLib","The Bug Knight","The Cursed"],"gold_per_floor":[112,112,112,129,148,178,178,178,178],"floor_reached":8,"language":"ENG","playtime":328,"items_purged":[],"score":62,"play_id":"9e8b8b38-360d-486e-aeb9-feea1f835850","local_time":"20210119190249","is_ascension_mode":true,"campfire_choices":[{"floor":7,"key":"RECALL"}],"circlet_count":0,"master_deck":["Strike_G","Strike_G","Strike_G","Strike_G","Strike_G","Defend_G","Defend_G","Defend_G","Defend_G","Defend_G","Survivor","Neutralize","Backstab","Burn","Regret","Cloak And Dagger","Infinite Blades","Caltrops"],"relics":["Ring of the Snake","Darkstone Periapt","Toy Ornithopter"],"acts_visited":["Exordium"],"potions_floor_usage":[6],"damage_taken":[{"damage":10,"enemies":"Jaw Worm","floor":1,"turns":6},{"damage":7,"enemies":"2 Louse","floor":4,"turns":4},{"damage":5,"enemies":"Cultist","floor":5,"turns":5},{"damage":45,"enemies":"Gremlin Nob","floor":6,"turns":5},{"damage":17,"enemies":"3 Sentries","floor":8,"turns":6}],"seed_played":"-943445512127098294","potions_obtained":[{"floor":1,"key":"sneckomod:MuddlingPotion"},{"floor":5,"key":"Explosive Potion"}],"is_trial":false,"path_per_floor":["M","?","?","M","M","E","R","E"],"character_chosen":"THE_SILENT","items_purchased":[],"campfire_rested":0,"item_purchase_floors":[],"current_hp_per_floor":[67,67,73,66,61,16,16,0,0],"gold":178,"neow_bonus":"TEN_PERCENT_HP_BONUS","is_daily":false,"chose_seed":false,"campfire_upgraded":0,"win_rate":0.0,"timestamp":1611111769,"path_taken":["M","?","?","M","M","E","R","E"],"items_purchased_type":[],"build_version":"2020-12-22","purchased_purges":0,"victory":false,"max_hp_per_floor":[77,77,83,83,83,83,83,83,83],"relic_stats":{"Darkstone Periapt":6,"counters":[5,26],"obtain_stats":[{"Darkstone Periapt":3,"Toy Ornithopter":6,"Ring of the Snake":0},{"Darkstone Periapt":1,"Toy Ornithopter":4,"Ring of the Snake":0},{"Darkstone Periapt":6,"Toy Ornithopter":20,"Ring of the Snake":0}],"Toy Ornithopter":0,"Ring of the Snake":[10]},"card_choices":[{"not_picked":["Setup","Skewer"],"picked":"Backstab","floor":1},{"not_picked":["Deflect","Dagger Spray"],"picked":"Cloak And Dagger","floor":4},{"not_picked":["Bane","Sucker Punch"],"picked":"Infinite Blades","floor":5},{"not_picked":["Deadly Poison","PiercingWail"],"picked":"Caltrops","floor":6}],"player_experience":625676,"relics_obtained":[{"floor":6,"key":"Toy Ornithopter"}],"event_choices":[{"damage_healed":67,"gold_gain":0,"player_choice":"Embrace Burn","damage_taken":0,"max_hp_gain":0,"max_hp_loss":77,"event_name":"betterThird:BetterShining","floor":2,"gold_loss":0},{"damage_healed":0,"gold_gain":0,"player_choice":"Box","damage_taken":0,"relics_obtained":["Darkstone Periapt"],"max_hp_gain":0,"max_hp_loss":0,"event_name":"Big Fish","floor":3,"gold_loss":0,"cards_obtained":["Regret"]}],"is_beta":false,"boss_relics":[],"items_purged_floors":[],"is_endless":false,"potions_floor_spawned":[1,5],"killed_by":"3 Sentries","ascension_level":2}}