{"host":"wmg3fl10arlg3jig","time":1611104140,"event":{"mods":["BaseMod","Better Match","Better Note","BetterRewards","Colored Powertips","MarisaÅiñ∂âJÅ@ñÇóùçπÅj","Mimic Mod","Minty Spire (QoL Compilation)","Permanent Neow","Quick Restart","Shop Mod","StSLib","Td1madao Mod","The Animator","The Jungle"],"gold_per_floor":[212,137,137,148,148,148,148,148,186,186,206,222,240,270,270,270,270],"floor_reached":16,"language":"ENG","playtime":380,"items_purged":["Defend_MRS"],"score":190,"play_id":"1a5fc334-af6c-40c6-bc16-43cdae945b64","local_time":"20210119185540","is_ascension_mode":true,"campfire_choices":[{"data":"MasterSpark","floor":6,"key":"SMITH"},{"data":"UpSweep","floor":8,"key":"SMITH"},{"data":"GrandCross","floor":10,"key":"SMITH"},{"data":"ManaConvection","floor":15,"key":"SMITH"}],"circlet_count":0,"master_deck":["AscendersBane","Strike_MRS","Strike_MRS+1","Strike_MRS","Strike_MRS+1","Defend_MRS","MasterSpark+1","UpSweep+1","GrandCross+1","ManaConvection+1"],"relics":["MiniHakkero","Bag of Preparation","Bird Faced Urn"],"acts_visited":["Exordium"],"potions_floor_usage":[9,14],"damage_taken":[{"damage":2,"enemies":"2 Louse","floor":1,"turns":3},{"damage":1,"enemies":"Cultist","floor":4,"turns":3},{"damage":7,"enemies":"Jaw Worm","floor":9,"turns":7},{"damage":0,"enemies":"Jaw Worm","floor":11,"turns":1},{"damage":8,"enemies":"Blue Slaver","floor":12,"turns":2},{"damage":0,"enemies":"Large Slime","floor":13,"turns":2},{"damage":15,"enemies":"Lagavulin","floor":14,"turns":3},{"damage":22,"enemies":"Hexaghost","floor":16,"turns":4}],"seed_played":"7688898916364091558","potions_obtained":[{"floor":1,"key":"Regen Potion"},{"floor":12,"key":"Ancient Potion"},{"floor":13,"key":"Weak Potion"}],"is_trial":false,"path_per_floor":["M","$","?","M","?","R","?","R","MIM","R","M","M","M","E","R","B"],"character_chosen":"MARISA","items_purchased":[],"campfire_rested":0,"item_purchase_floors":[],"current_hp_per_floor":[61,61,61,60,53,53,32,32,40,40,40,32,32,17,17,0,0],"gold":270,"neow_bonus":"HUNDRED_GOLD","is_daily":false,"chose_seed":false,"campfire_upgraded":4,"win_rate":0.0,"timestamp":1611104140,"path_taken":["M","$","?","?","?","R","?","R","MIM","R","?","M","M","E","R","BOSS"],"items_purchased_type":[],"build_version":"2020-12-22","purchased_purges":1,"victory":false,"max_hp_per_floor":[70,70,70,70,70,70,70,70,70,70,70,70,70,70,70,70,70],"card_choices":[{"not_picked":["Orbital","EventHorizon","PowerUp"],"picked":"SKIP","floor":1},{"not_picked":["RefractionSpark","NonDirectionalLaser","ChargeUpSpray"],"picked":"SKIP","floor":4},{"not_picked":["UnstableBomb","GravityBeat"],"picked":"GrandCross","floor":9},{"not_picked":["PowerUp","SporeBomb","ShootingEcho"],"picked":"SKIP","floor":11},{"not_picked":["BigCrunch","MilkyWay","MagicAbsorber"],"picked":"SKIP","floor":12},{"not_picked":["DoubleSpark","ChargeUpSpray","GravityBeat"],"picked":"SKIP","floor":13},{"not_picked":["LuminesStrike","ShootingEcho"],"picked":"ManaConvection","floor":14}],"player_experience":261497,"relics_obtained":[{"floor":9,"key":"Bag of Preparation"},{"floor":14,"key":"Bird Faced Urn"}],"event_choices":[{"cards_removed":["Defend_MRS"],"damage_healed":0,"gold_gain":0,"player_choice":"Offered Basic","damage_taken":0,"max_hp_gain":0,"max_hp_loss":0,"event_name":"Bonfire Elementals","floor":3,"gold_loss":0},{"cards_removed":["Defend_MRS"],"damage_healed":0,"gold_gain":0,"player_choice":"Card Removal","damage_taken":7,"max_hp_gain":0,"max_hp_loss":0,"event_name":"Golden Wing","floor":5,"gold_loss":0},{"damage_healed":0,"gold_gain":0,"player_choice":"Entered Light","damage_taken":21,"max_hp_gain":0,"max_hp_loss":0,"event_name":"Shining Light","floor":7,"gold_loss":0,"cards_upgraded":["Strike_MRS","Strike_MRS"]}],"is_beta":false,"boss_relics":[],"items_purged_floors":[2],"is_endless":false,"potions_floor_spawned":[1,12,13],"killed_by":"Hexaghost","ascension_level":18}}