{"host":"dpbezu80jg8zk7un","time":1611157967,"event":{"mods":["BaseMod","Colored Map","Colored Powertips","Custom Start","DeckTracker","Minty Spire (QoL Compilation)","Quick Restart","StSLib","SuperFastMode"],"gold_per_floor":[117,192,117,133,29,29,29,29,55,55,55,105,118,137,137,215,215,235,135,155,173,173,173,183,183,209,226,226,141,172,197,209,298,310,335,347,63,83,94,94,106,116,185,203,234,65,78,78,78,78,78,78,78,8,40,40,40],"floor_reached":56,"language":"KOR","playtime":2964,"items_purged":["Strike_P","Defend_P","Strike_P+1"],"score":1778,"play_id":"eebec050-94ed-4fd1-9bc3-99c9ecb321d0","local_time":"20210121005247","is_ascension_mode":true,"campfire_choices":[{"data":"Eruption","floor":6.0,"key":"SMITH"},{"data":"CrushJoints","floor":8.0,"key":"SMITH"},{"data":"FearNoEvil","floor":11.0,"key":"SMITH"},{"data":"EmptyFist","floor":15.0,"key":"SMITH"},{"floor":23.0,"key":"REST"},{"floor":25.0,"key":"REST"},{"floor":28.0,"key":"REST"},{"floor":32.0,"key":"RECALL"},{"floor":40,"key":"REST"},{"floor":49,"key":"REST"},{"floor":53,"key":"REST"}],"circlet_count":0,"master_deck":["AscendersBane","Strike_P+1","Defend_P+1","Defend_P+1","Eruption+1","Vigilance+1","FearNoEvil+1","CrushJoints+1","EmptyFist+1","FlurryOfBlows+1","EmptyMind+1","InnerPeace+1","Halt","MentalFortress"],"relics":["VioletLotus","Tiny Chest","Fusion Hammer","Mummified Hand","Bag of Preparation","HornCleat","MawBank","SlaversCollar","Orrery","Toxic Egg 2","TheAbacus","The Courier","Blue Candle"],"acts_visited":["Exordium","TheCity","TheBeyond","TheEnding"],"potions_floor_usage":[33,44,56],"damage_taken":[{"damage":0.0,"enemies":"Small Slimes","floor":1.0,"turns":2.0},{"damage":4.0,"enemies":"Jaw Worm","floor":4.0,"turns":4.0},{"damage":0.0,"enemies":"Cultist","floor":13.0,"turns":2.0},{"damage":0.0,"enemies":"Large Slime","floor":14.0,"turns":2.0},{"damage":5.0,"enemies":"The Guardian","floor":16.0,"turns":11.0},{"damage":8.0,"enemies":"Shell Parasite","floor":18.0,"turns":2.0},{"damage":17.0,"enemies":"2 Thieves","floor":20.0,"turns":4.0},{"damage":25.0,"enemies":"3 Cultists","floor":21.0,"turns":4.0},{"damage":0.0,"enemies":"Centurion and Healer","floor":24.0,"turns":4.0},{"damage":12.0,"enemies":"Snake Plant","floor":27.0,"turns":2.0},{"damage":16.0,"enemies":"Slavers","floor":30.0,"turns":4.0},{"damage":0.0,"enemies":"Chosen and Byrds","floor":31.0,"turns":2.0},{"damage":39,"enemies":"Champ","floor":33,"turns":10},{"damage":0,"enemies":"3 Darklings","floor":35,"turns":5},{"damage":0,"enemies":"Orb Walker","floor":38,"turns":2},{"damage":0,"enemies":"Sphere and 2 Shapes","floor":39,"turns":3},{"damage":0,"enemies":"Maw","floor":41,"turns":5},{"damage":0,"enemies":"Jaw Worm Horde","floor":42,"turns":2},{"damage":2,"enemies":"Writhing Mass","floor":44,"turns":2},{"damage":0,"enemies":"Reptomancer","floor":45,"turns":6},{"damage":0,"enemies":"3 Darklings","floor":47,"turns":2},{"damage":8,"enemies":"Time Eater","floor":50,"turns":7},{"damage":60,"enemies":"Donu and Deca","floor":51,"turns":9},{"damage":19,"enemies":"Shield and Spear","floor":55,"turns":8},{"damage":67,"enemies":"The Heart","floor":56,"turns":9}],"seed_played":"-2735865566458549588","potions_obtained":[{"floor":4.0,"key":"Dexterity Potion"},{"floor":16.0,"key":"SneckoOil"},{"floor":24.0,"key":"LiquidBronze"},{"floor":27.0,"key":"SmokeBomb"},{"floor":31.0,"key":"Dexterity Potion"},{"floor":39,"key":"Block Potion"},{"floor":41,"key":"Block Potion"},{"floor":42,"key":"DuplicationPotion"},{"floor":45,"key":"SmokeBomb"},{"floor":47,"key":"DuplicationPotion"}],"is_trial":false,"path_per_floor":["M","?","?","M","$","R","$","R","T","?","R","?","M","M","R","B",null,"M","$","M","M","T","R","M","R","T","M","R","?","E","M","R","B",null,"M","?","$","M","M","R","M","M","T","M","E","$","M","T","R","B","B",null,"R","$","E","B"],"character_chosen":"WATCHER","items_purchased":["CrushJoints","Orrery","TheAbacus","MentalFortress"],"campfire_rested":6,"item_purchase_floors":[5,37,46,54],"current_hp_per_floor":[61,50,50,46,46,46,46,46,46,39,39,33,33,33,33,28,58,50,50,33,8,8,28,28,48,48,36,56,56,40,40,40,1,51,51,78,78,78,78,78,78,78,78,76,76,76,76,76,78,70,10,61,78,78,59,0,0],"gold":40,"neow_bonus":"BOSS_RELIC","is_daily":false,"chose_seed":false,"campfire_upgraded":4,"win_rate":0.0,"timestamp":1611157967,"path_taken":["M","?","?","?","$","R","?","R","T","?","R","?","M","?","R","BOSS","M","$","M","M","?","R","M","R","T","M","R","?","E","M","R","BOSS","M","?","$","M","M","R","M","M","T","M","E","?","M","?","R","BOSS","BOSS","R","$","E","BOSS"],"items_purchased_type":["Card","Relic","Relic","Card"],"build_version":"2020-12-22","purchased_purges":3,"victory":false,"max_hp_per_floor":[68,68,68,68,68,68,68,68,68,68,68,68,68,68,68,68,68,68,68,68,68,68,68,68,68,68,68,68,68,68,68,68,68,68,68,78,78,78,78,78,78,78,78,78,78,78,78,78,78,78,78,78,78,78,78,78,78],"card_choices":[{"not_picked":["JustLucky","ThirdEye"],"picked":"FearNoEvil","floor":1.0},{"not_picked":["BowlingBash","FollowUp","Halt"],"picked":"SKIP","floor":4.0},{"not_picked":["Indignation","FlyingSleeves","Fasting2"],"picked":"SKIP","floor":13.0},{"not_picked":["ClearTheMind","ThirdEye"],"picked":"EmptyFist","floor":14.0},{"not_picked":["Devotion","MasterReality"],"picked":"LessonLearned","floor":16.0},{"not_picked":["Consecrate","TalkToTheHand"],"picked":"FlurryOfBlows","floor":18.0},{"not_picked":["Indignation","Protect","SashWhip"],"picked":"SKIP","floor":20.0},{"not_picked":["Indignation","Consecrate"],"picked":"EmptyMind","floor":21.0},{"not_picked":["CutThroughFate","Vengeance","Study"],"picked":"SKIP","floor":24.0},{"not_picked":["FollowUp","FlurryOfBlows","EmptyBody+1"],"picked":"SKIP","floor":27.0},{"not_picked":["BattleHymn","Brilliance"],"picked":"InnerPeace+1","floor":30.0},{"not_picked":["Nirvana","PathToVictory","FlyingSleeves"],"picked":"SKIP","floor":31.0},{"not_picked":["CrushJoints","BowlingBash+1","FollowUp"],"picked":"SKIP","floor":35},{"not_picked":["Conclude","ForeignInfluence+1"],"picked":"Halt","floor":37},{"not_picked":["Pray","FlurryOfBlows","Evaluate"],"picked":"SKIP","floor":39},{"not_picked":["DeceiveReality","ClearTheMind","Tantrum"],"picked":"SKIP","floor":41},{"not_picked":["Consecrate+1","Indignation","CrushJoints"],"picked":"SKIP","floor":42},{"not_picked":["CrushJoints","Halt+1","SashWhip+1"],"picked":"SKIP","floor":44},{"not_picked":["SashWhip","DevaForm","Prostrate+1"],"picked":"SKIP","floor":45},{"not_picked":["EmptyBody+1","SashWhip","ReachHeaven+1"],"picked":"SKIP","floor":47},{"not_picked":["Consecrate","FlurryOfBlows","Evaluate+1"],"picked":"SKIP","floor":55}],"player_experience":2903989,"relics_obtained":[{"floor":9.0,"key":"Tiny Chest"},{"floor":22.0,"key":"Mummified Hand"},{"floor":26.0,"key":"Bag of Preparation"},{"floor":30.0,"key":"MawBank"},{"floor":45,"key":"Toxic Egg 2"},{"floor":48,"key":"The Courier"},{"floor":55,"key":"Blue Candle"}],"event_choices":[{"damage_healed":0.0,"max_hp_gain":0.0,"max_hp_loss":0.0,"gold_gain":75.0,"event_name":"World of Goop","player_choice":"Gather Gold","floor":2.0,"gold_loss":0.0,"damage_taken":11.0},{"cards_removed":["Defend_P"],"damage_healed":0.0,"max_hp_gain":0.0,"max_hp_loss":0.0,"gold_gain":0.0,"event_name":"The Cleric","player_choice":"Card Removal","floor":3.0,"gold_loss":75.0,"damage_taken":0.0},{"cards_removed":["Strike_P"],"damage_healed":0.0,"max_hp_gain":0.0,"max_hp_loss":0.0,"gold_gain":0.0,"event_name":"Golden Wing","player_choice":"Card Removal","floor":10.0,"gold_loss":0.0,"damage_taken":7.0},{"damage_healed":0.0,"max_hp_gain":0.0,"max_hp_loss":0.0,"gold_gain":50.0,"event_name":"FaceTrader","player_choice":"Touch","floor":12.0,"gold_loss":0.0,"damage_taken":6.0},{"damage_healed":0.0,"max_hp_gain":0.0,"max_hp_loss":0.0,"gold_gain":0.0,"event_name":"Addict","player_choice":"Obtained Relic","floor":29.0,"gold_loss":85.0,"damage_taken":0.0,"relics_obtained":["HornCleat"]},{"cards_removed":["LessonLearned"],"damage_healed":17,"gold_gain":0,"player_choice":"Offered Rare","damage_taken":0,"max_hp_gain":10,"max_hp_loss":0,"event_name":"Bonfire Elementals","floor":36,"gold_loss":0}],"is_beta":false,"boss_relics":[{"not_picked":["Astrolabe","Busted Crown"],"picked":"Fusion Hammer"},{"not_picked":["Velvet Choker","Coffee Dripper"],"picked":"SlaversCollar"}],"items_purged_floors":[5,19,37],"is_endless":false,"potions_floor_spawned":[4,16,24,27,31,39,41,42,45,47],"killed_by":"The Heart","ascension_level":20}}