{"host":"h4qgcirtxz6qax9j","time":1611155655,"event":{"mods":["AchievementEnabler","BaseMod","Colored Powertips","Hermit","Minty Spire (QoL Compilation)","StSLib","SuperFastMode","The Servant 0.9.4"],"gold_per_floor":[111,65,81,7,23,51,51,70,70,70,84,44,79,100,100,229,229,243,243,258,258,258],"floor_reached":21,"language":"KOR","playtime":820,"items_purged":[],"score":248,"play_id":"53131e38-cb13-46fe-9862-8d4cdc548bdf","local_time":"20210121001415","is_ascension_mode":true,"campfire_choices":[{"data":"Moondial","floor":7,"key":"SMITH"},{"floor":15,"key":"REST"}],"circlet_count":0,"master_deck":["Strike_S","Strike_S","Strike_S","Strike_S","Defend_S","Defend_S","Defend_S","Defend_S","KidneyShot","Exchange","Ricochet","TimeWarp","Ricochet","Alleviate","DualDimension","Moondial+1","Contraction","Alleviate","Collapse","InstantArmor","Sabotage","FastForward","Deny","FastForward+1","Hightail"],"relics":["Uniform","MealTicket","Nunchaku","Golden Idol","Kunai","SlaversCollar","Shuriken"],"acts_visited":["Exordium","TheCity"],"potions_floor_usage":[16,16,21],"damage_taken":[{"damage":0,"enemies":"Cultist","floor":1,"turns":3},{"damage":0,"enemies":"Small Slimes","floor":3,"turns":2},{"damage":7,"enemies":"2 Louse","floor":5,"turns":3},{"damage":26,"enemies":"3 Sentries","floor":6,"turns":5},{"damage":17,"enemies":"Lots of Slimes","floor":8,"turns":2},{"damage":7,"enemies":"Large Slime","floor":11,"turns":9},{"damage":0,"enemies":"Lagavulin","floor":13,"turns":13},{"damage":0,"enemies":"Blue Slaver","floor":14,"turns":4},{"damage":30,"enemies":"Hexaghost","floor":16,"turns":23},{"damage":49,"enemies":"Spheric Guardian","floor":18,"turns":10},{"damage":0,"enemies":"2 Thieves","floor":20,"turns":3},{"damage":14,"enemies":"Shelled Parasite and Fungi","floor":21,"turns":10}],"seed_played":"6603147903059163188","potions_obtained":[{"floor":3,"key":"SpeedPotion"},{"floor":6,"key":"LiquidMemories"},{"floor":11,"key":"PowerPotion"},{"floor":16,"key":"Weak Potion"},{"floor":18,"key":"GamblersBrew"}],"is_trial":false,"path_per_floor":["M","$","M","$","M","E","R","M","T","?","M","$","E","M","R","B",null,"M","?","M","M"],"character_chosen":"THE_SERVANT","items_purchased":["Ricochet","DualDimension","InstantArmor"],"campfire_rested":1,"item_purchase_floors":[2,4,12],"current_hp_per_floor":[65,65,65,65,58,32,32,15,15,15,8,23,23,23,41,11,60,11,11,11,0,0],"gold":258,"neow_bonus":"THREE_CARDS","is_daily":false,"chose_seed":false,"campfire_upgraded":1,"win_rate":0.0,"timestamp":1611155655,"path_taken":["M","$","M","?","M","E","R","M","T","?","M","$","E","M","R","BOSS","M","?","M","?"],"items_purchased_type":["Card","Card","Card"],"build_version":"2020-12-22","purchased_purges":0,"victory":false,"max_hp_per_floor":[65,65,65,65,65,65,65,65,65,60,60,60,60,60,60,60,60,60,60,60,60,60],"card_choices":[{"not_picked":["Unruled","Alleviate"],"picked":"Ricochet","floor":0},{"not_picked":["Spin","Advance"],"picked":"TimeWarp","floor":1},{"not_picked":["Replace","Rearm"],"picked":"Alleviate","floor":3},{"not_picked":["Replace","Revamp"],"picked":"Moondial","floor":5},{"not_picked":["BestPractice","Moonlight"],"picked":"Contraction","floor":6},{"not_picked":["Potential","Foresight"],"picked":"Alleviate","floor":8},{"not_picked":["SpecialFormula","MurderousAura"],"picked":"Collapse","floor":11},{"not_picked":["Unruled","Replace"],"picked":"Sabotage","floor":13},{"not_picked":["BestPractice","Replace"],"picked":"FastForward","floor":14},{"not_picked":["SilverMatrix","LightFlow"],"picked":"Deny","floor":16},{"not_picked":["Snipe","Spin"],"picked":"FastForward+1","floor":18},{"not_picked":["Ricochet+1","Potential+1"],"picked":"Hightail","floor":20}],"player_experience":85772,"relics_obtained":[{"floor":6,"key":"MealTicket"},{"floor":9,"key":"Nunchaku"},{"floor":13,"key":"Kunai"},{"floor":19,"key":"Shuriken"}],"event_choices":[{"damage_healed":0,"gold_gain":0,"player_choice":"Lose Max HP","damage_taken":0,"relics_obtained":["Golden Idol"],"max_hp_gain":0,"max_hp_loss":5,"event_name":"Golden Idol","floor":10,"gold_loss":0},{"damage_healed":0,"gold_gain":0,"player_choice":"Relic","damage_taken":0,"max_hp_gain":0,"max_hp_loss":0,"event_name":"Wheel of Change","floor":19,"gold_loss":0}],"is_beta":false,"boss_relics":[{"not_picked":["Ectoplasm","Snecko Eye"],"picked":"SlaversCollar"}],"items_purged_floors":[],"is_endless":false,"potions_floor_spawned":[3,6,11,16,18],"killed_by":"Shelled Parasite and Fungi","ascension_level":3}}