{"host":"bw00wb7p5bw58om7","time":1611159832,"event":{"mods":["100% Spire Juice","Act Like it!","BaseMod","Better Third Choice","CapriCore","Chen","Downfall","Gensokyo","Koishi","KomeijiMod","Marisa????????","Minty Spire (QoL Compilation)","Onozuka Komachi Mod","Permanent Neow","Prisma Mod","Reimu??????","Remilia??????","StSLib","The Administrix","The Immortal","The Senshi","The Servant 0.9.4","Yakumo Yukari mod"],"gold_per_floor":[118,137,153,171,185,185,211,211,236,49,77,77,77,77,77,172,172,188,207,207,207,0,25,41,41,41,56,83,83,114,134,134,229,229,247,93,104,14,27,56,32,62,62,96,96,113,123,141,141,141],"floor_reached":51,"language":"ENG","playtime":5998,"items_purged":[],"score":837,"play_id":"84a978be-14b1-42fb-8c05-31ec0d149442","local_time":"20210120162352","is_ascension_mode":false,"campfire_choices":[{"data":"GasuOrimono","floor":6.0,"key":"SMITH"},{"data":"NingyouKasou+1","floor":8.0,"key":"SWEEP"},{"data":"Gensokyo:TurboGranny","floor":12.0,"key":"SMITH"},{"data":"SeekerDolls","floor":15.0,"key":"SMITH"},{"data":"TerribleSouvenir","floor":25.0,"key":"SMITH"},{"data":"OoedoNingyou+1","floor":29.0,"key":"SWEEP"},{"data":"NingyouMusou+1","floor":32.0,"key":"SWEEP"},{"data":"TerribleSouvenir","floor":45,"key":"SMITH"},{"data":"GasuOrimono","floor":49,"key":"SMITH"}],"circlet_count":0,"master_deck":["Strike_Komeiji","Strike_Komeiji","Strike_Komeiji","Strike_Komeiji+1","Defend_Komeiji","Defend_Komeiji","Defend_Komeiji","Defend_Komeiji","Dash_Komeiji+1","HelanNingyou+1","HagoromoMizu","VampireKiss+1","SeekerWire+1","NingyouSousou+1","Gensokyo:TurboGranny+1","ShanghaiNingyou","KinbakuJin+1","NingyouSP+1","TerribleSouvenir+1","EnMu+1","KeiseiJin+1","SeekerDolls+1","DochyakuKami+1","NingyouMusou+1","TerribleSouvenir+1","CurseOfTheBell","Mishyaguji+1","HagoromoMizu","Gensokyo:CustomPotion","TenguhouSokujitsuken","LittleLegion+1","DemonLordCradle+1","NingyouSousou+1","VampireKiss+1","NingyouKisou+1","GasuOrimono+1","SemiAutomaton"],"relics":["KomeijisEye","SpellCardsRule","MusicBox","CrystalOfMemory","Happy Flower","Bag of Marbles","Sozu","Orichalcum","MigarariNingyou","Anchor","Kunai","Calling Bell","Pen Nib","Singing Bowl","Incense Burner","FamiliarSpoon","FamiliarSpoon","Molten Egg 2","Smiling Mask","ScarletDevilRocket","RuthlessExorcism:ReiMu"],"acts_visited":["Gensokyo:Gensokyo","Gensokyo:Gensokyoer","Gensokyo:Gensokyoest"],"potions_floor_usage":[],"damage_taken":[{"damage":0.0,"enemies":"Gensokyo:2_Kodama","floor":1.0,"turns":12.0},{"damage":0.0,"enemies":"Gensokyo:Python","floor":2.0,"turns":6.0},{"damage":0.0,"enemies":"Gensokyo:3_Fairies","floor":3.0,"turns":5.0},{"damage":11.0,"enemies":"Gensokyo:LivingMonolith","floor":4.0,"turns":4.0},{"damage":0.0,"enemies":"Gensokyo:VengefulSpirit","floor":5.0,"turns":7.0},{"damage":0.0,"enemies":"Gensokyo:Mamizou","floor":7.0,"turns":11.0},{"damage":9.0,"enemies":"Gensokyo:Aya","floor":11.0,"turns":6.0},{"damage":29.0,"enemies":"Gensokyo:Yukari","floor":16.0,"turns":12.0},{"damage":15.0,"enemies":"Gensokyo:AngelMirror","floor":18.0,"turns":4.0},{"damage":15.0,"enemies":"Gensokyo:3_Dogs","floor":19.0,"turns":11.0},{"damage":4.0,"enemies":"Gensokyo:Reisen","floor":23.0,"turns":6.0},{"damage":4.0,"enemies":"Gensokyo:Chomper_and_Gloop","floor":24.0,"turns":7.0},{"damage":8.0,"enemies":"Gensokyo:Swordslinger","floor":27.0,"turns":5.0},{"damage":0.0,"enemies":"Gensokyo:Koishi","floor":30.0,"turns":12.0},{"damage":8.0,"enemies":"Gensokyo:Wraith","floor":31.0,"turns":8.0},{"damage":9.0,"enemies":"Gensokyo:Kaguya","floor":33.0,"turns":17.0},{"damage":0.0,"enemies":"Gensokyo:3_Bats","floor":35.0,"turns":7.0},{"damage":5.0,"enemies":"Gensokyo:AncientGuardian","floor":37.0,"turns":9.0},{"damage":0.0,"enemies":"Gensokyo:Dusk_and_Dawn","floor":39.0,"turns":8.0},{"damage":0.0,"enemies":"Gensokyo:Doremy","floor":40.0,"turns":9.0},{"damage":1.0,"enemies":"Gensokyo:Kasen","floor":42.0,"turns":19.0},{"damage":23,"enemies":"Gensokyo:Marisa","floor":44,"turns":10},{"damage":4,"enemies":"Gensokyo:Rafflesia","floor":46,"turns":12},{"damage":0,"enemies":"Gensokyo:SeedOfUnknown","floor":47,"turns":8},{"damage":3,"enemies":"Gensokyo:Sharpion","floor":48,"turns":5},{"damage":11,"enemies":"Gensokyo:Scarlet_Devils","floor":50,"turns":15}],"seed_played":"-6704258310047392794","potions_obtained":[{"floor":1.0,"key":"FearPotion"},{"floor":5.0,"key":"hexamod:SoulburnPotion"},{"floor":7.0,"key":"Fire Potion"}],"is_trial":false,"path_per_floor":["M","M","M","M","M","R","E","R","T","COS","?","R","?","$","R","B",null,"M","M","?","?","?","E","M","R","T","M","T","R","E","M","R","B",null,"M","COS","M","?","M","E","$","E","T","E","R","M","M","M","R","B",null],"character_chosen":"KomeijiSatori","items_purchased":["DemonLordCradle+1"],"campfire_rested":0,"item_purchase_floors":[41],"current_hp_per_floor":[35,35,35,27,30,30,33,38,38,38,33,33,33,33,33,7,50,50,45,45,50,50,50,46,46,46,47,47,50,50,42,47,50,50,50,50,47,47,50,50,50,50,50,27,27,44,50,50,50,50],"gold":141,"neow_bonus":"THREE_RARE_CARDS","is_daily":false,"chose_seed":false,"campfire_upgraded":6,"win_rate":0.0,"timestamp":1611159832,"path_taken":["M","M","M","M","M","R","E","R","T","COS","?","R","?","?","R","BOSS","M","M","?","?","?","E","?","R","T","M","?","R","E","M","R","BOSS","M","COS","M","?","?","E","$","E","T","E","R","M","M","M","R","BOSS"],"items_purchased_type":["Card"],"build_version":"2020-12-22","purchased_purges":0,"victory":true,"max_hp_per_floor":[50,50,50,50,50,50,50,50,50,50,50,50,50,50,50,50,50,50,50,50,50,50,50,50,50,50,50,50,50,50,50,50,50,50,50,50,50,50,50,50,50,50,50,50,50,50,50,50,50,50],"card_choices":[{"not_picked":["EverywhereHibernate","TerribleSouvenir"],"picked":"HelanNingyou","floor":0.0},{"not_picked":["TenguNoTaiko","JyouchiJin+1"],"picked":"GasuOrimono","floor":1.0},{"not_picked":["SeekerDolls","Sabishigari+1"],"picked":"HagoromoMizu","floor":2.0},{"not_picked":["NingyouSousou+1","YoukiSo+1"],"picked":"VampireKiss","floor":3.0},{"not_picked":["NingyouYunhei+1","NingyouOkisou+1"],"picked":"NingyouMusou+1","floor":4.0},{"not_picked":["Agarareta+1","DemonLordCradle"],"picked":"SeekerWire+1","floor":5.0},{"not_picked":["DemonLordCradle","NingyouSP+1"],"picked":"NingyouSousou+1","floor":7.0},{"not_picked":["DemonLordCradle","NingyouShinki+1"],"picked":"SeekerDolls","floor":11.0},{"not_picked":["HisouTensoku","AbyssNova"],"picked":"ShanghaiNingyou","floor":16.0},{"not_picked":["SeekerDolls","DochyakuKami+1"],"picked":"KinbakuJin+1","floor":18.0},{"not_picked":["NingyouKisou+1","ShyakuBuku+1"],"picked":"NingyouSP+1","floor":19.0},{"not_picked":["SenyouGoraku+1","Mishyaguji+1"],"picked":"TerribleSouvenir","floor":23.0},{"not_picked":["MusuNoYume+1","KokorosuKi+1"],"picked":"EnMu+1","floor":24.0},{"not_picked":["Melting","RikonNoKama+1"],"picked":"KeiseiJin+1","floor":27.0},{"not_picked":["SenyouGoraku+1","SenseofElegance+1"],"picked":"SeekerDolls+1","floor":30.0},{"not_picked":["DemonLordCradle","Melting+1"],"picked":"DochyakuKami+1","floor":31.0},{"not_picked":["AbyssNova","MunenMusou"],"picked":"TerribleSouvenir","floor":33.0},{"not_picked":["NingyouFukuhei+1","JyouchiJin+1"],"picked":"Mishyaguji+1","floor":35.0},{"not_picked":["SelfTokamak+1","NingyouSP+1"],"picked":"HagoromoMizu","floor":37.0},{"not_picked":["DochyakuKami+1","KeiseiJin+1"],"picked":"TenguhouSokujitsuken","floor":39.0},{"not_picked":["Mishyaguji+1","TenguNoTaiko+1"],"picked":"LittleLegion+1","floor":40.0},{"not_picked":["NingyouShinki+1","MusuNoYume+1"],"picked":"NingyouSousou+1","floor":42.0},{"not_picked":["OoedoNingyou+1","DemonLordCradle+1"],"picked":"VampireKiss+1","floor":44},{"not_picked":["NingyouSousou+1","NingyouSP+1"],"picked":"NingyouKisou+1","floor":46},{"not_picked":["FreezeTouchMe+1","OoedoNingyou+1"],"picked":"GasuOrimono","floor":47},{"not_picked":["SenyouGoraku+1","Mishyaguji+1"],"picked":"SemiAutomaton","floor":48}],"player_experience":272650,"relics_obtained":[{"floor":7.0,"key":"CrystalOfMemory"},{"floor":9.0,"key":"Happy Flower"},{"floor":11.0,"key":"Bag of Marbles"},{"floor":23.0,"key":"Orichalcum"},{"floor":26.0,"key":"MigarariNingyou"},{"floor":28.0,"key":"Anchor"},{"floor":30.0,"key":"Kunai"},{"floor":34.0,"key":"Pen Nib"},{"floor":34.0,"key":"Singing Bowl"},{"floor":34.0,"key":"Incense Burner"},{"floor":40.0,"key":"Molten Egg 2"},{"floor":42.0,"key":"Smiling Mask"},{"floor":43.0,"key":"ScarletDevilRocket"},{"floor":44,"key":"RuthlessExorcism:ReiMu"}],"event_choices":[],"is_beta":false,"boss_relics":[{"not_picked":["Philosopher\u0027s Stone","Velvet Choker"],"picked":"Sozu"},{"not_picked":["Memoirist","Busted Crown"],"picked":"Calling Bell"}],"items_purged_floors":[],"is_endless":false,"potions_floor_spawned":[1,5,7,16,18,24,35,44,46,47],"ascension_level":0}}