{"host":"evny4tziu33vpgm7","time":1611153942,"event":{"mods":["100% Spire Juice","Arknights The Spire","BaseMod","BetterRewards","Booster Modes","Card Filter","Colored Map","Colored Powertips","Dota2Spire","Fox Events","Friendly Minions","GifTheSpireLib","Minty Spire (QoL Compilation)","Random Character Button","Random Character Mod","Rare Cards Sparkle","Relic Filter","Relic Sorter","Shop Mod","Spire Arcade","StSLib","SuperFastMode","The Caster","The Marked","Thieving Mod","????"],"gold_per_floor":[115,290,317,317,287,287,287,287,287],"floor_reached":8,"language":"ENG","playtime":743,"items_purged":[],"score":42,"play_id":"69052e71-d947-4117-9546-5450fa06c8d7","local_time":"20210120074542","daily_mods":["SealedDeck","Vintage","Heirloom","Flight","DeadlyEvents","Night Terrors"],"is_ascension_mode":false,"campfire_choices":[{"data":"theMarked:RogueSparks","floor":6,"key":"SMITH"},{"data":"theMarked:WardOff","floor":7,"key":"SMITH"}],"circlet_count":0,"master_deck":["theMarked:EmpowerWeapon","theMarked:WardOff","theMarked:Parry","theMarked:ParalyzingBlade+1","theMarked:RogueSparks+1","theMarked:Overcharge","theMarked:DispelDoubt+1","theMarked:Abjuration","theMarked:DeterminationOfTheMarked","theMarked:SelfDefenseTraining","Doubt","theMarked:WardOff+1"],"relics":["theMarked:ArtifactOfAir","Dota2Spire:AssaultCuirass","Dota2Spire:PowerTreads","foxEvents:LuckyCharm"],"acts_visited":["Exordium"],"potions_floor_usage":[],"damage_taken":[{"damage":12,"enemies":"Jaw Worm","floor":1,"turns":2},{"damage":38,"enemies":"Colosseum Slavers","floor":3,"turns":3},{"damage":6,"enemies":"Lagavulin","floor":8,"turns":2}],"seed_played":"-8997732194992673377","potions_obtained":[{"floor":1,"key":"SteroidPotion"},{"floor":5,"key":"Ancient Potion"},{"floor":5,"key":"theMarked:ChargePotion"}],"is_trial":true,"path_per_floor":["M","?","?","?","?","R","R","E"],"character_chosen":"THE_DEFAULT","items_purchased":[],"campfire_rested":0,"item_purchase_floors":[],"current_hp_per_floor":[58,58,20,6,6,6,6,0,0],"gold":287,"neow_bonus":"","is_daily":false,"chose_seed":false,"campfire_upgraded":2,"win_rate":0.0,"timestamp":1611153942,"path_taken":["M","?","?","?","?","R","R","?"],"items_purchased_type":[],"build_version":"2020-12-22","purchased_purges":0,"victory":false,"max_hp_per_floor":[70,70,70,70,70,70,70,70,70],"card_choices":[{"not_picked":["theMarked:LightningStrikesTwice","theMarked:TwofoldDefense"],"picked":"theMarked:WardOff","floor":3}],"player_experience":876451,"relics_obtained":[{"floor":1,"key":"Dota2Spire:PowerTreads"},{"floor":3,"key":"foxEvents:LuckyCharm"}],"event_choices":[{"damage_healed":0,"gold_gain":175,"player_choice":"AGREE","damage_taken":0,"max_hp_gain":0,"max_hp_loss":0,"event_name":"Liars Game","floor":2,"gold_loss":0,"cards_obtained":["Doubt"]},{"damage_healed":0,"gold_gain":0,"player_choice":"Entered Light","damage_taken":14,"max_hp_gain":0,"max_hp_loss":0,"event_name":"Shining Light","floor":4,"gold_loss":0,"cards_upgraded":["theMarked:DispelDoubt","theMarked:ParalyzingBlade"]},{"damage_healed":0,"gold_gain":0,"player_choice":"Bought 2 Potions","damage_taken":0,"max_hp_gain":0,"max_hp_loss":0,"event_name":"The Woman in Blue","floor":5,"gold_loss":0}],"is_beta":false,"boss_relics":[],"items_purged_floors":[],"is_endless":false,"potions_floor_spawned":[1],"killed_by":"Lagavulin","ascension_level":0}}