{"host":"s794kqxf2n1qz2yr","time":1611183976,"event":{"mods":["100% Spire Juice","2.2 Compatiblity","AchievementEnabler","Aspiration","BaseMod","Downfall","Friendly Minions","Hermit","Marisa????????","Minty Spire (QoL Compilation)","Permanent Neow","Spire Arcade","StSLib"],"gold_per_floor":[114,114,129,153,170,170,78,28,28,48,59,59,77,2,2,105,105,118,135,135,35,35,64,80,355,355,355,366,379,379,398,398,501,551,571,621,641,660,39,72,86,86,112,112,19,33,33,33,33,33],"floor_reached":51,"language":"ENG","playtime":2631,"items_purged":["hermit:Strike_Hermit","hermit:Strike_Hermit","Writhe"],"score":841,"play_id":"94181676-9b63-4d7a-a012-13958b1850d4","local_time":"20210120230616","is_ascension_mode":false,"campfire_choices":[{"data":"hermit:Roulette","floor":6,"key":"SMITH"},{"data":"hermit:Roulette","floor":15,"key":"SMITH"},{"floor":27,"key":"REST"},{"data":"hermit:Covet","floor":32,"key":"SMITH"},{"floor":47,"key":"REST"},{"floor":49,"key":"REST"}],"circlet_count":0,"master_deck":["hermit:Defend_Hermit","hermit:Defend_Hermit","hermit:Defend_Hermit","hermit:Defend_Hermit","hermit:Snapshot","hermit:Covet+1","hermit:EternalForm+1","hermit:Roulette+1","hermit:Roulette+1","hermit:Enervate","hermit:Manifest","Regret","hermit:ItchyTrigger","hermit:Adapt","CurseOfTheBell","hermit:NoHoldsBarred+1","hermit:Manifest","Regret","hermit:HeroicBravado+1","hermit:ItchyTrigger","hermit:Shortfuse","Metamorphosis","Parasite","hermit:Roulette+1","Wraith","hermit:Manifest","hermit:Shortfuse"],"relics":["hermit:Momento","Potion Belt","aspiration:FrozenJewel","aspiration:HatOfInfinitePower","Calling Bell","aspiration:Lifesprig","Meat on the Bone","Dead Branch","Akabeko","Ornamental Fan","Strawberry","Tiny House","Medical Kit","Bronze Scales","Bottled Tornado","Bag of Preparation"],"acts_visited":["Exordium","TheCity","TheBeyond"],"potions_floor_usage":[18,31,31,33,33,40,48,50,50,50,50],"damage_taken":[{"damage":0,"enemies":"Cultist","floor":1,"turns":4},{"damage":1,"enemies":"Jaw Worm","floor":3,"turns":2},{"damage":3,"enemies":"2 Louse","floor":5,"turns":2},{"damage":4,"enemies":"Exordium Wildlife","floor":10,"turns":3},{"damage":0,"enemies":"Blue Slaver","floor":11,"turns":2},{"damage":0,"enemies":"Large Slime","floor":13,"turns":3},{"damage":14,"enemies":"Slime Boss","floor":16,"turns":6},{"damage":2,"enemies":"3 Byrds","floor":18,"turns":4},{"damage":1,"enemies":"2 Thieves","floor":19,"turns":4},{"damage":14,"enemies":"Book of Stabbing","floor":23,"turns":3},{"damage":0,"enemies":"Snecko","floor":24,"turns":5},{"damage":0,"enemies":"3 Cultists","floor":28,"turns":3},{"damage":0,"enemies":"Cultist and Chosen","floor":29,"turns":4},{"damage":0,"enemies":"Snake Plant","floor":31,"turns":4},{"damage":9,"enemies":"Automaton","floor":33,"turns":8},{"damage":3,"enemies":"Orb Walker","floor":35,"turns":3},{"damage":15,"enemies":"3 Darklings","floor":37,"turns":5},{"damage":2,"enemies":"Maw","floor":38,"turns":8},{"damage":51,"enemies":"Reptomancer","floor":40,"turns":9},{"damage":4,"enemies":"Writhing Mass","floor":41,"turns":6},{"damage":0,"enemies":"3 Darklings","floor":46,"turns":2},{"damage":0,"enemies":"Jaw Worm Horde","floor":48,"turns":1},{"damage":79,"enemies":"Awakened One","floor":50,"turns":13}],"seed_played":"-1465229757021186248","potions_obtained":[{"floor":3,"key":"champ:CounterPotion"},{"floor":16,"key":"SkillPotion"},{"floor":18,"key":"DistilledChaos"},{"floor":19,"key":"hermit:Tonic"},{"floor":24,"key":"hermit:BlackBile"},{"floor":28,"key":"Explosive Potion"},{"floor":31,"key":"Ancient Potion"},{"floor":34,"key":"LiquidBronze"},{"floor":35,"key":"FearPotion"},{"floor":41,"key":"BlessingOfTheForge"},{"floor":46,"key":"SmokeBomb"}],"is_trial":false,"path_per_floor":["M","?","M","T","M","R","$","?","T","M","M","?","M","$","R","B",null,"M","M","?","$","?","E","M","?","T","R","M","M","?","M","R","B",null,"M","?","M","M","$","E","M","?","T","?","$","M","R","M","R","B",null],"character_chosen":"HERMIT","items_purchased":["hermit:Roulette","hermit:Enervate","Medical Kit","Metamorphosis","Bronze Scales","hermit:Manifest","hermit:Shortfuse"],"campfire_rested":3,"item_purchase_floors":[7,7,39,39,39,45,45],"current_hp_per_floor":[68,68,67,67,64,64,64,64,64,60,60,60,60,60,60,46,68,66,65,65,65,65,51,51,51,58,75,75,75,63,63,63,54,80,77,77,62,60,60,21,29,29,29,29,29,41,65,65,80,13],"gold":33,"neow_bonus":"THREE_RARE_CARDS","is_daily":false,"chose_seed":false,"campfire_upgraded":3,"win_rate":0.0,"timestamp":1611183976,"path_taken":["M","?","M","?","M","R","$","?","T","M","?","?","M","$","R","BOSS","M","M","?","$","?","E","?","?","T","R","M","?","?","M","R","BOSS","M","?","?","M","?","E","M","?","T","?","?","M","R","?","R","BOSS"],"items_purchased_type":["Card","Card","Relic","Card","Relic","Card","Card"],"build_version":"2020-12-22","purchased_purges":3,"victory":true,"max_hp_per_floor":[68,68,68,68,68,68,68,68,68,68,68,68,68,68,68,68,68,68,68,68,68,68,68,68,68,75,75,75,75,75,75,75,75,80,80,80,80,80,80,80,80,80,80,80,80,80,80,80,80,80],"card_choices":[{"not_picked":["hermit:Roughhouse","hermit:FromBeyond"],"picked":"hermit:EternalForm","floor":0},{"not_picked":["hermit:EyeOfTheStorm","hermit:Feint"],"picked":"hermit:Roulette","floor":1},{"not_picked":["hermit:Vantage","hermit:Feint","hermit:Headshot"],"picked":"SKIP","floor":3},{"not_picked":["hermit:Gambit","hermit:WideOpen","hermit:Glare"],"picked":"SKIP","floor":5},{"not_picked":["hermit:Enervate","hermit:TakeAim"],"picked":"hermit:Manifest","floor":10},{"not_picked":["hermit:Scavenge","hermit:Headshot","hermit:Ricochet"],"picked":"SKIP","floor":11},{"not_picked":["hermit:TrackingShot","hermit:WideOpen"],"picked":"hermit:ItchyTrigger","floor":13},{"not_picked":["hermit:HighNoon","hermit:Dissolve"],"picked":"hermit:Adapt","floor":16},{"not_picked":["hermit:HoleUp","hermit:Quickdraw","hermit:Glare"],"picked":"SKIP","floor":18},{"not_picked":["hermit:Ricochet","hermit:Gestalt+1"],"picked":"hermit:NoHoldsBarred+1","floor":19},{"not_picked":["hermit:Magnum","hermit:WideOpen"],"picked":"hermit:Manifest","floor":23},{"not_picked":["hermit:Coalescence+1","hermit:Grudge","hermit:Spite+1"],"picked":"SKIP","floor":24},{"not_picked":["hermit:Glare","hermit:Desperado","hermit:Cheat"],"picked":"SKIP","floor":28},{"not_picked":["hermit:Midnight","hermit:Ricochet","hermit:Maintenance"],"picked":"SKIP","floor":29},{"not_picked":["hermit:Grudge+1","hermit:BodyArmor","hermit:Snipe"],"picked":"SKIP","floor":31},{"not_picked":["hermit:BlackWind","hermit:Dissolve"],"picked":"hermit:HeroicBravado","floor":33},{"not_picked":["hermit:HighCaliber+1","hermit:BigShot"],"picked":"hermit:ItchyTrigger","floor":34},{"not_picked":["hermit:HighCaliber+1","hermit:Quickdraw","hermit:Glare+1"],"picked":"SKIP","floor":35},{"not_picked":["hermit:TakeAim","hermit:SprayPray","hermit:Snipe"],"picked":"SKIP","floor":37},{"not_picked":["hermit:Headshot+1","hermit:HighCaliber+1"],"picked":"hermit:Shortfuse","floor":38},{"not_picked":["hermit:CursedWeapon+1","hermit:Magnum","hermit:TrackingShot"],"picked":"SKIP","floor":40},{"not_picked":["hermit:Dive+1","hermit:TakeAim"],"picked":"hermit:Roulette+1","floor":41},{"not_picked":["hermit:Glare+1","hermit:BodyArmor+1","hermit:Misfire+1"],"picked":"SKIP","floor":46}],"player_experience":336429,"relics_obtained":[{"floor":4,"key":"Potion Belt"},{"floor":9,"key":"aspiration:FrozenJewel"},{"floor":17,"key":"aspiration:Lifesprig"},{"floor":17,"key":"Meat on the Bone"},{"floor":17,"key":"Dead Branch"},{"floor":23,"key":"Ornamental Fan"},{"floor":26,"key":"Strawberry"},{"floor":40,"key":"Bottled Tornado"},{"floor":43,"key":"Bag of Preparation"}],"event_choices":[{"damage_healed":0,"gold_gain":0,"player_choice":"Grow","damage_taken":0,"max_hp_gain":0,"max_hp_loss":0,"event_name":"Living Wall","floor":2,"gold_loss":0,"cards_upgraded":["hermit:EternalForm"]},{"cards_removed":["hermit:Strike_Hermit"],"damage_healed":0,"gold_gain":0,"player_choice":"Card Removal","damage_taken":0,"max_hp_gain":0,"max_hp_loss":0,"event_name":"The Cleric","floor":8,"gold_loss":50},{"damage_healed":0,"gold_gain":0,"player_choice":"Box","damage_taken":0,"relics_obtained":["aspiration:HatOfInfinitePower"],"max_hp_gain":0,"max_hp_loss":0,"event_name":"Big Fish","floor":12,"gold_loss":0,"cards_obtained":["Regret"]},{"cards_removed":["hermit:Strike_Hermit"],"damage_healed":0,"gold_gain":0,"player_choice":"Elegance","damage_taken":0,"max_hp_gain":0,"max_hp_loss":0,"event_name":"Back to Basics","floor":20,"gold_loss":0},{"damage_healed":0,"gold_gain":0,"player_choice":"Opened","damage_taken":0,"relics_obtained":["Akabeko"],"max_hp_gain":0,"max_hp_loss":0,"event_name":"The Mausoleum","floor":22,"gold_loss":0,"cards_obtained":["Writhe"]},{"damage_healed":0,"gold_gain":275,"player_choice":"Desecrate","damage_taken":0,"max_hp_gain":0,"max_hp_loss":0,"event_name":"Golden Shrine","floor":25,"gold_loss":0,"cards_obtained":["Regret"]},{"damage_healed":0,"gold_gain":0,"player_choice":"CARD ","damage_taken":12,"max_hp_gain":0,"max_hp_loss":0,"event_name":"Knowing Skull","floor":30,"potions_obtained":[],"gold_loss":0,"cards_obtained":["Blind"]},{"cards_removed":["Blind"],"damage_healed":0,"gold_gain":0,"player_choice":"Removed Skill","damage_taken":0,"max_hp_gain":0,"max_hp_loss":0,"event_name":"Falling","floor":42,"gold_loss":0},{"damage_healed":0,"gold_gain":0,"player_choice":"Ignored","damage_taken":0,"max_hp_gain":0,"max_hp_loss":0,"event_name":"OrinTheCat","floor":44,"gold_loss":0}],"is_beta":false,"boss_relics":[{"not_picked":["bronze:MakeshiftBattery","aspiration:RunicSpoon"],"picked":"Calling Bell"},{"not_picked":["Fusion Hammer","SacredBark"],"picked":"Tiny House"}],"items_purged_floors":[14,21,39],"is_endless":false,"potions_floor_spawned":[3,16,18,19,24,28,31,35,41,46,48],"ascension_level":0}}