{"host":"rjbqai8ni6dsiu37","time":1611148641,"event":{"mods":["100% Spire Juice","BaseMod","CapriCore","Lobotomy","Minty Spire (QoL Compilation)","StSLib","The Poker Player","WarShipGirlsR/??á´Ò³R mod"],"gold_per_floor":[90,90,90,107,117,117,31,31,91,91,91,38,61,61,61,165,165,181,201,212,212,222,249,249,269,269,303,315,315,230,262,262,366,366,379,181,208,221,221,246,126,158,181,181,209,222,248,264,264,264,264,264,38,65,65],"floor_reached":56,"language":"KOR","playtime":1721,"items_purged":["Moonworks:Wanted+1","Moonworks:Strike+1"],"score":1779,"play_id":"6df4dc7b-2181-49ba-aace-3ebb46c1a897","local_time":"20210120221721","is_ascension_mode":true,"campfire_choices":[{"data":"Moonworks:Ambush","floor":6.0,"key":"SMITH"},{"data":"Moonworks:LongDistanceShot","floor":10.0,"key":"SMITH"},{"data":"Moonworks:EvilSpyWorkPreparation","floor":15.0,"key":"SMITH"},{"data":"Moonworks:Wanted","floor":24.0,"key":"SMITH"},{"data":"1","floor":32.0,"key":"LIFT"},{"floor":41.0,"key":"RECALL"},{"data":"2","floor":44.0,"key":"LIFT"},{"data":"3","floor":49.0,"key":"LIFT"},{"data":"Moonworks:EvilSpyWorkPreparation","floor":52.0,"key":"SMITH"}],"circlet_count":0,"master_deck":["Moonworks:Strike+1","Moonworks:Strike+1","Moonworks:Strike+1","Moonworks:Defend+1","Moonworks:Defend+1","Moonworks:Defend+1","Moonworks:Defend+1","Moonworks:Ambush+1","Moonworks:LongDistanceShot+1","Moonworks:NicePresent","Moonworks:NicePresent+1","Moonworks:Dash","Moonworks:EvilSpyWorkPreparation+1","Moonworks:PlushieMaster","Moonworks:JonathanRush+1","Moonworks:CloudOfSeagulls+1","Moonworks:Gamble","Moonworks:ScrambledEve+1","Moonworks:Accelerator+1","Moonworks:NicePresent+1","Moonworks:EvilSpyWorkPreparation+1","Moonworks:AnotherUltimateWeapon+1","Moonworks:AwakeningOfTalent"],"relics":["Moonworks:BrokenBomb","Moonworks:Homemark","CaptainsWheel","Matryoshka","Lizard Tail","Blood Vial","Old Coin","War Paint","Strawberry","Tiny Chest","Black Star","MutagenicStrength","PreservedInsect","Happy Flower","Smiling Mask","Sundial","Girya","Frozen Egg 2","Orichalcum","SlaversCollar","Orrery","Boot","Regal Pillow","Letter Opener","Mercury Hourglass","Mummified Hand","Vajra","Darkstone Periapt","Bag of Preparation","Nunchaku","Pen Nib","HornCleat","Moonworks:LittleGull"],"acts_visited":["Exordium","TheCity","TheBeyond","TheEnding"],"potions_floor_usage":[55,55,55,55,55,55],"damage_taken":[{"damage":4.0,"enemies":"Cultist","floor":1.0,"turns":4.0},{"damage":0.0,"enemies":"Small Slimes","floor":4.0,"turns":4.0},{"damage":0.0,"enemies":"Jaw Worm","floor":5.0,"turns":3.0},{"damage":16.0,"enemies":"Gremlin Nob","floor":7.0,"turns":3.0},{"damage":33.0,"enemies":"The Guardian","floor":16.0,"turns":8.0},{"damage":0.0,"enemies":"3 Byrds","floor":18.0,"turns":3.0},{"damage":5.0,"enemies":"Shell Parasite","floor":19.0,"turns":3.0},{"damage":0.0,"enemies":"Snecko","floor":20.0,"turns":3.0},{"damage":0.0,"enemies":"Sentry and Sphere","floor":22.0,"turns":3.0},{"damage":10.0,"enemies":"Book of Stabbing","floor":23.0,"turns":4.0},{"damage":5.0,"enemies":"Chosen and Byrds","floor":25.0,"turns":3.0},{"damage":17.0,"enemies":"Slavers","floor":27.0,"turns":3.0},{"damage":4.0,"enemies":"Shelled Parasite and Fungi","floor":28.0,"turns":3.0},{"damage":0.0,"enemies":"Book of Stabbing","floor":31.0,"turns":2.0},{"damage":0.0,"enemies":"Collector","floor":33.0,"turns":2.0},{"damage":0.0,"enemies":"3 Shapes","floor":35.0,"turns":4.0},{"damage":1.0,"enemies":"Orb Walker","floor":38.0,"turns":2.0},{"damage":0.0,"enemies":"Giant Head","floor":40.0,"turns":1.0},{"damage":0.0,"enemies":"Reptomancer","floor":42.0,"turns":2.0},{"damage":0.0,"enemies":"Giant Head","floor":45.0,"turns":4.0},{"damage":3.0,"enemies":"3 Darklings","floor":46.0,"turns":2.0},{"damage":0.0,"enemies":"Nemesis","floor":47.0,"turns":1.0},{"damage":0.0,"enemies":"Transient","floor":48.0,"turns":1.0},{"damage":19.0,"enemies":"Awakened One","floor":50.0,"turns":6.0},{"damage":0.0,"enemies":"Shield and Spear","floor":54.0,"turns":2.0},{"damage":54,"enemies":"The Heart","floor":55,"turns":5}],"seed_played":"7469731187102627501","potions_obtained":[{"floor":7.0,"key":"EntropicBrew"},{"floor":16.0,"key":"Weak Potion"},{"floor":22.0,"key":"DistilledChaos"},{"floor":27.0,"key":"Strength Potion"},{"floor":31.0,"key":"Fire Potion"},{"floor":33.0,"key":"FairyPotion"},{"floor":35.0,"key":"Fruit Juice"},{"floor":40.0,"key":"Fire Potion"},{"floor":46.0,"key":"Explosive Potion"},{"floor":54.0,"key":"DuplicationPotion"}],"is_trial":false,"path_per_floor":["M","T","?","M","M","R","E","$","T","R","?","$","T","$","R","B",null,"M","M","M","?","M","E","R","M","T","E","M","?","?","E","R","B",null,"M","$","T","M","?","E","R","E","T","R","E","M","E","M","R","B",null,"R","$","E","B",null],"character_chosen":"THE_STARBREAKER","items_purchased":["Moonworks:EvilSpyWorkPreparation","Orrery","LiquidMemories","EntropicBrew"],"campfire_rested":0,"item_purchase_floors":[12,36,53,53],"current_hp_per_floor":[56,56,49,49,49,49,33,33,33,33,33,33,40,40,40,9,67,67,62,64,64,66,57,57,54,54,39,37,37,37,39,39,41,67,72,72,72,71,71,72,72,72,72,72,72,69,71,72,72,53,72,72,72,72,25],"gold":65,"neow_bonus":"HUNDRED_GOLD","is_daily":false,"chose_seed":false,"campfire_upgraded":5,"win_rate":0.0,"timestamp":1611148641,"path_taken":["M","?","?","M","M","R","E","?","T","R","?","$","?","$","R","BOSS","M","M","M","?","M","E","R","M","T","E","M","?","?","E","R","BOSS","M","$","?","M","?","E","R","E","T","R","E","M","E","?","R","BOSS","R","$","E","BOSS"],"items_purchased_type":["Card","Relic","Potion","Potion"],"build_version":"2020-12-22","purchased_purges":2,"victory":true,"max_hp_per_floor":[60,60,60,60,60,60,60,60,60,60,60,60,67,67,67,67,67,67,67,67,67,67,67,67,67,67,67,67,67,67,67,67,67,67,72,72,72,72,72,72,72,72,72,72,72,72,72,72,72,72,72,72,72,72,72],"card_choices":[{"not_picked":["Moonworks:EvilSpyWorkPreparation","Moonworks:Assault"],"picked":"Moonworks:NicePresent","floor":1.0},{"not_picked":["Moonworks:BindingChains","Moonworks:SakisCookie","Moonworks:DeployBits"],"picked":"SKIP","floor":4.0},{"not_picked":["Moonworks:Assault","Moonworks:SakisCookie"],"picked":"Moonworks:NicePresent","floor":5.0},{"not_picked":["Moonworks:Assault","Moonworks:ExtendedPhotonRifle"],"picked":"Moonworks:Dash","floor":7.0},{"not_picked":["Moonworks:RocketCannon","Moonworks:OutOfAmmo"],"picked":"Moonworks:PlushieMaster","floor":16.0},{"not_picked":["Moonworks:Flamethrower","Moonworks:NicePresent"],"picked":"Moonworks:JonathanRush+1","floor":18.0},{"not_picked":["Moonworks:AngelHand+1","Moonworks:LulusLuckyEgg"],"picked":"Moonworks:CloudOfSeagulls+1","floor":19.0},{"not_picked":["Moonworks:BigBangBell","Moonworks:x16BigRocket","Moonworks:ImOnFire"],"picked":"SKIP","floor":20.0},{"not_picked":["Moonworks:ImOnFire","Moonworks:BigMagnum"],"picked":"Moonworks:Wanted","floor":22.0},{"not_picked":["Moonworks:Assault+1","Moonworks:DeployBits","Moonworks:IndiscriminateFireSupport"],"picked":"SKIP","floor":23.0},{"not_picked":["Moonworks:ImOnFire","Moonworks:DevilHand"],"picked":"Moonworks:Gamble","floor":25.0},{"not_picked":["Moonworks:Dash+1","Moonworks:EvilMastermind","Moonworks:LuckyCharm"],"picked":"SKIP","floor":27.0},{"not_picked":["Moonworks:IntelligenceOfficer+1","Moonworks:Bloodlust"],"picked":"Moonworks:ScrambledEve+1","floor":28.0},{"not_picked":["Moonworks:Flamethrower","Moonworks:IndiscriminateFireSupport","Moonworks:EvilMastermind"],"picked":"SKIP","floor":31.0},{"not_picked":["Moonworks:Blazing+1","Moonworks:RocketCannon"],"picked":"Moonworks:Accelerator+1","floor":33.0},{"not_picked":["Moonworks:ImOnFire","Moonworks:Assault","Moonworks:BigBangBell+1"],"picked":"SKIP","floor":35.0},{"not_picked":["Moonworks:CloudOfSeagulls+1","Moonworks:Assault+1"],"picked":"Moonworks:NicePresent+1","floor":36.0},{"not_picked":["Moonworks:SakisCookie","Moonworks:CloudOfSeagulls+1"],"picked":"Moonworks:EvilSpyWorkPreparation","floor":38.0},{"not_picked":["Moonworks:DeployBits","Moonworks:SealedMemories+1","Moonworks:ImOnFire+1"],"picked":"SKIP","floor":40.0},{"not_picked":["Moonworks:SakisCookie","Moonworks:NicePresent+1"],"picked":"Moonworks:AnotherUltimateWeapon+1","floor":42.0},{"not_picked":["Moonworks:SweetBattle+1","Moonworks:Heat300Percent","Moonworks:DeployBits+1"],"picked":"SKIP","floor":45.0},{"not_picked":["Moonworks:BigBangBell+1","Moonworks:LulusLuckyEgg+1","Moonworks:MixPhenomenon+1"],"picked":"SKIP","floor":46.0},{"not_picked":["Moonworks:Bloodlust","Moonworks:IndiscriminateFireSupport"],"picked":"Moonworks:AwakeningOfTalent","floor":47.0},{"not_picked":["Moonworks:BindingChains","Moonworks:FullSpeedAlicianrone+1","Moonworks:IndiscriminateFireSupport+1"],"picked":"SKIP","floor":48.0},{"not_picked":["Moonworks:IndiscriminateFireSupport+1","Moonworks:AwakeningOfTalent","Moonworks:ImOnFire"],"picked":"SKIP","floor":54.0}],"player_experience":185716,"relics_obtained":[{"floor":2.0,"key":"CaptainsWheel"},{"floor":7.0,"key":"Lizard Tail"},{"floor":9.0,"key":"Blood Vial"},{"floor":9.0,"key":"Old Coin"},{"floor":13.0,"key":"Strawberry"},{"floor":13.0,"key":"Tiny Chest"},{"floor":23.0,"key":"PreservedInsect"},{"floor":23.0,"key":"Happy Flower"},{"floor":27.0,"key":"Smiling Mask"},{"floor":27.0,"key":"Sundial"},{"floor":31.0,"key":"Frozen Egg 2"},{"floor":31.0,"key":"Orichalcum"},{"floor":37.0,"key":"Boot"},{"floor":40.0,"key":"Regal Pillow"},{"floor":40.0,"key":"Letter Opener"},{"floor":42.0,"key":"Mercury Hourglass"},{"floor":42.0,"key":"Mummified Hand"},{"floor":43.0,"key":"Vajra"},{"floor":45.0,"key":"Darkstone Periapt"},{"floor":45.0,"key":"Bag of Preparation"},{"floor":47.0,"key":"Nunchaku"},{"floor":47.0,"key":"Pen Nib"},{"floor":54.0,"key":"HornCleat"},{"floor":54.0,"key":"Moonworks:LittleGull"}],"event_choices":[{"damage_healed":0.0,"max_hp_gain":0.0,"max_hp_loss":0.0,"gold_gain":0.0,"event_name":"Scrap Ooze","player_choice":"Success","floor":3.0,"gold_loss":0.0,"damage_taken":7.0,"relics_obtained":["Matryoshka"]},{"damage_healed":0.0,"max_hp_gain":0.0,"max_hp_loss":0.0,"gold_gain":0.0,"event_name":"Dead Adventurer","player_choice":"Searched \u00271\u0027 times","floor":11.0,"gold_loss":0.0,"damage_taken":0.0,"relics_obtained":["War Paint"]},{"damage_healed":0.0,"max_hp_gain":0.0,"max_hp_loss":0.0,"gold_gain":0.0,"event_name":"Drug Dealer","player_choice":"Inject Mutagens","floor":21.0,"gold_loss":0.0,"damage_taken":0.0,"relics_obtained":["MutagenicStrength"]},{"damage_healed":0.0,"max_hp_gain":0.0,"max_hp_loss":0.0,"gold_gain":0.0,"event_name":"Back to Basics","player_choice":"Simplicity","floor":29.0,"gold_loss":0.0,"damage_taken":0.0,"cards_upgraded":["Moonworks:Strike","Moonworks:Strike","Moonworks:Strike","Moonworks:Strike","Moonworks:Defend","Moonworks:Defend","Moonworks:Defend"]},{"damage_healed":0.0,"max_hp_gain":0.0,"max_hp_loss":0.0,"gold_gain":0.0,"event_name":"Addict","player_choice":"Obtained Relic","floor":30.0,"gold_loss":85.0,"damage_taken":0.0,"relics_obtained":["Girya"]},{"damage_healed":0.0,"max_hp_gain":0.0,"max_hp_loss":0.0,"gold_gain":0.0,"event_name":"The Woman in Blue","player_choice":"Bought 0 Potions","floor":39.0,"gold_loss":0.0,"damage_taken":0.0}],"is_beta":false,"boss_relics":[{"not_picked":["Cursed Key","Ectoplasm"],"picked":"Black Star"},{"not_picked":["Astrolabe","Runic Pyramid"],"picked":"SlaversCollar"}],"items_purged_floors":[36,53],"is_endless":false,"potions_floor_spawned":[7,16,22,27,31,33,35,40,46,54],"ascension_level":3}}