{"host":"wogey4gsknv4ot2d","time":1611136781,"event":{"mods":["2.2 Compatiblity","AchievementEnabler","Act Like it!","Alarm Clock","BaseMod","Bestiary","Better Match","Better Third Choice","Colored Map","Colored Powertips","Googly Eyes","Key Reminder","Minty Spire (QoL Compilation)","Permanent Neow","Rare Cards Sparkle","Relic Stats","StSLib"],"gold_per_floor":[116,116,128,138,151,151,186,6,29,29,29,42,68,79,79,184,184,195,46,46,145,169,169,169],"floor_reached":23,"language":"ENG","playtime":654,"items_purged":[],"score":235,"play_id":"524d0dc4-466c-4f8d-a2ab-cc2de440d968","local_time":"20210120035941","is_ascension_mode":true,"campfire_choices":[{"floor":6,"key":"RECALL"},{"data":"Flame Barrier","floor":11,"key":"SMITH"},{"data":"Hemokinesis","floor":15,"key":"SMITH"}],"circlet_count":0,"master_deck":["Strike_R","Strike_R","Strike_R","Strike_R","Strike_R","Defend_R+1","Defend_R","Defend_R","Defend_R+1","Bash","Thunderclap+1","Sword Boomerang","Flame Barrier+1","Iron Wave","Dropkick","Hemokinesis+1","Heavy Blade","Heavy Blade","Armaments","Double Tap","Perfected Strike+1","J.A.X."],"relics":["Black Blood","Nunchaku","PreservedInsect","War Paint","Regal Pillow","Centennial Puzzle"],"acts_visited":["Exordium","TheCity"],"potions_floor_usage":[7,13,13,13],"damage_taken":[{"damage":6,"enemies":"2 Louse","floor":1,"turns":3},{"damage":6,"enemies":"Cultist","floor":3,"turns":3},{"damage":7,"enemies":"Small Slimes","floor":4,"turns":3},{"damage":15,"enemies":"Gremlin Gang","floor":5,"turns":3},{"damage":23,"enemies":"3 Sentries","floor":7,"turns":7},{"damage":9,"enemies":"Blue Slaver","floor":12,"turns":3},{"damage":2,"enemies":"Gremlin Nob","floor":13,"turns":2},{"damage":4,"enemies":"Large Slime","floor":14,"turns":5},{"damage":72,"enemies":"Slime Boss","floor":16,"turns":15},{"damage":28,"enemies":"Spheric Guardian","floor":18,"turns":5},{"damage":81,"enemies":"Slavers","floor":23,"turns":4}],"seed_played":"4648859212504704148","potions_obtained":[{"floor":0,"key":"Fire Potion"},{"floor":0,"key":"SkillPotion"},{"floor":0,"key":"BloodPotion"},{"floor":7,"key":"CultistPotion"}],"is_trial":false,"path_per_floor":["M","?","M","M","M","R","E","$","T","?","R","M","E","M","R","B",null,"M","$","?","?","T","E"],"character_chosen":"IRONCLAD","items_purchased":["PreservedInsect","Hemokinesis","Regal Pillow"],"campfire_rested":0,"item_purchase_floors":[8,8,19],"current_hp_per_floor":[80,80,80,79,70,70,69,69,69,80,80,77,80,80,80,14,80,64,64,64,64,64,0,0],"gold":169,"neow_bonus":"THREE_SMALL_POTIONS","is_daily":false,"chose_seed":false,"campfire_upgraded":2,"win_rate":0.0,"timestamp":1611136781,"path_taken":["M","?","?","M","M","R","E","$","T","?","R","?","E","M","R","BOSS","M","$","?","?","?","E"],"items_purchased_type":["Relic","Card","Relic"],"build_version":"2020-12-22","purchased_purges":0,"victory":false,"max_hp_per_floor":[80,80,80,80,80,80,80,80,80,80,80,80,80,80,80,80,80,80,80,80,80,80,80,80],"relic_stats":{"Nunchaku":[6],"Regal Pillow":0,"Centennial Puzzle":[3],"counters":[11,53],"Black Blood":63,"PreservedInsect":60,"War Paint":["Defend_R","Defend_R"],"obtain_stats":[{"keyreminder:keyreminder":6,"Nunchaku":7,"Regal Pillow":19,"Centennial Puzzle":22,"Black Blood":17,"PreservedInsect":8,"War Paint":13,"Burning Blood":0},{"keyreminder:keyreminder":4,"Nunchaku":5,"Regal Pillow":10,"Centennial Puzzle":10,"Black Blood":9,"PreservedInsect":5,"War Paint":7,"Burning Blood":0},{"keyreminder:keyreminder":12,"Nunchaku":19,"Regal Pillow":49,"Centennial Puzzle":49,"Black Blood":44,"PreservedInsect":19,"War Paint":24,"Burning Blood":0}]},"card_choices":[{"not_picked":["Cleave","Twin Strike"],"picked":"Thunderclap","floor":1},{"not_picked":["Body Slam","Burning Pact"],"picked":"Sword Boomerang","floor":3},{"not_picked":["Wild Strike","Thunderclap"],"picked":"Flame Barrier","floor":4},{"not_picked":["Juggernaut","Rage"],"picked":"Iron Wave","floor":5},{"not_picked":["Burning Pact","Metallicize"],"picked":"Dropkick","floor":7},{"not_picked":["Burning Pact","Infernal Blade"],"picked":"Heavy Blade","floor":12},{"not_picked":["Wild Strike","Disarm"],"picked":"Heavy Blade","floor":13},{"not_picked":["Pummel","Infernal Blade"],"picked":"Armaments","floor":14},{"not_picked":["Berserk","Corruption"],"picked":"Double Tap","floor":16},{"not_picked":["Headbutt","Infernal Blade"],"picked":"Perfected Strike+1","floor":18}],"player_experience":64716,"relics_obtained":[{"floor":7,"key":"Nunchaku"},{"floor":13,"key":"War Paint"},{"floor":22,"key":"Centennial Puzzle"}],"event_choices":[{"damage_healed":0,"gold_gain":0,"player_choice":"Forge","damage_taken":0,"max_hp_gain":0,"max_hp_loss":0,"event_name":"Accursed Blacksmith","floor":2,"gold_loss":0,"cards_upgraded":["Thunderclap"]},{"damage_healed":11,"gold_gain":0,"player_choice":"Full Heal","damage_taken":0,"max_hp_gain":0,"max_hp_loss":0,"event_name":"Wheel of Change","floor":10,"gold_loss":0},{"damage_healed":0,"gold_gain":0,"player_choice":"Obtain J.A.X.","damage_taken":0,"max_hp_gain":0,"max_hp_loss":0,"event_name":"Drug Dealer","floor":20,"gold_loss":0,"cards_obtained":["J.A.X."]},{"damage_healed":0,"gold_gain":99,"player_choice":"Steal","damage_taken":0,"max_hp_gain":0,"max_hp_loss":0,"event_name":"betterThird:BetterNest","floor":21,"gold_loss":0}],"is_beta":false,"boss_relics":[{"not_picked":["Astrolabe","Cursed Key"],"picked":"Black Blood"}],"items_purged_floors":[],"is_endless":false,"potions_floor_spawned":[1,7,12],"killed_by":"Slavers","ascension_level":1}}