{"host":"n91w9dq5l8qws978","time":1611148618,"event":{"mods":["BaseMod","Bestiary","Challenge The Spire","Custom Start","Defuse TimeMaze Blight","Keyboard Shortcuts","Minty Spire (QoL Compilation)","MonsterHotkey","Relic Stats","StSLib","Uncapped"],"gold_per_floor":[118,130,147,13,27,58,58,58,58],"floor_reached":8,"language":"ENG","playtime":446,"items_purged":[],"score":99,"play_id":"804a5160-1909-4080-9eb5-a1a65b725e93","local_time":"20210120131658","is_ascension_mode":true,"campfire_choices":[{"data":"Tactician","floor":7,"key":"SMITH"}],"circlet_count":0,"master_deck":["AscendersBane","Strike_G","Strike_G","Strike_G","Strike_G","Strike_G","Defend_G","Defend_G","Defend_G","Defend_G","Defend_G","Survivor","Neutralize","Skewer","Tactician+1","Bouncing Flask","Well Laid Plans","Backflip","Acrobatics","Eviscerate"],"relics":["Ring of the Snake","Strawberry"],"acts_visited":["Exordium"],"potions_floor_usage":[6,8],"damage_taken":[{"damage":0,"enemies":"Cultist","floor":1,"turns":5},{"damage":0,"enemies":"Small Slimes","floor":2,"turns":3},{"damage":12,"enemies":"Jaw Worm","floor":3,"turns":6},{"damage":1,"enemies":"3 Louse","floor":5,"turns":5},{"damage":30,"enemies":"Gremlin Nob","floor":6,"turns":4},{"damage":34,"enemies":"Lagavulin","floor":8,"turns":7}],"seed_played":"1020077274398545149","potions_obtained":[{"floor":1,"key":"ColorlessPotion"},{"floor":2,"key":"Poison Potion"}],"is_trial":false,"path_per_floor":["M","M","M","$","M","E","R","E"],"character_chosen":"THE_SILENT","items_purchased":["Well Laid Plans","Backflip"],"campfire_rested":0,"item_purchase_floors":[4,4],"current_hp_per_floor":[65,65,53,53,52,29,29,0,0],"gold":58,"neow_bonus":"TEN_PERCENT_HP_BONUS","is_daily":false,"chose_seed":false,"campfire_upgraded":1,"win_rate":0.0,"timestamp":1611148618,"path_taken":["M","M","M","$","M","E","R","E"],"items_purchased_type":["Card","Card"],"build_version":"2020-12-22","purchased_purges":0,"victory":false,"max_hp_per_floor":[72,72,72,72,72,79,79,79,79],"relic_stats":{"counters":[6,30],"obtain_stats":[{"Strawberry":6,"Ring of the Snake":0},{"Strawberry":5,"Ring of the Snake":0},{"Strawberry":23,"Ring of the Snake":0}],"Ring of the Snake":[12]},"card_choices":[{"not_picked":["Catalyst","Blade Dance"],"picked":"Skewer","floor":1},{"not_picked":["Endless Agony","Prepared"],"picked":"Tactician","floor":2},{"not_picked":["Underhanded Strike","Concentrate"],"picked":"Bouncing Flask","floor":3},{"not_picked":["Flying Knee","Burst"],"picked":"Acrobatics","floor":5},{"not_picked":["Blur","Backstab"],"picked":"Eviscerate","floor":6}],"player_experience":399080,"relics_obtained":[{"floor":6,"key":"Strawberry"}],"event_choices":[],"is_beta":false,"boss_relics":[],"items_purged_floors":[],"is_endless":false,"potions_floor_spawned":[1,2,5],"killed_by":"Lagavulin","ascension_level":14}}