{"host":"q206iib20se9i6w7","time":1611105129,"event":{"mods":["AchievementEnabler","BaseMod","Bestiary","Block Reminder","Colored Map","Colored Powertips","Curses Come First","Highlight Path","Key Reminder","Minty Spire (QoL Compilation)","Quick Restart","Random Character Button","Relic Stats","StSLib","SuperFastMode","Unceasing Turn Reminder"],"gold_per_floor":[110,34,34,49,49,79,96,130,130,130,130,141,174,29,29,125,125,137,62,62,62,80,80,112,112,112,112,124,151,180,211,211,310,310,322,367,217,234,244,277,288,288,338,338,366,380,36,54,54,54,54,54,4,30,30],"floor_reached":56,"language":"ENG","playtime":4967,"items_purged":["Strike_P","Defend_P"],"score":1798,"play_id":"bb5247ed-6b6b-45ea-a531-0ee9b73fcf3a","local_time":"20210119191209","is_ascension_mode":true,"campfire_choices":[{"data":"Eruption","floor":10.0,"key":"SMITH"},{"data":"CrushJoints","floor":15.0,"key":"SMITH"},{"data":"Wallop","floor":23,"key":"SMITH"},{"data":"Tantrum","floor":25,"key":"SMITH"},{"data":"EmptyMind","floor":27,"key":"SMITH"},{"data":"Scrawl","floor":32,"key":"SMITH"},{"floor":42,"key":"REST"},{"data":"DevaForm","floor":44,"key":"SMITH"},{"floor":49,"key":"RECALL"},{"data":"Protect","floor":52,"key":"SMITH"}],"circlet_count":0,"master_deck":["Strike_P+1","Strike_P+1","Defend_P+1","Defend_P+1","Eruption+1","Vigilance+1","FearNoEvil+1","Wallop+1","Consecrate+1","CrushJoints+1","DeceiveReality+1","Halt+1","EmptyMind+1","LessonLearned+1","Establishment+1","CurseOfTheBell","DeceiveReality+1","Study+1","Wireheading+1","Tantrum+1","ThirdEye+1","CutThroughFate+1","Crescendo+1","Scrawl+1","DevaForm","Weave+1","BattleHymn+1","Protect+1","ClearTheMind+1","InnerPeace+1","DevaForm+1","Vengeance","EmptyFist+1","ThirdEye+1"],"relics":["PureWater","NeowsBlessing","CloakClasp","Pantograph","HornCleat","TeardropLocket","HandDrill","Calling Bell","Ice Cream","Sundial","Lantern","Pen Nib","Regal Pillow","Red Mask","Torii","VioletLotus","Incense Burner","PreservedInsect","Blood Vial","Bag of Preparation","Kunai","Ginger"],"acts_visited":["Exordium","TheCity","TheBeyond","TheEnding"],"potions_floor_usage":[24,30,30,36,38,50,54,55,55],"damage_taken":[{"damage":0.0,"enemies":"Cultist","floor":1.0,"turns":1.0},{"damage":0.0,"enemies":"2 Louse","floor":4.0,"turns":1.0},{"damage":0.0,"enemies":"Lagavulin","floor":6.0,"turns":1.0},{"damage":0.0,"enemies":"Small Slimes","floor":7.0,"turns":2.0},{"damage":4.0,"enemies":"Gremlin Nob","floor":8.0,"turns":4.0},{"damage":6.0,"enemies":"Exordium Thugs","floor":12.0,"turns":4.0},{"damage":0.0,"enemies":"Lagavulin","floor":13.0,"turns":9.0},{"damage":0.0,"enemies":"Slime Boss","floor":16.0,"turns":5.0},{"damage":0,"enemies":"2 Thieves","floor":18,"turns":4},{"damage":0,"enemies":"3 Byrds","floor":22,"turns":6},{"damage":0,"enemies":"Gremlin Leader","floor":24,"turns":7},{"damage":0,"enemies":"Sentry and Sphere","floor":28,"turns":3},{"damage":3,"enemies":"Slavers","floor":29,"turns":6},{"damage":11,"enemies":"Masked Bandits","floor":30,"turns":3},{"damage":14,"enemies":"Gremlin Leader","floor":31,"turns":4},{"damage":1,"enemies":"Collector","floor":33,"turns":15},{"damage":0,"enemies":"3 Darklings","floor":35,"turns":5},{"damage":6,"enemies":"2 Orb Walkers","floor":36,"turns":3},{"damage":6,"enemies":"Orb Walker","floor":38,"turns":3},{"damage":12,"enemies":"4 Shapes","floor":39,"turns":5},{"damage":0,"enemies":"Giant Head","floor":40,"turns":6},{"damage":1,"enemies":"Writhing Mass","floor":41,"turns":7},{"damage":12,"enemies":"Nemesis","floor":45,"turns":5},{"damage":15,"enemies":"Jaw Worm Horde","floor":46,"turns":3},{"damage":0,"enemies":"Maw","floor":48,"turns":5},{"damage":21,"enemies":"Time Eater","floor":50,"turns":8},{"damage":22,"enemies":"Shield and Spear","floor":54,"turns":4},{"damage":64,"enemies":"The Heart","floor":55,"turns":10}],"seed_played":"8567240803286903306","potions_obtained":[{"floor":1.0,"key":"Regen Potion"},{"floor":7.0,"key":"SkillPotion"},{"floor":11.0,"key":"FearPotion"},{"floor":11.0,"key":"EssenceOfSteel"},{"floor":11.0,"key":"Regen Potion"},{"floor":13.0,"key":"CultistPotion"},{"floor":18,"key":"Block Potion"},{"floor":29,"key":"LiquidMemories"},{"floor":35,"key":"Block Potion"},{"floor":39,"key":"EssenceOfSteel"},{"floor":40,"key":"ColorlessPotion"},{"floor":46,"key":"DistilledChaos"},{"floor":54,"key":"Fire Potion"}],"is_trial":false,"path_per_floor":["M","$","?","M","?","E","M","E","T","R","?","M","E","$","R","B",null,"M","?","?","?","M","R","E","R","T","R","M","E","?","E","R","B",null,"M","?","$","M","M","E","M","R","T","R","E","M","$","M","R","B",null,"R","$","E","B",null],"character_chosen":"WATCHER","items_purchased":["Wallop","HandDrill","GamblersBrew","Kunai","Swift Potion"],"campfire_rested":1,"item_purchase_floors":[2,14,37,47,53],"current_hp_per_floor":[65,65,51,51,51,51,51,47,47,47,47,41,41,41,41,66,71,71,71,71,71,71,71,71,71,71,71,71,68,57,43,43,67,71,71,65,65,59,47,47,46,72,72,72,60,47,47,49,49,51,67,67,67,47,8],"gold":30,"neow_bonus":"THREE_ENEMY_KILL","is_daily":false,"chose_seed":false,"campfire_upgraded":8,"win_rate":0.0,"timestamp":1611105129,"path_taken":["M","$","?","M","?","E","M","E","T","R","?","?","E","?","R","BOSS","M","?","?","?","M","R","E","R","T","R","?","E","?","E","R","BOSS","M","?","?","M","M","E","M","R","T","R","E","?","$","M","R","BOSS","R","$","E","BOSS"],"items_purchased_type":["Card","Relic","Potion","Relic","Potion"],"build_version":"2020-12-22","purchased_purges":2,"victory":true,"max_hp_per_floor":[72,72,72,72,72,72,72,72,72,72,72,72,72,72,72,72,72,72,72,72,72,72,72,72,72,72,72,72,72,72,72,72,72,72,72,72,72,72,72,72,72,72,72,72,72,72,72,72,72,72,72,72,72,72,72],"relic_stats":{"Regal Pillow":5,"Torii":15,"counters":[28,139],"Pen Nib":[24],"PreservedInsect":127,"CloakClasp":[461],"Bag of Preparation":[10],"Ginger":[2],"Blood Vial":10,"Sundial":[18],"Pantograph":94,"VioletLotus":[31],"HandDrill":[56],"Kunai":[23],"obtain_stats":[{"Ice Cream":17,"Lantern":17,"Regal Pillow":29,"NeowsBlessing":0,"Torii":31,"Pen Nib":24,"PreservedInsect":40,"CloakClasp":6,"Incense Burner":36,"Bag of Preparation":45,"TeardropLocket":13,"Ginger":54,"keyreminder:keyreminder":13,"Calling Bell":17,"Blood Vial":43,"HornCleat":9,"Sundial":17,"Pantograph":8,"VioletLotus":34,"HandDrill":14,"Red Mask":30,"Kunai":47,"PureWater":0},{"Ice Cream":8,"Lantern":8,"Regal Pillow":13,"NeowsBlessing":0,"Torii":15,"Pen Nib":11,"PreservedInsect":21,"CloakClasp":3,"Incense Burner":18,"Bag of Preparation":23,"TeardropLocket":7,"Ginger":27,"keyreminder:keyreminder":7,"Calling Bell":8,"Blood Vial":22,"HornCleat":5,"Sundial":8,"Pantograph":5,"VioletLotus":16,"HandDrill":7,"Red Mask":14,"Kunai":24,"PureWater":0},{"Ice Cream":27,"Lantern":27,"Regal Pillow":53,"NeowsBlessing":0,"Torii":60,"Pen Nib":44,"PreservedInsect":97,"CloakClasp":3,"Incense Burner":83,"Bag of Preparation":109,"TeardropLocket":22,"Ginger":129,"keyreminder:keyreminder":22,"Calling Bell":27,"Blood Vial":104,"HornCleat":9,"Sundial":27,"Pantograph":9,"VioletLotus":75,"HandDrill":22,"Red Mask":56,"Kunai":112,"PureWater":0}]},"card_choices":[{"not_picked":["ForeignInfluence","ThirdEye"],"picked":"FearNoEvil","floor":1.0},{"not_picked":["Adaptation","ReachHeaven"],"picked":"Consecrate","floor":4.0},{"not_picked":["Adaptation","CarveReality"],"picked":"CrushJoints","floor":6.0},{"not_picked":["Weave","Collect"],"picked":"DeceiveReality","floor":7.0},{"not_picked":["FlurryOfBlows","Consecrate"],"picked":"Halt","floor":8.0},{"not_picked":["FearNoEvil","Fasting2"],"picked":"EmptyMind","floor":12.0},{"not_picked":["EmptyFist","ForeignInfluence"],"picked":"LessonLearned","floor":13.0},{"not_picked":["DevaForm","Devotion"],"picked":"Establishment","floor":16.0},{"not_picked":["EmptyBody","LikeWater"],"picked":"DeceiveReality","floor":18},{"not_picked":["WheelKick+1","Prostrate+1"],"picked":"Wireheading","floor":22},{"not_picked":["Prostrate","Vault"],"picked":"Tantrum","floor":24},{"not_picked":["FlurryOfBlows","Prostrate"],"picked":"ThirdEye","floor":28},{"not_picked":["Pray","Halt+1"],"picked":"CutThroughFate","floor":29},{"not_picked":["FlyingSleeves","Conclude"],"picked":"Crescendo","floor":30},{"not_picked":["EmptyFist","CrushJoints"],"picked":"Scrawl","floor":31},{"not_picked":["Scrawl","Devotion"],"picked":"DevaForm","floor":33},{"not_picked":["Wallop","SashWhip+1"],"picked":"Weave+1","floor":35},{"not_picked":["SignatureMove","ClearTheMind"],"picked":"BattleHymn+1","floor":36},{"not_picked":["WheelKick","SashWhip"],"picked":"Protect","floor":38},{"not_picked":["Study+1","LikeWater"],"picked":"ClearTheMind","floor":39},{"not_picked":["EmptyFist","Protect"],"picked":"InnerPeace+1","floor":40},{"not_picked":["CutThroughFate+1","Protect"],"picked":"DevaForm","floor":41},{"not_picked":["FlurryOfBlows","Consecrate+1","Perseverance"],"picked":"SKIP","floor":45},{"not_picked":["Consecrate","FlyingSleeves"],"picked":"Vengeance","floor":46},{"not_picked":["Collect+1","FlyingSleeves"],"picked":"EmptyFist+1","floor":48},{"not_picked":["ClearTheMind+1","FollowUp"],"picked":"ThirdEye+1","floor":54}],"player_experience":262596,"relics_obtained":[{"floor":6.0,"key":"CloakClasp"},{"floor":8.0,"key":"Pantograph"},{"floor":9.0,"key":"HornCleat"},{"floor":13.0,"key":"TeardropLocket"},{"floor":17,"key":"Ice Cream"},{"floor":17,"key":"Sundial"},{"floor":17,"key":"Lantern"},{"floor":24,"key":"Pen Nib"},{"floor":29,"key":"Regal Pillow"},{"floor":30,"key":"Red Mask"},{"floor":31,"key":"Torii"},{"floor":36,"key":"Incense Burner"},{"floor":40,"key":"PreservedInsect"},{"floor":43,"key":"Blood Vial"},{"floor":45,"key":"Bag of Preparation"},{"floor":54,"key":"Ginger"}],"event_choices":[{"damage_healed":0.0,"max_hp_gain":0.0,"max_hp_loss":0.0,"gold_gain":0.0,"event_name":"Shining Light","player_choice":"Entered Light","floor":3.0,"gold_loss":0.0,"damage_taken":14.0,"cards_upgraded":["Defend_P","Strike_P"]},{"damage_healed":0.0,"max_hp_gain":0.0,"max_hp_loss":0.0,"gold_gain":0.0,"event_name":"Liars Game","player_choice":"Ignored","floor":5.0,"gold_loss":0.0,"damage_taken":0.0},{"damage_healed":0.0,"max_hp_gain":0.0,"max_hp_loss":0.0,"gold_gain":0.0,"event_name":"Lab","player_choice":"Got Potions","floor":11.0,"gold_loss":0.0,"damage_taken":0.0},{"cards_removed":["Strike_P"],"damage_healed":0,"gold_gain":0,"player_choice":"Gave Gold","damage_taken":0,"max_hp_gain":0,"max_hp_loss":0,"event_name":"Beggar","floor":19,"gold_loss":75},{"damage_healed":0,"gold_gain":0,"player_choice":"Read","damage_taken":0,"max_hp_gain":0,"max_hp_loss":0,"event_name":"The Library","floor":20,"gold_loss":0,"cards_obtained":["Study"]},{"cards_removed":["Defend_P"],"damage_healed":0,"gold_gain":0,"player_choice":"Offered Basic","damage_taken":0,"max_hp_gain":0,"max_hp_loss":0,"event_name":"Bonfire Elementals","floor":21,"gold_loss":0},{"damage_healed":0,"gold_gain":0,"player_choice":"Fought Bandits","damage_taken":0,"max_hp_gain":0,"max_hp_loss":0,"event_name":"Masked Bandits","floor":30,"gold_loss":0},{"damage_healed":0,"gold_gain":0,"player_choice":"Fight","damage_taken":0,"max_hp_gain":0,"max_hp_loss":0,"event_name":"Mysterious Sphere","floor":36,"gold_loss":0}],"is_beta":false,"boss_relics":[{"not_picked":["Busted Crown","Ectoplasm"],"picked":"Calling Bell"},{"not_picked":["Coffee Dripper","Black Star"],"picked":"VioletLotus"}],"items_purged_floors":[37,47],"is_endless":false,"potions_floor_spawned":[1,7,13,16,18,29,35,39,40,46,54],"ascension_level":8}}