{"host":"xetj7e4h1njmphhb","time":1611117527,"event":{"mods":["BaseMod","Minty Spire (QoL Compilation)","SuperFastMode"],"gold_per_floor":[119,7,20,37,48,48,79,29,54,67,67,84,84,119,119,214,214,233,158,58,77,77,77,77],"floor_reached":23,"language":"ENG","playtime":902,"items_purged":["Strike_B","Strike_B"],"score":201,"play_id":"c608d6da-7046-4097-857e-a50b426c8f1b","local_time":"20210119233847","is_ascension_mode":false,"campfire_choices":[{"floor":6,"key":"REST"},{"floor":11,"key":"REST"},{"floor":15,"key":"REST"}],"circlet_count":0,"master_deck":["Zap","Dualcast","Hello World","Loop","Hologram","Ball Lightning","Coolheaded","Ball Lightning","Redo","Double Energy","Parasite","Streamline","Rainbow","Darkness+1","All For One+1","Capacitor+1","Ball Lightning","Rebound+1"],"relics":["Cracked Core","PreservedInsect","Blood Vial","Pen Nib","Astrolabe"],"acts_visited":["Exordium","TheCity"],"potions_floor_usage":[],"damage_taken":[{"damage":0,"enemies":"Cultist","floor":1,"turns":2},{"damage":17,"enemies":"Small Slimes","floor":3,"turns":4},{"damage":6,"enemies":"Jaw Worm","floor":4,"turns":3},{"damage":17,"enemies":"Looter","floor":5,"turns":3},{"damage":12,"enemies":"Lagavulin","floor":7,"turns":6},{"damage":29,"enemies":"Large Slime","floor":10,"turns":4},{"damage":13,"enemies":"Red Slaver","floor":12,"turns":2},{"damage":22,"enemies":"3 Sentries","floor":14,"turns":4},{"damage":34,"enemies":"Hexaghost","floor":16,"turns":7},{"damage":26,"enemies":"Chosen","floor":18,"turns":6},{"damage":43,"enemies":"3 Byrds","floor":21,"turns":5},{"damage":12,"enemies":"Slavers","floor":23,"turns":1}],"seed_played":"-4574318791258666471","potions_obtained":[{"floor":10,"key":"SkillPotion"},{"floor":12,"key":"EntropicBrew"},{"floor":14,"key":"Explosive Potion"},{"floor":18,"key":"Block Potion"}],"is_trial":false,"path_per_floor":["M","$","M","M","M","R","E","?","T","M","R","M","?","E","R","B",null,"M","?","$","M","?","E"],"character_chosen":"DEFECT","items_purchased":["Loop"],"campfire_rested":3,"item_purchase_floors":[2],"current_hp_per_floor":[75,75,58,52,35,57,45,45,45,18,40,29,47,27,49,17,75,49,49,49,8,8,0,0],"gold":77,"neow_bonus":"REMOVE_CARD","is_daily":false,"chose_seed":false,"campfire_upgraded":0,"win_rate":0.0,"timestamp":1611117527,"path_taken":["M","?","M","M","M","R","E","?","T","M","R","M","?","E","R","BOSS","M","?","$","M","?","E"],"items_purchased_type":["Card"],"build_version":"2020-12-22","purchased_purges":2,"victory":false,"max_hp_per_floor":[75,75,75,75,75,75,75,75,75,75,75,75,75,75,75,75,75,75,75,75,75,75,75,75],"card_choices":[{"not_picked":["Sweeping Beam","Conserve Battery"],"picked":"Hello World","floor":1},{"not_picked":["Steam","Stack"],"picked":"Hologram","floor":3},{"not_picked":["Defragment","Barrage"],"picked":"Ball Lightning","floor":4},{"not_picked":["Hologram","Go for the Eyes"],"picked":"Coolheaded","floor":5},{"not_picked":["Genetic Algorithm","FTL"],"picked":"Ball Lightning","floor":7},{"not_picked":["Compile Driver","Blizzard"],"picked":"Redo","floor":10},{"not_picked":["Rebound","Conserve Battery"],"picked":"Double Energy","floor":12},{"not_picked":["Loop","Steam"],"picked":"Streamline","floor":14},{"not_picked":["Echo Form","All For One"],"picked":"Rainbow","floor":16},{"not_picked":["Gash+1","Defragment+1"],"picked":"Ball Lightning","floor":18},{"not_picked":["Steam","Reprogram+1"],"picked":"Rebound+1","floor":21}],"player_experience":10317,"relics_obtained":[{"floor":7,"key":"PreservedInsect"},{"floor":9,"key":"Blood Vial"},{"floor":14,"key":"Pen Nib"}],"event_choices":[{"cards_removed":["Defend_B"],"damage_healed":0,"gold_gain":0,"player_choice":"Card Removal","damage_taken":0,"max_hp_gain":0,"max_hp_loss":0,"event_name":"The Cleric","floor":8,"gold_loss":50},{"damage_healed":18,"gold_gain":0,"player_choice":"Healed and dodged fight","damage_taken":0,"max_hp_gain":0,"max_hp_loss":0,"event_name":"Mushrooms","floor":13,"gold_loss":0,"cards_obtained":["Parasite"]},{"cards_removed":["Strike_B"],"damage_healed":0,"gold_gain":0,"player_choice":"Gave Gold","damage_taken":0,"max_hp_gain":0,"max_hp_loss":0,"event_name":"Beggar","floor":19,"gold_loss":75},{"damage_healed":0,"gold_gain":0,"player_choice":"Simplicity","damage_taken":0,"max_hp_gain":0,"max_hp_loss":0,"event_name":"Back to Basics","floor":22,"gold_loss":0,"cards_upgraded":[]}],"is_beta":false,"boss_relics":[{"not_picked":["Black Star","Runic Pyramid"],"picked":"Astrolabe"}],"items_purged_floors":[2,20],"is_endless":false,"potions_floor_spawned":[10,12,14,18],"killed_by":"Slavers","ascension_level":0}}