{"host":"l5xpox9cbdko122s","time":1611175768,"event":{"mods":["AchievementEnabler","BaseMod","Better Skull","Colored Map","Colored Powertips","Curses Come First","Displayed Cursed Tome","Hermit","Highlight Path","Minty Spire (QoL Compilation)","Quick Restart","Shop Mod","StSLib"],"gold_per_floor":[113,113,133,133,149,179,179,29,29,46,46,46,62,79,79,79,79],"floor_reached":16,"language":"ENG","playtime":611,"items_purged":["hermit:Covet"],"score":102,"play_id":"222ef59c-69f4-4dbf-9a9d-9b78ef6166aa","local_time":"20210120154928","is_ascension_mode":false,"campfire_choices":[{"floor":7,"key":"REST"},{"floor":11,"key":"RECALL"},{"floor":15,"key":"REST"}],"circlet_count":0,"master_deck":["hermit:Strike_Hermit","hermit:Strike_Hermit","hermit:Strike_Hermit","hermit:Strike_Hermit","hermit:Defend_Hermit","hermit:Defend_Hermit","hermit:Defend_Hermit","hermit:Defend_Hermit","hermit:Snapshot"],"relics":["NeowsBlessing","Eternal Feather","MerchantsRug"],"acts_visited":["Exordium"],"potions_floor_usage":[6,13],"damage_taken":[{"damage":0,"enemies":"Small Slimes","floor":1,"turns":1},{"damage":0,"enemies":"Cultist","floor":3,"turns":1},{"damage":0,"enemies":"2 Louse","floor":5,"turns":1},{"damage":43,"enemies":"Gremlin Nob","floor":6,"turns":6},{"damage":15,"enemies":"Lots of Slimes","floor":10,"turns":4},{"damage":0,"enemies":"Exordium Wildlife","floor":13,"turns":3},{"damage":4,"enemies":"2 Fungi Beasts","floor":14,"turns":4},{"damage":72,"enemies":"Slime Boss","floor":16,"turns":10}],"seed_played":"-1881759840725850570","potions_obtained":[{"floor":3,"key":"Block Potion"},{"floor":10,"key":"DuplicationPotion"}],"is_trial":false,"path_per_floor":["M","?","M","?","M","E","R","$","T","M","R","?","M","M","R","B"],"character_chosen":"HERMIT","items_purchased":["MerchantsRug"],"campfire_rested":2,"item_purchase_floors":[8],"current_hp_per_floor":[75,75,75,75,75,32,60,60,60,45,48,48,48,44,69,0,0],"gold":79,"neow_bonus":"THREE_ENEMY_KILL","is_daily":false,"chose_seed":false,"campfire_upgraded":0,"win_rate":0.0,"timestamp":1611175768,"path_taken":["M","?","M","?","M","E","R","$","T","?","R","?","M","?","R","BOSS"],"items_purchased_type":["Relic"],"build_version":"2020-12-22","purchased_purges":1,"victory":false,"max_hp_per_floor":[75,75,75,75,75,75,75,75,75,75,75,75,75,75,75,75,75],"card_choices":[{"not_picked":["hermit:TrackingShot","hermit:Desperado","hermit:ItchyTrigger"],"picked":"SKIP","floor":1},{"not_picked":["hermit:Cheat","hermit:Midnight","hermit:Desperado"],"picked":"SKIP","floor":3},{"not_picked":["hermit:Glare","hermit:Manifest","hermit:Headshot"],"picked":"SKIP","floor":5},{"not_picked":["hermit:ItchyTrigger","hermit:TakeAim","hermit:Enervate"],"picked":"SKIP","floor":6},{"not_picked":["hermit:Desperado","hermit:Determination","hermit:FatalDesire"],"picked":"SKIP","floor":10},{"not_picked":["hermit:Headshot","hermit:Brawl","hermit:Shortfuse"],"picked":"SKIP","floor":13},{"not_picked":["hermit:Combo","hermit:TakeCover","hermit:Misfire"],"picked":"SKIP","floor":14}],"player_experience":160356,"relics_obtained":[{"floor":6,"key":"Eternal Feather"}],"event_choices":[{"damage_healed":0,"gold_gain":0,"player_choice":"Leave","damage_taken":0,"max_hp_gain":0,"max_hp_loss":0,"event_name":"The Cleric","floor":2,"gold_loss":0},{"damage_healed":4,"gold_gain":0,"player_choice":"LEAVE ","damage_taken":0,"relics_obtained":[],"max_hp_gain":0,"max_hp_loss":0,"event_name":"betterSkull:BetterSkull","floor":4,"gold_loss":0,"cards_upgraded":[]},{"damage_healed":0,"gold_gain":0,"player_choice":"Ignored","damage_taken":0,"max_hp_gain":0,"max_hp_loss":0,"event_name":"Purifier","floor":12,"gold_loss":0}],"is_beta":false,"boss_relics":[],"items_purged_floors":[8],"is_endless":false,"potions_floor_spawned":[3,10],"killed_by":"Slime Boss","ascension_level":0}}