{"host":"iphsb0ccnjx0pfn6","time":1611123394,"event":{"mods":["2.2 Compatiblity","AchievementEnabler","BaseMod","Colored Map","DeckTracker","Keyboard Shortcuts","Minty Spire (QoL Compilation)","Permanent Neow","Quick Restart","Relic Stats","StSLib","SuperFastMode","Uncapped","everything is the same but u backflip on backflip"],"gold_per_floor":[111,125,135,148,167,167,193,245,270,282,282,295,345,377,377,452,452,467,483,499,75,75,75,75,89,89,14,14,14,14,32,32,32,32],"floor_reached":33,"language":"KOR","playtime":1084,"items_purged":["Storm"],"score":618,"play_id":"021ef89c-74d8-4b85-9a37-17f870cbd940","local_time":"20210120151634","is_ascension_mode":true,"campfire_choices":[{"data":"Dualcast","floor":6.0,"key":"SMITH"},{"data":"Fission","floor":11.0,"key":"SMITH"},{"data":"Zap","floor":15.0,"key":"SMITH"},{"data":"Creative AI","floor":23.0,"key":"SMITH"},{"data":"Coolheaded","floor":29,"key":"SMITH"},{"data":"Darkness","floor":32,"key":"SMITH"}],"circlet_count":0,"master_deck":["AscendersBane","Zap+1","Dualcast+1","Core Surge","Ball Lightning","Glacier+1","Cold Snap","FTL","Fission+1","Ball Lightning+1","Seek","Sunder+1","Aggregate","BootSequence","Aggregate","Creative AI+1","Steam Power+1","Self Repair","Rip and Tear","Coolheaded+1","Darkness+1"],"relics":["Cracked Core","War Paint","Nunchaku","Happy Flower","Kunai","Pandora\u0027s Box","Membership Card","Whetstone","InkBottle","Eternal Feather","Blue Candle"],"acts_visited":["Exordium","TheCity"],"potions_floor_usage":[25,33],"damage_taken":[{"damage":1.0,"enemies":"Cultist","floor":1.0,"turns":3.0},{"damage":0.0,"enemies":"Small Slimes","floor":2.0,"turns":2.0},{"damage":1.0,"enemies":"Jaw Worm","floor":3.0,"turns":3.0},{"damage":6.0,"enemies":"2 Fungi Beasts","floor":4.0,"turns":3.0},{"damage":0.0,"enemies":"Large Slime","floor":5.0,"turns":5.0},{"damage":22.0,"enemies":"3 Sentries","floor":7.0,"turns":10.0},{"damage":6.0,"enemies":"Looter","floor":10.0,"turns":2.0},{"damage":0.0,"enemies":"2 Fungi Beasts","floor":12.0,"turns":2.0},{"damage":8.0,"enemies":"Gremlin Nob","floor":14.0,"turns":3.0},{"damage":0.0,"enemies":"Hexaghost","floor":16.0,"turns":8.0},{"damage":11.0,"enemies":"Chosen","floor":18.0,"turns":4.0},{"damage":0.0,"enemies":"Spheric Guardian","floor":19.0,"turns":3.0},{"damage":5.0,"enemies":"Snecko","floor":20.0,"turns":5.0},{"damage":19,"enemies":"Shelled Parasite and Fungi","floor":25,"turns":3},{"damage":0,"enemies":"Centurion and Healer","floor":31,"turns":3},{"damage":77,"enemies":"Collector","floor":33,"turns":9}],"seed_played":"1362668962150296132","potions_obtained":[{"floor":1.0,"key":"Swift Potion"},{"floor":4.0,"key":"GamblersBrew"},{"floor":10.0,"key":"CultistPotion"},{"floor":14.0,"key":"LiquidMemories"},{"floor":18.0,"key":"Fire Potion"},{"floor":25,"key":"AttackPotion"}],"is_trial":false,"path_per_floor":["M","M","M","M","M","R","E","T","T","M","R","M","?","E","R","B",null,"M","M","M","$","?","R","T","M","T","?","?","R","$","M","R","B"],"character_chosen":"DEFECT","items_purchased":["Membership Card","Whetstone","InkBottle"],"campfire_rested":0,"item_purchase_floors":[21,21,21],"current_hp_per_floor":[63,63,62,56,56,56,34,34,34,28,28,28,28,20,20,20,58,47,47,42,42,42,42,42,23,23,23,23,35,35,42,54,0,0],"gold":32,"neow_bonus":"ONE_RANDOM_RARE_CARD","is_daily":false,"chose_seed":false,"campfire_upgraded":6,"win_rate":0.0,"timestamp":1611123394,"path_taken":["M","M","M","M","M","R","E","?","T","M","R","M","?","E","R","BOSS","M","M","?","$","?","R","?","M","T","?","?","R","$","M","R","BOSS"],"items_purchased_type":["Relic","Relic","Relic"],"build_version":"2020-12-22","purchased_purges":1,"victory":false,"max_hp_per_floor":[71,71,71,71,71,71,71,71,71,71,71,71,71,71,71,71,71,71,71,71,71,71,71,71,71,71,71,71,71,71,71,71,71,71],"relic_stats":{"Nunchaku":[8],"Happy Flower":[14],"counters":[16,68],"Blue Candle":[0],"Pandora\u0027s Box":["Storm","Sunder","Aggregate","BootSequence","Aggregate","Creative AI","Steam","Multi-Cast"],"Eternal Feather":24,"Kunai":[11],"Whetstone":["Sunder","Ball Lightning"],"War Paint":["Glacier","Defend_B"],"obtain_stats":[{"Nunchaku":8,"Happy Flower":9,"Blue Candle":26,"Pandora\u0027s Box":17,"Eternal Feather":24,"Kunai":14,"Membership Card":21,"Whetstone":21,"War Paint":7,"Cracked Core":0,"InkBottle":21},{"Nunchaku":6,"Happy Flower":6,"Blue Candle":14,"Pandora\u0027s Box":10,"Eternal Feather":13,"Kunai":9,"Membership Card":13,"Whetstone":13,"War Paint":6,"Cracked Core":0,"InkBottle":13},{"Nunchaku":26,"Happy Flower":26,"Blue Candle":56,"Pandora\u0027s Box":41,"Eternal Feather":53,"Kunai":33,"Membership Card":53,"Whetstone":53,"War Paint":26,"Cracked Core":0,"InkBottle":53}],"InkBottle":[7]},"card_choices":[{"not_picked":["Self Repair","Melter"],"picked":"Ball Lightning","floor":1.0},{"not_picked":["Hologram","Stack"],"picked":"Glacier","floor":2.0},{"not_picked":["Stack","Beam Cell"],"picked":"Cold Snap","floor":3.0},{"not_picked":["Steam","Melter","Gash"],"picked":"SKIP","floor":4.0},{"not_picked":["Stack","Barrage"],"picked":"FTL","floor":5.0},{"not_picked":["Barrage","Compile Driver","Conserve Battery"],"picked":"SKIP","floor":7.0},{"not_picked":["Steam","Compile Driver"],"picked":"Fission","floor":10.0},{"not_picked":["Stack","Rebound"],"picked":"Ball Lightning","floor":12.0},{"not_picked":["Loop","Auto Shields","Compile Driver"],"picked":"SKIP","floor":14.0},{"not_picked":["Machine Learning","Multi-Cast"],"picked":"Seek","floor":16.0},{"not_picked":["Ball Lightning","Leap","Compile Driver"],"picked":"SKIP","floor":18.0},{"not_picked":["Steam Power","Beam Cell","Sweeping Beam"],"picked":"SKIP","floor":19.0},{"not_picked":["Beam Cell","Sweeping Beam"],"picked":"Steam Power","floor":19.0},{"not_picked":["Stack","Go for the Eyes"],"picked":"Steam Power+1","floor":20.0},{"not_picked":["Glacier+1","Coolheaded"],"picked":"Self Repair","floor":25},{"not_picked":["Lockon","Beam Cell"],"picked":"Darkness","floor":31}],"player_experience":1269740,"relics_obtained":[{"floor":7.0,"key":"War Paint"},{"floor":8.0,"key":"Nunchaku"},{"floor":9.0,"key":"Happy Flower"},{"floor":14.0,"key":"Kunai"},{"floor":24.0,"key":"Eternal Feather"},{"floor":26,"key":"Blue Candle"}],"event_choices":[{"damage_healed":0.0,"max_hp_gain":0.0,"max_hp_loss":0.0,"gold_gain":50.0,"event_name":"Golden Shrine","player_choice":"Pray","floor":13.0,"gold_loss":0.0,"damage_taken":0.0},{"damage_healed":0.0,"max_hp_gain":0.0,"max_hp_loss":0.0,"gold_gain":0.0,"event_name":"Vampires","player_choice":"Ignored","floor":22.0,"gold_loss":0.0,"damage_taken":0.0},{"cards_removed":["Steam"],"damage_healed":0,"gold_gain":0,"player_choice":"Gave Gold","damage_taken":0,"max_hp_gain":0,"max_hp_loss":0,"event_name":"Beggar","floor":27,"gold_loss":75},{"damage_healed":0,"gold_gain":0,"cards_transformed":["Steam Power","Multi-Cast"],"player_choice":"Became Test Subject","damage_taken":0,"max_hp_gain":0,"max_hp_loss":0,"event_name":"Drug Dealer","floor":28,"gold_loss":0,"cards_obtained":["Rip and Tear","Coolheaded"]}],"is_beta":false,"boss_relics":[{"not_picked":["SacredBark","Runic Dome"],"picked":"Pandora\u0027s Box"}],"items_purged_floors":[21],"is_endless":false,"potions_floor_spawned":[1,4,10,14,18,25],"killed_by":"Collector","ascension_level":20}}