{"host":"4cz9gr89nglr7k8k","time":1611172537,"event":{"mods":["BaseMod","Minty Spire (QoL Compilation)","Relic Stats","Slay-I"],"gold_per_floor":[118,118,62,62,62,62,62],"floor_reached":6,"language":"DEU","playtime":115,"items_purged":[],"score":64,"play_id":"bd97e145-f53a-46d3-afc2-d0629c940fab","local_time":"20210120205537","is_ascension_mode":true,"campfire_choices":[],"circlet_count":0,"master_deck":["AscendersBane","Strike_R","Strike_R","Strike_R","Strike_R","Defend_R","Defend_R","Defend_R","Defend_R","Bash+1","Anger","Flex","Rampage"],"relics":["Burning Blood","Golden Idol","Ornamental Fan"],"acts_visited":["Exordium"],"potions_floor_usage":[],"damage_taken":[{"damage":1,"enemies":"Cultist","floor":1,"turns":3},{"damage":46,"enemies":"3 Sentries","floor":6,"turns":8}],"seed_played":"-1925793788492112535","potions_obtained":[],"is_trial":false,"path_per_floor":["M","?","$","?","?","E"],"character_chosen":"IRONCLAD","items_purchased":["Flex"],"campfire_rested":0,"item_purchase_floors":[3],"current_hp_per_floor":[73,47,47,42,42,0,0],"gold":62,"neow_bonus":"UPGRADE_CARD","is_daily":false,"chose_seed":false,"campfire_upgraded":0,"win_rate":0.0,"timestamp":1611172537,"path_taken":["M","?","$","?","?","E"],"items_purchased_type":["Card"],"build_version":"2020-12-22","purchased_purges":0,"victory":false,"max_hp_per_floor":[75,75,75,75,75,75,75],"relic_stats":{"counters":[2,11],"Golden Idol":0,"Ornamental Fan":[8],"obtain_stats":[{"Golden Idol":2,"Ornamental Fan":4,"Burning Blood":0},{"Golden Idol":1,"Ornamental Fan":1,"Burning Blood":0},{"Golden Idol":3,"Ornamental Fan":3,"Burning Blood":0}],"Burning Blood":6},"card_choices":[{"not_picked":["Havoc","Thunderclap"],"picked":"Anger","floor":1}],"player_experience":1512333,"relics_obtained":[],"event_choices":[{"damage_healed":0,"gold_gain":0,"player_choice":"Take Damage","damage_taken":26,"relics_obtained":["Golden Idol"],"max_hp_gain":0,"max_hp_loss":0,"event_name":"Golden Idol","floor":2,"gold_loss":0},{"damage_healed":0,"gold_gain":0,"player_choice":"Success","damage_taken":5,"relics_obtained":["Ornamental Fan"],"max_hp_gain":0,"max_hp_loss":0,"event_name":"Scrap Ooze","floor":4,"gold_loss":0},{"damage_healed":0,"gold_gain":0,"cards_transformed":["Strike_R"],"player_choice":"Change","damage_taken":0,"max_hp_gain":0,"max_hp_loss":0,"event_name":"Living Wall","floor":5,"gold_loss":0,"cards_obtained":["Rampage"]}],"is_beta":false,"boss_relics":[],"items_purged_floors":[],"is_endless":false,"potions_floor_spawned":[],"killed_by":"3 Sentries","ascension_level":20}}