{"host":"3xls0xm49ftugio7","time":1611141344,"event":{"mods":["2.2 Compatiblity","AchievementEnabler","Act Like it!","BaseMod","Bestiary","Colored Powertips","Downfall","GifTheSpireLib","Minty Spire (QoL Compilation)","Quick Restart","Relic Stats","StSLib"],"gold_per_floor":[99,119,135,585,12,42,93,111,129,147,147,147,32,52,69,171,171,171,185,196,296,296,296,320,355,375,375,408,408,408,425,444,547,547,547,559,572,126,126,126,126,126,178,178,189,239,264,150,165,165],"floor_reached":51,"language":"ENG","playtime":4451,"items_purged":["downfall:Icky","downfall:Icky","Guardian:RefractedBeam"],"score":1332,"play_id":"1f174784-6e59-44bf-bb48-212379c0755f","local_time":"20210120131544","is_ascension_mode":true,"campfire_choices":[{"data":"Guardian:TwinSlam","floor":1.0,"key":"SMITH"},{"floor":11.0,"key":"REST"},{"data":"Guardian:AncientConstruct","floor":18,"key":"SMITH"},{"data":"Guardian:Suspension","floor":27,"key":"SMITH"},{"floor":29,"key":"REST"},{"data":"Guardian:BodySlam","floor":35,"key":"SMITH"},{"data":"Guardian:DonusPower","floor":40,"key":"SMITH"},{"data":"Guardian:RefractedBeam","floor":42,"key":"SMITH"},{"data":"Guardian:RefractedBeam+1","floor":44,"key":"SMITH"}],"circlet_count":0,"master_deck":["Guardian:CurlUp","Guardian:TwinSlam+1","Guardian:ChargeUp","Guardian:BronzeArmor","Guardian:ArmoredProtocol","Guardian:Incinerate","Guardian:Planning","Guardian:ArmoredProtocol","Guardian:WalkerClaw","Guardian:CrystalBeam","Guardian:TemporalStrike","Guardian:RevengeProtocol","Guardian:RefractedBeam+2","Guardian:AncientConstruct+1","Guardian:Suspension","Guardian:DonusPower+1","Guardian:Suspension+1","Guardian:GatlingBeam","Guardian:BronzeArmor","Guardian:ArmoredProtocol","Guardian:Incinerate","Guardian:Incinerate","Guardian:GemFire+1","Guardian:BodySlam+1","Guardian:PrismaticBarrier+1","Guardian:SpikerProtocol","Guardian:TimeCapacitor+1","Guardian:CrystalBeam+1","Guardian:TimeSifter","Guardian:ShieldSpikes+1","Guardian:Gem_Lightblue","Guardian:Gem_Red","Guardian:TimeCapacitor","Guardian:CrystalBeam","Guardian:PiercingHide+1"],"relics":["Guardian:ModeShifter","Mango","Bottled Lightning","Vajra","Eternal Feather","Pandora\u0027s Box","Guardian:GemstoneGun","Bottled Flame","Akabeko","Juzu Bracelet","Omamori","Cursed Key","Incense Burner","Singing Bowl","Ginger","Unceasing Top","Gremlin Horn","Guardian:PocketSentry"],"acts_visited":["Exordium","TheCity","TheBeyond"],"potions_floor_usage":[21,26,33],"damage_taken":[{"damage":2.0,"enemies":"Jaw Worm","floor":2.0,"turns":5.0},{"damage":1.0,"enemies":"2 Louse","floor":3.0,"turns":2.0},{"damage":0.0,"enemies":"downfall:FleeingMerchant","floor":5.0,"turns":4.0},{"damage":38.0,"enemies":"Lagavulin","floor":6.0,"turns":10.0},{"damage":2.0,"enemies":"Small Slimes","floor":8.0,"turns":4.0},{"damage":0.0,"enemies":"2 Fungi Beasts","floor":9.0,"turns":4.0},{"damage":8.0,"enemies":"Lots of Slimes","floor":10.0,"turns":5.0},{"damage":0.0,"enemies":"downfall:FleeingMerchant","floor":13.0,"turns":4.0},{"damage":0.0,"enemies":"3 Louse","floor":14.0,"turns":3.0},{"damage":0.0,"enemies":"2 Fungi Beasts","floor":15.0,"turns":3.0},{"damage":52,"enemies":"WA_ARCHETYPE_RETAIN","floor":16,"turns":10},{"damage":12,"enemies":"Chosen","floor":19,"turns":6},{"damage":3,"enemies":"Spheric Guardian","floor":20,"turns":5},{"damage":10,"enemies":"SI_SHIV_ARCHETYPE","floor":21,"turns":9},{"damage":11,"enemies":"Slavers","floor":25,"turns":5},{"damage":0,"enemies":"Shelled Parasite and Fungi","floor":26,"turns":4},{"damage":33,"enemies":"Gremlin Leader","floor":28,"turns":8},{"damage":0,"enemies":"Snake Plant","floor":31,"turns":3},{"damage":0,"enemies":"Centurion and Healer","floor":32,"turns":4},{"damage":39,"enemies":"DF_ARCHETYPE_CLAW","floor":33,"turns":8},{"damage":9,"enemies":"3 Shapes","floor":36,"turns":3},{"damage":11,"enemies":"Orb Walker","floor":37,"turns":3},{"damage":0,"enemies":"downfall:FleeingMerchant","floor":38,"turns":4},{"damage":0,"enemies":"2 Orb Walkers","floor":43,"turns":2},{"damage":0,"enemies":"Transient","floor":45,"turns":5},{"damage":0,"enemies":"Transient","floor":46,"turns":4},{"damage":1,"enemies":"Reptomancer","floor":47,"turns":3},{"damage":0,"enemies":"downfall:FleeingMerchant","floor":48,"turns":1},{"damage":0,"enemies":"Jaw Worm Horde","floor":49,"turns":2},{"damage":25,"enemies":"SI_POISON_ARCHETYPE","floor":50,"turns":6}],"seed_played":"-8143468119914948001","potions_obtained":[{"floor":3.0,"key":"SkillPotion"},{"floor":8.0,"key":"sneckomod:MuddlingPotion"},{"floor":10.0,"key":"SmokeBomb"},{"floor":15.0,"key":"Guardian:DefensiveModePotion"},{"floor":19,"key":"FairyPotion"},{"floor":21,"key":"Swift Potion"},{"floor":32,"key":"Guardian:AcceleratePotion"},{"floor":36,"key":"hexamod:SoulburnPotion"},{"floor":37,"key":"Guardian:BlockOnCardUsePotion"},{"floor":45,"key":"DistilledChaos"}],"is_trial":false,"path_per_floor":["R","M","M","?","$","E","T","M","M","M","R","T","$","M","M","B",null,"R","M","M","?","?","?","T","E","M","R","E","R","?","M","M","B",null,"R","M","M","$","?","R","T","R","?","R","M","?","E","$","M","B",null],"character_chosen":"GUARDIAN","items_purchased":["Guardian:BronzeArmor","Guardian:ArmoredProtocol","Mango","Guardian:Incinerate","Guardian:Gem_Red","Guardian:Gem_Lightblue","Guardian:SpikerProtocol","Incense Burner","Guardian:Gem_Lightblue","Guardian:Gem_Red","Guardian:PocketSentry","Guardian:TimeCapacitor","Guardian:CrystalBeam"],"campfire_rested":2,"item_purchase_floors":[5,5,5,5,38,38,38,38,48,48,48,48,48],"current_hp_per_floor":[80,78,77,77,91,53,53,51,51,43,73,73,73,73,73,21,82,94,82,79,69,69,69,69,58,58,73,40,85,85,85,85,46,88,102,93,82,82,82,97,97,102,104,104,104,104,103,103,103,78],"gold":165,"neow_bonus":"TEN_PERCENT_HP_BONUS","is_daily":false,"chose_seed":false,"campfire_upgraded":7,"win_rate":0.0,"timestamp":1611141344,"path_taken":["R","M","M","?","$","E","T","M","M","M","R","?","?","M","M","BOSS","R","M","M","?","?","?","T","E","M","R","E","R","?","M","M","BOSS","R","M","M","?","?","R","T","R","?","R","M","?","E","$","M","BOSS"],"items_purchased_type":["Card","Card","Relic","Card","Card","Card","Card","Relic","Card","Card","Relic","Card","Card"],"build_version":"2020-12-22","purchased_purges":3,"victory":true,"max_hp_per_floor":[88,88,88,88,102,102,102,102,102,102,102,102,102,102,102,102,102,102,102,102,102,102,102,102,102,102,102,102,102,102,102,102,102,102,102,102,102,102,102,102,102,102,104,104,104,104,104,104,104,104],"relic_stats":{"Singing Bowl":2,"Gremlin Horn":[2,2],"counters":[30,136],"Eternal Feather":76,"Pandora\u0027s Box":["Guardian:Gem_Lightblue","Guardian:RefractedBeam","Guardian:AncientConstruct","Guardian:Suspension","Guardian:DonusPower","Guardian:Suspension","Guardian:GatlingBeam","Guardian:BronzeArmor"],"Juzu Bracelet":1,"Ginger":[5],"Cursed Key":1,"obtain_stats":[{"Singing Bowl":41,"Gremlin Horn":47,"Guardian:GemstoneGun":21,"Guardian:ModeShifter":0,"Vajra":7,"Mango":5,"Eternal Feather":12,"Juzu Bracelet":25,"Omamori":28,"Incense Burner":38,"Guardian:PocketSentry":48,"Ginger":43,"Cursed Key":34,"Akabeko":24,"Bottled Flame":21,"Pandora\u0027s Box":17,"Bottled Lightning":6,"Unceasing Top":46},{"Singing Bowl":23,"Gremlin Horn":27,"Guardian:GemstoneGun":14,"Guardian:ModeShifter":0,"Vajra":4,"Mango":3,"Eternal Feather":7,"Juzu Bracelet":15,"Omamori":17,"Incense Burner":23,"Guardian:PocketSentry":28,"Ginger":24,"Cursed Key":20,"Akabeko":14,"Bottled Flame":14,"Pandora\u0027s Box":11,"Bottled Lightning":4,"Unceasing Top":26},{"Singing Bowl":114,"Gremlin Horn":128,"Guardian:GemstoneGun":73,"Guardian:ModeShifter":0,"Vajra":21,"Mango":11,"Eternal Feather":34,"Juzu Bracelet":78,"Omamori":90,"Incense Burner":114,"Guardian:PocketSentry":129,"Ginger":116,"Cursed Key":105,"Akabeko":73,"Bottled Flame":73,"Pandora\u0027s Box":54,"Bottled Lightning":21,"Unceasing Top":125}],"Unceasing Top":[4]},"card_choices":[{"not_picked":["Guardian:RollAttack","Guardian:Preprogram"],"picked":"Guardian:ChargeUp","floor":2.0},{"not_picked":["Guardian:Recover","Guardian:VentSteam"],"picked":"Guardian:Gem_Purple","floor":3.0},{"not_picked":["Guardian:ChargeCore","Guardian:BodySlam"],"picked":"Guardian:Gem_Green","floor":5.0},{"not_picked":["Guardian:Harden","Guardian:WalkerClaw"],"picked":"Guardian:SentryBeam","floor":6.0},{"not_picked":["Guardian:Harden","Guardian:GemFire"],"picked":"Guardian:Planning","floor":8.0},{"not_picked":["Guardian:Preprogram","Guardian:Suspension"],"picked":"Guardian:ArmoredProtocol","floor":9.0},{"not_picked":["Guardian:VentSteam","Guardian:BronzeArmor"],"picked":"Guardian:WalkerClaw","floor":10.0},{"not_picked":["Guardian:Suspension","Guardian:Gem_Lightblue"],"picked":"Guardian:RefractedBeam","floor":13.0},{"not_picked":["Guardian:Suspension","Guardian:Recover"],"picked":"Guardian:CrystalBeam","floor":14.0},{"not_picked":["Guardian:Recover","Guardian:Reroute"],"picked":"Guardian:TemporalStrike","floor":15.0},{"not_picked":["Guardian:GemFire","Guardian:StasisField"],"picked":"Guardian:RevengeProtocol","floor":16},{"not_picked":["Guardian:DonusPower+1","Guardian:ShieldSpikes+1"],"picked":"Guardian:ArmoredProtocol","floor":19},{"not_picked":["Guardian:Gem_Red","Guardian:Suspension"],"picked":"Guardian:Gem_Purple","floor":20},{"not_picked":["Guardian:TemporalShield","Guardian:TemporalStrike"],"picked":"Guardian:Incinerate","floor":21},{"not_picked":["Guardian:TemporalShield","Guardian:SentryBeam+1"],"picked":"Guardian:Incinerate","floor":25},{"not_picked":["Guardian:WalkerClaw+1","Guardian:Clone"],"picked":"Guardian:Gem_Red","floor":26},{"not_picked":["Guardian:Suspension","Guardian:ChargeUp"],"picked":"Guardian:GemFire","floor":28},{"not_picked":["Guardian:Reroute+1","Guardian:Gem_Lightblue"],"picked":"Guardian:Gem_Cyan","floor":31},{"not_picked":["Guardian:RollAttack","Guardian:Suspension"],"picked":"Guardian:BodySlam","floor":32},{"not_picked":["Guardian:BaubleBeam","Guardian:CompilePackage"],"picked":"Guardian:Gem_Orange","floor":33},{"not_picked":["Guardian:PrimingBeam+1","Guardian:PrismaticBeam","Guardian:WalkerClaw+1"],"picked":"SKIP","floor":36},{"not_picked":["Guardian:Gem_Cyan","Guardian:TemporalStrike+1"],"picked":"Guardian:PrismaticBarrier+1","floor":37},{"not_picked":["Guardian:Gem_Crimson","Guardian:PiercingHide+1"],"picked":"Guardian:Gem_White","floor":38},{"not_picked":["Guardian:ShieldCharger","Guardian:Planning","Guardian:VentSteam"],"picked":"Singing Bowl","floor":43},{"not_picked":["Guardian:ArmoredProtocol+1","Guardian:FloatingOrbs+1"],"picked":"Guardian:TimeCapacitor+1","floor":45},{"not_picked":["Guardian:Planning+1","Guardian:Incinerate"],"picked":"Guardian:CrystalBeam+1","floor":46},{"not_picked":["Guardian:Suspension+1","Guardian:Incinerate"],"picked":"Guardian:TimeSifter","floor":47},{"not_picked":["Guardian:ChargeCore+1","Guardian:BodySlam+1"],"picked":"Guardian:ShieldSpikes+1","floor":48},{"not_picked":["Guardian:TemporalShield+1","Guardian:DonusPower+1"],"picked":"Guardian:PiercingHide+1","floor":49}],"player_experience":931438,"relics_obtained":[{"floor":6.0,"key":"Bottled Lightning"},{"floor":7.0,"key":"Vajra"},{"floor":12.0,"key":"Eternal Feather"},{"floor":21,"key":"Guardian:GemstoneGun"},{"floor":21,"key":"Bottled Flame"},{"floor":24,"key":"Akabeko"},{"floor":25,"key":"Juzu Bracelet"},{"floor":28,"key":"Omamori"},{"floor":41,"key":"Singing Bowl"},{"floor":43,"key":"Ginger"},{"floor":46,"key":"Unceasing Top"},{"floor":47,"key":"Gremlin Horn"}],"event_choices":[{"damage_healed":0,"gold_gain":0,"player_choice":"Fight","damage_taken":0,"max_hp_gain":0,"max_hp_loss":0,"event_name":"Mysterious Sphere","floor":43,"gold_loss":0}],"is_beta":false,"boss_relics":[{"not_picked":["Black Star","Fusion Hammer"],"picked":"Pandora\u0027s Box"},{"not_picked":["SacredBark","Empty Cage"],"picked":"Cursed Key"}],"items_purged_floors":[5,13,48],"is_endless":false,"potions_floor_spawned":[3,8,10,15,19,21,25,32,36,37,45,46,49],"ascension_level":6}}