{"host":"xzk9bt2l7avnb6n5","time":1611177321,"event":{"mods":["Aspiration","BaseMod","Conspire","Downfall","Highlight Path","Infinite Spire","Minty Spire (QoL Compilation)","Shop Mod","StSLib","The Wild Card"],"gold_per_floor":[99,110,11,74,92,92,141,141,141,160,108,8,0,32,44,146,146,46,58,71,91,8,8,8,8],"floor_reached":23,"language":"ENG","playtime":1687,"items_purged":[],"score":189,"play_id":"ae806379-4779-4585-8a4b-baf4f644dbdd","local_time":"20210120141521","is_ascension_mode":false,"campfire_choices":[{"floor":1,"key":"RECALL"},{"floor":6,"key":"REST"},{"floor":12,"key":"REST"},{"data":"Guardian:TwinSlam","floor":18,"key":"SMITH"}],"circlet_count":0,"master_deck":["Guardian:Strike_Guardian","Guardian:Strike_Guardian","Guardian:Strike_Guardian","Guardian:Strike_Guardian","Guardian:Defend_Guardian","Guardian:Defend_Guardian","Guardian:Defend_Guardian","Guardian:Defend_Guardian","Guardian:CurlUp","Guardian:TwinSlam+1","Guardian:Orbwalk","Guardian:Repulse","Guardian:SpikerProtocol","Guardian:PrismaticBarrier","Guardian:VentSteam","Guardian:PrimingBeam","Guardian:EvasiveProtocol","Guardian:Incinerate","Guardian:RevengeProtocol","Guardian:Gem_Green","Guardian:SpikerProtocol","Guardian:Gem_Cyan","Guardian:BronzeOrb","Guardian:PolyBeam"],"relics":["Guardian:ModeShifter","Pen Nib","infinitespire:Satchel","Guardian:PickAxe","downfall:HeartBlessingRed","Happy Flower","SacredBark","downfall:HeartBlessingBlue"],"acts_visited":["Exordium","TheCity"],"potions_floor_usage":[8,16,20,22,23],"damage_taken":[{"damage":1,"enemies":"2 Louse","floor":2,"turns":3},{"damage":0,"enemies":"downfall:FleeingMerchant","floor":3,"turns":4},{"damage":29,"enemies":"3 Sentries","floor":4,"turns":11},{"damage":9,"enemies":"Small Slimes","floor":5,"turns":4},{"damage":8,"enemies":"Small Slimes","floor":8,"turns":4},{"damage":1,"enemies":"conspire:RoseBush","floor":10,"turns":3},{"damage":0,"enemies":"downfall:FleeingMerchant","floor":11,"turns":4},{"damage":0,"enemies":"downfall:FleeingMerchant","floor":13,"turns":4},{"damage":10,"enemies":"Gremlin Nob","floor":14,"turns":5},{"damage":4,"enemies":"Blue Slaver","floor":15,"turns":4},{"damage":37,"enemies":"IC_STATUS_ARCHETYPE","floor":16,"turns":9},{"damage":1,"enemies":"Spheric Guardian","floor":19,"turns":5},{"damage":8,"enemies":"3 Byrds","floor":20,"turns":5},{"damage":27,"enemies":"Snake Plant","floor":21,"turns":7},{"damage":0,"enemies":"downfall:FleeingMerchant","floor":22,"turns":4},{"damage":58,"enemies":"Gremlin Leader","floor":23,"turns":10}],"seed_played":"-1956973568065341730","potions_obtained":[{"floor":4,"key":"SpeedPotion"},{"floor":14,"key":"Block Potion"},{"floor":15,"key":"AttackPotion"},{"floor":19,"key":"Dexterity Potion"}],"is_trial":false,"path_per_floor":["R","M","$","?","M","R","T","?","?","M","$","R","$","E","M","B",null,"R","M","M","M","$","E"],"character_chosen":"GUARDIAN","items_purchased":["Guardian:Repulse","Energy Potion","Guardian:Gem_Blue","Guardian:PolyBeam"],"campfire_rested":2,"item_purchase_floors":[3,3,11,22],"current_hp_per_floor":[80,79,79,50,41,65,65,57,57,56,56,80,80,70,66,29,80,90,89,81,54,54,0,0,0],"gold":8,"neow_bonus":"RANDOM_COMMON_RELIC","is_daily":false,"chose_seed":false,"campfire_upgraded":1,"win_rate":0.0,"timestamp":1611177321,"path_taken":["R","M","$","?","M","R","T","?","?","M","$","R","?","E","M","BOSS","R","M","M","M","$","E"],"items_purchased_type":["Card","Potion","Card","Card"],"build_version":"2020-12-22","purchased_purges":0,"victory":false,"max_hp_per_floor":[80,80,80,80,80,80,80,80,80,80,80,80,80,80,80,80,80,90,90,90,90,90,90,90,90],"card_choices":[{"not_picked":["Guardian:TemporalShield","Guardian:Suspension"],"picked":"Guardian:Orbwalk","floor":2},{"not_picked":["Guardian:Harden","Guardian:TimeBomb"],"picked":"Guardian:Gem_Cyan","floor":3},{"not_picked":["Guardian:ShieldCharger","Guardian:BronzeOrb"],"picked":"Guardian:SpikerProtocol","floor":4},{"not_picked":["Guardian:FloatingOrbs","Guardian:Repulse"],"picked":"Guardian:Gem_Red","floor":5},{"not_picked":["Guardian:RollAttack","Guardian:Gem_White"],"picked":"Guardian:PrismaticBarrier","floor":10},{"not_picked":["Guardian:ShieldCharger","Guardian:Gem_White"],"picked":"Guardian:VentSteam","floor":11},{"not_picked":["Guardian:MultiBeam","Guardian:Gem_Red"],"picked":"Guardian:PrimingBeam","floor":13},{"not_picked":["Guardian:StasisStrike","Guardian:SpikerProtocol"],"picked":"Guardian:EvasiveProtocol","floor":14},{"not_picked":["Guardian:Recover","Guardian:Gem_Lightblue"],"picked":"Guardian:Incinerate","floor":15},{"not_picked":["Guardian:StasisEngine","Guardian:TimeSifter"],"picked":"Guardian:RevengeProtocol","floor":16},{"not_picked":["Guardian:ShieldCharger+1","Guardian:Gem_Cyan"],"picked":"Guardian:Gem_Green","floor":19},{"not_picked":["Guardian:TemporalShield","Guardian:Gem_Green"],"picked":"Guardian:SpikerProtocol","floor":20},{"not_picked":["Guardian:CrystalBeam","Guardian:FuturePlans"],"picked":"Guardian:Gem_Cyan","floor":21},{"not_picked":["Guardian:SpikerProtocol","Guardian:Harden"],"picked":"Guardian:BronzeOrb","floor":22}],"player_experience":484164,"relics_obtained":[{"floor":4,"key":"infinitespire:Satchel"},{"floor":14,"key":"Happy Flower"}],"event_choices":[],"is_beta":false,"boss_relics":[{"not_picked":["Busted Crown","aspiration:SilentSkillbook"],"picked":"SacredBark"}],"items_purged_floors":[],"is_endless":false,"potions_floor_spawned":[2,4,14,15,19],"killed_by":"Gremlin Leader","ascension_level":0}}