{"host":"lnt5dzsuhru0aonl","time":1611134098,"event":{"mods":["2.2 Compatiblity","BaseMod","Colored Map","Colored Powertips","DeckTracker","Keyboard Shortcuts","Minty Spire (QoL Compilation)","Permanent Neow","Rare Cards Sparkle","StSLib","SuperFastMode","everything is the same but u backflip on backflip"],"gold_per_floor":[115,126,126,126,401,416,416,416,416,416,457,224,224,44,44,138,138,159,84,103,103,103,103,103,131,131,164,37,37,37,87,87,87,87],"floor_reached":33,"language":"KOR","playtime":678,"items_purged":["Regret","Defend_R"],"score":650,"play_id":"5dd8193b-1606-4888-90f1-bff3c63b2004","local_time":"20210120181458","is_ascension_mode":true,"campfire_choices":[{"data":"Pommel Strike","floor":7.0,"key":"SMITH"},{"data":"Perfected Strike","floor":10.0,"key":"SMITH"},{"data":"Bash","floor":13.0,"key":"SMITH"},{"data":"Feel No Pain","floor":15.0,"key":"SMITH"},{"data":"Corruption","floor":24,"key":"SMITH"},{"data":"Fire Breathing","floor":29,"key":"SMITH"},{"data":"Dark Embrace","floor":32,"key":"SMITH"}],"circlet_count":0,"master_deck":["AscendersBane","Strike_R","Strike_R","Strike_R","Strike_R","Strike_R","Bash+1","Perfected Strike+1","Pommel Strike+1","Wild Strike","Power Through","Feel No Pain+1","Corruption+1","Heavy Blade+1","Twin Strike","Dark Embrace+1","Fire Breathing+1","Pain"],"relics":["Burning Blood","NeowsBlessing","Matryoshka","Bloody Idol","Bronze Scales","Juzu Bracelet","Tiny Chest","Akabeko","Snecko Eye","Toxic Egg 2","MealTicket","Sundial","Lantern","Smiling Mask","WarpedTongs"],"acts_visited":["Exordium","TheCity"],"potions_floor_usage":[16,20,27],"damage_taken":[{"damage":0.0,"enemies":"Cultist","floor":1.0,"turns":1.0},{"damage":0.0,"enemies":"2 Louse","floor":2.0,"turns":1.0},{"damage":0.0,"enemies":"Small Slimes","floor":6.0,"turns":1.0},{"damage":38.0,"enemies":"Lagavulin","floor":11.0,"turns":4.0},{"damage":0,"enemies":"Slime Boss","floor":16,"turns":5},{"damage":0,"enemies":"Chosen","floor":18,"turns":3},{"damage":12,"enemies":"3 Byrds","floor":20,"turns":3},{"damage":40,"enemies":"Book of Stabbing","floor":25,"turns":4},{"damage":65,"enemies":"Slavers","floor":27,"turns":5},{"damage":46,"enemies":"Collector","floor":33,"turns":6}],"seed_played":"660667053613897625","potions_obtained":[{"floor":1.0,"key":"Regen Potion"},{"floor":6.0,"key":"Strength Potion"},{"floor":16,"key":"FairyPotion"},{"floor":18,"key":"Weak Potion"},{"floor":20,"key":"DuplicationPotion"}],"is_trial":false,"path_per_floor":["M","M","?","?","?","M","R","?","T","R","E","$","R","$","R","B",null,"M","?","M","?","?","T","R","E","T","E","$","R","?","?","R","B"],"character_chosen":"IRONCLAD","items_purchased":["Akabeko","Power Through","Feel No Pain","PowerPotion","Fire Breathing"],"campfire_rested":0,"item_purchase_floors":[12,14,14,14,28],"current_hp_per_floor":[74,75,68,57,57,63,63,37,37,37,17,17,17,17,17,23,62,68,68,62,62,62,62,62,33,33,18,33,33,33,38,38,0,0],"gold":87,"neow_bonus":"THREE_ENEMY_KILL","is_daily":false,"chose_seed":false,"campfire_upgraded":7,"win_rate":0.0,"timestamp":1611134098,"path_taken":["M","?","?","?","?","?","R","?","T","R","E","$","R","$","R","BOSS","M","?","M","?","?","?","R","E","T","E","$","R","?","?","R","BOSS"],"items_purchased_type":["Relic","Card","Card","Potion","Card"],"build_version":"2020-12-22","purchased_purges":2,"victory":false,"max_hp_per_floor":[75,75,75,75,75,75,75,75,75,75,75,75,75,75,75,75,75,75,75,75,75,75,75,75,75,75,75,75,75,75,75,75,75,75],"card_choices":[{"not_picked":["Spot Weakness","Cleave"],"picked":"Perfected Strike","floor":1.0},{"not_picked":["Twin Strike","Rage"],"picked":"Pommel Strike","floor":2.0},{"not_picked":["Iron Wave","Disarm","Sword Boomerang"],"picked":"SKIP","floor":6.0},{"not_picked":["Bloodletting","Headbutt"],"picked":"Wild Strike","floor":11.0},{"not_picked":["Reaper","Berserk"],"picked":"Corruption","floor":16},{"not_picked":["Ghostly Armor","Anger+1"],"picked":"Heavy Blade+1","floor":18},{"not_picked":["Dual Wield","Blood for Blood","Iron Wave"],"picked":"SKIP","floor":20},{"not_picked":["Berserk","Shrug It Off+1"],"picked":"Twin Strike","floor":25},{"not_picked":["Anger","Metallicize"],"picked":"Dark Embrace","floor":27}],"player_experience":706027,"relics_obtained":[{"floor":9.0,"key":"Bronze Scales"},{"floor":9.0,"key":"Juzu Bracelet"},{"floor":11.0,"key":"Tiny Chest"},{"floor":23,"key":"Toxic Egg 2"},{"floor":23,"key":"MealTicket"},{"floor":25,"key":"Sundial"},{"floor":26,"key":"Lantern"},{"floor":27,"key":"Smiling Mask"}],"event_choices":[{"cards_removed":["Defend_R"],"damage_healed":0.0,"max_hp_gain":0.0,"max_hp_loss":0.0,"gold_gain":0.0,"event_name":"Golden Wing","player_choice":"Card Removal","floor":3.0,"gold_loss":0.0,"damage_taken":7.0},{"damage_healed":0.0,"max_hp_gain":0.0,"max_hp_loss":0.0,"gold_gain":0.0,"event_name":"Scrap Ooze","player_choice":"Success","floor":4.0,"gold_loss":0.0,"damage_taken":11.0,"relics_obtained":["Matryoshka"]},{"damage_healed":0.0,"max_hp_gain":0.0,"max_hp_loss":0.0,"gold_gain":275.0,"event_name":"Golden Shrine","player_choice":"Desecrate","floor":5.0,"gold_loss":0.0,"damage_taken":0.0,"cards_obtained":["Regret"]},{"damage_healed":0.0,"max_hp_gain":0.0,"max_hp_loss":0.0,"gold_gain":0.0,"event_name":"Golden Idol","player_choice":"Take Damage","floor":8.0,"gold_loss":0.0,"damage_taken":26.0,"relics_obtained":["Golden Idol"]},{"cards_removed":["Defend_R"],"damage_healed":0,"gold_gain":0,"player_choice":"Gave Gold","damage_taken":0,"max_hp_gain":0,"max_hp_loss":0,"event_name":"Beggar","floor":19,"gold_loss":75},{"damage_healed":0,"gold_gain":0,"player_choice":"Gave Idol","damage_taken":0,"relics_obtained":["Bloody Idol"],"max_hp_gain":0,"max_hp_loss":0,"event_name":"Forgotten Altar","floor":21,"relics_lost":["Golden Idol"],"gold_loss":0},{"cards_removed":["Defend_R"],"damage_healed":0,"gold_gain":0,"player_choice":"Elegance","damage_taken":0,"max_hp_gain":0,"max_hp_loss":0,"event_name":"Back to Basics","floor":22,"gold_loss":0},{"damage_healed":0,"gold_gain":0,"player_choice":"Rummage","damage_taken":0,"relics_obtained":["WarpedTongs"],"max_hp_gain":0,"max_hp_loss":0,"event_name":"Accursed Blacksmith","floor":30,"gold_loss":0,"cards_obtained":["Pain"]},{"damage_healed":0,"gold_gain":50,"player_choice":"Stole From Cult","damage_taken":0,"max_hp_gain":0,"max_hp_loss":0,"event_name":"Nest","floor":31,"gold_loss":0}],"is_beta":false,"boss_relics":[{"not_picked":["Runic Pyramid","Philosopher\u0027s Stone"],"picked":"Snecko Eye"}],"items_purged_floors":[12,28],"is_endless":false,"potions_floor_spawned":[1,6,16,18,20],"killed_by":"Collector","ascension_level":20}}