{"host":"0jfycbte0yldxyb4","time":1611126772,"event":{"mods":["2.2 Compatiblity","AchievementEnabler","Aspiration","BaseMod","Better Note","BetterRewards","Colored Map","Colored Powertips","GungeonMod","Hermit","Minty Spire (QoL Compilation)","StSLib","The Bladedancer","The Bug Knight","The Servant 0.9.4","The Wild Card"],"gold_per_floor":[111,111,111,125,140,140,215,250,250,265,39,59,5,20,20,120,120,134,0,18,18,30,30,47,47,47,47,64,75,93,93,93],"floor_reached":31,"language":"ENG","playtime":2134,"items_purged":[],"score":241,"play_id":"785b011a-2d40-4a28-9640-3b6df81fc658","local_time":"20210120011252","is_ascension_mode":false,"campfire_choices":[{"floor":6,"key":"REST"},{"floor":15,"key":"REST"},{"data":"theWildCard:Overwhelm","floor":23,"key":"SMITH"},{"data":"theWildCard:EnergyTheft","floor":27,"key":"SMITH"}],"circlet_count":0,"master_deck":["theWildCard:BasicStrike","theWildCard:BasicStrike","theWildCard:BasicStrike","theWildCard:BasicStrike+1","theWildCard:BasicDefend","theWildCard:BasicDefend","theWildCard:BasicDefend","theWildCard:BasicDefend","theWildCard:CallToAdventure+1","theWildCard:Arsene+1","theWildCard:BladeOfGenerations","theWildCard:MagicMettle","theWildCard:ArcaneArts","theWildCard:EnergyTheft+1","theWildCard:SacrificialStroke","theWildCard:Scathach","theWildCard:PowerOfTheArcana","theWildCard:MagicalMight","theWildCard:SeveringSlash","theWildCard:StingingStrike","theWildCard:Satanael","theWildCard:SeveringSlash","StarChef","theWildCard:MaskChange","Alleviate","theWildCard:Polydeuces","theWildCard:Overwhelm+1","theWildCard:ShieldOfMany+1","Writhe","theWildCard:Michael","theWildCard:ArcaneArts","theWildCard:Safeguard+1"],"relics":["theWildCard:VelvetContract","NeowsBlessing","Oddly Smooth Stone","Orichalcum","aspiration:ServantSkillbook","Gremlin Horn"],"acts_visited":["Exordium","TheCity","DemoMod:Maze"],"potions_floor_usage":[16,16],"damage_taken":[{"damage":0,"enemies":"Small Slimes","floor":1,"turns":1},{"damage":0,"enemies":"Jaw Worm","floor":4,"turns":1},{"damage":0,"enemies":"Cultist","floor":5,"turns":1},{"damage":29,"enemies":"3 Sentries","floor":8,"turns":5},{"damage":0,"enemies":"Looter","floor":10,"turns":1},{"damage":0,"enemies":"Large Slime","floor":12,"turns":4},{"damage":3,"enemies":"Blue Slaver","floor":14,"turns":2},{"damage":43,"enemies":"Slime Boss","floor":16,"turns":9},{"damage":6,"enemies":"Shell Parasite","floor":18,"turns":3},{"damage":0,"enemies":"Spheric Guardian","floor":20,"turns":3},{"damage":6,"enemies":"Snake Plant","floor":22,"turns":5},{"damage":2,"enemies":"Shelled Parasite and Fungi","floor":24,"turns":5},{"damage":10,"enemies":"DemoMod:Veteran_shot_gun_kin_and_bullet_kin","floor":28,"turns":3},{"damage":0,"enemies":"DemoMod:2_Veteran_bullet_kins_and_red_shotgun_kin","floor":29,"turns":3},{"damage":24,"enemies":"DemoMod:Red_and_blue_shotgun_kin_with_gunsinger","floor":30,"turns":4},{"damage":29,"enemies":"DemoMod:Veteran_shot_gun_kin_and_blue_shotgun_kin_with_gunsinger","floor":31,"turns":2}],"seed_played":"8010727445027915849","potions_obtained":[{"floor":4,"key":"CultistPotion"},{"floor":8,"key":"ColorlessPotion"},{"floor":12,"key":"PowerPotion"},{"floor":16,"key":"ColorlessPotion"},{"floor":18,"key":"GamblersBrew"},{"floor":24,"key":"Weak Potion"}],"is_trial":false,"path_per_floor":["M","?","?","M","M","R","?","E","T","M","$","M","$","M","R","B",null,"M","$","M","?","M","R","M","?","T","R","M","M","M","M"],"character_chosen":"THE_WILD_CARD","items_purchased":["theWildCard:Scathach","DemoMod:GnawedKey","theWildCard:PowerOfTheArcana","theWildCard:SeveringSlash","StarChef","theWildCard:MaskChange","Alleviate"],"campfire_rested":2,"item_purchase_floors":[11,11,11,13,19,19,19],"current_hp_per_floor":[60,60,48,48,48,60,49,20,20,20,20,20,20,17,35,1,60,54,54,54,54,48,48,46,46,60,60,50,50,26,0,0],"gold":93,"neow_bonus":"THREE_ENEMY_KILL","is_daily":false,"chose_seed":false,"campfire_upgraded":2,"win_rate":0.0,"timestamp":1611126772,"path_taken":["M","?","?","?","M","R","?","E","T","M","?","?","$","M","R","BOSS","M","$","M","?","M","R","M","?","T","R","M","M","M","M"],"items_purchased_type":["Card","Relic","Card","Card","Card","Card","Card"],"build_version":"2020-12-22","purchased_purges":0,"victory":false,"max_hp_per_floor":[60,60,60,60,60,60,60,60,60,60,60,60,60,60,60,60,60,60,60,60,60,60,60,60,60,60,60,60,60,60,60,60],"card_choices":[{"not_picked":["theWildCard:Michael","theWildCard:Patience"],"picked":"theWildCard:BladeOfGenerations","floor":1},{"not_picked":["theWildCard:ArcaneArts","theWildCard:SeveringSlash"],"picked":"theWildCard:MagicMettle","floor":4},{"not_picked":["theWildCard:Amaterasu","theWildCard:IdentityTheft"],"picked":"theWildCard:ArcaneArts","floor":5},{"not_picked":["theWildCard:IdentityTheft","theWildCard:UnderLockAndKey"],"picked":"theWildCard:EnergyTheft","floor":8},{"not_picked":["theWildCard:TheGreatSeal","theWildCard:Proficiency"],"picked":"theWildCard:SacrificialStroke","floor":10},{"not_picked":["theWildCard:UnderLockAndKey","theWildCard:ArcaneArts"],"picked":"theWildCard:MagicalMight","floor":12},{"not_picked":["theWildCard:MagicMettle","theWildCard:Attunement"],"picked":"theWildCard:StingingStrike","floor":14},{"not_picked":["theWildCard:ChangingDestiny","theWildCard:TheArcanaUnleashed"],"picked":"theWildCard:Satanael","floor":16},{"not_picked":["theWildCard:LadyLuck","theWildCard:Loki","theWildCard:MaskChange"],"picked":"theWildCard:SeveringSlash","floor":18},{"not_picked":["FastForward","theWildCard:Michael","theWildCard:MaskChange"],"picked":"theWildCard:Polydeuces","floor":20},{"not_picked":["theWildCard:Metatron","ShatteredReality","Read"],"picked":"theWildCard:Overwhelm","floor":22},{"not_picked":["theWildCard:Proficiency+1","theWildCard:ArcaneArts","ShatteredReality+1"],"picked":"theWildCard:ShieldOfMany+1","floor":24},{"not_picked":["PendulumOfEternity","theWildCard:Abstinence","theWildCard:SeveringSlash"],"picked":"theWildCard:Michael","floor":28},{"not_picked":["Orbit","FastForward","theWildCard:Polydeuces+1"],"picked":"theWildCard:ArcaneArts","floor":29},{"not_picked":["Orbit+1","theWildCard:StingingStrike+1","DualDimension"],"picked":"theWildCard:Safeguard+1","floor":30}],"player_experience":4797,"relics_obtained":[{"floor":8,"key":"Oddly Smooth Stone"},{"floor":9,"key":"Orichalcum"}],"event_choices":[{"damage_healed":0,"gold_gain":0,"player_choice":"Grow","damage_taken":0,"max_hp_gain":0,"max_hp_loss":0,"event_name":"Living Wall","floor":2,"gold_loss":0,"cards_upgraded":["theWildCard:CallToAdventure"]},{"damage_healed":0,"gold_gain":0,"player_choice":"Entered Light","damage_taken":12,"max_hp_gain":0,"max_hp_loss":0,"event_name":"Shining Light","floor":3,"gold_loss":0,"cards_upgraded":["theWildCard:BasicStrike","theWildCard:Arsene"]},{"damage_healed":0,"gold_gain":75,"player_choice":"Gather Gold","damage_taken":11,"max_hp_gain":0,"max_hp_loss":0,"event_name":"World of Goop","floor":7,"gold_loss":0},{"cards_removed":["theWildCard:BasicStrike"],"damage_healed":0,"gold_gain":0,"player_choice":"Give","damage_taken":0,"max_hp_gain":0,"max_hp_loss":0,"event_name":"betterNote:BetterNote","floor":21,"gold_loss":0,"cards_obtained":["None"]},{"damage_healed":0,"gold_gain":0,"player_choice":"Opened","damage_taken":0,"relics_obtained":["Gremlin Horn"],"max_hp_gain":0,"max_hp_loss":0,"event_name":"The Mausoleum","floor":25,"gold_loss":0,"cards_obtained":["Writhe"]}],"is_beta":false,"boss_relics":[{"not_picked":["Tiny House","Black Star"],"picked":"aspiration:ServantSkillbook"}],"items_purged_floors":[],"is_endless":false,"potions_floor_spawned":[4,8,12,16,18,24],"killed_by":"DemoMod:Veteran_shot_gun_kin_and_blue_shotgun_kin_with_gunsinger","ascension_level":0}}