{"host":"tf5skwcwe0vlu2md","time":1611148218,"event":{"mods":["BaseMod","Downfall","Highlight Path","Minty Spire (QoL Compilation)","Quick Restart","StSLib","The Hierophant"],"gold_per_floor":[18,34,50,50,61,61,89,89,160,186,186,217,236,253,253,349,349,359,359,372,383,396,428,141,141,141],"floor_reached":25,"playtime":1539,"items_purged":[],"score":319,"play_id":"dd90bd6c-a7b4-4f44-b64f-7b69e39b5169","local_time":"20210121001018","is_ascension_mode":true,"campfire_choices":[{"data":"Corruption","floor":6,"key":"SMITH"},{"data":"Bash","floor":8,"key":"SMITH"},{"data":"Perfected Strike","floor":11,"key":"SMITH"},{"data":"Rupture","floor":15,"key":"SMITH"}],"circlet_count":0,"master_deck":["Strike_R","Strike_R","Strike_R","Strike_R","Strike_R","Defend_R","Defend_R","Defend_R","Defend_R","Bash+1","Battle Trance","Cleave","Perfected Strike+1","Corruption+1","Clash","Brutality","Rupture+1","Perfected Strike","Impervious","Feel No Pain","J.A.X.","Clash","Demon Form","Rampage","Perfected Strike"],"relics":["Burning Blood","FossilizedHelix","Omamori","Pear","Bronze Scales","Nunchaku","Black Star","Torii","Singing Bowl","Bottled Tornado"],"acts_visited":["Exordium","TheCity"],"potions_floor_usage":[4,7,16,20,22,25,25],"damage_taken":[{"damage":5,"enemies":"Small Slimes","floor":1,"turns":4},{"damage":1,"enemies":"Cultist","floor":2,"turns":3},{"damage":4,"enemies":"2 Louse","floor":3,"turns":3},{"damage":22,"enemies":"Large Slime","floor":5,"turns":6},{"damage":16,"enemies":"Gremlin Nob","floor":7,"turns":5},{"damage":17,"enemies":"Lagavulin","floor":10,"turns":5},{"damage":22,"enemies":"Gremlin Nob","floor":12,"turns":4},{"damage":0,"enemies":"Blue Slaver","floor":13,"turns":3},{"damage":2,"enemies":"Exordium Thugs","floor":14,"turns":4},{"damage":43,"enemies":"The Guardian","floor":16,"turns":6},{"damage":27,"enemies":"Shell Parasite","floor":18,"turns":5},{"damage":29,"enemies":"Spheric Guardian","floor":20,"turns":4},{"damage":31,"enemies":"Chosen and Byrds","floor":21,"turns":5},{"damage":4,"enemies":"Snake Plant","floor":22,"turns":3},{"damage":24,"enemies":"Gremlin Leader","floor":23,"turns":6},{"damage":26,"enemies":"Book of Stabbing","floor":25,"turns":4}],"seed_played":"-2629039033226899209","potions_obtained":[{"floor":3,"key":"EntropicBrew"},{"floor":5,"key":"champ:CounterPotion"},{"floor":7,"key":"FearPotion"},{"floor":21,"key":"LiquidMemories"},{"floor":22,"key":"FearPotion"}],"is_trial":false,"path_per_floor":["M","M","M","?","M","R","E","R","T","E","R","E","M","M","R","B",null,"M","?","M","M","M","E","$","E"],"character_chosen":"IRONCLAD","items_purchased":["Bottled Tornado","Perfected Strike"],"campfire_rested":0,"item_purchase_floors":[24,24],"current_hp_per_floor":[96,96,96,96,80,80,70,70,80,69,69,53,59,63,63,26,106,85,85,62,37,39,23,23,0,0],"gold":141,"neow_bonus":"TWENTY_PERCENT_HP_BONUS","is_daily":false,"chose_seed":false,"campfire_upgraded":4,"win_rate":0.0,"timestamp":1611148218,"path_taken":["M","M","M","?","M","R","E","R","T","E","R","E","M","M","R","BOSS","M","?","M","M","M","E","$","E"],"items_purchased_type":["Relic","Card"],"build_version":"2020-12-13","purchased_purges":0,"victory":false,"max_hp_per_floor":[96,96,96,96,96,96,96,96,106,106,106,106,106,106,106,106,106,106,106,106,106,106,108,108,108,108],"card_choices":[{"not_picked":["Pommel Strike","Armaments"],"picked":"Battle Trance","floor":1},{"not_picked":["Flex","Rampage"],"picked":"Cleave","floor":2},{"not_picked":["Cleave","Battle Trance"],"picked":"Perfected Strike","floor":3},{"not_picked":["Reckless Charge","Infernal Blade"],"picked":"Corruption","floor":5},{"not_picked":["Combust","Armaments"],"picked":"Clash","floor":7},{"not_picked":["Armaments","Intimidate"],"picked":"Brutality","floor":10},{"not_picked":["Clothesline","Brutality"],"picked":"Rupture","floor":12},{"not_picked":["Twin Strike","Power Through","Armaments"],"picked":"SKIP","floor":13},{"not_picked":["Armaments","Shrug It Off"],"picked":"Perfected Strike","floor":14},{"not_picked":["Limit Break","Bludgeon"],"picked":"Impervious","floor":16},{"not_picked":["Body Slam","Burning Pact"],"picked":"Feel No Pain","floor":18},{"not_picked":["Pommel Strike+1","Cleave"],"picked":"Clash","floor":20},{"not_picked":["Searing Blow","Perfected Strike"],"picked":"Demon Form","floor":21},{"not_picked":["Wild Strike+1","Shrug It Off"],"picked":"Rampage","floor":22},{"not_picked":["Pummel","Heavy Blade","Clothesline"],"picked":"Singing Bowl","floor":23}],"player_experience":228605,"relics_obtained":[{"floor":4,"key":"FossilizedHelix"},{"floor":7,"key":"Omamori"},{"floor":9,"key":"Pear"},{"floor":10,"key":"Bronze Scales"},{"floor":12,"key":"Nunchaku"},{"floor":23,"key":"Torii"},{"floor":23,"key":"Singing Bowl"}],"event_choices":[{"damage_healed":0,"gold_gain":0,"player_choice":"Relic","damage_taken":0,"max_hp_gain":0,"max_hp_loss":0,"event_name":"Wheel of Change","floor":4,"gold_loss":0},{"damage_healed":0,"gold_gain":0,"player_choice":"Obtain J.A.X.","damage_taken":0,"max_hp_gain":0,"max_hp_loss":0,"event_name":"Drug Dealer","floor":19,"gold_loss":0,"cards_obtained":["J.A.X."]}],"is_beta":false,"boss_relics":[{"not_picked":["Empty Cage","Busted Crown"],"picked":"Black Star"}],"items_purged_floors":[],"is_endless":false,"potions_floor_spawned":[3,5,7,12,14,21,22],"killed_by":"Book of Stabbing","ascension_level":4}}