{"host":"b1dzdo8uo7e6jx8g","time":1611173710,"event":{"mods":["AchievementEnabler","BaseMod","BetterRewards","Colored Map","Highlight Path","Minty Spire (QoL Compilation)","StSLib"],"gold_per_floor":[112,187,198,213,230,230,230,246,246,262,277,227,227,227,227,352,352,373,418,451,474,399,399,399],"floor_reached":23,"language":"ENG","playtime":887,"items_purged":[],"score":310,"play_id":"91dcafbf-0e0b-45ca-82eb-38304077e0e3","local_time":"20210120211510","is_ascension_mode":false,"campfire_choices":[{"data":"Armaments","floor":6,"key":"SMITH"},{"floor":13,"key":"REST"},{"data":"Body Slam","floor":15,"key":"SMITH"}],"circlet_count":0,"master_deck":["Strike_R","Strike_R","Strike_R","Strike_R","Defend_R","Defend_R","Defend_R","Defend_R","Bash","Armaments+1","Shrug It Off","Anger","Body Slam+1","Body Slam","Reaper","CurseOfTheBell","Ghostly","Ghostly","Ghostly","Ghostly","Ghostly","True Grit+1","Metallicize"],"relics":["Burning Blood","Calipers","Golden Idol","Paper Frog","Calling Bell","CeramicFish","Pantograph","Torii"],"acts_visited":["Exordium","TheCity"],"potions_floor_usage":[23,23,23],"damage_taken":[{"damage":5,"enemies":"Small Slimes","floor":1,"turns":3},{"damage":6,"enemies":"Cultist","floor":3,"turns":3},{"damage":6,"enemies":"2 Louse","floor":4,"turns":3},{"damage":10,"enemies":"2 Fungi Beasts","floor":5,"turns":4},{"damage":9,"enemies":"Blue Slaver","floor":8,"turns":4},{"damage":24,"enemies":"Exordium Thugs","floor":10,"turns":6},{"damage":0,"enemies":"3 Louse","floor":11,"turns":3},{"damage":46,"enemies":"Slime Boss","floor":16,"turns":9},{"damage":22,"enemies":"Chosen","floor":18,"turns":6},{"damage":33,"enemies":"Spheric Guardian","floor":20,"turns":12},{"damage":9,"enemies":"Snake Plant","floor":21,"turns":8},{"damage":16,"enemies":"Book of Stabbing","floor":23,"turns":7}],"seed_played":"-7950661187178774668","potions_obtained":[{"floor":4,"key":"DistilledChaos"},{"floor":8,"key":"SneckoOil"},{"floor":21,"key":"Energy Potion"}],"is_trial":false,"path_per_floor":["M","?","M","M","M","R","?","M","T","M","M","?","R","T","R","B",null,"M","?","M","M","?","E"],"character_chosen":"IRONCLAD","items_purchased":["Calipers","Armaments"],"campfire_rested":1,"item_purchase_floors":[0,0],"current_hp_per_floor":[68,60,60,60,56,56,56,53,53,35,41,41,65,65,65,25,80,64,40,13,10,10,0,0],"gold":399,"neow_bonus":"","is_daily":false,"chose_seed":false,"campfire_upgraded":2,"win_rate":0.0,"timestamp":1611173710,"path_taken":["M","?","M","?","M","R","?","M","T","M","M","?","R","?","R","BOSS","M","?","M","M","?","E"],"items_purchased_type":["Relic","Card"],"build_version":"2020-12-22","purchased_purges":0,"victory":false,"max_hp_per_floor":[80,80,80,80,80,80,80,80,80,80,80,80,80,80,80,80,80,80,40,40,40,40,40,40],"card_choices":[{"not_picked":["Warcry","Rupture","Havoc"],"picked":"SKIP","floor":1},{"not_picked":["Wild Strike","Clothesline"],"picked":"Shrug It Off","floor":3},{"not_picked":["Sword Boomerang","Perfected Strike","Shockwave"],"picked":"SKIP","floor":4},{"not_picked":["Heavy Blade","Disarm"],"picked":"Anger","floor":5},{"not_picked":["Warcry","Rage"],"picked":"Body Slam","floor":8},{"not_picked":["Fiend Fire","Twin Strike","True Grit"],"picked":"SKIP","floor":10},{"not_picked":["Sword Boomerang","Dropkick"],"picked":"Body Slam","floor":11},{"not_picked":["Fiend Fire","Berserk"],"picked":"Reaper","floor":16},{"not_picked":["Sever Soul+1","Cleave","Heavy Blade+1"],"picked":"SKIP","floor":18},{"not_picked":["Iron Wave","Battle Trance"],"picked":"True Grit+1","floor":20},{"not_picked":["Flex","Havoc+1"],"picked":"Metallicize","floor":21}],"player_experience":218836,"relics_obtained":[{"floor":9,"key":"Paper Frog"},{"floor":17,"key":"CeramicFish"},{"floor":17,"key":"Pantograph"},{"floor":17,"key":"Torii"}],"event_choices":[{"damage_healed":0,"gold_gain":75,"player_choice":"Touch","damage_taken":8,"max_hp_gain":0,"max_hp_loss":0,"event_name":"FaceTrader","floor":2,"gold_loss":0},{"damage_healed":0,"gold_gain":0,"player_choice":"Take Wound","damage_taken":0,"relics_obtained":["Golden Idol"],"max_hp_gain":0,"max_hp_loss":0,"event_name":"Golden Idol","floor":7,"gold_loss":0,"cards_obtained":["Injury"]},{"cards_removed":["Injury"],"damage_healed":0,"gold_gain":0,"player_choice":"Card Removal","damage_taken":0,"max_hp_gain":0,"max_hp_loss":0,"event_name":"The Cleric","floor":12,"gold_loss":50},{"damage_healed":0,"gold_gain":0,"player_choice":"Became a Ghost","damage_taken":0,"max_hp_gain":0,"max_hp_loss":40,"event_name":"Ghosts","floor":19,"gold_loss":0,"cards_obtained":["Ghostly","Ghostly","Ghostly","Ghostly","Ghostly"]},{"cards_removed":["Strike_R"],"damage_healed":0,"gold_gain":0,"player_choice":"Gave Gold","damage_taken":0,"max_hp_gain":0,"max_hp_loss":0,"event_name":"Beggar","floor":22,"gold_loss":75}],"is_beta":false,"boss_relics":[{"not_picked":["Velvet Choker","Runic Dome"],"picked":"Calling Bell"}],"items_purged_floors":[],"is_endless":false,"potions_floor_spawned":[4,8,21],"killed_by":"Book of Stabbing","ascension_level":0}}