{"host":"ewfe3cr33ktd9xzj","time":1611125010,"event":{"mods":["AchievementEnabler","Arknights The Spire","BaseMod","Colored Map","Custom Start","DeckTracker","Minty Spire (QoL Compilation)","Permanent Neow","Quick Restart","Rare Cards Sparkle","StSLib","everything is the same but u backflip on backflip"],"gold_per_floor":[113,124,124,141,91,91,91],"floor_reached":6,"language":"KOR","playtime":169,"items_purged":[],"score":36,"play_id":"45b748b7-5c81-46b3-919e-3b55c70ce250","local_time":"20210120154330","is_ascension_mode":false,"campfire_choices":[],"circlet_count":0,"master_deck":["ats:Strike C","ats:Strike G","ats:Strike S","ats:Armor Crushing Shot","ats:Defend+1","ats:Defend","ats:Defend","ats:Defend","ats:Emotion Absorption+1","ats:Soul Rend","ats:Very Hot Blade","ats:Overload"],"relics":["ats:Sanity"],"acts_visited":["Exordium"],"potions_floor_usage":[],"damage_taken":[{"damage":4,"enemies":"Cultist","floor":1,"turns":4},{"damage":14,"enemies":"Small Slimes","floor":2,"turns":5},{"damage":6,"enemies":"2 Louse","floor":4,"turns":3},{"damage":25,"enemies":"Gremlin Nob","floor":6,"turns":4}],"seed_played":"6104999232691860708","potions_obtained":[{"floor":1,"key":"LiquidMemories"},{"floor":4,"key":"ats:Top Emergency Sanity Potion"}],"is_trial":false,"path_per_floor":["M","M","?","M","?","E"],"character_chosen":"DOCTOR_CLASS","items_purchased":[],"campfire_rested":0,"item_purchase_floors":[],"current_hp_per_floor":[62,51,38,33,33,8,8],"gold":91,"neow_bonus":"THREE_RARE_CARDS","is_daily":false,"chose_seed":false,"campfire_upgraded":0,"win_rate":0.0,"timestamp":1611125010,"path_taken":["M","M","?","M","?","E"],"items_purchased_type":[],"build_version":"2020-12-22","purchased_purges":0,"victory":false,"max_hp_per_floor":[65,65,65,65,65,65,65],"card_choices":[{"not_picked":["ats:Calcification","ats:Rat Pack"],"picked":"ats:Soul Rend","floor":0},{"not_picked":["ats:Automatic Cover","ats:Soul Absorption","ats:Ignite"],"picked":"SKIP","floor":1},{"not_picked":["ats:Explosion Area Strengthen","ats:Flexible Camouflage"],"picked":"ats:Very Hot Blade","floor":2},{"not_picked":["ats:Childhood Dance","ats:Mental Burst"],"picked":"ats:Overload","floor":4}],"player_experience":56822,"relics_obtained":[],"event_choices":[{"damage_healed":0,"gold_gain":0,"player_choice":"Entered Light","damage_taken":13,"max_hp_gain":0,"max_hp_loss":0,"event_name":"Shining Light","floor":3,"gold_loss":0,"cards_upgraded":["ats:Emotion Absorption","ats:Defend"]},{"cards_removed":["ats:Strike V"],"damage_healed":0,"gold_gain":0,"player_choice":"Card Removal","damage_taken":0,"max_hp_gain":0,"max_hp_loss":0,"event_name":"The Cleric","floor":5,"gold_loss":50}],"is_beta":false,"boss_relics":[],"items_purged_floors":[],"is_endless":false,"potions_floor_spawned":[1,4],"killed_by":"Gremlin Nob","ascension_level":0}}