{"host":"xp5rvh2jwe2ejyfm","time":1611164543,"event":{"mods":["BaseMod","Downfall","Hermit","Minty Spire (QoL Compilation)","Robot Space Explorer","StSLib","The Clintock","The Construct","The Cursed","The Disciple","The Forsaken","The Hierophant","The Runesmith"],"gold_per_floor":[99,113,128,6,23,23,93,107,127,127,27,39,39,139,153,257,257,157,172,187,3,13,13,68,94,203,203,203,203],"floor_reached":27,"language":"ENG","playtime":1364,"items_purged":[],"score":207,"play_id":"9745cce5-5b05-4aa5-85d3-dcbcfe315896","local_time":"20210120124223","is_ascension_mode":false,"campfire_choices":[{"data":"Slimebound:Split","floor":1,"key":"SMITH"},{"data":"Slimebound:Schlurp","floor":6,"key":"SMITH"},{"floor":11,"key":"RECALL"},{"data":"Slimebound:SlimeSlap","floor":18,"key":"SMITH"}],"circlet_count":0,"master_deck":["Slimebound:Strike_Slimebound","Slimebound:Strike_Slimebound","Slimebound:Strike_Slimebound","Slimebound:Tackle","Slimebound:Defend_Slimebound","Slimebound:Defend_Slimebound","Slimebound:Defend_Slimebound","Slimebound:Defend_Slimebound","Slimebound:Split+1","Slimebound:CorrosiveSpit","Slimebound:DisruptingSlam","Slimebound:Schlurp","Slimebound:LeechingTouch","Slimebound:LivingWall","Slimebound:Schlurp+1","Slimebound:Equalize","Slimebound:SlimeSlap+1","Slimebound:Prepare","Slimebound:Prepare","theForsaken:PlagueCurse","Slimebound:SlimeBarrage","Slimebound:SamplingLick","Slimebound:MinionMaster","Slimebound:SplitMire","Slimebound:MinionMaster","Slimebound:SplitMire+1","Slimebound:SplitMire","Slimebound:ItLooksTasty+1","Slimebound:SplitAcid+1","Slimebound:LevelUp"],"relics":["Slimebound:AbsorbEndCombat","theForsaken:PlagueMask","downfall:HeartBlessingBlue","construct:WeddingRing","downfall:HeartBlessingRed","Anchor","Orichalcum","CeramicFish","downfall:CloakOfManyFaces","CultistMask","FaceOfCleric","NlothsMask","GremlinMask","SsserpentHead"],"acts_visited":["Exordium","TheCity"],"potions_floor_usage":[4,16,25,27],"damage_taken":[{"damage":5,"enemies":"2 Louse","floor":2,"turns":2},{"damage":9,"enemies":"Small Slimes","floor":3,"turns":3},{"damage":0,"enemies":"downfall:FleeingMerchant","floor":4,"turns":4},{"damage":0,"enemies":"Cultist","floor":5,"turns":3},{"damage":3,"enemies":"Blue Slaver","floor":8,"turns":4},{"damage":0,"enemies":"Large Slime","floor":9,"turns":5},{"damage":5,"enemies":"3 Louse","floor":12,"turns":4},{"damage":0,"enemies":"2 Fungi Beasts","floor":15,"turns":3},{"damage":51,"enemies":"IC_STATUS_ARCHETYPE","floor":16,"turns":9},{"damage":10,"enemies":"Shell Parasite","floor":19,"turns":7},{"damage":7,"enemies":"Spheric Guardian","floor":20,"turns":5},{"damage":3,"enemies":"downfall:FleeingMerchant","floor":21,"turns":4},{"damage":30,"enemies":"Shelled Parasite and Fungi","floor":22,"turns":6},{"damage":26,"enemies":"3 Cultists","floor":25,"turns":6},{"damage":8,"enemies":"downfall:FaceTrader","floor":26,"turns":8},{"damage":46,"enemies":"Slavers","floor":27,"turns":3}],"seed_played":"-5972662344134110963","potions_obtained":[{"floor":2,"key":"Slimebound:SlimedPotion"},{"floor":3,"key":"Strength Potion"},{"floor":8,"key":"sneckomod:MuddlingPotion"},{"floor":19,"key":"Explosive Potion"},{"floor":26,"key":"AttackPotion"}],"is_trial":false,"path_per_floor":["R","M","M","$","M","R","T","M","M","?","R","M","?","?","M","B",null,"R","M","M","$","M","?","T","M","?","E"],"character_chosen":"SLIMEBOUND","items_purchased":["Slimebound:Schlurp","Slimebound:Equalize","Anchor","Slimebound:SplitMire"],"campfire_rested":0,"item_purchase_floors":[4,4,21,21],"current_hp_per_floor":[65,62,55,61,65,65,65,62,65,65,75,74,74,74,75,34,75,75,72,71,74,53,53,53,39,39,0,0,0],"gold":203,"neow_bonus":"THREE_CARDS","is_daily":false,"chose_seed":false,"campfire_upgraded":3,"win_rate":0.0,"timestamp":1611164543,"path_taken":["R","M","M","$","M","R","T","M","M","?","R","M","?","?","M","BOSS","R","M","M","$","M","?","T","M","?","E"],"items_purchased_type":["Card","Card","Relic","Card"],"build_version":"2020-12-22","purchased_purges":0,"victory":false,"max_hp_per_floor":[65,65,65,65,65,65,65,65,65,65,75,75,75,75,75,75,75,75,75,75,75,75,75,75,75,75,75,75,75],"card_choices":[{"not_picked":["Slimebound:LeechingTouch","Slimebound:RollThrough"],"picked":"Slimebound:DisruptingSlam","floor":0},{"not_picked":["Slimebound:Replication","Slimebound:MegaLick"],"picked":"Slimebound:Schlurp","floor":2},{"not_picked":["Slimebound:RollThrough","Slimebound:Prepare"],"picked":"Slimebound:LeechingTouch","floor":3},{"not_picked":["Slimebound:SplitLeeching","Slimebound:GrowthPunch"],"picked":"Slimebound:LivingWall","floor":4},{"not_picked":["Slimebound:ServeAndProtect","Slimebound:ViciousTackle"],"picked":"Slimebound:SlimeSlap","floor":5},{"not_picked":["Slimebound:SplitMire","Slimebound:RollThrough"],"picked":"Slimebound:Prepare","floor":8},{"not_picked":["Slimebound:FormOfPuddle","Slimebound:RollThrough"],"picked":"Slimebound:Prepare","floor":9},{"not_picked":["Slimebound:RollThrough","Slimebound:WasteNot"],"picked":"Slimebound:SlimeBarrage","floor":12},{"not_picked":["Slimebound:Repurpose","Slimebound:FinishingTackle"],"picked":"Slimebound:SamplingLick","floor":15},{"not_picked":["Slimebound:Overexert","Slimebound:RallyTheTroops"],"picked":"Slimebound:MinionMaster","floor":16},{"not_picked":["Slimebound:RollThrough+1","Slimebound:ComboTackle"],"picked":"Slimebound:SplitMire","floor":19},{"not_picked":["Slimebound:Prepare","Slimebound:SplitAcid"],"picked":"Slimebound:MinionMaster","floor":20},{"not_picked":["Slimebound:RollThrough","Slimebound:SplitAcid"],"picked":"Slimebound:SplitMire+1","floor":21},{"not_picked":["Slimebound:Schlurp","Slimebound:RollThrough"],"picked":"Slimebound:ItLooksTasty+1","floor":22},{"not_picked":["Slimebound:Prepare","Slimebound:SplitMire"],"picked":"Slimebound:SplitAcid+1","floor":25},{"not_picked":["Slimebound:ItLooksTasty","Slimebound:Overexert"],"picked":"Slimebound:LevelUp","floor":26}],"player_experience":262346,"relics_obtained":[{"floor":24,"key":"CeramicFish"},{"floor":26,"key":"downfall:CloakOfManyFaces"}],"event_choices":[{"damage_healed":0,"gold_gain":0,"player_choice":"Obtain Plague Curse","damage_taken":0,"max_hp_gain":0,"max_hp_loss":0,"event_name":"Plague Doctor","floor":10,"gold_loss":0,"cards_obtained":["theForsaken:PlagueCurse"]}],"is_beta":false,"boss_relics":[{"not_picked":["Astrolabe","Empty Cage"],"picked":"construct:WeddingRing"}],"items_purged_floors":[],"is_endless":false,"potions_floor_spawned":[2,3,8,19,26],"killed_by":"Slavers","ascension_level":0}}