{"host":"r6jigiblrojhp6xe","time":1611152046,"event":{"mods":["AchievementEnabler","BaseMod","DeckTracker","Hermit","Minty Spire (QoL Compilation)","Quick Restart","Rare Cards Sparkle","Relic Stats","StSLib","SuperFastMode","everything is the same but u backflip on backflip"],"gold_per_floor":[112,112,127,139,139,139,168,180,204,157,175,191,225,236,236,336,336,354,26,53,53,69,69,101,101,127,156,156,175,175,186,186,283,283,317,317,169,169,202,202,55,72,99,47,67,101,126,140,140,140,140,140,14,49,49,49],"floor_reached":55,"language":"KOR","playtime":2407,"items_purged":["hermit:Defend_Hermit"],"score":708,"play_id":"b234aa41-f949-4a3f-a587-07b57c57ca46","local_time":"20210120231406","is_ascension_mode":false,"campfire_choices":[{"data":"hermit:Showdown","floor":6.0,"key":"SMITH"},{"data":"hermit:Shortfuse","floor":15.0,"key":"SMITH"},{"data":"hermit:Maintenance","floor":23.0,"key":"SMITH"},{"data":"hermit:Shortfuse","floor":28.0,"key":"SMITH"},{"data":"hermit:TakeCover","floor":30.0,"key":"SMITH"},{"data":"hermit:HeroicBravado","floor":32.0,"key":"SMITH"},{"data":"hermit:HighCaliber","floor":40.0,"key":"SMITH"},{"floor":49.0,"key":"RECALL"},{"data":"hermit:HighCaliber","floor":52.0,"key":"SMITH"}],"circlet_count":0,"master_deck":["hermit:Strike_Hermit","hermit:Strike_Hermit","hermit:Strike_Hermit","hermit:Strike_Hermit","hermit:Defend_Hermit","hermit:Defend_Hermit","hermit:Defend_Hermit","hermit:Snapshot","hermit:Covet","hermit:Showdown+1","hermit:Shortfuse+1","hermit:TakeCover+1","hermit:BodyArmor+1","hermit:FlashPowder+1","hermit:DeadOrAlive","hermit:Maintenance+1","hermit:Shortfuse+1","hermit:HighCaliber+1","hermit:HeroicBravado+1","hermit:RoundhouseKick","hermit:FullyLoaded+1","hermit:BodyArmor+1","hermit:HighCaliber+1","hermit:HighCaliber+1"],"relics":["hermit:Momento","NeowsBlessing","PreservedInsect","Toy Ornithopter","Pen Nib","Philosopher\u0027s Stone","Pantograph","Enchiridion","HornCleat","Anchor","Runic Pyramid","Lantern","Meat on the Bone","Orrery","Potion Belt","Letter Opener","War Paint"],"acts_visited":["Exordium","TheCity","TheBeyond","TheEnding"],"potions_floor_usage":[],"damage_taken":[{"damage":0.0,"enemies":"Small Slimes","floor":1.0,"turns":1.0},{"damage":0.0,"enemies":"Jaw Worm","floor":3.0,"turns":1.0},{"damage":0.0,"enemies":"Cultist","floor":4.0,"turns":1.0},{"damage":8.0,"enemies":"3 Sentries","floor":7.0,"turns":6.0},{"damage":1.0,"enemies":"2 Fungi Beasts","floor":8.0,"turns":2.0},{"damage":5.0,"enemies":"Looter","floor":11.0,"turns":3.0},{"damage":2.0,"enemies":"Blue Slaver","floor":12.0,"turns":3.0},{"damage":8.0,"enemies":"Gremlin Nob","floor":13.0,"turns":3.0},{"damage":0.0,"enemies":"Exordium Thugs","floor":14.0,"turns":3.0},{"damage":35.0,"enemies":"The Guardian","floor":16.0,"turns":11.0},{"damage":13.0,"enemies":"Shell Parasite","floor":18.0,"turns":5.0},{"damage":13.0,"enemies":"3 Byrds","floor":20.0,"turns":7.0},{"damage":4.0,"enemies":"Snecko","floor":22.0,"turns":3.0},{"damage":8.0,"enemies":"Book of Stabbing","floor":24.0,"turns":5.0},{"damage":6.0,"enemies":"Cultist and Chosen","floor":27.0,"turns":6.0},{"damage":0.0,"enemies":"Shelled Parasite and Fungi","floor":29.0,"turns":5.0},{"damage":1.0,"enemies":"Centurion and Healer","floor":31.0,"turns":7.0},{"damage":24.0,"enemies":"Champ","floor":33.0,"turns":11.0},{"damage":6.0,"enemies":"3 Darklings","floor":35.0,"turns":9.0},{"damage":0.0,"enemies":"3 Shapes","floor":39.0,"turns":5.0},{"damage":5.0,"enemies":"Writhing Mass","floor":42.0,"turns":6.0},{"damage":2.0,"enemies":"Transient","floor":45.0,"turns":5.0},{"damage":0.0,"enemies":"Nemesis","floor":46.0,"turns":4.0},{"damage":0.0,"enemies":"Jaw Worm Horde","floor":47.0,"turns":4.0},{"damage":27.0,"enemies":"Sphere and 2 Shapes","floor":48.0,"turns":5.0},{"damage":9.0,"enemies":"Donu and Deca","floor":50.0,"turns":8.0},{"damage":32.0,"enemies":"Shield and Spear","floor":54.0,"turns":9.0},{"damage":99,"enemies":"The Heart","floor":55,"turns":6}],"seed_played":"-7303666524341926015","potions_obtained":[{"floor":1.0,"key":"Energy Potion"},{"floor":5.0,"key":"SteroidPotion"},{"floor":5.0,"key":"SkillPotion"},{"floor":8.0,"key":"CultistPotion"},{"floor":13.0,"key":"SneckoOil"},{"floor":14.0,"key":"SkillPotion"},{"floor":24.0,"key":"Dexterity Potion"},{"floor":29.0,"key":"FairyPotion"},{"floor":42.0,"key":"SteroidPotion"},{"floor":45.0,"key":"SteroidPotion"},{"floor":46.0,"key":"LiquidMemories"},{"floor":48.0,"key":"Explosive Potion"}],"is_trial":false,"path_per_floor":["M","?","M","M","?","R","E","M","T","$","M","M","E","M","R","B",null,"M","$","M","?","M","R","E","?","T","M","R","M","R","M","R","B",null,"M","?","$","T","M","R","$","M","T","$","M","E","M","M","R","B",null,"R","$","E","B"],"character_chosen":"HERMIT","items_purchased":["hermit:BodyArmor","hermit:Shortfuse","Pantograph","Lantern","Orrery","Energy Potion","FearPotion"],"campfire_rested":0,"item_purchase_floors":[10,19,19,37,41,44,53],"current_hp_per_floor":[75,75,75,75,75,75,67,66,66,66,61,59,56,56,56,21,75,62,62,54,38,34,34,26,26,26,20,20,20,20,19,19,30,75,69,62,62,62,62,62,62,57,57,57,55,55,55,45,45,66,75,75,75,53,0,0],"gold":49,"neow_bonus":"THREE_ENEMY_KILL","is_daily":false,"chose_seed":false,"campfire_upgraded":8,"win_rate":0.0,"timestamp":1611152046,"path_taken":["M","?","M","M","?","R","E","M","T","$","M","M","E","?","R","BOSS","M","$","M","?","M","R","E","?","T","M","R","M","R","M","R","BOSS","M","?","$","?","M","R","$","M","T","?","M","E","M","M","R","BOSS","R","$","E","BOSS"],"items_purchased_type":["Card","Card","Relic","Relic","Relic","Potion","Potion"],"build_version":"2020-12-22","purchased_purges":1,"victory":false,"max_hp_per_floor":[75,75,75,75,75,75,75,75,75,75,75,75,75,75,75,75,75,75,75,75,75,75,75,75,75,75,75,75,75,75,75,75,75,75,75,75,75,75,75,75,75,75,75,75,75,75,75,75,75,75,75,75,75,75,75,75],"relic_stats":{"counters":[28,144],"Pantograph":72,"PreservedInsect":176,"Pen Nib":[29],"Letter Opener":[85],"War Paint":["hermit:BodyArmor","hermit:FlashPowder"],"obtain_stats":[{"Potion Belt":43,"Lantern":37,"NeowsBlessing":0,"Enchiridion":21,"PreservedInsect":7,"Pen Nib":13,"Letter Opener":46,"War Paint":54,"Anchor":26,"HornCleat":24,"Pantograph":19,"Orrery":41,"Philosopher\u0027s Stone":17,"hermit:Momento":0,"Toy Ornithopter":9,"Runic Pyramid":34,"Meat on the Bone":38},{"Potion Belt":21,"Lantern":19,"NeowsBlessing":0,"Enchiridion":12,"PreservedInsect":4,"Pen Nib":8,"Letter Opener":23,"War Paint":27,"Anchor":14,"HornCleat":14,"Pantograph":11,"Orrery":20,"Philosopher\u0027s Stone":10,"hermit:Momento":0,"Toy Ornithopter":5,"Runic Pyramid":18,"Meat on the Bone":19},{"Potion Belt":103,"Lantern":92,"NeowsBlessing":0,"Enchiridion":46,"PreservedInsect":9,"Pen Nib":20,"Letter Opener":112,"War Paint":138,"Anchor":54,"HornCleat":54,"Pantograph":39,"Orrery":97,"Philosopher\u0027s Stone":34,"hermit:Momento":0,"Toy Ornithopter":11,"Runic Pyramid":83,"Meat on the Bone":92}],"Toy Ornithopter":40,"Meat on the Bone":12},"card_choices":[{"not_picked":["hermit:Deadeye","hermit:Vantage"],"picked":"hermit:Showdown","floor":1.0},{"not_picked":["hermit:Horror","hermit:Dive"],"picked":"hermit:Shortfuse","floor":3.0},{"not_picked":["hermit:Cheat","hermit:LowProfile","hermit:Spite"],"picked":"SKIP","floor":4.0},{"not_picked":["hermit:GhostlyPresence","hermit:WideOpen"],"picked":"hermit:TakeCover","floor":7.0},{"not_picked":["hermit:Feint","hermit:Virtue","hermit:Brawl"],"picked":"SKIP","floor":8.0},{"not_picked":["hermit:Feint","hermit:Virtue","hermit:Brawl"],"picked":"SKIP","floor":8.0},{"not_picked":["hermit:GhostlyPresence","hermit:Spite"],"picked":"hermit:FlashPowder","floor":11.0},{"not_picked":["hermit:Horror","hermit:GhostlyPresence","hermit:Headshot"],"picked":"SKIP","floor":12.0},{"not_picked":["hermit:Quickdraw","hermit:Brawl","hermit:Headshot"],"picked":"SKIP","floor":13.0},{"not_picked":["hermit:GhostlyPresence","hermit:Quickdraw","hermit:Midnight"],"picked":"SKIP","floor":14.0},{"not_picked":["hermit:FatalDesire","hermit:FromBeyond"],"picked":"hermit:DeadOrAlive","floor":16.0},{"not_picked":["hermit:Quickdraw","hermit:Headshot+1"],"picked":"hermit:Maintenance","floor":18.0},{"not_picked":["hermit:CalledShot","hermit:TakeAim","hermit:Manifest"],"picked":"SKIP","floor":20.0},{"not_picked":["hermit:BigShot","hermit:Grudge","hermit:LowProfile"],"picked":"SKIP","floor":22.0},{"not_picked":["hermit:Malice","hermit:BodyArmor"],"picked":"hermit:HighCaliber","floor":24.0},{"not_picked":["hermit:FatalDesire","hermit:Glare","hermit:GhostlyPresence"],"picked":"SKIP","floor":27.0},{"not_picked":["hermit:Feint","hermit:NoHoldsBarred","hermit:HighCaliber"],"picked":"SKIP","floor":29.0},{"not_picked":["hermit:GoldenBullet","hermit:TrackingShot"],"picked":"hermit:HeroicBravado","floor":31.0},{"not_picked":["hermit:BlackWind","hermit:FinalCanter"],"picked":"hermit:RoundhouseKick","floor":33.0},{"not_picked":["hermit:Dive+1","hermit:ItchyTrigger","hermit:CalledShot"],"picked":"SKIP","floor":35.0},{"not_picked":["hermit:Desperado","hermit:NoHoldsBarred+1"],"picked":"hermit:FullyLoaded+1","floor":39.0},{"not_picked":["hermit:TrackingShot+1","hermit:Dissolve"],"picked":"hermit:BodyArmor+1","floor":41.0},{"not_picked":["hermit:Ricochet+1","hermit:Midnight","hermit:Dive+1"],"picked":"SKIP","floor":42.0},{"not_picked":["hermit:FatalDesire","hermit:LoneWolf","hermit:FlashPowder"],"picked":"SKIP","floor":45.0},{"not_picked":["hermit:Manifest+1","hermit:Horror"],"picked":"hermit:HighCaliber","floor":46.0},{"not_picked":["hermit:Reprieve","hermit:Vantage","hermit:Glare+1"],"picked":"SKIP","floor":47.0},{"not_picked":["hermit:ItchyTrigger+1","hermit:Deadeye+1"],"picked":"hermit:HighCaliber+1","floor":48.0},{"not_picked":["hermit:CalledShot","hermit:Vantage+1","hermit:ItchyTrigger+1"],"picked":"SKIP","floor":54.0}],"player_experience":567457,"relics_obtained":[{"floor":7.0,"key":"PreservedInsect"},{"floor":9.0,"key":"Toy Ornithopter"},{"floor":13.0,"key":"Pen Nib"},{"floor":21.0,"key":"Enchiridion"},{"floor":24.0,"key":"HornCleat"},{"floor":26.0,"key":"Anchor"},{"floor":38.0,"key":"Meat on the Bone"},{"floor":43.0,"key":"Potion Belt"},{"floor":46.0,"key":"Letter Opener"},{"floor":54.0,"key":"War Paint"}],"event_choices":[{"damage_healed":0.0,"max_hp_gain":0.0,"max_hp_loss":0.0,"gold_gain":0.0,"event_name":"Liars Game","player_choice":"Ignored","floor":2.0,"gold_loss":0.0,"damage_taken":0.0},{"damage_healed":0.0,"max_hp_gain":0.0,"max_hp_loss":0.0,"gold_gain":0.0,"event_name":"Lab","player_choice":"Got Potions","floor":5.0,"gold_loss":0.0,"damage_taken":0.0},{"damage_healed":0.0,"max_hp_gain":0.0,"max_hp_loss":0.0,"gold_gain":0.0,"event_name":"Cursed Tome","player_choice":"Obtained Book","floor":21.0,"gold_loss":0.0,"damage_taken":16.0},{"damage_healed":0.0,"max_hp_gain":0.0,"max_hp_loss":0.0,"gold_gain":0.0,"event_name":"Vampires","player_choice":"Ignored","floor":25.0,"gold_loss":0.0,"damage_taken":0.0},{"damage_healed":0.0,"max_hp_gain":0.0,"max_hp_loss":0.0,"gold_gain":0.0,"event_name":"Wheel of Change","player_choice":"Damaged","floor":36.0,"gold_loss":0.0,"damage_taken":7.0}],"is_beta":false,"boss_relics":[{"not_picked":["Busted Crown","Tiny House"],"picked":"Philosopher\u0027s Stone"},{"not_picked":["hermit:ClaspedLocket","SlaversCollar"],"picked":"Runic Pyramid"}],"items_purged_floors":[53],"is_endless":false,"potions_floor_spawned":[1,8,13,14,16,24,29,42,45,46,47,48],"killed_by":"The Heart","ascension_level":0}}