{"host":"fq1bpa5mgr3rtgnr","time":1611139540,"event":{"mods":["AchievementEnabler","BaseMod","Colored Map","Colored Powertips","Duelist Mod","Highlight Path","Minty Spire (QoL Compilation)","Relic Stats","StSLib"],"gold_per_floor":[392,18,18,18,18,18,52,52,52,52,79,108,147,173,173,300,300,345,387,429,469,498,553,43,100,123,123,123,164,5,31,31,156,156,195,237,237,237,279,338,338,338,390,435,435,462,525,563,563,589,589,589,32,67,67],"floor_reached":56,"language":"ENG","playtime":7059,"items_purged":["theDuelist:Sparks","theDuelist:CloudianGhost+1"],"score":1353,"play_id":"e5b3b0f8-d986-40b5-9d85-08525230a4f1","local_time":"20210120054540","is_ascension_mode":true,"campfire_choices":[{"data":"theDuelist:DeltaMagnet","floor":6.0,"key":"SMITH"},{"floor":8.0,"key":"REST"},{"data":"theDuelist:BarrelDragon","floor":10.0,"key":"SMITH"},{"data":"theDuelist:DragonTreasure","floor":15.0,"key":"SMITH"},{"floor":27.0,"key":"REST"},{"floor":32.0,"key":"REST"},{"data":"theDuelist:DragonMastery","floor":41.0,"key":"SMITH"},{"data":"theDuelist:TotemDragon","floor":45.0,"key":"SMITH"},{"floor":49.0,"key":"RECALL"},{"data":"theDuelist:CyberDragonCore","floor":52,"key":"SMITH"}],"circlet_count":0,"master_deck":["theDuelist:LesserDragon","theDuelist:WingedDragonRa+1","theDuelist:MiraculousDescent","theDuelist:ChimeratechOverdragon+1","theDuelist:DragonShield+1","theDuelist:Terraforming","theDuelist:QueenDragunDjinn","theDuelist:WhiteHornDragon+1","theDuelist:BabyDragon","theDuelist:DragonTreasure+1","theDuelist:TotemDragon+1","theDuelist:EyeTimaeus","theDuelist:AtomicScrapDragon","theDuelist:SliferSky+1","theDuelist:BabyDragon","theDuelist:CyberDragonCore+1","theDuelist:DeltaMagnet+1","theDuelist:CaveDragon","theDuelist:ShardGreed","theDuelist:LesserDragon","theDuelist:HarpieFeather+1","theDuelist:CyberDinosaur","theDuelist:BarrelDragon+1","theDuelist:FangCritias","theDuelist:YamataDragon","theDuelist:BackgroundDragon","theDuelist:BurstBreath","theDuelist:CaveDragon","theDuelist:ThreateningRoar","theDuelist:BabyDragon","theDuelist:DoomkaiserDragon","theDuelist:DragonMastery+1"],"relics":["theDuelist:MillenniumPuzzle","theDuelist:CardPoolRelic","theDuelist:CardPoolBasicRelic","theDuelist:BoosterPackPoolRelic","theDuelist:CardPoolAddRelic","theDuelist:CardPoolMinusRelic","theDuelist:CardPoolSaveRelic","theDuelist:CardPoolOptionsRelic","theDuelist:MillenniumCoin","Dream Catcher","HornCleat","Bag of Preparation","Odd Mushroom","Snake Skull","Empty Cage","Tiny Chest","theDuelist:SolderToken","Pear","Paper Frog","MealTicket","CultistMask","Self Forming Clay","Mark of Pain","Eternal Feather","theDuelist:DuelistOrichalcum","CeramicFish","Ancient Tea Set","Nunchaku","theDuelist:SummonAnchor","theDuelist:CardRewardRelicG","Boot"],"acts_visited":["Exordium","TheCity","TheBeyond","TheEnding"],"potions_floor_usage":[55,55],"damage_taken":[{"damage":0.0,"enemies":"2 Louse","floor":1.0,"turns":2.0},{"damage":19.0,"enemies":"3 Sentries","floor":7.0,"turns":7.0},{"damage":6.0,"enemies":"Gremlin Nob","floor":11.0,"turns":4.0},{"damage":0.0,"enemies":"Jaw Worm","floor":12.0,"turns":3.0},{"damage":9.0,"enemies":"The Mushroom Lair","floor":13.0,"turns":8.0},{"damage":2.0,"enemies":"3 Sentries","floor":14.0,"turns":4.0},{"damage":9.0,"enemies":"Hexaghost","floor":16.0,"turns":10.0},{"damage":22.0,"enemies":"2 Thieves","floor":18.0,"turns":4.0},{"damage":2.0,"enemies":"Chosen","floor":19.0,"turns":3.0},{"damage":14.0,"enemies":"Snecko","floor":20.0,"turns":7.0},{"damage":6.0,"enemies":"Snake Plant","floor":21.0,"turns":6.0},{"damage":32.0,"enemies":"Slavers","floor":23.0,"turns":5.0},{"damage":12.0,"enemies":"theDuelist:KaibaA2","floor":25.0,"turns":6.0},{"damage":21.0,"enemies":"Shelled Parasite and Fungi","floor":29.0,"turns":4.0},{"damage":22.0,"enemies":"Slavers","floor":31.0,"turns":4.0},{"damage":21.0,"enemies":"Champ","floor":33.0,"turns":11.0},{"damage":9.0,"enemies":"3 Darklings","floor":35.0,"turns":6.0},{"damage":1.0,"enemies":"3 Shapes","floor":36.0,"turns":7.0},{"damage":19.0,"enemies":"Spire Growth","floor":39.0,"turns":6.0},{"damage":26.0,"enemies":"Nemesis","floor":40.0,"turns":5.0},{"damage":31.0,"enemies":"Writhing Mass","floor":44.0,"turns":10.0},{"damage":13.0,"enemies":"Giant Head","floor":47.0,"turns":8.0},{"damage":9.0,"enemies":"3 Darklings","floor":48.0,"turns":6.0},{"damage":3,"enemies":"Donu and Deca","floor":50,"turns":11},{"damage":52,"enemies":"Shield and Spear","floor":54,"turns":7},{"damage":12,"enemies":"The Heart","floor":55,"turns":7}],"seed_played":"208901058590232351","potions_obtained":[{"floor":1.0,"key":"theDuelist:TokenPotion"},{"floor":13.0,"key":"SteroidPotion"},{"floor":14.0,"key":"theDuelist:DebuffFuryPotion"},{"floor":20.0,"key":"Dexterity Potion"},{"floor":25.0,"key":"theDuelist:CoolBottle"},{"floor":29.0,"key":"theDuelist:ReducerPotion"},{"floor":31.0,"key":"theDuelist:FreezingPotion"},{"floor":33.0,"key":"BlessingOfTheForge"},{"floor":35.0,"key":"PowerPotion"},{"floor":36.0,"key":"theDuelist:DragonSoulPotion"},{"floor":44.0,"key":"theDuelist:SummonFuryPotion"},{"floor":48.0,"key":"Fire Potion"}],"is_trial":false,"path_per_floor":["M","$","?","$","?","R","E","R","T","R","E","M","?","E","R","B",null,"M","M","M","M","?","E","$","E","T","R","?","M","$","E","R","B",null,"M","M","T","?","M","E","R","?","T","M","R","T","E","M","R","B",null,"R","$","E","B",null],"character_chosen":"THE_DUELIST","items_purchased":["theDuelist:MillenniumCoin","theDuelist:WingedDragonRa","theDuelist:ThreateningRoar","theDuelist:SolderToken","Pear","theDuelist:Terraforming","theDuelist:SummonAnchor","theDuelist:CardRewardRelicG","theDuelist:FangCritias"],"campfire_rested":3,"item_purchase_floors":[2,2,2,24,24,30,53,53,53],"current_hp_per_floor":[56,56,56,56,56,56,37,61,61,61,55,55,46,44,44,35,80,58,56,42,36,36,4,14,2,2,29,29,8,23,1,28,7,90,81,80,80,74,55,29,44,44,44,13,28,28,15,6,24,21,90,90,90,38,26],"gold":67,"neow_bonus":"TWO_FIFTY_GOLD","is_daily":false,"chose_seed":false,"campfire_upgraded":6,"win_rate":0.0,"timestamp":1611139540,"path_taken":["M","$","?","$","?","R","E","R","T","R","E","?","?","E","R","BOSS","M","M","M","M","?","E","?","E","T","R","?","?","$","E","R","BOSS","M","M","?","?","?","E","R","?","T","M","R","?","E","M","R","BOSS","R","$","E","BOSS"],"items_purchased_type":["Relic","Card","Card","Relic","Relic","Card","Relic","Relic","Card"],"build_version":"2020-12-22","purchased_purges":2,"victory":true,"max_hp_per_floor":[80,80,80,80,80,80,80,80,80,80,80,80,80,80,80,80,80,80,80,80,80,80,80,90,90,90,90,90,90,90,90,90,90,90,90,90,90,90,90,90,90,90,90,90,90,90,90,90,90,90,90,90,90,90,90],"relic_stats":{"Dream Catcher":3,"Nunchaku":[4],"counters":[26,160],"Self Forming Clay":[75],"CeramicFish":54,"Tiny Chest":2,"MealTicket":15,"Eternal Feather":48,"Snake Skull":[17],"Bag of Preparation":[46],"Boot":[0],"obtain_stats":[{"theDuelist:DuelistOrichalcum":38,"theDuelist:CardRewardRelicG":53,"theDuelist:SummonAnchor":53,"CeramicFish":40,"theDuelist:MillenniumCoin":2,"Snake Skull":14,"Bag of Preparation":11,"theDuelist:MillenniumPuzzle":0,"Empty Cage":17,"Ancient Tea Set":46,"Boot":54,"theDuelist:BoosterPackPoolRelic":0,"Dream Catcher":7,"Nunchaku":47,"HornCleat":9,"Tiny Chest":23,"MealTicket":26,"theDuelist:CardPoolAddRelic":0,"theDuelist:CardPoolOptionsRelic":0,"theDuelist:CardPoolRelic":0,"Paper Frog":25,"Pear":24,"Self Forming Clay":31,"Eternal Feather":37,"theDuelist:CardPoolSaveRelic":0,"theDuelist:SolderToken":24,"Odd Mushroom":13,"theDuelist:CardPoolMinusRelic":0,"theDuelist:CardPoolBasicRelic":0,"CultistMask":28,"Mark of Pain":34},{"theDuelist:DuelistOrichalcum":18,"theDuelist:CardRewardRelicG":24,"theDuelist:SummonAnchor":24,"CeramicFish":20,"theDuelist:MillenniumCoin":1,"Snake Skull":6,"Bag of Preparation":3,"theDuelist:MillenniumPuzzle":0,"Empty Cage":7,"Ancient Tea Set":21,"Boot":25,"theDuelist:BoosterPackPoolRelic":0,"Dream Catcher":2,"Nunchaku":22,"HornCleat":2,"Tiny Chest":12,"MealTicket":13,"theDuelist:CardPoolAddRelic":0,"theDuelist:CardPoolOptionsRelic":0,"theDuelist:CardPoolRelic":0,"Paper Frog":13,"Pear":12,"Self Forming Clay":15,"Eternal Feather":18,"theDuelist:CardPoolSaveRelic":0,"theDuelist:SolderToken":12,"Odd Mushroom":5,"theDuelist:CardPoolMinusRelic":0,"theDuelist:CardPoolBasicRelic":0,"CultistMask":13,"Mark of Pain":16},{"theDuelist:DuelistOrichalcum":100,"theDuelist:CardRewardRelicG":146,"theDuelist:SummonAnchor":146,"CeramicFish":111,"theDuelist:MillenniumCoin":2,"Snake Skull":27,"Bag of Preparation":13,"theDuelist:MillenniumPuzzle":0,"Empty Cage":37,"Ancient Tea Set":121,"Boot":153,"theDuelist:BoosterPackPoolRelic":0,"Dream Catcher":9,"Nunchaku":129,"HornCleat":9,"Tiny Chest":62,"MealTicket":68,"theDuelist:CardPoolAddRelic":0,"theDuelist:CardPoolOptionsRelic":0,"theDuelist:CardPoolRelic":0,"Paper Frog":68,"Pear":62,"Self Forming Clay":76,"Eternal Feather":100,"theDuelist:CardPoolSaveRelic":0,"theDuelist:SolderToken":62,"Odd Mushroom":24,"theDuelist:CardPoolMinusRelic":0,"theDuelist:CardPoolBasicRelic":0,"CultistMask":68,"Mark of Pain":87}]},"card_choices":[{"not_picked":["theDuelist:ViceDragon","theDuelist:TwinBarrelDragon","theDuelist:Hydrogeddon","theDuelist:BusterBlader","theDuelist:Beatraptor"],"picked":"SKIP","floor":1.0},{"not_picked":["theDuelist:TrihornedDragon","theDuelist:BlackTyranno","theDuelist:MadSwordBeast","theDuelist:BlackStego"],"picked":"theDuelist:BarrelDragon","floor":7.0},{"not_picked":["theDuelist:LavaDragon","theDuelist:MoltenDestruction"],"picked":"theDuelist:EyeTimaeus","floor":8.0},{"not_picked":["theDuelist:WhiteHornDragon","theDuelist:Vandalgyon","theDuelist:DragonMirror"],"picked":"theDuelist:DragonTreasure","floor":11.0},{"not_picked":["theDuelist:TailSwipe","theDuelist:BackupSoldier","theDuelist:WhiteNightDragon","theDuelist:BusterBladerDDS"],"picked":"theDuelist:DoomkaiserDragon","floor":12.0},{"not_picked":["theDuelist:ViceDragon","theDuelist:Earthquake","theDuelist:CyberValley","theDuelist:ArmedDragon5"],"picked":"theDuelist:CyberDinosaur","floor":13.0},{"not_picked":["theDuelist:WhiteHowling","theDuelist:CyberneticOverflow","theDuelist:Berserking","theDuelist:BackupSoldier"],"picked":"theDuelist:BurstBreath","floor":14.0},{"not_picked":["theDuelist:OceanDragonLord","theDuelist:GaiaDragonChamp","theDuelist:FiveHeaded","theDuelist:BSkullDragon"],"picked":"theDuelist:QueenDragunDjinn","floor":16.0},{"not_picked":["Dramatic Entrance","Impatience","Jack Of All Trades+1","Mayhem"],"picked":"SKIP","floor":18.0},{"not_picked":["theDuelist:TwinBarrelDragon+1","theDuelist:MirageDragon","theDuelist:Earthquake","theDuelist:Berserking"],"picked":"theDuelist:CyberDragonCore","floor":19.0},{"not_picked":["theDuelist:DragonTreasure+1","theDuelist:DragonMirror","theDuelist:CastleDragonSouls"],"picked":"theDuelist:TotemDragon","floor":20.0},{"not_picked":["theDuelist:ViceDragon","theDuelist:LordD","theDuelist:MirageDragon+1","theDuelist:GiantRex"],"picked":"theDuelist:CloudianGhost+1","floor":21.0},{"not_picked":["theDuelist:Frostosaurus+1","theDuelist:BlackPtera","theDuelist:CyberEndDragon","theDuelist:TwinHeadedBehemoth"],"picked":"theDuelist:AtomicScrapDragon","floor":23.0},{"not_picked":["theDuelist:MirageDragon","theDuelist:DarkHorus","theDuelist:DefenseZone","theDuelist:MoltenDestruction"],"picked":"theDuelist:BabyDragon","floor":25.0},{"not_picked":["theDuelist:CyberDragonInfinity+1","theDuelist:AncientGearGadjiltron"],"picked":"theDuelist:ChimeratechOverdragon+1","floor":29.0},{"not_picked":["theDuelist:DarkDriceratops+1","theDuelist:TornadoDragon","theDuelist:SystemDown","theDuelist:ArtifactSanctum"],"picked":"theDuelist:BabyDragon","floor":31.0},{"not_picked":["theDuelist:WaterDragon","theDuelist:VoidOgreDragon","theDuelist:OceanDragonLord+1","theDuelist:BSkullDragon+1"],"picked":"theDuelist:DragonMastery","floor":33.0},{"not_picked":["theDuelist:BigFire+1","theDuelist:RainbowOverdragon","theDuelist:BlockGolem","theDuelist:ReinforcementsArmy+1"],"picked":"theDuelist:HarpieFeather+1","floor":35.0},{"not_picked":["theDuelist:WaterDragon","theDuelist:LostWorld"],"picked":"theDuelist:SliferSky+1","floor":36.0},{"not_picked":["theDuelist:SilverDragon+1","theDuelist:CyberDragonNachster","theDuelist:AutorokketDragon+1","theDuelist:AncientGearGadjiltron+1","theDuelist:OceanDragonLord+1"],"picked":"SKIP","floor":39.0},{"not_picked":["theDuelist:GenesisDragon","theDuelist:SuperancientDinobeast+1","theDuelist:Vandalgyon","theDuelist:CyberneticOverflow+1"],"picked":"theDuelist:BackgroundDragon","floor":40.0},{"not_picked":["theDuelist:TyrantWing+1","theDuelist:SpiralSpearStrike+1","theDuelist:SafeZone+1","theDuelist:DefenseZone+1"],"picked":"theDuelist:DragonShield+1","floor":44.0},{"not_picked":["theDuelist:LightningDarts+1","theDuelist:GoldenApples","theDuelist:HaneHane","theDuelist:StrayLambs+1"],"picked":"theDuelist:ShardGreed","floor":47.0},{"not_picked":["theDuelist:BigFire+1","theDuelist:Hinotama","theDuelist:LightningDarts","theDuelist:RainbowOverdragon","theDuelist:BattleguardKing+1"],"picked":"SKIP","floor":48.0},{"not_picked":["theDuelist:TyrantWing+1","theDuelist:TotemDragon+1","theDuelist:CyberLaserDragon+1","theDuelist:BoosterDragon+1"],"picked":"theDuelist:WhiteHornDragon+1","floor":54}],"player_experience":390592,"relics_obtained":[{"floor":7.0,"key":"Dream Catcher"},{"floor":9.0,"key":"HornCleat"},{"floor":11.0,"key":"Bag of Preparation"},{"floor":13.0,"key":"Odd Mushroom"},{"floor":14.0,"key":"Snake Skull"},{"floor":23.0,"key":"Tiny Chest"},{"floor":25.0,"key":"Paper Frog"},{"floor":26.0,"key":"MealTicket"},{"floor":31.0,"key":"Self Forming Clay"},{"floor":37.0,"key":"Eternal Feather"},{"floor":40.0,"key":"CeramicFish"},{"floor":46.0,"key":"Ancient Tea Set"},{"floor":47.0,"key":"Nunchaku"},{"floor":54,"key":"Boot"}],"event_choices":[{"damage_healed":0.0,"max_hp_gain":0.0,"max_hp_loss":0.0,"gold_gain":0.0,"event_name":"Egyptian Village","player_choice":"Delta Electro","duelist":true,"floor":3.0,"gold_loss":0.0,"damage_taken":0.0,"cards_obtained":["Delta Electromagnet Warrior"]},{"damage_healed":0.0,"max_hp_gain":0.0,"max_hp_loss":0.0,"gold_gain":0.0,"event_name":"Accursed Blacksmith","player_choice":"Forge","floor":5.0,"gold_loss":0.0,"damage_taken":0.0,"cards_upgraded":["theDuelist:WingedDragonRa"]},{"damage_healed":0.0,"max_hp_gain":0.0,"max_hp_loss":0.0,"gold_gain":0.0,"event_name":"Mushrooms","player_choice":"Fought Mushrooms","floor":13.0,"gold_loss":0.0,"damage_taken":0.0},{"damage_healed":0.0,"max_hp_gain":0.0,"max_hp_loss":0.0,"gold_gain":0.0,"event_name":"Card Trader","player_choice":"Sold Castle Walls for 29 Gold.","duelist":true,"floor":22.0,"gold_loss":0.0,"damage_taken":0.0},{"damage_healed":0.0,"max_hp_gain":0.0,"max_hp_loss":0.0,"gold_gain":0.0,"event_name":"FaceTrader","player_choice":"Trade","floor":28.0,"gold_loss":0.0,"damage_taken":0.0,"relics_obtained":["CultistMask"]},{"damage_healed":0.0,"max_hp_gain":0.0,"max_hp_loss":0.0,"gold_gain":0.0,"event_name":"Aknamkanon\u0027s Tomb","player_choice":"Dig - random Duelist relic","duelist":true,"floor":38.0,"gold_loss":0.0,"damage_taken":0.0},{"damage_healed":0.0,"max_hp_gain":0.0,"max_hp_loss":0.0,"gold_gain":0.0,"event_name":"Relic Duplicator","player_choice":"Leave","duelist":true,"floor":42.0,"gold_loss":0.0,"damage_taken":0.0}],"is_beta":false,"boss_relics":[{"not_picked":["Runic Cube","theDuelist:GamblerChip"],"picked":"Empty Cage"},{"not_picked":["HoveringKite","Tiny House"],"picked":"Mark of Pain"}],"items_purged_floors":[30,53],"is_endless":false,"potions_floor_spawned":[1,13,14,20,25,29,31,33,35,36,44,48],"ascension_level":1}}