{"host":"tqrb8wakxbnpyjmr","time":1611135904,"event":{"mods":["Act Like it!","BaseMod","Bestiary","Better Altar","Better Skull","Better Third Choice","BetterRewards","CapriCore","Fox Events","Gensokyo","Marisa????????","Minty Spire (QoL Compilation)","Reimu??????","Replay The Spire","Shop Mod","StSLib","The Blue Laboratory","The Immortal","The Servant 0.9.4"],"gold_per_floor":[117,129,157,157,176,211,211,211,238,238,238,256,256,275,275,372,372,387,387,405,424,116,116,216,216,216,216,234,81,111,122,122,227,277,293,309,322,340,340,340,365,365,365,34,34,34,47,65,65,65],"floor_reached":51,"language":"ENG","playtime":11768,"items_purged":[],"score":697,"play_id":"c0bdefb7-6bbc-4def-b326-a23c865dfef9","local_time":"25640120164504","is_ascension_mode":false,"campfire_choices":[{"floor":8.0,"key":"REST"},{"data":"RunawayExorcism:ReiMu","floor":11.0,"key":"SMITH"},{"floor":15.0,"key":"REST"},{"floor":23.0,"key":"REST"},{"floor":25.0,"key":"REST"},{"floor":32.0,"key":"REST"},{"floor":40.0,"key":"REST"},{"floor":45,"key":"REST"},{"floor":49,"key":"REST"}],"circlet_count":0,"master_deck":["Strike_Lin:ReiMu","Strike_Lin:ReiMu","Strike_Lin:ReiMu","Strike_Lin:ReiMu","Defend_Lin:ReiMu+1","Defend_Lin:ReiMu","Defend_Lin:ReiMu","NB:ReiMu","Stagnation:ReiMu","CareerPray:ReiMu+1","LearningPray:ReiMu+1","RunawayExorcism:ReiMu+1","Crusade:ReiMu","Conquer:ReiMu+1","Gensokyo:CrescentMoonSlash","SubcavityFantasy:ReiMu","YinYang:ReiMu","CareerPray:ReiMu+1","Crusade:ReiMu","LovePray:ReiMu+1","MikOfLucky:ReiMu","Gensokyo:HAARP","InherentArray:ReiMu+1","DependentForm:ReiMu","KyokaiOfKami:ReiMu","Mountainwind:ReiMu","Crusade:ReiMu+1"],"relics":["ReplayTheSpireMod:DimensionalGlitch","TungstenRod","SkyOrb:ReiMu","War Paint","Painkiller Herb","Strawberry","KaguraBell:ReiMu","Mango","Gambling Chip","Kunai","Tiny House","Letter Opener","Shuriken","Replay:Bottled Snecko","Replay:Wax Seal","Bow_fan:ReiMu","CheatingSign:ReiMu"],"acts_visited":["Gensokyo:Gensokyo","Gensokyo:Gensokyoer","Gensokyo:Gensokyoest"],"potions_floor_usage":[],"damage_taken":[{"damage":1.0,"enemies":"Gensokyo:Gryphon","floor":1.0,"turns":4.0},{"damage":4.0,"enemies":"Gensokyo:Python","floor":2.0,"turns":3.0},{"damage":4.0,"enemies":"Gensokyo:2_Kodama","floor":5.0,"turns":5.0},{"damage":9.0,"enemies":"Gensokyo:Aya","floor":6.0,"turns":8.0},{"damage":0.0,"enemies":"Gensokyo:2_Rabbits","floor":12.0,"turns":2.0},{"damage":8.0,"enemies":"Gensokyo:CorruptedTreant","floor":14.0,"turns":3.0},{"damage":36.0,"enemies":"Gensokyo:Kokoro","floor":16.0,"turns":10.0},{"damage":8.0,"enemies":"Gensokyo:2_Gloops","floor":18.0,"turns":4.0},{"damage":3.0,"enemies":"Gensokyo:3_Dogs","floor":20.0,"turns":3.0},{"damage":5.0,"enemies":"Gensokyo:Chomper_and_Gloop","floor":21.0,"turns":5.0},{"damage":9.0,"enemies":"Gensokyo:Chomper_and_Gloop","floor":24.0,"turns":6.0},{"damage":49.0,"enemies":"Gensokyo:3_Gloops","floor":28.0,"turns":5.0},{"damage":11.0,"enemies":"Gensokyo:Reisen","floor":30.0,"turns":5.0},{"damage":11.0,"enemies":"Gensokyo:Slime_Group","floor":31.0,"turns":4.0},{"damage":11.0,"enemies":"Gensokyo:Kaguya","floor":33.0,"turns":7.0},{"damage":9.0,"enemies":"Gensokyo:3_Bats","floor":35.0,"turns":3.0},{"damage":21.0,"enemies":"Gensokyo:3_Boulders","floor":36.0,"turns":4.0},{"damage":10.0,"enemies":"Gensokyo:Rafflesia","floor":37.0,"turns":6.0},{"damage":0.0,"enemies":"Gensokyo:AtlasGolem","floor":38.0,"turns":4.0},{"damage":10.0,"enemies":"Gensokyo:Doremy","floor":41.0,"turns":6.0},{"damage":4,"enemies":"Gensokyo:3_Boulders","floor":47,"turns":3},{"damage":22,"enemies":"Gensokyo:Rafflesia","floor":48,"turns":4},{"damage":31,"enemies":"Gensokyo:Scarlet_Devils","floor":50,"turns":8}],"seed_played":"-7445442670837192457","potions_obtained":[{"floor":1.0,"key":"Fire Potion"},{"floor":12.0,"key":"blueLaboratory:RecallPotion"},{"floor":14.0,"key":"LiquidBronze"},{"floor":18.0,"key":"Elixir"},{"floor":24.0,"key":"Cursed Concoction"},{"floor":28.0,"key":"FairyPotion"},{"floor":31.0,"key":"blueLaboratory:HummingbirdPotion"},{"floor":34.0,"key":"blueLaboratory:PyrophylliteBrew"},{"floor":35.0,"key":"ZuzhouPotion:ReiMu"},{"floor":36.0,"key":"Languid Potion"},{"floor":48,"key":"Fire Potion"}],"is_trial":false,"path_per_floor":["M","M","?","?","M","E","?","R","T","?","R","M","?","M","R","B",null,"?","?","?","?","T","T","?","T","T","?","?","T","E","?","T","B",null,"?","?","?","?","?","T","E","?","T","T","T","T","?","?","T","B",null],"character_chosen":"REIMU","items_purchased":["KaguraBell:ReiMu","DependentForm:ReiMu","Replay:Wax Seal","Bow_fan:ReiMu","CheatingSign:ReiMu"],"campfire_rested":8,"item_purchase_floors":[22,29,44,44,44],"current_hp_per_floor":[64,60,34,37,33,24,24,43,43,43,43,43,35,27,46,10,65,57,30,27,22,22,43,48,73,73,73,24,24,13,2,25,14,83,74,53,43,43,43,67,57,42,42,42,66,66,62,40,64,33],"gold":65,"neow_bonus":"BOSS_RELIC","is_daily":false,"chose_seed":false,"campfire_upgraded":1,"win_rate":0.0,"timestamp":1611135904,"path_taken":["M","M","?","?","?","E","?","R","T","?","R","M","?","?","R","BOSS","?","?","?","?","?","T","?","T","T","?","?","T","E","?","T","BOSS","?","?","?","?","?","T","E","?","T","T","T","?","?","?","T","BOSS"],"items_purchased_type":["Relic","Card","Relic","Relic","Relic"],"build_version":"2020-12-22","purchased_purges":0,"victory":true,"max_hp_per_floor":[65,65,65,65,65,65,65,65,65,65,65,65,65,65,65,65,65,65,72,72,72,72,72,86,86,86,78,78,78,78,78,78,78,83,83,83,83,83,83,83,83,83,83,83,83,83,83,83,83,83],"card_choices":[{"not_picked":["UpKicking:ReiMu","ShadowOfCrow2:ReiMu"],"picked":"CareerPray:ReiMu","floor":1.0},{"not_picked":["Meditation:ReiMu","AlertArray:ReiMu"],"picked":"LearningPray:ReiMu","floor":2.0},{"not_picked":["UniversalSpiritual:ReiMu","SubcavityInstant:ReiMu"],"picked":"RunawayExorcism:ReiMu","floor":3.0},{"not_picked":["LearningPray:ReiMu","RainPray2:ReiMu"],"picked":"FineLineFantasy:ReiMu","floor":5.0},{"not_picked":["CareerPray:ReiMu","NineCharacters:ReiMu"],"picked":"Crusade:ReiMu","floor":6.0},{"not_picked":["WonderfulDomain:ReiMu","MikOfLucky:ReiMu"],"picked":"Conquer:ReiMu","floor":7.0},{"not_picked":["AlertArray:ReiMu","RainPray2:ReiMu","Conquer:ReiMu"],"picked":"SKIP","floor":12.0},{"not_picked":["Amulet:ReiMu","PhosphorusFlame:ReiMu"],"picked":"SubcavityFantasy:ReiMu","floor":14.0},{"not_picked":["HakureiPhantom:ReiMu","SubcavityFantasy:ReiMu"],"picked":"YinYang:ReiMu","floor":16.0},{"not_picked":["TightArray:ReiMu+1","AirStrike:ReiMu"],"picked":"CareerPray:ReiMu+1","floor":18.0},{"not_picked":["AirStrike:ReiMu","CareerPray:ReiMu"],"picked":"Crusade:ReiMu","floor":20.0},{"not_picked":["LearningPray:ReiMu","AirStrike:ReiMu"],"picked":"LovePray:ReiMu+1","floor":21.0},{"not_picked":["Meditation:ReiMu","OctopathBindingBorder2:ReiMu"],"picked":"MikOfLucky:ReiMu","floor":24.0},{"not_picked":["Gensokyo:MenInBlack","Gensokyo:MonkeysPaw"],"picked":"Gensokyo:HAARP","floor":27.0},{"not_picked":["SafetyPray:ReiMu","TakeOff:ReiMu"],"picked":"InherentArray:ReiMu+1","floor":28.0},{"not_picked":["ShadowOfCrow2:ReiMu","CareerPray:ReiMu","PayForSelf:ReiMu+1"],"picked":"SKIP","floor":30.0},{"not_picked":["AlertArray:ReiMu","Enchanting:ReiMu","AirStrike:ReiMu"],"picked":"SKIP","floor":31.0},{"not_picked":["OctopathSalyBorderN:ReiMu","CeremonyResonance:ReiMu"],"picked":"KyokaiOfKami:ReiMu","floor":33.0},{"not_picked":["SafetyPray:ReiMu","CollectionFlower2:ReiMu"],"picked":"Mountainwind:ReiMu","floor":34.0},{"not_picked":["Enchanting:ReiMu+1","EmergencyTakeOff:ReiMu","SafetyPray:ReiMu+1"],"picked":"SKIP","floor":35.0},{"not_picked":["KamiSacrifice:ReiMu+1","Amulet:ReiMu","Conquer:ReiMu"],"picked":"SKIP","floor":36.0},{"not_picked":["FoulBorder2:ReiMu+1","SubcavityInstant:ReiMu+1","SafetyPray:ReiMu+1"],"picked":"SKIP","floor":37.0},{"not_picked":["Conquer:ReiMu+1","Amulet:ReiMu","CeremonyResonance:ReiMu"],"picked":"SKIP","floor":38.0},{"not_picked":["SubAcupoint:ReiMu","KamiSacrifice:ReiMu"],"picked":"Crusade:ReiMu+1","floor":41.0},{"not_picked":["Intuition:ReiMu+1","TakeOff:ReiMu","SpreadBorder2:ReiMu"],"picked":"SKIP","floor":47},{"not_picked":["SpreadBorder2:ReiMu+1","SubAcupoint:ReiMu","Enchanting:ReiMu+1"],"picked":"SKIP","floor":48}],"player_experience":289646,"relics_obtained":[{"floor":3.0,"key":"TungstenRod"},{"floor":6.0,"key":"SkyOrb:ReiMu"},{"floor":9.0,"key":"War Paint"},{"floor":24.0,"key":"Mango"},{"floor":24.0,"key":"Gambling Chip"},{"floor":30.0,"key":"Kunai"},{"floor":41.0,"key":"Letter Opener"},{"floor":43,"key":"Replay:Bottled Snecko"}],"event_choices":[{"damage_healed":3.0,"max_hp_gain":0.0,"max_hp_loss":0.0,"gold_gain":0.0,"event_name":"betterSkull:BetterSkull","player_choice":"LEAVE ","floor":4.0,"gold_loss":0.0,"damage_taken":0.0,"cards_upgraded":[],"relics_obtained":[]},{"damage_healed":0.0,"max_hp_gain":0.0,"max_hp_loss":0.0,"gold_gain":0.0,"event_name":"betterSkull:BetterSkull","player_choice":"RE UP ","floor":19.0,"gold_loss":0.0,"damage_taken":28.0,"cards_upgraded":["LearningPray:ReiMu"],"relics_obtained":["Strawberry"]}],"is_beta":false,"boss_relics":[{"not_picked":["Snecko Eye","RedLine:ReiMu"],"picked":"Painkiller Herb"},{"not_picked":["Replay:Drink Me","Runic Dome"],"picked":"Tiny House"}],"items_purged_floors":[],"is_endless":false,"potions_floor_spawned":[1,12,14,18,24,28,31,35,36,37,48],"ascension_level":0}}