{"host":"7tqog9fnhs0gxmti","time":1611103561,"event":{"mods":["AchievementEnabler","Act Like it!","Astrologer","BaseMod","Beaked The Cultist","Colored Map","Colored Powertips","Hermit","Highlight Path","Minty Spire (QoL Compilation)","Robot Space Explorer","StSLib","The Construct","The Gatherer","The Hierophant","everything is the same but u backflip on backflip"],"gold_per_floor":[115,133,151,151,165,200,200,8,78,78,153,168,168,180,180,275,275,287,270,270,280,298,298,298,298],"floor_reached":23,"language":"ENG","playtime":923,"items_purged":[],"score":195,"play_id":"1d858263-8892-4a4f-8e2f-48b46257d810","local_time":"20210120084601","is_ascension_mode":false,"metric_token":1041,"campfire_choices":[{"data":"Gatherer:Liquidism","floor":7,"key":"SMITH"},{"floor":15,"key":"REST"}],"circlet_count":0,"master_deck":["Gatherer:Strike_Gatherer","Gatherer:Strike_Gatherer","Gatherer:Strike_Gatherer","Gatherer:Strike_Gatherer","Gatherer:Strike_Gatherer","Gatherer:Defend_Gatherer","Gatherer:Defend_Gatherer","Gatherer:Defend_Gatherer","Gatherer:Defend_Gatherer","Gatherer:Defend_Gatherer","Gatherer:Centralize+1","Gatherer:FlowerWhip","Gatherer:FlowerShield","Gatherer:Frenzy","Gatherer:EnergyBasket","Gatherer:Liquidism+1","Gatherer:BomberForm","Gatherer:UpgradeBag","Gatherer:ScrollOfWall","Gatherer:FlowerBeam","Gatherer:GrowBook","Gatherer:Snatch","Gatherer:AromaProtection"],"relics":["Gatherer:AlchemyBag","NeowsBlessing","Girya","Membership Card","Matryoshka","Lantern","Oddly Smooth Stone","Shuriken","Cursed Key","Pen Nib"],"acts_visited":["Exordium","TheCity"],"potions_floor_usage":[6,6,12,18],"damage_taken":[{"damage":0,"enemies":"Jaw Worm","floor":1,"turns":1},{"damage":0,"enemies":"Small Slimes","floor":2,"turns":1},{"damage":0,"enemies":"2 Louse","floor":3,"turns":1},{"damage":7,"enemies":"Exordium Wildlife","floor":5,"turns":5},{"damage":3,"enemies":"Lagavulin","floor":6,"turns":6},{"damage":34,"enemies":"Gremlin Gang","floor":12,"turns":8},{"damage":13,"enemies":"Looter","floor":14,"turns":4},{"damage":18,"enemies":"Slime Boss","floor":16,"turns":6},{"damage":15,"enemies":"3 Byrds","floor":18,"turns":2},{"damage":8,"enemies":"2 Thieves","floor":19,"turns":4},{"damage":4,"enemies":"Cultist and Chosen","floor":21,"turns":5},{"damage":12,"enemies":"3 Cultists","floor":22,"turns":3},{"damage":34,"enemies":"Book of Stabbing","floor":23,"turns":5}],"seed_played":"562436986402741704","potions_obtained":[{"floor":2,"key":"LiquidBronze"},{"floor":3,"key":"Explosive Potion"},{"floor":6,"key":"EssenceOfSteel"},{"floor":16,"key":"Explosive Potion"},{"floor":19,"key":"SkillPotion"}],"is_trial":false,"path_per_floor":["M","M","M","?","M","E","R","$","T","?","?","M","T","M","R","B",null,"M","M","?","M","M","E"],"character_chosen":"THE_GATHERER","items_purchased":["Membership Card","Gatherer:UpgradeBag"],"campfire_rested":1,"item_purchase_floors":[8,8],"current_hp_per_floor":[72,72,72,72,65,62,62,62,62,59,48,14,14,1,22,4,72,57,49,49,45,33,0,0,0],"gold":298,"neow_bonus":"THREE_ENEMY_KILL","is_daily":false,"chose_seed":false,"campfire_upgraded":1,"win_rate":0.0,"timestamp":1611103561,"path_taken":["M","M","M","?","M","E","R","$","T","?","?","M","?","M","R","BOSS","M","M","?","?","M","E"],"items_purchased_type":["Relic","Card"],"build_version":"2020-12-22","purchased_purges":0,"victory":false,"max_hp_per_floor":[72,72,72,72,72,72,72,72,72,72,72,72,72,72,72,72,72,72,72,72,72,72,72,72,72],"card_choices":[{"not_picked":["Gatherer:SaveValuables","Gatherer:Transmute"],"picked":"Gatherer:FlowerShield","floor":1},{"not_picked":["Gatherer:ScherryThrow","Gatherer:Misfortune"],"picked":"Gatherer:Frenzy","floor":2},{"not_picked":["Gatherer:Solidify","Gatherer:GatherMaterial"],"picked":"Gatherer:EnergyBasket","floor":3},{"not_picked":["Gatherer:TreeGrowth","Gatherer:FlowerFalling"],"picked":"Gatherer:Liquidism","floor":5},{"not_picked":["Gatherer:TacticalStrike","Gatherer:FruitForce"],"picked":"Gatherer:BomberForm","floor":6},{"not_picked":["Gatherer:Snatch","Gatherer:TreeGrowth"],"picked":"Gatherer:ScrollOfWall","floor":12},{"not_picked":["Gatherer:FlowerFalling","Gatherer:Misfortune"],"picked":"Gatherer:FlowerBeam","floor":14},{"not_picked":["Gatherer:FinishingStrike","Gatherer:HeartToFruit"],"picked":"Gatherer:GrowBook","floor":16},{"not_picked":["Gatherer:BambuSword+1","Gatherer:Transmute","Gatherer:CollectorsShot+1"],"picked":"SKIP","floor":18},{"not_picked":["Gatherer:GatherMaterial","Gatherer:CollectorsShot+1","Gatherer:FlowerPower"],"picked":"SKIP","floor":19},{"not_picked":["Gatherer:AcidicSpray","Gatherer:Convert"],"picked":"Gatherer:Snatch","floor":21},{"not_picked":["Gatherer:ScrollOfWall","Gatherer:ScherryThrow"],"picked":"Gatherer:AromaProtection","floor":22}],"player_experience":815856,"relics_obtained":[{"floor":6,"key":"Girya"},{"floor":9,"key":"Matryoshka"},{"floor":13,"key":"Oddly Smooth Stone"},{"floor":13,"key":"Shuriken"}],"event_choices":[{"damage_healed":0,"gold_gain":0,"player_choice":"Grow","damage_taken":0,"max_hp_gain":0,"max_hp_loss":0,"event_name":"Living Wall","floor":4,"gold_loss":0,"cards_upgraded":["Gatherer:Centralize"]},{"damage_healed":0,"gold_gain":0,"player_choice":"Success","damage_taken":3,"relics_obtained":["Lantern"],"max_hp_gain":0,"max_hp_loss":0,"event_name":"Scrap Ooze","floor":10,"gold_loss":0},{"damage_healed":0,"gold_gain":75,"player_choice":"Gather Gold","damage_taken":11,"max_hp_gain":0,"max_hp_loss":0,"event_name":"World of Goop","floor":11,"gold_loss":0},{"damage_healed":0,"gold_gain":0,"player_choice":"Gave Potion","damage_taken":0,"relics_obtained":["Pen Nib"],"max_hp_gain":0,"max_hp_loss":0,"event_name":"WeMeetAgain","floor":20,"gold_loss":0}],"is_beta":false,"boss_relics":[{"not_picked":["Black Star","construct:WeddingRing"],"picked":"Cursed Key"}],"items_purged_floors":[],"is_endless":false,"potions_floor_spawned":[2,3,6,16,19],"killed_by":"Book of Stabbing","ascension_level":0}}