{"host":"hfxahm4y1ssattqc","time":1611174417,"event":{"mods":["2.2 Compatiblity","Act Like it!","BaseMod","Beaked The Cultist","BetterRewards","Colored Map","Colored Powertips","Custom Start","Googly Eyes","Halation","Hallownest","Highlight Path","Hubris","Mimic Mod","Minty Spire (QoL Compilation)","Shop Mod","Spikes Relics","StSLib","The Bug Knight","The IronCluck","The Jungle","Unknown Chances","slay the spire mod where everything is the same but ironclad has a cowboy hat"],"gold_per_floor":[112,112,112,130,50,50,79,79,79,79,79,90,105,122,122,219,219,239,338,350,350,350,350,385,385,385,385,405,420,47,59,59,160,160,176,176,176,176,176,176,0,15,15,15,15,30,30,41,41,41,41],"floor_reached":50,"language":"ENG","playtime":1465,"items_purged":["Strike_G"],"score":633,"play_id":"70c4f3fc-473d-496d-bdc8-d99f50e31aba","local_time":"20210120122657","is_ascension_mode":false,"campfire_choices":[{"data":"Blade Dance","floor":6.0,"key":"SMITH"},{"data":"Neutralize","floor":10.0,"key":"SMITH"},{"floor":15.0,"key":"REST"},{"data":"Storm of Steel","floor":23.0,"key":"SMITH"},{"floor":25.0,"key":"REST"},{"floor":32.0,"key":"REST"},{"floor":40,"key":"REST"},{"floor":45,"key":"REST"},{"floor":47,"key":"RECALL"},{"floor":49,"key":"REST"}],"circlet_count":0,"master_deck":["Strike_G","Strike_G","Strike_G","Defend_G","Defend_G","Defend_G","Defend_G","Defend_G","Survivor","Neutralize+1","Blade Dance+1","Infinite Blades","Blade Dance+1","Infinite Blades","Infinite Blades","Parasite","Accuracy+1","Storm of Steel+1","Infinite Blades+1","Decay","Cloak And Dagger+1","Footwork","Madness","Madness","InfectiousVector"],"relics":["Ring of the Snake","hubris:MedicalManual","Blood Vial","hubris:Backtick","Charon\u0027s Ashes","MutagenicStrength","The Courier","LugNut","halation:BottledHappiness","hubris:Stopwatch","hubris:Towel","Red Mask","Gremlin Horn","halation:PinkSoulGem"],"acts_visited":["Exordium","TheCity","TheBeyond"],"potions_floor_usage":[],"damage_taken":[{"damage":1.0,"enemies":"Jaw Worm","floor":1.0,"turns":4.0},{"damage":0.0,"enemies":"2 Louse","floor":4.0,"turns":3.0},{"damage":14.0,"enemies":"HollowMod:MossKnight","floor":7.0,"turns":7.0},{"damage":12.0,"enemies":"Small Slimes","floor":9.0,"turns":8.0},{"damage":28.0,"enemies":"Gremlin Nob","floor":12.0,"turns":4.0},{"damage":0.0,"enemies":"Small Slimes","floor":13.0,"turns":2.0},{"damage":7.0,"enemies":"Exordium Thugs","floor":14.0,"turns":3.0},{"damage":14.0,"enemies":"Slime Boss","floor":16.0,"turns":4.0},{"damage":12.0,"enemies":"3 Byrds","floor":18.0,"turns":3.0},{"damage":12.0,"enemies":"Shell Parasite","floor":20.0,"turns":4.0},{"damage":20.0,"enemies":"HollowMod:Nosk","floor":24.0,"turns":5.0},{"damage":21.0,"enemies":"Snake Plant","floor":28.0,"turns":4.0},{"damage":19.0,"enemies":"Shelled Parasite and Fungi","floor":29.0,"turns":4.0},{"damage":0.0,"enemies":"Centurion and Healer","floor":31.0,"turns":3.0},{"damage":30.0,"enemies":"Champ","floor":33.0,"turns":8.0},{"damage":26,"enemies":"Orb Walker","floor":35,"turns":4},{"damage":44,"enemies":"3 Darklings","floor":42,"turns":4},{"damage":0,"enemies":"Sphere and 2 Shapes","floor":46,"turns":2},{"damage":33,"enemies":"Maw","floor":48,"turns":5},{"damage":42,"enemies":"Time Eater","floor":50,"turns":2}],"seed_played":"3561019229420177318","potions_obtained":[{"floor":4.0,"key":"Dexterity Potion"},{"floor":7.0,"key":"Block Potion"},{"floor":20.0,"key":"ColorlessPotion"},{"floor":24.0,"key":"Regen Potion"},{"floor":35,"key":"GamblersBrew"},{"floor":48,"key":"Weak Potion"}],"is_trial":false,"path_per_floor":["M","?","?","M","$","R","E","?","MIM","R","?","E","M","M","R","B",null,"M","?","M","?","?","R","E","R","T","?","M","M","$","M","R","B",null,"M","?","?","$","?","R","?","M","T","?","R","M","R","M","R","B"],"character_chosen":"THE_SILENT","items_purchased":["hubris:MedicalManual","Blade Dance","Infinite Blades","Infinite Blades","LugNut","halation:BottledHappiness","Footwork"],"campfire_rested":6,"item_purchase_floors":[0,0,0,5,30,30,30],"current_hp_per_floor":[69,74,67,67,67,67,53,53,43,43,61,35,37,32,54,42,75,63,63,53,53,53,53,35,57,57,57,38,33,33,35,57,29,75,49,49,40,40,40,62,62,20,20,20,42,44,44,13,35,0,0],"gold":41,"neow_bonus":"","is_daily":false,"chose_seed":false,"campfire_upgraded":3,"win_rate":0.0,"timestamp":1611174417,"path_taken":["M","?","?","M","$","R","E","?","MIM","R","?","E","M","M","R","BOSS","M","?","M","?","?","R","E","R","T","?","M","M","$","M","R","BOSS","BOSS","M","?","?","$","?","R","?","M","T","?","R","M","R","M","R","BOSS"],"items_purchased_type":["Relic","Card","Card","Card","Relic","Relic","Card"],"build_version":"2020-12-22","purchased_purges":1,"victory":false,"max_hp_per_floor":[70,75,75,75,75,75,75,75,75,75,75,75,75,75,75,75,75,75,75,75,75,75,75,75,75,75,75,75,75,75,75,75,75,75,75,75,75,75,75,75,75,75,75,75,75,75,75,75,75,75,75],"card_choices":[{"not_picked":["Skewer","Distraction","Deadly Poison"],"picked":"SKIP","floor":1.0},{"not_picked":["Deadly Poison","Pace"],"picked":"Blade Dance","floor":4.0},{"not_picked":["Catalyst","Deflect"],"picked":"Infinite Blades","floor":7.0},{"not_picked":["Pace","Dagger Spray"],"picked":"Accuracy","floor":12.0},{"not_picked":["All Out Attack","Leg Sweep","Flying Knee"],"picked":"SKIP","floor":13.0},{"not_picked":["Sucker Punch","Quick Slash","hubris:SlightOfHand"],"picked":"SKIP","floor":14.0},{"not_picked":["Night Terror","Tools of the Trade"],"picked":"Storm of Steel","floor":16.0},{"not_picked":["Sucker Punch","Dagger Throw","Eviscerate"],"picked":"SKIP","floor":18.0},{"not_picked":["Quick Slash+1","Sucker Punch","Blur+1"],"picked":"SKIP","floor":20.0},{"not_picked":["Backflip","Poisoned Stab"],"picked":"Infinite Blades+1","floor":24.0},{"not_picked":["hubris:TrickCloak","Dagger Throw"],"picked":"Cloak And Dagger+1","floor":28.0},{"not_picked":["Dodge and Roll+1","PiercingWail","Glass Knife"],"picked":"SKIP","floor":29.0},{"not_picked":["Underhanded Strike","Dagger Spray+1","Caltrops"],"picked":"SKIP","floor":31.0},{"not_picked":["PiercingWail","Acrobatics","Dodge and Roll+1"],"picked":"SKIP","floor":35},{"not_picked":["Sucker Punch+1","Escape Plan+1","Distraction+1"],"picked":"SKIP","floor":42},{"not_picked":["Slice","Blade Dance","Predator"],"picked":"SKIP","floor":46},{"not_picked":["Riddle With Holes","Dagger Throw+1"],"picked":"InfectiousVector","floor":48}],"player_experience":882306,"relics_obtained":[{"floor":7.0,"key":"Blood Vial"},{"floor":24.0,"key":"The Courier"},{"floor":43,"key":"Gremlin Horn"}],"event_choices":[{"damage_healed":0.0,"max_hp_gain":5.0,"max_hp_loss":0.0,"gold_gain":0.0,"event_name":"Big Fish","player_choice":"Donut","floor":2.0,"gold_loss":0.0,"damage_taken":0.0},{"cards_removed":["Strike_G"],"damage_healed":0.0,"max_hp_gain":0.0,"max_hp_loss":0.0,"gold_gain":0.0,"event_name":"Golden Wing","player_choice":"Card Removal","floor":3.0,"gold_loss":0.0,"damage_taken":7.0},{"damage_healed":0.0,"max_hp_gain":0.0,"max_hp_loss":0.0,"gold_gain":0.0,"event_name":"Upgrade Shrine","player_choice":"Upgraded","floor":8.0,"gold_loss":0.0,"damage_taken":0.0,"cards_upgraded":["Blade Dance"]},{"damage_healed":18.0,"max_hp_gain":0.0,"max_hp_loss":0.0,"gold_gain":0.0,"event_name":"Mushrooms","player_choice":"Healed and dodged fight","floor":11.0,"gold_loss":0.0,"damage_taken":0.0,"cards_obtained":["Parasite"]},{"damage_healed":0.0,"max_hp_gain":0.0,"max_hp_loss":0.0,"gold_gain":99.0,"event_name":"Nest","player_choice":"Stole From Cult","floor":19.0,"gold_loss":0.0,"damage_taken":0.0},{"damage_healed":0.0,"max_hp_gain":0.0,"max_hp_loss":0.0,"gold_gain":0.0,"event_name":"Cursed Tome","player_choice":"Ignored","floor":21.0,"gold_loss":0.0,"damage_taken":0.0},{"damage_healed":0.0,"max_hp_gain":0.0,"max_hp_loss":0.0,"gold_gain":0.0,"event_name":"Drug Dealer","player_choice":"Inject Mutagens","floor":22.0,"gold_loss":0.0,"damage_taken":0.0,"relics_obtained":["MutagenicStrength"]},{"damage_healed":0.0,"max_hp_gain":0.0,"max_hp_loss":0.0,"gold_gain":0.0,"event_name":"Forgotten Altar","player_choice":"Smashed Altar","floor":27.0,"gold_loss":0.0,"damage_taken":0.0,"cards_obtained":["Decay"]},{"damage_healed":0,"gold_gain":0,"player_choice":"Embrace Madness","damage_taken":9,"max_hp_gain":0,"max_hp_loss":0,"event_name":"Winding Halls","floor":37,"gold_loss":0,"cards_obtained":["Madness","Madness"]},{"damage_healed":0,"gold_gain":0,"player_choice":"Paid","damage_taken":0,"relics_obtained":["Red Mask"],"max_hp_gain":0,"max_hp_loss":0,"event_name":"Tomb of Lord Red Mask","floor":41,"gold_loss":176}],"is_beta":false,"boss_relics":[{"not_picked":["hubris:GrandSneckoEye","Cursed Key"],"picked":"hubris:Backtick"},{"not_picked":["Pandora\u0027s Box","Philosopher\u0027s Stone"],"picked":"hubris:Stopwatch"}],"items_purged_floors":[0],"is_endless":false,"potions_floor_spawned":[4,7,20,24,35,48],"killed_by":"Time Eater","ascension_level":0}}