{"host":"8d3fefv2347kqkpz","time":1611128690,"event":{"mods":["100% Spire Juice","AchievementEnabler","Act Like it!","Aspiration","BaseMod","Better Vampires","Colored Map","Colored Powertips","Conspire","Gensokyo","GifTheSpireLib","Highlight Path","Mimic Mod","Minty Spire (QoL Compilation)","Pale of the Ancients","Quick Restart","Rare Cards Sparkle","Reimu£®≤©¿ˆ¡È√Œ£©","Relic Stats","Remilia_Scarlet Moed£®¿Ÿ√◊¿Ú—«°§Àπø®¿◊Ãÿ£©3.3.5","Remilia£®¿Ÿ√◊¿Ú—«£©","Replay The Spire","Spicy Shops","StSLib","The Animator","The Gatherer","The Jungle","The Servant 0.9.4","Waifu the Spire","Youmu£®ªÍ∆«—˝√Œ£©","vexMod"],"gold_per_floor":[110,110,110,121,46,46,80,80,80,110,125,135,170,180,180,180,180],"floor_reached":16,"language":"ZHS","playtime":470,"items_purged":["Defend_B"],"score":100,"play_id":"497f4d7e-f9d6-4739-9a6e-358628ac85da","local_time":"20210120154450","is_ascension_mode":false,"campfire_choices":[{"data":"Dualcast","floor":6,"key":"SMITH"},{"floor":8,"key":"REST"},{"floor":15,"key":"REST"}],"circlet_count":0,"master_deck":["Strike_B","Strike_B","Strike_B","Defend_B","Defend_B","Defend_B","Zap","Dualcast+1","Multi-Cast"],"relics":["Cracked Core","White Beast Statue","aspiration:HummingbirdHeart","Dream Catcher"],"acts_visited":["Exordium"],"potions_floor_usage":[],"damage_taken":[{"damage":0,"enemies":"Small Slimes","floor":1,"turns":4},{"damage":7,"enemies":"Jaw Worm","floor":4,"turns":4},{"damage":30,"enemies":"3 Sentries","floor":7,"turns":9},{"damage":3,"enemies":"2 Louse","floor":11,"turns":3},{"damage":0,"enemies":"Looter","floor":12,"turns":4},{"damage":6,"enemies":"Exordium Wildlife","floor":13,"turns":5},{"damage":0,"enemies":"Exordium Wildlife","floor":14,"turns":4},{"damage":65,"enemies":"Hexaghost","floor":16,"turns":11}],"seed_played":"-3305111627400073482","potions_obtained":[{"floor":11,"key":"BlessingOfTheForge"},{"floor":12,"key":"Reflective Coating"},{"floor":13,"key":"CultistPotion"}],"is_trial":false,"path_per_floor":["M","?","?","M","$","R","E","R","T","?","M","M","MIM","M","R","B"],"character_chosen":"DEFECT","items_purchased":[],"campfire_rested":2,"item_purchase_floors":[],"current_hp_per_floor":[82,75,75,68,68,68,38,62,62,62,59,59,53,53,77,12,12],"gold":180,"neow_bonus":"TEN_PERCENT_HP_BONUS","is_daily":false,"chose_seed":false,"campfire_upgraded":1,"win_rate":0.0,"timestamp":1611128690,"path_taken":["M","?","?","M","?","R","E","R","T","?","M","M","?","M","R","BOSS"],"items_purchased_type":[],"build_version":"2020-12-22","purchased_purges":1,"victory":false,"max_hp_per_floor":[82,82,82,82,82,82,82,82,82,82,82,82,82,82,82,82,82],"relic_stats":{"Dream Catcher":1,"counters":[8,44],"obtain_stats":[{"Dream Catcher":13,"aspiration:HummingbirdHeart":9,"Cracked Core":0,"White Beast Statue":7},{"Dream Catcher":6,"aspiration:HummingbirdHeart":3,"Cracked Core":0,"White Beast Statue":3},{"Dream Catcher":29,"aspiration:HummingbirdHeart":17,"Cracked Core":0,"White Beast Statue":17}]},"card_choices":[{"not_picked":["Hologram","Lockon","Gash"],"picked":"SKIP","floor":1},{"not_picked":["ReplayGash","Rebound","Gash"],"picked":"SKIP","floor":4},{"not_picked":["Compile Driver","Steam","Sweeping Beam"],"picked":"SKIP","floor":7},{"not_picked":["Turbo","Redo","Storm"],"picked":"SKIP","floor":11},{"not_picked":["Stack","Barrage","Doom and Gloom"],"picked":"SKIP","floor":12},{"not_picked":["Lockon","Skim"],"picked":"Multi-Cast","floor":14}],"player_experience":157499,"relics_obtained":[{"floor":7,"key":"White Beast Statue"},{"floor":9,"key":"aspiration:HummingbirdHeart"},{"floor":13,"key":"Dream Catcher"}],"event_choices":[{"cards_removed":["Strike_B"],"damage_healed":0,"gold_gain":0,"player_choice":"Card Removal","damage_taken":7,"max_hp_gain":0,"max_hp_loss":0,"event_name":"Golden Wing","floor":2,"gold_loss":0},{"damage_healed":0,"gold_gain":0,"player_choice":"Leave","damage_taken":0,"max_hp_gain":0,"max_hp_loss":0,"event_name":"conspire:Investor","floor":3,"gold_loss":0},{"damage_healed":0,"gold_gain":30,"player_choice":"Searched \u00271\u0027 times","damage_taken":0,"max_hp_gain":0,"max_hp_loss":0,"event_name":"Dead Adventurer","floor":10,"gold_loss":0}],"is_beta":false,"boss_relics":[],"items_purged_floors":[5],"is_endless":false,"potions_floor_spawned":[11,12,13,14],"killed_by":"Hexaghost","ascension_level":0}}