{"host":"ockkdcgl3b18tfz9","time":1611157977,"event":{"mods":["2.2 Compatiblity","BaseMod","Better Skull","Better Third Choice","BetterRewards","Hermit","Minty Spire (QoL Compilation)","Quick Restart","Replay The Spire","Spicy Shops","StSLib","SuperFastMode","The Jungle"],"gold_per_floor":[115,115,290,290,215,215,230,230,230,245,97,97,97,97,121,146,146,219,219,234,234,117,117,137,137,168,182,231,231,249,279,289,289,289],"floor_reached":33,"language":"ENG","playtime":773,"items_purged":["Doubt","Delirium"],"score":775,"play_id":"ca4ce570-20fb-47ae-bd8e-2da7dead4459","local_time":"20210120225257","is_ascension_mode":true,"campfire_choices":[{"floor":6,"key":"REST"},{"data":"ReplayTheSpireMod:Speed Training","floor":8,"key":"SMITH"},{"floor":14,"key":"REST"},{"data":"Cloak And Dagger","floor":17,"key":"SMITH"},{"data":"Blade Dance","floor":25,"key":"SMITH"}],"circlet_count":0,"master_deck":["AscendersBane","Defend_G","Defend_G+2","Defend_G+1","Defend_G","Survivor","Neutralize","Accuracy","Flechettes","ReplayTheSpireMod:Speed Training+1","Dodge and Roll","Deadly Poison","Well Laid Plans","Prepared","Pot Of Greed","Pot Of Greed","Cloak And Dagger+1","Blade Dance+1","Blur","Storm of Steel","Phantasmal Killer+1","Choke+1","Backflip","Riddle With Holes","Doppelganger","Blade Dance","Terror","Footwork","Venomology","Accuracy"],"relics":["Ring of the Snake","Snake Skull","Gremlin Food","Iron Hammer","Orrery","Simple Rune","Grinning Jar","ReplayTheSpireMod:CursedCoin","MealTicket","Blue Doll","Darkstone Periapt","Astrolabe","Centennial Puzzle","Juzu Bracelet","PreservedInsect","Pet Ghost"],"acts_visited":["Exordium","TheCity"],"potions_floor_usage":[26,26,33],"damage_taken":[{"damage":0,"enemies":"2 Louse","floor":1,"turns":3},{"damage":0,"enemies":"Jaw Worm","floor":7,"turns":5},{"damage":3,"enemies":"Small Slimes","floor":10,"turns":4},{"damage":14,"enemies":"Lagavulin","floor":16,"turns":6},{"damage":0,"enemies":"The Guardian","floor":18,"turns":11},{"damage":16,"enemies":"Shell Parasite","floor":20,"turns":5},{"damage":5,"enemies":"2 Thieves","floor":24,"turns":4},{"damage":0,"enemies":"Book of Stabbing","floor":26,"turns":6},{"damage":12,"enemies":"Centurion and Healer","floor":27,"turns":6},{"damage":27,"enemies":"Snake Plant","floor":30,"turns":4},{"damage":12,"enemies":"Gremlin Leader","floor":31,"turns":5},{"damage":13,"enemies":"Snecko","floor":32,"turns":3},{"damage":6,"enemies":"Sentry and Sphere","floor":33,"turns":2}],"seed_played":"864182194294046615","potions_obtained":[{"floor":1,"key":"Weak Potion"},{"floor":16,"key":"DistilledChaos"},{"floor":31,"key":"Venom Potion"},{"floor":32,"key":"SneckoOil"}],"is_trial":false,"path_per_floor":["M","?","?","?","$","R","M","R","T","M","$","PTL","PTL","R","T","E","R","B",null,"M","?","$","?","M","R","E","M","T","$","M","E","M","M"],"character_chosen":"THE_SILENT","items_purchased":["Snake Skull","Gremlin Food","Iron Hammer","Orrery","ReplayTheSpireMod:CursedCoin","MealTicket","Blade Dance","Centennial Puzzle","Backflip"],"campfire_rested":2,"item_purchase_floors":[0,0,0,0,11,11,11,22,22],"current_hp_per_floor":[28,21,21,21,21,40,40,40,40,37,37,37,37,56,56,42,42,42,60,44,44,59,59,54,54,54,42,42,57,30,18,5,0,0],"gold":289,"neow_bonus":"","is_daily":false,"chose_seed":false,"campfire_upgraded":3,"win_rate":0.0,"timestamp":1611157977,"path_taken":["M","?","?","?","$","R","M","R","T","?","$","PTL","PTL","R","?","E","R","BOSS","M","?","$","?","?","R","E","M","T","$","M","E","M","M"],"items_purchased_type":["Relic","Relic","Relic","Relic","Relic","Relic","Card","Relic","Card"],"build_version":"2020-12-22","purchased_purges":2,"victory":false,"max_hp_per_floor":[66,66,66,66,66,66,66,66,66,66,66,66,66,66,66,66,66,66,66,66,66,66,66,66,66,66,66,66,66,66,66,66,66,66],"card_choices":[{"not_picked":["Flying Knee","Caltrops"],"picked":"Accuracy","floor":0},{"not_picked":["Dodge and Roll","Hidden Blade"],"picked":"Flechettes","floor":0},{"not_picked":["Caltrops","Calculated Gamble"],"picked":"ReplayTheSpireMod:Speed Training","floor":0},{"not_picked":["Heel Hook","Sucker Punch"],"picked":"Dodge and Roll","floor":0},{"not_picked":["Dodge and Roll","Toxin Wave"],"picked":"Deadly Poison","floor":0},{"not_picked":["Sucker Punch","ReplayTheSpireMod:The Works","ReplayTheSpireMod:Exploit Weakness"],"picked":"SKIP","floor":1},{"not_picked":["Dodge and Roll","Heel Hook"],"picked":"Prepared","floor":7},{"not_picked":["Underhanded Strike","Endless Agony"],"picked":"Cloak And Dagger","floor":10},{"not_picked":["Sneak Up","ReplayTheSpireMod:Exploit Weakness"],"picked":"Blur","floor":16},{"not_picked":["A Thousand Cuts","Grand Finale"],"picked":"Storm of Steel","floor":18},{"not_picked":["Bane","Slice","All Out Attack"],"picked":"SKIP","floor":20},{"not_picked":["Prepared","Quick Slash","Bane"],"picked":"SKIP","floor":24},{"not_picked":["Tactician","Deadly Poison"],"picked":"Blade Dance","floor":26},{"not_picked":["ReplayTheSpireMod:Tripwire","Outmaneuver"],"picked":"Terror","floor":27},{"not_picked":["Quick Slash","Prepared"],"picked":"Footwork","floor":30},{"not_picked":["Infinite Blades","Underhanded Strike"],"picked":"Venomology","floor":31},{"not_picked":["PiercingWail","Bane+1"],"picked":"Accuracy","floor":32}],"player_experience":296630,"relics_obtained":[{"floor":9,"key":"Grinning Jar"},{"floor":15,"key":"Blue Doll"},{"floor":16,"key":"Darkstone Periapt"},{"floor":26,"key":"Juzu Bracelet"},{"floor":28,"key":"PreservedInsect"},{"floor":31,"key":"Pet Ghost"}],"event_choices":[{"damage_healed":0,"gold_gain":0,"player_choice":"Relic ","damage_taken":7,"max_hp_gain":0,"max_hp_loss":0,"event_name":"betterThird:BetterScrap","floor":2,"gold_loss":0,"cards_obtained":["Crystallizer"]},{"damage_healed":0,"gold_gain":175,"player_choice":"AGREE","damage_taken":115,"max_hp_gain":0,"max_hp_loss":0,"event_name":"betterThird:BetterSerpent","floor":3,"gold_loss":0},{"damage_healed":0,"gold_gain":0,"cards_transformed":["Strike_G"],"player_choice":"Transformed","damage_taken":0,"max_hp_gain":0,"max_hp_loss":0,"event_name":"Transmorgrifier","floor":4,"gold_loss":0,"cards_obtained":["Well Laid Plans"]},{"cards_removed":["Defend_G"],"damage_healed":0,"gold_gain":0,"player_choice":"Elegance","damage_taken":0,"max_hp_gain":0,"max_hp_loss":0,"event_name":"betterThird:BetterWriting","floor":21,"gold_loss":0},{"damage_healed":0,"gold_gain":0,"cards_transformed":["Strike_G","ReplayTheSpireMod:Exploit Weakness"],"player_choice":"Became Test Subject","damage_taken":0,"max_hp_gain":0,"max_hp_loss":0,"event_name":"Drug Dealer","floor":23,"gold_loss":0,"cards_obtained":["Riddle With Holes","Doppelganger"]}],"is_beta":false,"boss_relics":[{"not_picked":["Velvet Choker","Runic Pyramid"],"picked":"Astrolabe"}],"items_purged_floors":[5,11],"is_endless":false,"potions_floor_spawned":[1,16,18,20,24,31,32],"killed_by":"Sentry and Sphere","ascension_level":14}}