{"host":"7fomwthvpaeu368e","time":1611143679,"event":{"mods":["ATMod(∞¢Ë™Mod)","AchievementEnabler","Act Like it!","Arknights The Spire","Aspiration","Astrologer","BaseMod","Downfall","Gensokyo","Highlight Path","KinomotoSakuraMod(ƒæ÷Æ±æ”£)","KomeijiMod","Marisa£®ÏF”Í°°ƒß¿Ì…≥£©","Minty Spire (QoL Compilation)","Remilia£®¿Ÿ√◊¿Ú—«£©","StSLib","The Administrix","The Alterego","The Bug Knight","The Cursed","The Gatherer","The Hierophant","The Runesmith","The Servant 0.9.4","WarShipGirlsR/’ΩΩ¢…Ÿ≈ÆR mod","Youmu£®ªÍ∆«—˝√Œ£©","Yuri Mod","[IsaacMod]“‘»ˆº‚À˛"],"gold_per_floor":[99,99,110,110,210,236,236,255,255,268,284,301,316,316,334,334,334,334],"floor_reached":16,"language":"ZHS","playtime":1467,"items_purged":[],"score":104,"play_id":"5a516ef1-243d-49c0-8a01-dd532a91fa21","local_time":"20210120195439","is_ascension_mode":false,"campfire_choices":[{"floor":1,"key":"RECALL"},{"data":"Guardian:CurlUp","floor":9,"key":"SMITH"}],"circlet_count":0,"master_deck":["Guardian:Strike_Guardian","Guardian:Strike_Guardian","Guardian:Strike_Guardian","Guardian:Strike_Guardian","Guardian:Defend_Guardian","Guardian:Defend_Guardian","Guardian:Defend_Guardian","Guardian:Defend_Guardian","Guardian:CurlUp+1","Guardian:TwinSlam","BloodyBrimstone+1","AT_FamilyPortrait","Guardian:DonusPower","Guardian:PiercingHide","Guardian:Incinerate","Guardian:ArmoredProtocol","Guardian:Gem_Blue","Guardian:HyperBeam_Guardian","Guardian:TimeBomb","Bomb"],"relics":["Guardian:ModeShifter","AT_ATBox","HushsDoor","GuppysHead","Toy Ornithopter","Anchor","aspiration:BabyByrd"],"acts_visited":["Exordium"],"potions_floor_usage":[6,6,16],"damage_taken":[{"damage":1,"enemies":"Cultist","floor":3,"turns":4},{"damage":10,"enemies":"downfall:LadyInBlue","floor":5,"turns":8},{"damage":53,"enemies":"Gremlin Nob","floor":6,"turns":5},{"damage":0,"enemies":"Jaw Worm","floor":8,"turns":3},{"damage":5,"enemies":"Small Slimes","floor":10,"turns":3},{"damage":0,"enemies":"Exordium Thugs","floor":11,"turns":4},{"damage":0,"enemies":"Large Slime","floor":12,"turns":9},{"damage":0,"enemies":"Blue Slaver","floor":13,"turns":4},{"damage":2,"enemies":"Exordium Wildlife","floor":15,"turns":5},{"damage":41,"enemies":"SI_SHIV_ARCHETYPE","floor":16,"turns":7}],"seed_played":"-2147101910648084822","potions_obtained":[{"floor":3,"key":"CalmPotion"},{"floor":5,"key":"SmokeBomb"},{"floor":5,"key":"Slimebound:ThreeZeroPotion"},{"floor":5,"key":"Fruit Juice"},{"floor":8,"key":"Block Potion"},{"floor":11,"key":"Energy Potion"}],"is_trial":false,"path_per_floor":["R","?","M","?","?","E","T","M","R","M","M","M","M","?","M","B"],"character_chosen":"GUARDIAN","items_purchased":[],"campfire_rested":0,"item_purchase_floors":[],"current_hp_per_floor":[88,88,87,87,77,37,37,41,41,36,36,36,36,36,34,0,0,0],"gold":334,"neow_bonus":"TEN_PERCENT_HP_BONUS","is_daily":false,"chose_seed":false,"campfire_upgraded":1,"win_rate":0.0,"timestamp":1611143679,"path_taken":["R","?","M","?","?","E","T","M","R","M","?","M","M","?","M","BOSS"],"items_purchased_type":[],"build_version":"2020-12-22","purchased_purges":0,"victory":false,"max_hp_per_floor":[88,88,88,88,85,90,90,90,90,90,90,90,90,90,90,90,90,90],"card_choices":[{"not_picked":[],"picked":"BloodyBrimstone","floor":0},{"not_picked":["Guardian:DecasProtection","Guardian:Incinerate"],"picked":"Guardian:DonusPower","floor":3},{"not_picked":["Guardian:Reroute","Guardian:Gem_Green"],"picked":"Guardian:Gem_Purple","floor":5},{"not_picked":["Guardian:ExploitGems","Guardian:ArmoredProtocol"],"picked":"Guardian:PiercingHide","floor":6},{"not_picked":["Guardian:TemporalStrike","Guardian:TimeCapacitor"],"picked":"Guardian:Incinerate","floor":8},{"not_picked":["Guardian:Gem_Lightblue","Guardian:Gem_Red"],"picked":"Guardian:ArmoredProtocol","floor":10},{"not_picked":["Guardian:Recover","Guardian:Reroute"],"picked":"Guardian:Gem_Blue","floor":11},{"not_picked":["Guardian:VentSteam","Guardian:PrismaticBarrier"],"picked":"Guardian:HyperBeam_Guardian","floor":12},{"not_picked":["Guardian:Planning","Guardian:Gem_Green"],"picked":"Guardian:TimeBomb","floor":13},{"not_picked":["Guardian:RollAttack","Guardian:PrismaticBarrier"],"picked":"Bomb","floor":15}],"player_experience":31433,"relics_obtained":[{"floor":5,"key":"Toy Ornithopter"},{"floor":6,"key":"Anchor"}],"event_choices":[],"is_beta":false,"boss_relics":[],"items_purged_floors":[],"is_endless":false,"potions_floor_spawned":[3,8,11,13],"killed_by":"SI_SHIV_ARCHETYPE","ascension_level":0}}