{"host":"ao4lxi9bhtts409i","time":1611102841,"event":{"mods":["AchievementEnabler","BaseMod","Colored Map","Colored Powertips","Minty Spire (QoL Compilation)","SuperFastMode"],"gold_per_floor":[112,127,127,50,0,26,26,42,42,42,76,76,76,92,92,187,187,204,204,235,255,270,298,298,264,264,264,264,264],"floor_reached":28,"language":"ENG","playtime":1485,"items_purged":[],"score":346,"play_id":"47ac4857-3b4e-43d9-9334-f1bf3d9a122e","local_time":"20210120013401","is_ascension_mode":true,"campfire_choices":[{"data":"WindmillStrike","floor":7,"key":"SMITH"},{"data":"Crescendo","floor":10,"key":"SMITH"},{"floor":15,"key":"REST"},{"floor":27,"key":"REST"}],"circlet_count":0,"master_deck":["Defend_P","Defend_P+1","Defend_P","Defend_P","Eruption","Vigilance","WindmillStrike+1","ThirdEye","Nirvana","DeceiveReality","Crescendo+1","DevaForm","Meditate+1","Ragnarok","Protect+1","Ghostly+1","Ghostly+1","Ghostly+1","Ghostly+1","Ghostly+1","EmptyBody+1","LikeWater","ThirdEye+1","JustLucky","Bite","Bite","Bite","Bite","Bite","BattleHymn"],"relics":["PureWater","NeowsBlessing","Mercury Hourglass","Letter Opener","Orichalcum","Toxic Egg 2","Philosopher\u0027s Stone","Red Mask","CaptainsWheel","Damaru"],"acts_visited":["Exordium","TheCity"],"potions_floor_usage":[18,28,28],"damage_taken":[{"damage":0,"enemies":"Jaw Worm","floor":1,"turns":1},{"damage":0,"enemies":"2 Louse","floor":2,"turns":1},{"damage":0,"enemies":"Lagavulin","floor":6,"turns":2},{"damage":0,"enemies":"Small Slimes","floor":8,"turns":3},{"damage":9,"enemies":"Gremlin Nob","floor":11,"turns":3},{"damage":13,"enemies":"2 Fungi Beasts","floor":14,"turns":3},{"damage":37,"enemies":"The Guardian","floor":16,"turns":12},{"damage":39,"enemies":"3 Byrds","floor":18,"turns":3},{"damage":0,"enemies":"Masked Bandits","floor":20,"turns":4},{"damage":0,"enemies":"2 Thieves","floor":21,"turns":4},{"damage":5,"enemies":"Shelled Parasite and Fungi","floor":22,"turns":8},{"damage":26,"enemies":"Book of Stabbing","floor":23,"turns":7},{"damage":22,"enemies":"Cultist and Chosen","floor":28,"turns":6}],"seed_played":"-1790107782109040528","potions_obtained":[{"floor":1,"key":"Explosive Potion"},{"floor":6,"key":"CultistPotion"},{"floor":14,"key":"BlessingOfTheForge"},{"floor":18,"key":"Ancient Potion"},{"floor":20,"key":"BottledMiracle"}],"is_trial":false,"path_per_floor":["M","M","?","$","?","E","R","M","T","R","E","?","?","M","R","B",null,"M","?","?","M","M","E","?","$","T","R","M"],"character_chosen":"WATCHER","items_purchased":["Nirvana","BattleHymn"],"campfire_rested":2,"item_purchase_floors":[4,25],"current_hp_per_floor":[72,72,72,72,72,72,72,72,72,72,63,49,46,33,54,17,72,33,33,33,33,28,2,2,2,2,9,0,0],"gold":264,"neow_bonus":"THREE_ENEMY_KILL","is_daily":false,"chose_seed":false,"campfire_upgraded":2,"win_rate":0.0,"timestamp":1611102841,"path_taken":["M","M","?","$","?","E","R","M","T","R","E","?","?","M","R","BOSS","M","?","?","M","M","E","?","$","T","R","M"],"items_purchased_type":["Card","Card"],"build_version":"2020-12-22","purchased_purges":0,"victory":false,"max_hp_per_floor":[72,72,72,72,72,72,72,72,72,72,72,72,72,72,72,72,72,72,36,36,36,36,36,25,25,25,25,25,25],"card_choices":[{"not_picked":["SignatureMove","Halt"],"picked":"WindmillStrike","floor":1},{"not_picked":["Swivel","Wireheading"],"picked":"ThirdEye","floor":2},{"not_picked":["Evaluate","PathToVictory"],"picked":"DeceiveReality","floor":6},{"not_picked":["FlyingSleeves","Prostrate"],"picked":"Crescendo","floor":8},{"not_picked":["EmptyMind","FlyingSleeves"],"picked":"DevaForm","floor":11},{"not_picked":["FlurryOfBlows","FlyingSleeves"],"picked":"Meditate+1","floor":14},{"not_picked":["Devotion","MasterReality"],"picked":"Ragnarok","floor":16},{"not_picked":["Crescendo+1","EmptyFist"],"picked":"Protect+1","floor":18},{"not_picked":["BowlingBash","Pray+1"],"picked":"EmptyBody+1","floor":20},{"not_picked":["Consecrate","Pray+1"],"picked":"LikeWater","floor":21},{"not_picked":["EmptyFist","FlyingSleeves"],"picked":"ThirdEye+1","floor":22},{"not_picked":["SignatureMove","FollowUp"],"picked":"JustLucky","floor":23}],"player_experience":206927,"relics_obtained":[{"floor":6,"key":"Mercury Hourglass"},{"floor":9,"key":"Letter Opener"},{"floor":11,"key":"Orichalcum"},{"floor":20,"key":"Red Mask"},{"floor":23,"key":"CaptainsWheel"},{"floor":26,"key":"Damaru"}],"event_choices":[{"damage_healed":0,"gold_gain":0,"player_choice":"Ignored","damage_taken":0,"max_hp_gain":0,"max_hp_loss":0,"event_name":"Liars Game","floor":3,"gold_loss":0},{"cards_removed":["Strike_P"],"damage_healed":0,"gold_gain":0,"player_choice":"Card Removal","damage_taken":0,"max_hp_gain":0,"max_hp_loss":0,"event_name":"The Cleric","floor":5,"gold_loss":50},{"damage_healed":0,"gold_gain":0,"player_choice":"Entered Light","damage_taken":14,"max_hp_gain":0,"max_hp_loss":0,"event_name":"Shining Light","floor":12,"gold_loss":0,"cards_upgraded":["Strike_P","Defend_P"]},{"damage_healed":0,"gold_gain":0,"player_choice":"Success","damage_taken":3,"relics_obtained":["Toxic Egg 2"],"max_hp_gain":0,"max_hp_loss":0,"event_name":"Scrap Ooze","floor":13,"gold_loss":0},{"damage_healed":0,"gold_gain":0,"player_choice":"Became a Ghost","damage_taken":0,"max_hp_gain":0,"max_hp_loss":36,"event_name":"Ghosts","floor":19,"gold_loss":0,"cards_obtained":["Ghostly","Ghostly","Ghostly","Ghostly","Ghostly"]},{"damage_healed":0,"gold_gain":0,"player_choice":"Fought Bandits","damage_taken":0,"max_hp_gain":0,"max_hp_loss":0,"event_name":"Masked Bandits","floor":20,"gold_loss":0},{"damage_healed":0,"gold_gain":0,"player_choice":"Became a vampire","damage_taken":0,"max_hp_gain":0,"max_hp_loss":11,"event_name":"Vampires","floor":24,"gold_loss":0,"cards_obtained":["Bite","Bite","Bite","Bite","Bite"]}],"is_beta":false,"boss_relics":[{"not_picked":["HolyWater","VioletLotus"],"picked":"Philosopher\u0027s Stone"}],"items_purged_floors":[],"is_endless":false,"potions_floor_spawned":[1,6,14,18,20],"killed_by":"Cultist and Chosen","ascension_level":2}}