{"host":"kmq7aw60w430zvtx","time":1611186188,"event":{"mods":["BaseMod","Downfall","GifTheSpireLib","Hermit","Hubris","Minty Spire (QoL Compilation)","StSLib","The Construct","The Cursed","The Hierophant","The Jungle","The Necromancer","The Runesmith"],"gold_per_floor":[114,114,138,138,157,282,294,306,342,385,397,452,488,520,532,672,684,812,45,45,0,0,0,24,24,24,55,80,80,118,118,118],"floor_reached":31,"language":"ENG","playtime":1192,"items_purged":["Defend_R"],"score":347,"play_id":"22b2cd3c-d623-4667-bc81-45e4bc0b452d","local_time":"20210121004308","is_ascension_mode":true,"campfire_choices":[{"floor":7,"key":"REST"},{"floor":15,"key":"REST"},{"floor":23,"key":"RECALL"},{"data":"Fire Breathing","floor":25,"key":"SMITH"},{"floor":29,"key":"REST"}],"circlet_count":0,"master_deck":["Strike_R","Strike_R","Strike_R","Strike_R","Defend_R","Defend_R","Defend_R","Bash","Clothesline","Power Through","Battle Trance","Inflame","Carnage","Evolve","Headbutt","Anger","Berserk","Battle Trance","Magnetism","Anger","Clash","Fire Breathing+1","hubris:Lust","hubris:NaturalOne","Heavy Blade","Wild Strike+1","hubris:CleavingFinish"],"relics":["Burning Blood","Anchor","hubris:Icosahedron","MawBank","Golden Idol","Juzu Bracelet","Vajra","hubris:CuriousFeather","Cursed Key","Champion Belt","Bronze Scales","hubris:Towel","Frozen Egg 2","hubris:ChampionShield","Ancient Tea Set"],"acts_visited":["Exordium","TheCity"],"potions_floor_usage":[12,12,16,16,27,27,30],"damage_taken":[{"damage":2,"enemies":"Jaw Worm","floor":1,"turns":2},{"damage":0,"enemies":"Small Slimes","floor":5,"turns":5},{"damage":42,"enemies":"3 Sentries","floor":6,"turns":10},{"damage":44,"enemies":"Gremlin Nob","floor":10,"turns":5},{"damage":8,"enemies":"Lagavulin","floor":12,"turns":4},{"damage":0,"enemies":"Cultist","floor":13,"turns":3},{"damage":10,"enemies":"2 Fungi Beasts","floor":14,"turns":3},{"damage":36,"enemies":"The Guardian","floor":16,"turns":7},{"damage":20,"enemies":"Spheric Guardian","floor":18,"turns":4},{"damage":0,"enemies":"Chosen","floor":24,"turns":3},{"damage":31,"enemies":"Book of Stabbing","floor":27,"turns":4},{"damage":38,"enemies":"Snecko","floor":28,"turns":4},{"damage":36,"enemies":"Gremlin Leader","floor":30,"turns":5},{"damage":28,"enemies":"Shelled Parasite and Fungi","floor":31,"turns":3}],"seed_played":"4185736391524393311","potions_obtained":[{"floor":5,"key":"FearPotion"},{"floor":6,"key":"hexamod:SoulburnPotion"},{"floor":12,"key":"sneckomod:MuddlingPotion"},{"floor":16,"key":"EntropicBrew"}],"is_trial":false,"path_per_floor":["M","?","T","?","M","E","R","?","T","E","?","E","M","M","R","B",null,"M","$","?","?","$","R","M","R","T","E","M","R","E","M"],"character_chosen":"IRONCLAD","items_purchased":["Champion Belt","Bronze Scales","Magnetism","Anger","Clash"],"campfire_rested":3,"item_purchase_floors":[19,19,19,19,19],"current_hp_per_floor":[80,80,80,80,80,44,68,68,68,30,30,28,34,30,54,24,80,66,66,66,66,66,66,72,72,72,47,15,39,25,0,0],"gold":118,"neow_bonus":"RANDOM_COMMON_RELIC","is_daily":false,"chose_seed":false,"campfire_upgraded":1,"win_rate":0.0,"timestamp":1611186188,"path_taken":["M","?","?","?","?","E","R","?","T","E","?","E","M","M","R","BOSS","M","$","?","?","?","R","M","R","T","E","M","R","E","M"],"items_purchased_type":["Relic","Relic","Card","Card","Card"],"build_version":"2020-12-22","purchased_purges":1,"victory":false,"max_hp_per_floor":[80,80,80,80,80,80,80,80,80,80,80,80,80,80,80,80,80,80,80,80,80,80,80,80,80,80,80,80,80,80,80,80],"card_choices":[{"not_picked":["Perfected Strike","Rage"],"picked":"Clothesline","floor":1},{"not_picked":["Inflame","Shockwave"],"picked":"Battle Trance","floor":5},{"not_picked":["Flex","Clothesline"],"picked":"Inflame","floor":6},{"not_picked":["True Grit","Juggernaut"],"picked":"Carnage","floor":10},{"not_picked":["Sever Soul","Clothesline"],"picked":"Evolve","floor":12},{"not_picked":["Clothesline","Sentinel"],"picked":"Headbutt","floor":13},{"not_picked":["Whirlwind","Clash"],"picked":"Anger","floor":14},{"not_picked":["Offering","Corruption"],"picked":"Berserk","floor":16},{"not_picked":["Headbutt","Shockwave"],"picked":"Battle Trance","floor":18},{"not_picked":["hubris:CleavingFinish+1","Dropkick"],"picked":"Fire Breathing","floor":24},{"not_picked":["Havoc+1","Armaments"],"picked":"Heavy Blade","floor":27},{"not_picked":["Cleave+1","Dual Wield"],"picked":"Wild Strike+1","floor":28},{"not_picked":["Flame Barrier","Sword Boomerang"],"picked":"hubris:CleavingFinish","floor":30}],"player_experience":306060,"relics_obtained":[{"floor":6,"key":"MawBank"},{"floor":9,"key":"Juzu Bracelet"},{"floor":10,"key":"Vajra"},{"floor":12,"key":"hubris:CuriousFeather"},{"floor":26,"key":"Frozen Egg 2"},{"floor":27,"key":"hubris:ChampionShield"},{"floor":30,"key":"Ancient Tea Set"}],"event_choices":[{"damage_healed":0,"gold_gain":0,"cards_transformed":["Strike_R"],"player_choice":"Transformed","damage_taken":0,"max_hp_gain":0,"max_hp_loss":0,"event_name":"Transmorgrifier","floor":4,"gold_loss":0,"cards_obtained":["Power Through"]},{"damage_healed":0,"gold_gain":0,"player_choice":"Take Wound","damage_taken":0,"relics_obtained":["Golden Idol"],"max_hp_gain":0,"max_hp_loss":0,"event_name":"Golden Idol","floor":8,"gold_loss":0,"cards_obtained":["Injury"]},{"cards_removed":["Injury"],"damage_healed":0,"gold_gain":0,"player_choice":"Removed Curses","damage_taken":0,"max_hp_gain":0,"max_hp_loss":0,"event_name":"Fountain of Cleansing","floor":11,"gold_loss":0},{"damage_healed":0,"gold_gain":0,"player_choice":"Paid Fearfully","damage_taken":0,"max_hp_gain":0,"max_hp_loss":0,"event_name":"Masked Bandits","floor":21,"gold_loss":45}],"is_beta":false,"boss_relics":[{"not_picked":["hubris:Stopwatch","Runesmith:UraniumAnvil"],"picked":"Cursed Key"}],"items_purged_floors":[19],"is_endless":false,"potions_floor_spawned":[5,6,12,16,24,30],"killed_by":"Shelled Parasite and Fungi","ascension_level":4}}