{"host":"nnt34ungdh9fkcmy","time":1611110897,"event":{"mods":["BaseMod","Downfall","Minty Spire (QoL Compilation)","StSLib","SuperFastMode"],"gold_per_floor":[99,111,130,150,166,201,201,214,214,364,394,408,434,78,91,91,91,91],"floor_reached":16,"language":"ENG","playtime":1115,"items_purged":["champ:Strike"],"score":156,"play_id":"f1b3c9e7-dfaa-405b-9b1d-33ed4a34ec8f","local_time":"20210119194817","is_ascension_mode":true,"campfire_choices":[{"floor":1.0,"key":"RECALL"}],"circlet_count":0,"master_deck":["champ:Strike","champ:Strike","champ:Strike","champ:Defend","champ:Defend","champ:Defend","champ:Defend","champ:Execute","champ:Taunt","champ:GutPunch","champ:Backstep","champ:RecklessLeap","champ:AdrenalArmor","champ:ShieldSigil","champ:BringItOn","champ:GladiatorStyle+1","champ:FanOfKnives","champ:BladeFlurry","champ:EndlessRage+1","champ:EnragedBash","champ:EnGarde"],"relics":["champ:ChampionCrown","Frozen Egg 2","downfall:BrokenWingStatue","Ornamental Fan","champ:FightingForDummies","Vajra"],"acts_visited":["Exordium"],"potions_floor_usage":[],"damage_taken":[{"damage":22.0,"enemies":"Jaw Worm","floor":2.0,"turns":4.0},{"damage":0.0,"enemies":"2 Louse","floor":3.0,"turns":4.0},{"damage":19.0,"enemies":"Cultist","floor":4.0,"turns":5.0},{"damage":16.0,"enemies":"Blue Slaver","floor":5.0,"turns":4.0},{"damage":66.0,"enemies":"3 Sentries","floor":6.0,"turns":14.0},{"damage":6.0,"enemies":"3 Louse","floor":8.0,"turns":3.0},{"damage":71.0,"enemies":"Gremlin Nob","floor":11.0,"turns":4.0},{"damage":31.0,"enemies":"Large Slime","floor":12.0,"turns":7.0},{"damage":60.0,"enemies":"Lagavulin","floor":13.0,"turns":8.0},{"damage":50.0,"enemies":"downfall:FleeingMerchant","floor":14.0,"turns":4.0},{"damage":20,"enemies":"Gremlin Gang","floor":15,"turns":6},{"damage":31,"enemies":"DF_ARCHETYPE_STREAMLINE","floor":16,"turns":3}],"seed_played":"6270265829581753945","potions_obtained":[{"floor":4.0,"key":"Weak Potion"},{"floor":6.0,"key":"DuplicationPotion"},{"floor":11.0,"key":"CultistPotion"},{"floor":15,"key":"SteroidPotion"}],"is_trial":false,"path_per_floor":["R","M","M","M","M","E","T","M","?","?","E","M","E","$","M","B"],"character_chosen":"THE_CHAMP","items_purchased":["champ:EndlessRage+1","Vajra","champ:EnragedBash"],"campfire_rested":0,"item_purchase_floors":[14,14,14],"current_hp_per_floor":[99,97,97,93,92,66,66,60,60,60,42,31,31,31,26,0,0,0],"gold":91,"neow_bonus":"TEN_PERCENT_HP_BONUS","is_daily":false,"chose_seed":false,"campfire_upgraded":0,"win_rate":0.0,"timestamp":1611110897,"path_taken":["R","M","M","M","M","E","T","M","?","?","E","?","E","$","M","BOSS"],"items_purchased_type":["Card","Relic","Card"],"build_version":"2020-12-22","purchased_purges":1,"victory":false,"max_hp_per_floor":[99,99,99,99,99,99,99,99,99,99,99,99,99,99,99,99,99,99],"card_choices":[{"not_picked":["champ:DefensiveShout","champ:AdrenalArmor"],"picked":"champ:GutPunch","floor":2.0},{"not_picked":["champ:Shatter","champ:PerfectedStrike"],"picked":"champ:Backstep","floor":3.0},{"not_picked":["champ:AdrenalArmor","champ:RisingSlash"],"picked":"champ:RecklessLeap","floor":4.0},{"not_picked":["champ:Duel","champ:Shatter"],"picked":"champ:AdrenalArmor","floor":5.0},{"not_picked":["champ:SetATrap","champ:FalseCounter"],"picked":"champ:ShieldSigil","floor":6.0},{"not_picked":["champ:GutPunch","champ:FlashCut"],"picked":"champ:BringItOn","floor":8.0},{"not_picked":["champ:ViciousMockery","champ:Backstep"],"picked":"champ:GladiatorStyle+1","floor":11.0},{"not_picked":["champ:BladeFlurry","champ:BringItOn"],"picked":"champ:FanOfKnives","floor":12.0},{"not_picked":["champ:CheapShot","champ:Circumvent","champ:AdrenalArmor"],"picked":"SKIP","floor":13.0},{"not_picked":["champ:RageSigil","champ:CrookedStrike"],"picked":"champ:BladeFlurry","floor":14.0},{"not_picked":["champ:FaceSlap","champ:FanOfKnives"],"picked":"champ:EnGarde","floor":15}],"player_experience":218450,"relics_obtained":[{"floor":6.0,"key":"Eternal Feather"},{"floor":7.0,"key":"Frozen Egg 2"},{"floor":11.0,"key":"Ornamental Fan"},{"floor":13.0,"key":"champ:FightingForDummies"}],"event_choices":[],"is_beta":false,"boss_relics":[],"items_purged_floors":[14],"is_endless":false,"potions_floor_spawned":[4,6,11,15],"killed_by":"DF_ARCHETYPE_STREAMLINE","ascension_level":1}}