{"host":"7fyy23rucerupe6i","time":1611128646,"event":{"mods":["AchievementEnabler","Act Like it!","BaseMod","BetterRewards","Colored Map","Colored Powertips","Conspire","Custom Start","Downfall","Mad Scientist","Marisa£®ÏF”Í°°ƒß¿Ì…≥£©","Minty Spire (QoL Compilation)","Pale of the Ancients","Quick Restart","Shop Mod","ShortenTheSpire","Spicy Shops","StSLib","SuperFastMode","The Bug Knight","The Construct","The Cursed","The Factory","The Jungle","The Servant 0.9.4","UnlockEverythingMod"],"gold_per_floor":[111,24,38,51,51,82,82,98,98,124,144,156,182,208,208,283,283,283,283],"floor_reached":18,"language":"ZHS","playtime":712,"items_purged":["Defend_G"],"score":514,"play_id":"c6379d88-7c89-4280-a64b-3372fb226a48","local_time":"20210120154406","is_ascension_mode":true,"campfire_choices":[{"data":"Choke","floor":7,"key":"SMITH"},{"data":"Infinite Blades","floor":15,"key":"SMITH"}],"circlet_count":0,"master_deck":["AscendersBane","conspire:GhostlyStrike","conspire:GhostlyStrike","conspire:GhostlyStrike","conspire:GhostlyStrike","conspire:GhostlyStrike","conspire:GhostlyDefend","conspire:GhostlyDefend","conspire:GhostlyDefend","conspire:GhostlyDefend","Survivor","Neutralize","Infinite Blades+1","conspire:PoisonWeapons","Choke+1","Terror","After Image","Night Terror"],"relics":["Ring of the Serpent","Lee\u0027s Waffle","FossilizedHelix","Thread and Needle","Omamori","Singing Bowl","Mercury Hourglass","Blood Vial","Odd Mushroom"],"acts_visited":["Exordium","theJungle:Jungle"],"potions_floor_usage":[14],"damage_taken":[{"damage":0,"enemies":"Cultist","floor":1,"turns":3},{"damage":0,"enemies":"Small Slimes","floor":3,"turns":2},{"damage":0,"enemies":"2 Louse","floor":4,"turns":2},{"damage":0,"enemies":"Lagavulin","floor":6,"turns":4},{"damage":0,"enemies":"Large Slime","floor":8,"turns":5},{"damage":2,"enemies":"3 Sentries","floor":10,"turns":12},{"damage":0,"enemies":"Looter","floor":11,"turns":2},{"damage":0,"enemies":"Exordium Thugs","floor":12,"turns":3},{"damage":0,"enemies":"Gremlin Nob","floor":13,"turns":3},{"damage":0,"enemies":"The Mushroom Lair","floor":14,"turns":3},{"damage":27,"enemies":"The Guardian","floor":16,"turns":7},{"damage":0,"enemies":"theJungle:Flameango_and_Byrd","floor":18,"turns":1}],"seed_played":"8934890583459744213","potions_obtained":[{"floor":8,"key":"Fire Potion"},{"floor":11,"key":"Ancient Potion"},{"floor":12,"key":"Explosive Potion"},{"floor":14,"key":"FearPotion"}],"is_trial":false,"path_per_floor":["M","$","M","M","?","E","R","M","T","E","M","M","E","?","R","B",null,"M"],"character_chosen":"THE_SILENT","items_purchased":["Lee\u0027s Waffle","FossilizedHelix","Thread and Needle","Infinite Blades","Choke"],"campfire_rested":0,"item_purchase_floors":[0,0,0,0,2],"current_hp_per_floor":[73,73,73,73,73,73,73,73,73,73,75,77,79,83,83,56,76,78,78],"gold":283,"neow_bonus":"","is_daily":false,"chose_seed":false,"campfire_upgraded":2,"win_rate":0.0,"timestamp":1611128646,"path_taken":["M","?","M","M","?","E","R","M","T","E","M","M","E","?","R","BOSS","M"],"items_purchased_type":["Relic","Relic","Relic","Card","Card"],"build_version":"2020-12-22","purchased_purges":1,"victory":false,"max_hp_per_floor":[73,73,73,73,73,73,73,73,73,75,77,79,81,83,83,83,83,83,83],"card_choices":[{"not_picked":["Poisoned Stab","Outmaneuver"],"picked":"conspire:PoisonWeapons","floor":1},{"not_picked":["Deflect","Quick Slash"],"picked":"Terror","floor":3},{"not_picked":["Slice","Dagger Spray","Deadly Poison"],"picked":"SKIP","floor":4},{"not_picked":["PiercingWail","conspire:DoublingDagger"],"picked":"After Image","floor":6},{"not_picked":["Endless Agony","Bane","Sucker Punch"],"picked":"SKIP","floor":8},{"not_picked":["Deadly Poison","Dagger Spray","Prepared"],"picked":"Singing Bowl","floor":10},{"not_picked":["PiercingWail","Deflect","Sucker Punch"],"picked":"Singing Bowl","floor":11},{"not_picked":["Catalyst","Slice","Eviscerate"],"picked":"Singing Bowl","floor":12},{"not_picked":["Terror","Escape Plan","Corpse Explosion"],"picked":"Singing Bowl","floor":13},{"not_picked":["Setup","PiercingWail","Acrobatics"],"picked":"Singing Bowl","floor":14},{"not_picked":["Corpse Explosion","Die Die Die"],"picked":"Night Terror","floor":16}],"player_experience":498066,"relics_obtained":[{"floor":6,"key":"Omamori"},{"floor":9,"key":"Singing Bowl"},{"floor":10,"key":"Mercury Hourglass"},{"floor":13,"key":"Blood Vial"},{"floor":14,"key":"Odd Mushroom"}],"event_choices":[{"damage_healed":0,"gold_gain":0,"player_choice":"Agree","damage_taken":0,"max_hp_gain":0,"max_hp_loss":0,"event_name":"conspire:LoneGhost","floor":5,"gold_loss":0},{"damage_healed":0,"gold_gain":0,"player_choice":"Fought Mushrooms","damage_taken":0,"max_hp_gain":0,"max_hp_loss":0,"event_name":"Mushrooms","floor":14,"gold_loss":0}],"is_beta":false,"boss_relics":[{"not_picked":["Runic Pyramid","SacredBark"],"picked":"Ring of the Serpent"}],"items_purged_floors":[0],"is_endless":false,"potions_floor_spawned":[8,11,12,13,14],"killed_by":"theJungle:Flameango_and_Byrd","ascension_level":20}}