{"host":"d85gwtocd8go8gx0","time":1611122348,"event":{"mods":["BaseMod","Dark Map","Highlight Path","Minty Spire (QoL Compilation)","Permanent Neow","Quick Restart","UnlockEverythingMod"],"gold_per_floor":[12,27,27,27,47,80,80,80,80],"floor_reached":8,"language":"ENG","playtime":269,"items_purged":[],"score":112,"play_id":"e0de8690-86d9-4b13-9e4a-6f4ae58712c9","local_time":"20210119215908","is_ascension_mode":true,"campfire_choices":[{"floor":7.0,"key":"REST"}],"circlet_count":0,"master_deck":["AscendersBane","Strike_R","Strike_R","Strike_R","Strike_R","Strike_R","Defend_R","Defend_R","Defend_R","Defend_R","Bash","Secret Technique","Cleave","Cleave","Clothesline","Seeing Red"],"relics":["Burning Blood","CultistMask","Omamori"],"acts_visited":["Exordium"],"potions_floor_usage":[],"damage_taken":[{"damage":7.0,"enemies":"Cultist","floor":1.0,"turns":4.0},{"damage":16.0,"enemies":"2 Louse","floor":2.0,"turns":2.0},{"damage":12.0,"enemies":"Jaw Worm","floor":5.0,"turns":3.0},{"damage":45.0,"enemies":"3 Sentries","floor":6.0,"turns":8.0},{"damage":35,"enemies":"Lagavulin","floor":8,"turns":5}],"seed_played":"4291212253533798707","potions_obtained":[],"is_trial":false,"path_per_floor":["M","M","$","?","M","E","R","E"],"character_chosen":"IRONCLAD","items_purchased":[],"campfire_rested":1,"item_purchase_floors":[],"current_hp_per_floor":[67,57,57,57,51,12,34,0,0],"gold":80,"neow_bonus":"RANDOM_COLORLESS_2","is_daily":false,"chose_seed":false,"campfire_upgraded":0,"win_rate":0.0,"timestamp":1611122348,"path_taken":["M","M","?","?","M","E","R","E"],"items_purchased_type":[],"build_version":"2020-12-22","purchased_purges":0,"victory":false,"max_hp_per_floor":[75,75,75,75,75,75,75,75,75],"card_choices":[{"not_picked":["Chrysalis","Apotheosis"],"picked":"Secret Technique","floor":0.0},{"not_picked":["Havoc","Whirlwind"],"picked":"Cleave","floor":1.0},{"not_picked":["Clash","Warcry"],"picked":"Cleave","floor":2.0},{"not_picked":["Searing Blow","Reckless Charge"],"picked":"Clothesline","floor":5.0},{"not_picked":["Iron Wave","Bloodletting"],"picked":"Seeing Red","floor":6.0}],"player_experience":31020,"relics_obtained":[{"floor":6.0,"key":"Omamori"}],"event_choices":[{"damage_healed":0.0,"max_hp_gain":0.0,"max_hp_loss":0.0,"gold_gain":0.0,"event_name":"FaceTrader","player_choice":"Trade","floor":4.0,"gold_loss":0.0,"damage_taken":0.0,"relics_obtained":["CultistMask"]}],"is_beta":false,"boss_relics":[],"items_purged_floors":[],"is_endless":false,"potions_floor_spawned":[],"killed_by":"Lagavulin","ascension_level":20}}