{"host":"vyjryxuuuxkt43k4","time":1611167679,"event":{"mods":["AchievementEnabler","BaseMod","Colored Map","DeckTracker","Keyboard Shortcuts","Minty Spire (QoL Compilation)","Permanent Neow","Quick Restart","StSLib","SuperFastMode","everything is the same but u backflip on backflip"],"gold_per_floor":[20,20,20,38,52,77,94,94,94,94,113,113,113],"floor_reached":12,"language":"KOR","playtime":408,"items_purged":[],"score":144,"play_id":"01e7f2dc-e791-462b-ae1a-33a13e981ce6","local_time":"20210121033439","is_ascension_mode":true,"campfire_choices":[{"data":"Magnetism","floor":8,"key":"SMITH"},{"floor":10,"key":"REST"}],"circlet_count":0,"master_deck":["AscendersBane","Strike_R","Strike_R","Strike_R","Strike_R","Defend_R","Defend_R","Defend_R","Defend_R","Bash","Magnetism+1","Wild Strike","Armaments","Pummel","Body Slam","Feel No Pain","Limit Break","Headbutt","Intimidate","Pommel Strike"],"relics":["Burning Blood","Dream Catcher"],"acts_visited":["Exordium"],"potions_floor_usage":[6,12],"damage_taken":[{"damage":16.0,"enemies":"Jaw Worm","floor":1.0,"turns":4.0},{"damage":6,"enemies":"2 Louse","floor":4,"turns":2},{"damage":6,"enemies":"Cultist","floor":5,"turns":3},{"damage":27,"enemies":"3 Sentries","floor":6,"turns":11},{"damage":34,"enemies":"2 Fungi Beasts","floor":7,"turns":5},{"damage":13,"enemies":"Exordium Wildlife","floor":11,"turns":5},{"damage":50,"enemies":"Gremlin Nob","floor":12,"turns":4}],"seed_played":"-4463896366246075253","potions_obtained":[{"floor":1.0,"key":"BloodPotion"},{"floor":5,"key":"Ancient Potion"},{"floor":6,"key":"Energy Potion"}],"is_trial":false,"path_per_floor":["M","?","?","M","M","E","M","R","T","R","M","E"],"character_chosen":"IRONCLAD","items_purchased":[],"campfire_rested":1,"item_purchase_floors":[],"current_hp_per_floor":[58,58,58,58,58,52,24,24,24,46,39,0,0],"gold":113,"neow_bonus":"RANDOM_COLORLESS_2","is_daily":false,"chose_seed":false,"campfire_upgraded":1,"win_rate":0.0,"timestamp":1611167679,"path_taken":["M","?","?","M","M","E","M","R","T","R","M","E"],"items_purchased_type":[],"build_version":"2020-12-22","purchased_purges":0,"victory":false,"max_hp_per_floor":[75,75,75,75,75,75,75,75,75,75,75,75,75],"card_choices":[{"not_picked":["Mayhem","Sadistic Nature"],"picked":"Magnetism","floor":0.0},{"not_picked":["Sword Boomerang","Iron Wave"],"picked":"Wild Strike","floor":1.0},{"not_picked":["Flame Barrier","Seeing Red"],"picked":"Body Slam","floor":4},{"not_picked":["Seeing Red","Iron Wave"],"picked":"Feel No Pain","floor":5},{"not_picked":["Iron Wave","Hemokinesis"],"picked":"Limit Break","floor":6},{"not_picked":["Perfected Strike","Whirlwind"],"picked":"Headbutt","floor":7},{"not_picked":["Bloodletting","Headbutt"],"picked":"Intimidate","floor":10},{"not_picked":["Body Slam","Clash"],"picked":"Pommel Strike","floor":11}],"player_experience":180007,"relics_obtained":[{"floor":6,"key":"Dream Catcher"}],"event_choices":[{"cards_removed":["Strike_R"],"damage_healed":0.0,"max_hp_gain":0.0,"max_hp_loss":0.0,"gold_gain":0.0,"event_name":"Living Wall","player_choice":"Forget","floor":2.0,"gold_loss":0.0,"damage_taken":0.0},{"damage_healed":0,"gold_gain":0,"player_choice":"2 cards matched","damage_taken":0,"max_hp_gain":0,"max_hp_loss":0,"event_name":"Match and Keep!","floor":3,"gold_loss":0,"cards_obtained":["Armaments","Pummel"]}],"is_beta":false,"boss_relics":[],"items_purged_floors":[],"is_endless":false,"potions_floor_spawned":[1,5,6,11],"killed_by":"Gremlin Nob","ascension_level":16}}