{"host":"z42sc0n2dozsmk72","time":1611134597,"event":{"mods":["AchievementEnabler","BaseMod","Better Third Choice","Colored Map","Curses Come First","Highlight Path","Minty Spire (QoL Compilation)","Permanent Neow","Quick Restart","Relic Stats","Shop Mod","StSLib","egg","slay the spire mod where everything is the same but ironclad has a cowboy hat"],"gold_per_floor":[110,128,128,53,65,98,98,114,114,126,26,39,39,0,0,96,96,114,130,140,140,44,44,79,79,79,94,94,94],"floor_reached":28,"language":"ENG","playtime":1579,"items_purged":["Shame","Pain"],"score":264,"play_id":"9ac2e59a-8470-4b47-98d9-c5f4fec4932f","local_time":"20210120222317","is_ascension_mode":true,"campfire_choices":[{"data":"Mayhem","floor":7,"key":"SMITH"},{"data":"Creative AI","floor":13,"key":"SMITH"},{"data":"Enlightenment","floor":15,"key":"SMITH"},{"floor":23,"key":"REST"},{"floor":25,"key":"REST"}],"circlet_count":0,"master_deck":["Strike_B","Strike_B","Strike_B","Strike_B","Defend_B","Defend_B","Defend_B","Defend_B","Zap","Dualcast","Mayhem+1","Ball Lightning","Conserve Battery","Glacier","Reinforced Body","Creative AI+1","Enlightenment+1","Creative AI","Mind Blast","Stack","Conserve Battery","Barrage","Storm"],"relics":["Cracked Core","WarpedTongs","Gremlin Horn","Shuriken","Inserter","Singing Bowl","Toxic Egg 2"],"acts_visited":["Exordium","TheCity"],"potions_floor_usage":[6,20,20,24],"damage_taken":[{"damage":4.0,"enemies":"2 Louse","floor":1.0,"turns":2.0},{"damage":0.0,"enemies":"Cultist","floor":2.0,"turns":3.0},{"damage":3,"enemies":"Jaw Worm","floor":5,"turns":3},{"damage":24,"enemies":"Gremlin Nob","floor":6,"turns":4},{"damage":7,"enemies":"Looter","floor":8,"turns":4},{"damage":6,"enemies":"Lots of Slimes","floor":10,"turns":4},{"damage":0,"enemies":"Large Slime","floor":12,"turns":4},{"damage":26,"enemies":"Slime Boss","floor":16,"turns":7},{"damage":12,"enemies":"Chosen","floor":18,"turns":7},{"damage":10,"enemies":"3 Byrds","floor":19,"turns":2},{"damage":48,"enemies":"Cultist and Chosen","floor":20,"turns":9},{"damage":27,"enemies":"Book of Stabbing","floor":24,"turns":7},{"damage":31,"enemies":"Snake Plant","floor":27,"turns":8},{"damage":11,"enemies":"Centurion and Healer","floor":28,"turns":1}],"seed_played":"2930558371300781283","potions_obtained":[{"floor":1.0,"key":"DistilledChaos"},{"floor":2.0,"key":"GamblersBrew"},{"floor":6,"key":"SteroidPotion"},{"floor":8,"key":"LiquidMemories"},{"floor":10,"key":"SpeedPotion"}],"is_trial":false,"path_per_floor":["M","M","?","$","M","E","R","M","T","M","$","M","R","?","R","B",null,"M","M","M","?","$","R","E","R","T","M","M"],"character_chosen":"DEFECT","items_purchased":["Conserve Battery","Barrage"],"campfire_rested":2,"item_purchase_floors":[22,22],"current_hp_per_floor":[71,71,71,71,68,44,44,37,37,31,31,31,31,37,37,11,81,69,59,11,11,11,35,8,32,32,3,0,0],"gold":94,"neow_bonus":"RANDOM_COLORLESS_2","is_daily":false,"chose_seed":false,"campfire_upgraded":3,"win_rate":0.0,"timestamp":1611134597,"path_taken":["M","M","?","$","M","E","R","M","T","M","?","M","R","?","R","BOSS","M","M","M","?","$","R","E","R","T","M","M"],"items_purchased_type":["Card","Card"],"build_version":"2020-12-22","purchased_purges":2,"victory":false,"max_hp_per_floor":[75,75,75,75,75,75,75,75,75,75,75,75,75,81,81,81,81,81,81,81,81,81,81,81,81,81,83,83,83],"relic_stats":{"Inserter":[17],"Gremlin Horn":[7,7],"Singing Bowl":2,"counters":[14,65],"Shuriken":[4],"obtain_stats":[{"Inserter":17,"Gremlin Horn":6,"Singing Bowl":24,"Shuriken":9,"Toxic Egg 2":26,"Cracked Core":0,"WarpedTongs":3},{"Inserter":8,"Gremlin Horn":4,"Singing Bowl":12,"Shuriken":5,"Toxic Egg 2":12,"Cracked Core":0,"WarpedTongs":2},{"Inserter":31,"Gremlin Horn":12,"Singing Bowl":56,"Shuriken":16,"Toxic Egg 2":56,"Cracked Core":0,"WarpedTongs":5}],"WarpedTongs":[60]},"card_choices":[{"not_picked":["Secret Technique","Sadistic Nature"],"picked":"Mayhem","floor":0.0},{"not_picked":["Static Discharge","Cold Snap"],"picked":"Ball Lightning","floor":1.0},{"not_picked":["Streamline","Beam Cell","Stack"],"picked":"SKIP","floor":2.0},{"not_picked":["Streamline","Redo"],"picked":"Conserve Battery","floor":5},{"not_picked":["Melter","Capacitor"],"picked":"Glacier","floor":6},{"not_picked":["Lockon","Barrage"],"picked":"Reinforced Body","floor":8},{"not_picked":["Gash","Turbo","Compile Driver"],"picked":"SKIP","floor":10},{"not_picked":["Steam","Force Field"],"picked":"Creative AI","floor":12},{"not_picked":["Seek","Thunder Strike"],"picked":"Creative AI","floor":16},{"not_picked":["Streamline","Compile Driver+1","Turbo+1"],"picked":"SKIP","floor":18},{"not_picked":["Blizzard+1","Ball Lightning","Reboot"],"picked":"SKIP","floor":19},{"not_picked":["Leap","Beam Cell","Sweeping Beam+1"],"picked":"SKIP","floor":20},{"not_picked":["Leap","Beam Cell","Sweeping Beam+1"],"picked":"SKIP","floor":20},{"not_picked":["Go for the Eyes","Stack"],"picked":"Storm","floor":24},{"not_picked":["Static Discharge","Rebound","Double Energy+1"],"picked":"Singing Bowl","floor":27}],"player_experience":859295,"relics_obtained":[{"floor":6,"key":"Gremlin Horn"},{"floor":9,"key":"Shuriken"},{"floor":24,"key":"Singing Bowl"},{"floor":26,"key":"Toxic Egg 2"}],"event_choices":[{"damage_healed":0.0,"max_hp_gain":0.0,"max_hp_loss":0.0,"gold_gain":0.0,"event_name":"Accursed Blacksmith","player_choice":"Rummage","floor":3.0,"gold_loss":0.0,"damage_taken":0.0,"relics_obtained":["WarpedTongs"],"cards_obtained":["Pain"]},{"damage_healed":0,"gold_gain":0,"player_choice":"RENOUNCE","damage_taken":39,"max_hp_gain":0,"max_hp_loss":0,"event_name":"betterThird:BetterSerpent","floor":14,"gold_loss":39,"cards_obtained":["Enlightenment"]},{"damage_healed":0,"gold_gain":0,"player_choice":"2 cards matched","damage_taken":0,"max_hp_gain":0,"max_hp_loss":0,"event_name":"Match and Keep!","floor":21,"gold_loss":0,"cards_obtained":["Mind Blast","Stack"]}],"is_beta":false,"boss_relics":[{"not_picked":["Ectoplasm","SlaversCollar"],"picked":"Inserter"}],"items_purged_floors":[4,11],"is_endless":false,"potions_floor_spawned":[1,2,6,8,10,19],"killed_by":"Centurion and Healer","ascension_level":2}}