{"host":"0qlrtuw7bw78ucw4","time":1611141787,"event":{"mods":["BaseMod","Downfall","Minty Spire (QoL Compilation)","StSLib"],"gold_per_floor":[99,112,112,22,35,66,66,66,101,1,14,33,53,38,56,56,56,56],"floor_reached":16,"language":"ENG","playtime":1617,"items_purged":["Slimebound:Strike_Slimebound"],"score":174,"play_id":"4fe55efa-97ba-486f-9374-face2b526d12","local_time":"20210120222307","is_ascension_mode":true,"campfire_choices":[{"data":"Slimebound:CorrosiveSpit","floor":1.0,"key":"SMITH"},{"data":"Slimebound:SlimeBrawl","floor":8.0,"key":"SMITH"},{"data":"Slimebound:DisruptingSlam","floor":10.0,"key":"SMITH"}],"circlet_count":0,"master_deck":["AscendersBane","Slimebound:Strike_Slimebound","Slimebound:Tackle","Slimebound:Defend_Slimebound","Slimebound:Defend_Slimebound","Slimebound:Defend_Slimebound","Slimebound:Split+1","Slimebound:CorrosiveSpit+1","Slimebound:SplitAcid","Slimebound:SplitLeeching","Slimebound:ServeAndProtect","Slimebound:SlimeBrawl+1","Slimebound:DisruptingSlam+1","Slimebound:SplitBruiser","Slimebound:SlimeBarrage","Slimebound:SamplingLick","Slimebound:LeechLife","Slimebound:MassFeed","Slimebound:GoopSpray"],"relics":["Slimebound:AbsorbEndCombat","Ornamental Fan","Slimebound:PreparedRelic","hexamod:CandleOfCauterizing","downfall:HeartBlessingGreen"],"acts_visited":["Exordium"],"potions_floor_usage":[12,16],"damage_taken":[{"damage":3.0,"enemies":"2 Louse","floor":2.0,"turns":3.0},{"damage":0.0,"enemies":"downfall:FleeingMerchant","floor":4.0,"turns":4.0},{"damage":3.0,"enemies":"Cultist","floor":5.0,"turns":3.0},{"damage":11.0,"enemies":"3 Sentries","floor":6.0,"turns":8.0},{"damage":11.0,"enemies":"Gremlin Nob","floor":9.0,"turns":4.0},{"damage":0.0,"enemies":"Small Slimes","floor":11.0,"turns":2.0},{"damage":14,"enemies":"Exordium Thugs","floor":12,"turns":2},{"damage":1,"enemies":"3 Louse","floor":13,"turns":3},{"damage":1,"enemies":"downfall:FleeingMerchant","floor":14,"turns":4},{"damage":0,"enemies":"Blue Slaver","floor":15,"turns":3},{"damage":48,"enemies":"SI_SHIV_ARCHETYPE","floor":16,"turns":10}],"seed_played":"2995972880568151197","potions_obtained":[{"floor":2.0,"key":"bronze:BurnAndBuffPotion"},{"floor":5.0,"key":"Swift Potion"},{"floor":9.0,"key":"Fire Potion"},{"floor":15,"key":"LiquidMemories"}],"is_trial":false,"path_per_floor":["R","M","?","$","M","E","T","R","E","R","M","M","M","$","M","B"],"character_chosen":"SLIMEBOUND","items_purchased":[],"campfire_rested":0,"item_purchase_floors":[],"current_hp_per_floor":[44,43,43,47,48,41,41,41,32,32,32,20,21,32,34,0,0,0],"gold":56,"neow_bonus":"TRANSFORM_TWO_CARDS","is_daily":false,"chose_seed":false,"campfire_upgraded":3,"win_rate":0.0,"timestamp":1611141787,"path_taken":["R","M","?","?","M","E","T","R","E","R","M","M","M","$","M","BOSS"],"items_purchased_type":[],"build_version":"2020-12-22","purchased_purges":1,"victory":false,"max_hp_per_floor":[65,65,65,65,65,65,65,65,65,65,65,65,65,65,65,65,65,65],"card_choices":[{"not_picked":["Slimebound:RollThrough","Slimebound:SlimeSpikes"],"picked":"Slimebound:ServeAndProtect","floor":2.0},{"not_picked":["Slimebound:LeechLife","Slimebound:ComboTackle"],"picked":"Slimebound:SlimeBrawl","floor":4.0},{"not_picked":["Slimebound:SlimeTap","Slimebound:GrowthPunch"],"picked":"Slimebound:DisruptingSlam","floor":5.0},{"not_picked":["Slimebound:SamplingLick","Slimebound:Equalize"],"picked":"Slimebound:SplitBruiser","floor":6.0},{"not_picked":["Slimebound:AcidTongue","Slimebound:Schlurp","Slimebound:RollThrough"],"picked":"SKIP","floor":9.0},{"not_picked":["Slimebound:FinishingTackle","Slimebound:Recollect"],"picked":"Slimebound:SlimeBarrage","floor":11.0},{"not_picked":["Slimebound:SlimeSpikes","Slimebound:GrowthPunch"],"picked":"Slimebound:SamplingLick","floor":12},{"not_picked":["Slimebound:MegaLick","Slimebound:Chomp"],"picked":"Slimebound:LeechLife","floor":13},{"not_picked":["Slimebound:FlameTackle","Slimebound:LeechingTouch"],"picked":"Slimebound:MassFeed","floor":14},{"not_picked":["Slimebound:SplitBruiser","Slimebound:ItLooksTasty"],"picked":"Slimebound:GoopSpray","floor":15}],"player_experience":900146,"relics_obtained":[{"floor":6.0,"key":"Ornamental Fan"},{"floor":7.0,"key":"Slimebound:PreparedRelic"},{"floor":9.0,"key":"hexamod:CandleOfCauterizing"}],"event_choices":[],"is_beta":false,"boss_relics":[],"items_purged_floors":[4],"is_endless":false,"potions_floor_spawned":[2,5,6,9,15],"killed_by":"SI_SHIV_ARCHETYPE","ascension_level":11}}