{"host":"ss2ocoam53r2lno0","time":1611143543,"event":{"mods":["Act Like it!","BaseMod","ChefMod","Clockwork Mod","Colored Powertips","Curses Come First","Displayed Cursed Tome","Downfall","Evolution","Googly Eyes","Hallownest","Highlight Path","Minty Spire (QoL Compilation)","Poor People Problems","Rare Cards Sparkle","Robot Space Explorer","Shade Mod","Shop Mod","Spicy Shops","StSLib","The Marked"],"gold_per_floor":[115,135,154,229,329,329,33,33,80,97,97,132,142,153,153,229,229,242,242,242],"floor_reached":19,"language":"ENG","playtime":1281,"items_purged":["Decay","Clockwork:Strike"],"score":287,"play_id":"f84a769c-ae03-45fb-851a-f860b097b431","local_time":"20210120125223","is_ascension_mode":true,"campfire_choices":[{"data":"Clockwork:ChargingBlade","floor":6.0,"key":"SMITH"},{"data":"Clockwork:Handicap","floor":8.0,"key":"SMITH"},{"data":"Clockwork:Tinker","floor":11.0,"key":"SMITH"},{"floor":15.0,"key":"REST"}],"circlet_count":0,"master_deck":["AscendersBane","Clockwork:ChargingBlade","Clockwork:ChargingBlade+1","Clockwork:Shield","Clockwork:Shield","Clockwork:Shield","Clockwork:Tinker+1","Clockwork:WarmUp","Clockwork:RevUp"],"relics":["Clockwork:MomentumEngine","EVO:Axolotl","NeowsBlessing","Membership Card","Pen Nib","Pen Nib","Orichalcum","Happy Flower","SacredBark"],"acts_visited":["Exordium","TheCity"],"potions_floor_usage":[16,16,19],"damage_taken":[{"damage":0.0,"enemies":"Cultist","floor":1.0,"turns":3.0},{"damage":0.0,"enemies":"Small Slimes","floor":2.0,"turns":7.0},{"damage":0.0,"enemies":"Jaw Worm","floor":3.0,"turns":3.0},{"damage":0.0,"enemies":"Exordium Thugs","floor":10.0,"turns":10.0},{"damage":4.0,"enemies":"Lagavulin","floor":12.0,"turns":16.0},{"damage":2.0,"enemies":"2 Fungi Beasts","floor":13.0,"turns":6.0},{"damage":4.0,"enemies":"Large Slime","floor":14.0,"turns":10.0},{"damage":24,"enemies":"Slime Boss","floor":16,"turns":11},{"damage":44,"enemies":"3 Byrds","floor":18,"turns":8},{"damage":32,"enemies":"Chosen","floor":19,"turns":4}],"seed_played":"-2776435153781400829","potions_obtained":[{"floor":1.0,"key":"DistilledChaos"},{"floor":12.0,"key":"Slimebound:ThreeZeroPotion"},{"floor":13.0,"key":"PowerPotion"},{"floor":18,"key":"SkillPotion"}],"is_trial":false,"path_per_floor":["M","M","M","?","?","R","$","R","T","M","R","E","M","M","R","B",null,"M","M"],"character_chosen":"CLOCKWORK","items_purchased":["Membership Card","Pen Nib","Pen Nib"],"campfire_rested":1,"item_purchase_floors":[7,7,7],"current_hp_per_floor":[71,71,71,60,60,60,60,60,60,60,60,56,54,50,73,49,72,28,0,0],"gold":242,"neow_bonus":"THREE_ENEMY_KILL","is_daily":false,"chose_seed":false,"campfire_upgraded":3,"win_rate":0.0,"timestamp":1611143543,"path_taken":["M","M","M","?","?","R","$","R","T","M","R","E","M","M","R","BOSS","M","M"],"items_purchased_type":["Relic","Relic","Relic"],"build_version":"2020-12-22","purchased_purges":2,"victory":false,"max_hp_per_floor":[79,79,79,79,79,79,79,79,79,79,79,79,79,79,79,79,79,79,79,79],"card_choices":[{"not_picked":["Clockwork:AssemblyLine","Clockwork:TestingEnvironment"],"picked":"Clockwork:RevUp","floor":1.0},{"not_picked":["Clockwork:MechanicalMass","Clockwork:AdaptiveCannon","Clockwork:AdaptiveShield"],"picked":"SKIP","floor":2.0},{"not_picked":["Clockwork:Improve","Clockwork:FalseStart","Clockwork:TimeOut"],"picked":"SKIP","floor":3.0},{"not_picked":["Clockwork:Redundancy","Clockwork:DefectiveParts","Clockwork:AdaptiveShield"],"picked":"SKIP","floor":10.0},{"not_picked":["Clockwork:Enhance","Clockwork:CogShield","Clockwork:Improve"],"picked":"SKIP","floor":12.0},{"not_picked":["Clockwork:OccamsRazor","Clockwork:AssemblyLine","Clockwork:Pluck"],"picked":"SKIP","floor":13.0},{"not_picked":["Clockwork:RitualDaggerMk0","Clockwork:StasisBreak","Clockwork:Redundancy"],"picked":"SKIP","floor":14.0},{"not_picked":["Clockwork:SpringShield","Clockwork:SystemHardening","Clockwork:SnapKeep"],"picked":"SKIP","floor":18}],"player_experience":807551,"relics_obtained":[{"floor":9.0,"key":"Orichalcum"},{"floor":12.0,"key":"Happy Flower"}],"event_choices":[{"damage_healed":0.0,"max_hp_gain":0.0,"max_hp_loss":0.0,"gold_gain":75.0,"event_name":"World of Goop","player_choice":"Gather Gold","floor":4.0,"gold_loss":0.0,"damage_taken":11.0},{"damage_healed":0.0,"max_hp_gain":0.0,"max_hp_loss":0.0,"gold_gain":100.0,"event_name":"Golden Shrine","player_choice":"Pray","floor":5.0,"gold_loss":0.0,"damage_taken":0.0}],"is_beta":false,"boss_relics":[{"not_picked":["expansioncontent:StudyCardRelic","Velvet Choker"],"picked":"SacredBark"}],"items_purged_floors":[7,7],"is_endless":false,"potions_floor_spawned":[1,12,13,18],"killed_by":"Chosen","ascension_level":14}}