{"host":"vyjryxuuuxkt43k4","time":1611152936,"event":{"mods":["AchievementEnabler","BaseMod","Colored Map","DeckTracker","Keyboard Shortcuts","Minty Spire (QoL Compilation)","Permanent Neow","Quick Restart","StSLib","SuperFastMode","everything is the same but u backflip on backflip"],"gold_per_floor":[116,135,155,45,63,63,93,41,41,55,1,1,13,348,348,424,424,435,2,2,15,29,29,79,89,89,105,105,2,52,79,79,79,79],"floor_reached":33,"language":"KOR","playtime":1144,"items_purged":["Strike_R","Strike_R"],"score":485,"play_id":"481a71aa-11a3-424d-80b4-260ce818095d","local_time":"20210120232856","is_ascension_mode":true,"campfire_choices":[{"data":"Carnage","floor":6.0,"key":"SMITH"},{"floor":12.0,"key":"REST"},{"floor":15.0,"key":"REST"},{"data":"Whirlwind","floor":23.0,"key":"SMITH"},{"floor":28.0,"key":"REST"},{"floor":32,"key":"REST"}],"circlet_count":0,"master_deck":["AscendersBane","Strike_R","Strike_R","Strike_R","Defend_R","Defend_R","Defend_R","Defend_R","Bash+1","Disarm","Whirlwind+1","Pummel","Battle Trance","Carnage+1","Inflame","Blood for Blood","Shrug It Off","Feed","Intimidate","Armaments+1","Feel No Pain","Flame Barrier"],"relics":["Burning Blood","Gremlin Horn","Pear","Blue Candle","Old Coin","Philosopher\u0027s Stone","Medical Kit","Lantern","Thread and Needle","Letter Opener"],"acts_visited":["Exordium","TheCity"],"potions_floor_usage":[31,31],"damage_taken":[{"damage":1.0,"enemies":"Cultist","floor":1.0,"turns":3.0},{"damage":7.0,"enemies":"Jaw Worm","floor":2.0,"turns":4.0},{"damage":22.0,"enemies":"Small Slimes","floor":3.0,"turns":4.0},{"damage":19.0,"enemies":"Gremlin Gang","floor":5.0,"turns":8.0},{"damage":32.0,"enemies":"Gremlin Nob","floor":7.0,"turns":4.0},{"damage":11.0,"enemies":"Looter","floor":10.0,"turns":2.0},{"damage":0.0,"enemies":"Large Slime","floor":13.0,"turns":3.0},{"damage":20.0,"enemies":"Lagavulin","floor":14.0,"turns":3.0},{"damage":22.0,"enemies":"The Guardian","floor":16.0,"turns":9.0},{"damage":26.0,"enemies":"Spheric Guardian","floor":18.0,"turns":4.0},{"damage":17.0,"enemies":"Chosen","floor":21.0,"turns":6.0},{"damage":19.0,"enemies":"Centurion and Healer","floor":22.0,"turns":7.0},{"damage":21.0,"enemies":"Snake Plant","floor":25.0,"turns":2.0},{"damage":28.0,"enemies":"Shelled Parasite and Fungi","floor":27.0,"turns":7.0},{"damage":48,"enemies":"Book of Stabbing","floor":31,"turns":7},{"damage":39,"enemies":"Champ","floor":33,"turns":7}],"seed_played":"3297529826742505690","potions_obtained":[{"floor":2.0,"key":"SneckoOil"},{"floor":7.0,"key":"SteroidPotion"},{"floor":14.0,"key":"AttackPotion"},{"floor":21.0,"key":"Regen Potion"},{"floor":27.0,"key":"BlessingOfTheForge"}],"is_trial":false,"path_per_floor":["M","M","M","$","M","R","E","$","T","M","?","R","M","E","R","B",null,"M","$","?","M","M","R","?","M","T","M","R","$","?","E","R","B"],"character_chosen":"IRONCLAD","items_purchased":["Battle Trance","Weak Potion","Medical Kit","Lantern","Armaments","BloodPotion","SkillPotion"],"campfire_rested":4,"item_purchase_floors":[4,8,19,19,19,29,29],"current_hp_per_floor":[73,72,56,56,43,43,17,17,27,22,22,47,53,39,64,48,76,56,56,56,48,44,44,44,29,29,7,33,33,33,8,34,0,0],"gold":79,"neow_bonus":"UPGRADE_CARD","is_daily":false,"chose_seed":false,"campfire_upgraded":2,"win_rate":0.0,"timestamp":1611152936,"path_taken":["M","M","M","$","?","R","E","$","T","M","?","R","?","E","R","BOSS","M","$","?","M","?","R","?","M","T","?","R","$","?","E","R","BOSS"],"items_purchased_type":["Card","Potion","Relic","Relic","Card","Potion","Potion"],"build_version":"2020-12-22","purchased_purges":2,"victory":false,"max_hp_per_floor":[75,75,75,75,75,75,75,75,85,85,85,85,85,85,85,85,85,85,85,85,88,88,88,88,88,88,88,88,88,88,88,88,88,88],"card_choices":[{"not_picked":["Clash","Havoc"],"picked":"Disarm","floor":1.0},{"not_picked":["Rampage","Headbutt"],"picked":"Whirlwind","floor":2.0},{"not_picked":["Pommel Strike","Clothesline"],"picked":"Pummel","floor":3.0},{"not_picked":["Clash","Shrug It Off"],"picked":"Carnage","floor":5.0},{"not_picked":["Warcry","Anger","Bloodletting"],"picked":"SKIP","floor":7.0},{"not_picked":["Sword Boomerang","Iron Wave"],"picked":"Inflame","floor":10.0},{"not_picked":["Seeing Red","Rampage"],"picked":"Blood for Blood","floor":13.0},{"not_picked":["Perfected Strike","Limit Break"],"picked":"Shrug It Off","floor":14.0},{"not_picked":["Brutality","Juggernaut"],"picked":"Feed","floor":16.0},{"not_picked":["Perfected Strike+1","Evolve"],"picked":"Intimidate","floor":18.0},{"not_picked":["Inflame","Burning Pact"],"picked":"Feel No Pain","floor":21.0},{"not_picked":["Blood for Blood","Intimidate","Sword Boomerang"],"picked":"SKIP","floor":22.0},{"not_picked":["Hemokinesis","Wild Strike"],"picked":"Flame Barrier","floor":25.0},{"not_picked":["Twin Strike","Havoc","Sentinel"],"picked":"SKIP","floor":27.0},{"not_picked":["Clothesline","Sword Boomerang","Havoc"],"picked":"SKIP","floor":31}],"player_experience":166020,"relics_obtained":[{"floor":7.0,"key":"Gremlin Horn"},{"floor":9.0,"key":"Pear"},{"floor":14.0,"key":"Old Coin"},{"floor":26.0,"key":"Thread and Needle"},{"floor":31,"key":"Letter Opener"}],"event_choices":[{"damage_healed":0.0,"max_hp_gain":0.0,"max_hp_loss":0.0,"gold_gain":0.0,"event_name":"WeMeetAgain","player_choice":"Paid Gold","floor":11.0,"gold_loss":54.0,"damage_taken":0.0,"relics_obtained":["Blue Candle"]},{"damage_healed":0.0,"max_hp_gain":0.0,"max_hp_loss":0.0,"gold_gain":0.0,"event_name":"Accursed Blacksmith","player_choice":"Forge","floor":20.0,"gold_loss":0.0,"damage_taken":0.0,"cards_upgraded":["Armaments"]},{"damage_healed":0.0,"max_hp_gain":0.0,"max_hp_loss":0.0,"gold_gain":50.0,"event_name":"Golden Shrine","player_choice":"Pray","floor":24.0,"gold_loss":0.0,"damage_taken":0.0},{"damage_healed":0.0,"max_hp_gain":0.0,"max_hp_loss":0.0,"gold_gain":50.0,"event_name":"Golden Shrine","player_choice":"Pray","floor":30.0,"gold_loss":0.0,"damage_taken":0.0}],"is_beta":false,"boss_relics":[{"not_picked":["Astrolabe","Runic Dome"],"picked":"Philosopher\u0027s Stone"}],"items_purged_floors":[4,19],"is_endless":false,"potions_floor_spawned":[2,7,13,14,21,27],"killed_by":"Champ","ascension_level":15}}