{"host":"j7au2ovow4c9pz79","time":1611175445,"event":{"mods":["AchievementEnabler","BaseMod","Better Third Choice","BetterRewards","Colored Powertips","Defuse TimeMaze Blight","Energized Spire","Googly Eyes","Hubris","Infinite Spire","Minty Spire (QoL Compilation)","Quick Restart","Replay The Spire","Spicy Shops","StSLib","SuperFastMode","Transform Curses"],"gold_per_floor":[212,212,60,78,78,78,78,78,78,78,98,98,108,137,137,240,240,250,12,12,28,39,39,57,71,119,119,137,187,216,231,231,231,231],"floor_reached":33,"language":"ENG","playtime":1019,"items_purged":[],"score":267,"play_id":"2d389279-56db-41a7-9782-52eeecfa44e0","local_time":"20210120214405","is_ascension_mode":false,"campfire_choices":[{"data":"Survivor","floor":6,"key":"SMITH"},{"data":"Accuracy","floor":10,"key":"SMITH"},{"data":"Backstab","floor":12,"key":"SMITH"},{"data":"Bullet Time","floor":15,"key":"SMITH"},{"data":"Noxious Fumes","floor":23,"key":"SMITH"},{"floor":32,"key":"REST"}],"circlet_count":0,"master_deck":["Strike_G","Strike_G","Strike_G","Strike_G","Strike_G+1","Defend_G","Defend_G","Defend_G","Defend_G+1","Survivor+1","Neutralize","Noxious Fumes","Accuracy+1","Backstab+1","Bullet Time+1","Crippling Poison","Adrenaline","Noxious Fumes+1","Poisoned Stab+1","Bane+1","Dash","Sucker Punch","Leg Sweep","Endless Agony","Dagger Throw+1"],"relics":["Ring of the Snake","Ring of Peace","Membership Card","hubris:Towel","Mango","Snake Skull","SacredBark","Tiny Chest","hubris:MobiusCoin","Blue Doll","Onion Ring","Golden Egg"],"acts_visited":["Exordium","TheCity"],"potions_floor_usage":[24,24],"damage_taken":[{"damage":0,"enemies":"Small Slimes","floor":1,"turns":6},{"damage":0,"enemies":"2 Louse","floor":4,"turns":4},{"damage":0,"enemies":"Jaw Worm","floor":11,"turns":6},{"damage":3,"enemies":"Lots of Slimes","floor":13,"turns":5},{"damage":5,"enemies":"3 Sentries","floor":14,"turns":8},{"damage":40,"enemies":"Slime Boss","floor":16,"turns":14},{"damage":0,"enemies":"3 Byrds","floor":18,"turns":8},{"damage":0,"enemies":"2 Thieves","floor":21,"turns":4},{"damage":8,"enemies":"Chosen and Byrds","floor":22,"turns":8},{"damage":15,"enemies":"Snecko","floor":24,"turns":5},{"damage":9,"enemies":"Centurion and Healer","floor":25,"turns":6},{"damage":10,"enemies":"Snake Plant","floor":28,"turns":4},{"damage":23,"enemies":"Slavers","floor":30,"turns":7},{"damage":14,"enemies":"Sentry and Sphere","floor":31,"turns":4},{"damage":36,"enemies":"Collector","floor":33,"turns":3}],"seed_played":"-2440788202402322135","potions_obtained":[{"floor":11,"key":"Strength Potion"},{"floor":14,"key":"Cursed Concoction"},{"floor":16,"key":"Poison Potion"},{"floor":25,"key":"Dexterity Potion"},{"floor":28,"key":"BlessingOfTheForge"}],"is_trial":false,"path_per_floor":["M","?","$","M","?","R","?","?","T","R","M","R","M","E","R","B",null,"M","$","?","M","M","R","M","M","T","?","M","T","E","M","R","B"],"character_chosen":"THE_SILENT","items_purchased":["Membership Card","Tiny Chest","hubris:MobiusCoin","Blue Doll"],"campfire_rested":1,"item_purchase_floors":[3,19,19,19],"current_hp_per_floor":[70,70,70,70,70,70,56,56,70,70,70,70,67,62,62,22,84,84,84,84,84,76,76,61,52,52,52,42,42,19,5,30,0,0],"gold":231,"neow_bonus":"HUNDRED_GOLD","is_daily":false,"chose_seed":false,"campfire_upgraded":5,"win_rate":0.0,"timestamp":1611175445,"path_taken":["M","?","$","M","?","R","?","?","T","R","M","R","M","E","R","BOSS","M","$","?","M","M","R","M","?","T","?","M","?","E","M","R","BOSS"],"items_purchased_type":["Relic","Relic","Relic","Relic"],"build_version":"2020-12-22","purchased_purges":0,"victory":false,"max_hp_per_floor":[70,70,70,70,70,70,70,70,84,84,84,84,84,84,84,84,84,84,84,84,84,84,84,84,84,84,84,84,84,84,84,84,84,84],"card_choices":[{"not_picked":["Well Laid Plans","Replay:Poison Smokescreen"],"picked":"Noxious Fumes","floor":1},{"not_picked":["hubris:Counter","ReplayTheSpireMod:Scrap Shanks"],"picked":"Accuracy","floor":4},{"not_picked":["Well Laid Plans","Backflip"],"picked":"Backstab","floor":11},{"not_picked":["Deadly Poison","Fluid Movement"],"picked":"Bullet Time","floor":13},{"not_picked":["Backflip","Slice"],"picked":"Crippling Poison","floor":14},{"not_picked":["Wraith Form v2","ReplayTheSpireMod:Necrosis"],"picked":"Adrenaline","floor":16},{"not_picked":["Prepared","hubris:TrickCloak"],"picked":"Noxious Fumes","floor":18},{"not_picked":["Prepared","Crippling Poison"],"picked":"Poisoned Stab+1","floor":21},{"not_picked":["Sucker Punch+1","Dagger Spray"],"picked":"Bane+1","floor":22},{"not_picked":["Dodge and Roll+1","Draining Mist"],"picked":"Dash","floor":24},{"not_picked":["Deflect+1","Quick Slash"],"picked":"Sucker Punch","floor":25},{"not_picked":["Skewer","Deadly Poison"],"picked":"Leg Sweep","floor":28},{"not_picked":["Slice","ReplayTheSpireMod:Scrap Shanks"],"picked":"Endless Agony","floor":30},{"not_picked":["Blade Dance","Hidden Blade"],"picked":"Dagger Throw+1","floor":31}],"player_experience":1889173,"relics_obtained":[{"floor":2,"key":"Ring of Peace"},{"floor":9,"key":"Mango"},{"floor":14,"key":"Snake Skull"},{"floor":29,"key":"Onion Ring"},{"floor":30,"key":"Golden Egg"}],"event_choices":[{"damage_healed":0,"gold_gain":0,"player_choice":"Leave","damage_taken":0,"max_hp_gain":0,"max_hp_loss":0,"event_name":"The Cleric","floor":5,"gold_loss":0},{"damage_healed":70,"gold_gain":0,"player_choice":"Upgrade","damage_taken":14,"max_hp_gain":0,"max_hp_loss":70,"event_name":"betterThird:BetterShining","floor":7,"gold_loss":0,"cards_upgraded":["Defend_G","Strike_G"]},{"cards_removed":["Defend_G"],"damage_healed":0,"gold_gain":0,"player_choice":"Card Removal","damage_taken":0,"max_hp_gain":0,"max_hp_loss":0,"event_name":"Wheel of Change","floor":20,"gold_loss":0}],"is_beta":false,"boss_relics":[{"not_picked":["energizedSpire:SpiderWeb","hubris:HollowSoul"],"picked":"SacredBark"}],"items_purged_floors":[],"is_endless":false,"potions_floor_spawned":[11,14,16,18,21,25,28,30],"killed_by":"Collector","ascension_level":0}}