{"host":"daa8jqyg4gqfaysm","time":1611168527,"event":{"mods":["BaseMod","Colored Powertips","Minty Spire (QoL Compilation)","StSLib"],"gold_per_floor":[10,22,32,49,49,49,102,131,158,211,245,245,265,306,306,408,408,438,451,49,49,69,112,112,148,148,148,177,209,242,289,289,289,289],"floor_reached":33,"language":"ENG","playtime":1755,"items_purged":["Strike_G"],"score":662,"play_id":"a4f0f1d7-28cc-4b03-953a-6704454ffb4f","local_time":"20210121024847","is_ascension_mode":true,"campfire_choices":[{"data":"Neutralize","floor":6,"key":"SMITH"},{"data":"Malaise","floor":12,"key":"SMITH"},{"data":"Blade Dance","floor":15,"key":"SMITH"},{"floor":24,"key":"REST"},{"floor":27,"key":"REST"},{"floor":32,"key":"RECALL"}],"circlet_count":0,"master_deck":["AscendersBane","Strike_G","Strike_G","Strike_G","Strike_G","Defend_G","Defend_G","Defend_G","Defend_G","Defend_G","Survivor","Neutralize+1","Adrenaline","Blade Dance+1","Quick Slash","Terror","Infinite Blades","Malaise+1","Dash","Leg Sweep","Backflip","Tools of the Trade","Dodge and Roll+1","Bandage Up","PiercingWail+1","Malaise+1","Backflip+1","Backflip+1","Escape Plan+1"],"relics":["Ring of the Snake","Golden Idol","CeramicFish","Toy Ornithopter","Orichalcum","Smiling Mask","Fusion Hammer","White Beast Statue","Letter Opener","PreservedInsect","Sundial","Toxic Egg 2","InkBottle"],"acts_visited":["Exordium","TheCity"],"potions_floor_usage":[7,10,16,23,25,25,28,31,33,33],"damage_taken":[{"damage":3,"enemies":"Cultist","floor":1,"turns":5},{"damage":0,"enemies":"Small Slimes","floor":2,"turns":3},{"damage":0,"enemies":"Jaw Worm","floor":3,"turns":3},{"damage":4,"enemies":"Red Slaver","floor":4,"turns":3},{"damage":17,"enemies":"Lagavulin","floor":7,"turns":6},{"damage":0,"enemies":"Gremlin Gang","floor":8,"turns":5},{"damage":17,"enemies":"3 Sentries","floor":10,"turns":8},{"damage":1,"enemies":"Looter","floor":11,"turns":4},{"damage":0,"enemies":"2 Fungi Beasts","floor":13,"turns":4},{"damage":12,"enemies":"Gremlin Nob","floor":14,"turns":4},{"damage":4,"enemies":"Slime Boss","floor":16,"turns":4},{"damage":13,"enemies":"Spheric Guardian","floor":18,"turns":6},{"damage":4,"enemies":"3 Byrds","floor":19,"turns":7},{"damage":8,"enemies":"Shelled Parasite and Fungi","floor":22,"turns":8},{"damage":10,"enemies":"Book of Stabbing","floor":23,"turns":7},{"damage":14,"enemies":"Gremlin Leader","floor":25,"turns":10},{"damage":1,"enemies":"Snecko","floor":28,"turns":7},{"damage":14,"enemies":"Centurion and Healer","floor":29,"turns":9},{"damage":0,"enemies":"Snake Plant","floor":30,"turns":7},{"damage":4,"enemies":"Book of Stabbing","floor":31,"turns":6},{"damage":68,"enemies":"Collector","floor":33,"turns":13}],"seed_played":"2061582194161606920","potions_obtained":[{"floor":1,"key":"BlessingOfTheForge"},{"floor":3,"key":"Strength Potion"},{"floor":8,"key":"Regen Potion"},{"floor":13,"key":"SteroidPotion"},{"floor":19,"key":"ColorlessPotion"},{"floor":22,"key":"Ancient Potion"},{"floor":23,"key":"Ancient Potion"},{"floor":25,"key":"SneckoOil"},{"floor":28,"key":"CunningPotion"},{"floor":29,"key":"Poison Potion"},{"floor":31,"key":"LiquidBronze"}],"is_trial":false,"path_per_floor":["M","M","M","M","?","R","E","M","T","E","M","R","M","E","R","B",null,"M","M","$","?","M","E","R","E","T","R","M","M","M","E","R","B"],"character_chosen":"THE_SILENT","items_purchased":["White Beast Statue","Bandage Up"],"campfire_rested":2,"item_purchase_floors":[20,20],"current_hp_per_floor":[56,56,56,52,52,52,35,35,35,38,37,37,37,25,25,26,52,39,35,35,35,31,30,48,48,48,60,59,46,50,55,55,1,1],"gold":289,"neow_bonus":"THREE_RARE_CARDS","is_daily":false,"chose_seed":false,"campfire_upgraded":3,"win_rate":0.0,"timestamp":1611168527,"path_taken":["M","?","?","M","?","R","E","M","T","E","M","R","M","E","R","BOSS","M","M","$","?","M","E","R","E","T","R","?","?","M","E","R","BOSS"],"items_purchased_type":["Relic","Card"],"build_version":"2020-12-22","purchased_purges":1,"victory":false,"max_hp_per_floor":[66,66,66,66,60,60,60,60,60,60,60,60,60,60,60,60,60,60,60,60,60,60,60,60,60,60,60,60,60,60,60,60,60,60],"card_choices":[{"not_picked":["Night Terror","After Image"],"picked":"Adrenaline","floor":0},{"not_picked":["Catalyst","Noxious Fumes"],"picked":"Blade Dance","floor":1},{"not_picked":["Riddle With Holes","Acrobatics"],"picked":"Quick Slash","floor":2},{"not_picked":["Cloak And Dagger","Deflect"],"picked":"Terror","floor":3},{"not_picked":["Crippling Poison","Outmaneuver"],"picked":"Infinite Blades","floor":4},{"not_picked":["Infinite Blades","Outmaneuver"],"picked":"Malaise","floor":7},{"not_picked":["Acrobatics","Prepared"],"picked":"Dash","floor":8},{"not_picked":["Tactician","PiercingWail"],"picked":"Leg Sweep","floor":10},{"not_picked":["Slice","Underhanded Strike"],"picked":"Backflip","floor":11},{"not_picked":["Flying Knee","Bane","Endless Agony"],"picked":"SKIP","floor":13},{"not_picked":["Distraction","Flying Knee","Endless Agony"],"picked":"SKIP","floor":14},{"not_picked":["Unload","Malaise"],"picked":"Tools of the Trade","floor":16},{"not_picked":["Eviscerate","Bouncing Flask"],"picked":"Dodge and Roll+1","floor":18},{"not_picked":["Bane+1","Dagger Spray","Predator"],"picked":"SKIP","floor":19},{"not_picked":["Endless Agony","Distraction","Flying Knee"],"picked":"SKIP","floor":22},{"not_picked":["Choke","Venomology"],"picked":"PiercingWail+1","floor":23},{"not_picked":["Flying Knee","Poisoned Stab","Slice"],"picked":"SKIP","floor":25},{"not_picked":["Flying Knee","Expertise+1"],"picked":"Malaise+1","floor":28},{"not_picked":["Poisoned Stab","Dagger Spray"],"picked":"Backflip+1","floor":29},{"not_picked":["Dagger Spray","Deadly Poison+1"],"picked":"Backflip+1","floor":30},{"not_picked":["Doppelganger+1","Riddle With Holes"],"picked":"Escape Plan+1","floor":31}],"player_experience":843343,"relics_obtained":[{"floor":7,"key":"CeramicFish"},{"floor":9,"key":"Toy Ornithopter"},{"floor":10,"key":"Orichalcum"},{"floor":14,"key":"Smiling Mask"},{"floor":23,"key":"PreservedInsect"},{"floor":25,"key":"Sundial"},{"floor":26,"key":"Toxic Egg 2"},{"floor":31,"key":"InkBottle"}],"event_choices":[{"damage_healed":0,"gold_gain":0,"player_choice":"Lose Max HP","damage_taken":0,"relics_obtained":["Golden Idol"],"max_hp_gain":0,"max_hp_loss":6,"event_name":"Golden Idol","floor":5,"gold_loss":0},{"damage_healed":0,"gold_gain":0,"player_choice":"Gave Potion","damage_taken":0,"relics_obtained":["Letter Opener"],"max_hp_gain":0,"max_hp_loss":0,"event_name":"WeMeetAgain","floor":21,"gold_loss":0}],"is_beta":false,"boss_relics":[{"not_picked":["Tiny House","SacredBark"],"picked":"Fusion Hammer"}],"items_purged_floors":[20],"is_endless":false,"potions_floor_spawned":[1,3,4,8,13,14,19,22,23,25,28,29,30,31],"killed_by":"Collector","ascension_level":20}}