{"host":"55yei7x27djrlaep","time":1611169382,"event":{"mods":["Act Like it!","Aspiration","BaseMod","Better Altar","Better Match","Better Note","Better Sensory Stone","Better Skull","Better Third Choice","BetterRewards","Colored Map","Evolution","Friendly Minions","GifTheSpireLib","Hubris","Minty Spire (QoL Compilation)","Pale of the Ancients","Replay The Spire","StSLib","The Bladedancer","The Runesmith"],"gold_per_floor":[114,114,114,131,131,77,109,24,24,49,49,49,49,78,78,177,177,194,194,194,194,194,224,236,266,266,266,281,281,310,322,322,526,526,543,543,553,23,42,69,84,118,118,118,128,153,165,165,165,165],"floor_reached":51,"language":"ENG","playtime":7241,"items_purged":["Strike_B"],"score":1564,"play_id":"384de444-4c4a-4159-a728-00f54ecf1be0","local_time":"20210120220302","is_ascension_mode":true,"campfire_choices":[{"floor":12,"key":"REST"},{"data":"Capacitor","floor":15,"key":"SMITH"},{"floor":27,"key":"RECALL"},{"data":"Storm","floor":29,"key":"SMITH"},{"data":"Dualcast","floor":32,"key":"SMITH"},{"data":"Capacitor","floor":44,"key":"SMITH"},{"data":"Storm","floor":49,"key":"SMITH"}],"circlet_count":0,"master_deck":["Strike_B","Dualcast+1","Capacitor+1","Finesse","Storm+1","Cold Snap","Hyperbeam","Double Energy+1","Redo+1","Tempest+1","Stack+1","hubris:Ukulele+1","Electrodynamics","Consume+1","Capacitor+1","Mirror Shield+1","Conserve Battery+1","Time Bomb+1","Crystallizer","Compile Driver+1","Seek+1","Echo Form+1","Hologram+1","Storm+1","Amplify+1","BasicCrystalCard+1","hubris:PowerSurge","Coolheaded+1","Fission+1"],"relics":["Cracked Core","EVO:Axolotl","aspiration:FaultyCoupler","hubris:Zylophone","Chemical X","InkBottle","Replay:PocketPolymizer","Geode","aspiration:Nostalgia","Runesmith:BrokenRuby","ReplayTheSpireMod:Lightbulb","ReplayTheSpireMod:CursedCoin","Toxic Egg 2","Juzu Bracelet","Darkstone Periapt","Iron Hammer","FaceOfCleric","Orichalcum","Nuclear Battery","Kunai","hubris:Towel","hubris:Icosahedron","ReplayTheSpireMod:TigerMarble","hubris:Reverence","ReplayTheSpireMod:Shallot","Blue Doll","Replay:Drink Me","Replay:Antivirus Software","FossilizedHelix","Nunchaku","Whetstone","aspiration:SeaSaltIceCream","ReplayTheSpireMod:Ninjato","DataDisk"],"acts_visited":["Exordium","TheCity","TheBeyond"],"potions_floor_usage":[7,10,10,23,30,42],"damage_taken":[{"damage":1,"enemies":"Cultist","floor":1,"turns":3},{"damage":0,"enemies":"2 Louse","floor":4,"turns":2},{"damage":0,"enemies":"Lagavulin","floor":7,"turns":3},{"damage":0,"enemies":"Jaw Worm","floor":8,"turns":1},{"damage":0,"enemies":"Gremlin Nob","floor":10,"turns":2},{"damage":10,"enemies":"3 Sentries","floor":14,"turns":3},{"damage":7,"enemies":"Fading Forest","floor":16,"turns":11},{"damage":0,"enemies":"3 Byrds","floor":18,"turns":2},{"damage":6,"enemies":"Book of Stabbing","floor":23,"turns":2},{"damage":0,"enemies":"2 Thieves","floor":24,"turns":2},{"damage":0,"enemies":"Gremlin Leader","floor":25,"turns":3},{"damage":0,"enemies":"3 Cultists","floor":28,"turns":2},{"damage":3,"enemies":"Slavers","floor":30,"turns":2},{"damage":8,"enemies":"Snake Plant","floor":31,"turns":2},{"damage":20,"enemies":"hubris:MusketHawk","floor":33,"turns":6},{"damage":0,"enemies":"3 Darklings","floor":35,"turns":1},{"damage":0,"enemies":"3 Shapes","floor":37,"turns":2},{"damage":0,"enemies":"Sphere and 2 Shapes","floor":39,"turns":3},{"damage":0,"enemies":"Nemesis","floor":40,"turns":3},{"damage":0,"enemies":"Transient","floor":41,"turns":5},{"damage":0,"enemies":"R_Hoarder","floor":42,"turns":3},{"damage":3,"enemies":"Writhing Mass","floor":45,"turns":2},{"damage":0,"enemies":"Reptomancer","floor":46,"turns":3},{"damage":0,"enemies":"Jaw Worm Horde","floor":47,"turns":2},{"damage":0,"enemies":"hubris:GrandSnecko","floor":50,"turns":3}],"seed_played":"-912972585484847070","potions_obtained":[{"floor":4,"key":"SteroidPotion"},{"floor":8,"key":"Strength Potion"},{"floor":14,"key":"AttackPotion"},{"floor":18,"key":"Adrenaline Potion"},{"floor":25,"key":"SkillPotion"},{"floor":28,"key":"FocusPotion"},{"floor":31,"key":"Death Potion"},{"floor":35,"key":"Regen Potion"},{"floor":41,"key":"Energy Potion"},{"floor":46,"key":"BlessingOfTheForge"},{"floor":47,"key":"DuplicationPotion"}],"is_trial":false,"path_per_floor":["M","?","?","M","?","$","E","M","T","E","T","R","?","E","R","B",null,"M","?","?","?","?","E","M","E","T","R","M","R","E","M","R","B",null,"M","?","M","$","M","E","M","E","T","R","M","E","M","?","R","B",null],"character_chosen":"DEFECT","items_purchased":["aspiration:FaultyCoupler","Capacitor","Chemical X","InkBottle","Finesse","Storm","Geode","aspiration:Nostalgia","ReplayTheSpireMod:CursedCoin","Adrenaline Potion","Hyperbeam","Replay:Antivirus Software","Storm","FossilizedHelix"],"campfire_rested":1,"item_purchase_floors":[0,0,0,0,0,0,0,0,6,6,6,38,38,38],"current_hp_per_floor":[19,7,7,7,32,32,32,32,32,32,32,54,54,45,45,47,70,71,77,77,77,77,72,73,74,74,74,75,75,73,66,66,47,64,65,51,52,52,53,54,55,65,65,65,63,64,65,65,65,66],"gold":165,"neow_bonus":"","is_daily":false,"chose_seed":false,"campfire_upgraded":5,"win_rate":0.0,"timestamp":1611169382,"path_taken":["M","?","?","?","?","$","E","M","T","E","?","R","?","E","R","BOSS","M","?","?","?","?","E","M","E","T","R","M","R","E","M","R","BOSS","M","?","M","?","M","E","M","E","T","R","M","E","M","?","R","BOSS"],"items_purchased_type":["Relic","Card","Relic","Relic","Card","Card","Relic","Relic","Relic","Potion","Card","Relic","Card","Relic"],"build_version":"2020-12-22","purchased_purges":1,"victory":true,"max_hp_per_floor":[75,75,75,75,75,75,75,75,75,75,75,75,75,76,76,77,77,78,84,84,84,84,85,86,87,87,87,88,88,89,90,90,91,69,70,70,71,71,72,73,74,75,75,75,76,77,78,78,78,79],"card_choices":[{"not_picked":["Panic Button","FTL","Sweeping Beam"],"picked":"SKIP","floor":1},{"not_picked":["Gash","Sweeping Beam"],"picked":"Cold Snap","floor":4},{"not_picked":["Loop","Creative AI"],"picked":"Double Energy+1","floor":7},{"not_picked":["Leap+1","Cold Snap"],"picked":"Redo+1","floor":8},{"not_picked":["Cold Snap","Scrape"],"picked":"Tempest+1","floor":10},{"not_picked":["Ball Lightning","Recycle+1"],"picked":"Stack+1","floor":14},{"not_picked":["Reboot+1","Mirror Shield+1"],"picked":"Electrodynamics","floor":16},{"not_picked":["Rebound","Coolheaded+1"],"picked":"Consume+1","floor":18},{"not_picked":["Stack+1","ReplayGash"],"picked":"Capacitor","floor":23},{"not_picked":["Darkness+1","Steam+1","Capacitor"],"picked":"SKIP","floor":24},{"not_picked":["Loop+1","Gash"],"picked":"Mirror Shield+1","floor":25},{"not_picked":["Ball Lightning","Recycle+1"],"picked":"Time Bomb+1","floor":28},{"not_picked":["Turbo+1","Melter+1"],"picked":"Compile Driver","floor":30},{"not_picked":["Turbo+1","Gash","Redo+1"],"picked":"SKIP","floor":31},{"not_picked":["Buffer","ReplayTheSpireMod:Omega Cannon"],"picked":"Seek+1","floor":33},{"not_picked":["hubris:Prefetch+1","Ball Lightning","Capacitor+1"],"picked":"SKIP","floor":35},{"not_picked":["Sweeping Beam","Cold Snap"],"picked":"Hologram+1","floor":37},{"not_picked":["Crystallizer+1","Go for the Eyes+1","Beam Cell"],"picked":"SKIP","floor":39},{"not_picked":["Compile Driver+1","Cold Snap+1","Steam Power+1"],"picked":"SKIP","floor":40},{"not_picked":["Conserve Battery+1","Stack+1"],"picked":"Amplify+1","floor":41},{"not_picked":["ReplaySolidLightProjector+1","Chaos+1"],"picked":"BasicCrystalCard+1","floor":42},{"not_picked":["BasicCrystalCard+1","Stack+1","Storm"],"picked":"SKIP","floor":45},{"not_picked":["BasicCrystalCard+1","Reprogram+1"],"picked":"hubris:PowerSurge","floor":46},{"not_picked":["hubris:SpecializedCircuitry","Aggregate+1"],"picked":"Coolheaded+1","floor":47}],"player_experience":420737,"relics_obtained":[{"floor":7,"key":"Toxic Egg 2"},{"floor":9,"key":"Juzu Bracelet"},{"floor":10,"key":"Darkstone Periapt"},{"floor":11,"key":"Iron Hammer"},{"floor":14,"key":"Orichalcum"},{"floor":23,"key":"ReplayTheSpireMod:TigerMarble"},{"floor":25,"key":"hubris:Reverence"},{"floor":26,"key":"ReplayTheSpireMod:Shallot"},{"floor":30,"key":"Blue Doll"},{"floor":40,"key":"Nunchaku"},{"floor":42,"key":"Whetstone"},{"floor":43,"key":"aspiration:SeaSaltIceCream"},{"floor":46,"key":"DataDisk"}],"event_choices":[{"damage_healed":0,"gold_gain":0,"player_choice":"Relic ","damage_taken":12,"max_hp_gain":0,"max_hp_loss":0,"event_name":"betterThird:BetterScrap","floor":2,"gold_loss":0,"cards_obtained":["Rampage"]},{"damage_healed":7,"gold_gain":0,"player_choice":"Leave","damage_taken":0,"max_hp_gain":0,"max_hp_loss":75,"event_name":"betterThird:BetterShining","floor":3,"gold_loss":0},{"damage_healed":25,"gold_gain":0,"player_choice":"Banana","damage_taken":0,"max_hp_gain":0,"max_hp_loss":0,"event_name":"Big Fish","floor":5,"gold_loss":0},{"damage_healed":0,"gold_gain":0,"player_choice":"Trade","damage_taken":0,"relics_obtained":["FaceOfCleric"],"max_hp_gain":0,"max_hp_loss":0,"event_name":"FaceTrader","floor":13,"gold_loss":0},{"damage_healed":0,"gold_gain":0,"player_choice":"Opened","damage_taken":0,"relics_obtained":["Kunai"],"max_hp_gain":0,"max_hp_loss":0,"event_name":"The Mausoleum","floor":19,"gold_loss":0,"cards_obtained":["Writhe"]},{"damage_healed":0,"gold_gain":0,"player_choice":"Ignored","damage_taken":0,"max_hp_gain":0,"max_hp_loss":0,"event_name":"Ghosts","floor":22,"gold_loss":0},{"damage_healed":0,"gold_gain":3,"player_choice":"2","damage_taken":0,"max_hp_gain":0,"max_hp_loss":14,"event_name":"betterStone:BetterStone","floor":36,"gold_loss":0},{"damage_healed":0,"gold_gain":0,"player_choice":"Forge","damage_taken":0,"max_hp_gain":0,"max_hp_loss":0,"event_name":"Accursed Blacksmith","floor":48,"gold_loss":0,"cards_upgraded":["Echo Form"]}],"is_beta":false,"boss_relics":[{"not_picked":["Velvet Choker","Snecko Eye"],"picked":"Nuclear Battery"},{"not_picked":["FrozenCore","hubris:ScarierMask"],"picked":"Replay:Drink Me"}],"items_purged_floors":[0],"is_endless":false,"potions_floor_spawned":[4,8,14,18,25,28,31,35,37,41,46,47],"ascension_level":5}}