{"host":"7pdbvbnybm62aded","time":1611125713,"event":{"mods":["BaseMod","Downfall","Minty Spire (QoL Compilation)","READ ME - Guardian Mod","Shop Mod","Spicy Shops","StSLib","The Construct","[IsaacMod]ÒÔÈö¼âËþ","¡¾ÒÅÎï¿¨ÅÆ¡¿REMEMod"],"gold_per_floor":[99,99,99,99,99,99,154,154,171,200,31,31,51,51,63,160,160,60,73,73,5800,5811,5828,5878,5678,5678,5689,4447,4466,4466,4520,4531,4627,4627,4627,4643,4643,1248,1281,1310,1310,1310,1382,1382,1407,1440,1473,1438,1465,1465,1465,1498,444,444,444,444,444],"floor_reached":55,"language":"ZHS","playtime":13547,"items_purged":["DoctorFetus","Guardian:Defend_Guardian","construct:FlameCore+1","Guardian:Defend_Guardian"],"score":1210,"play_id":"6a07743c-d70f-42bd-9069-2cc991c0542c","local_time":"20210120145513","is_ascension_mode":false,"campfire_choices":[{"floor":1.0,"key":"RECALL"},{"data":"Guardian:PrismaticBeam","floor":12.0,"key":"SMITH"},{"data":"REME_FirmDetermination","floor":18.0,"key":"SMITH"},{"data":"Guardian:PrismaticBeam","floor":30.0,"key":"SMITH"},{"data":"Limit Break","floor":35.0,"key":"SMITH"},{"data":"Secret Technique","floor":42.0,"key":"SMITH"},{"data":"Guardian:AncientConstruct","floor":44.0,"key":"SMITH"}],"circlet_count":0,"master_deck":["Guardian:Strike_Guardian","Guardian:TwinSlam+1","bronze:Assembly+1","Guardian:TemporalShield","Guardian:PrismaticBeam+1","Guardian:Reroute","Guardian:Preprogram+1","Guardian:Suspension","Guardian:AncientConstruct+1","Guardian:Orbwalk","REME_FirmDetermination+1","Guardian:BaubleBeam+1","Guardian:PrismaticBeam+1","REME_MawOfCthun","RitualDagger+1","Guardian:Planning","Guardian:Repulse+1","Guardian:Repulse","Apotheosis","Magnetism","Limit Break+1","expansioncontent:AwakenDeath","expansioncontent:Chronoboost","expansioncontent:Chronoboost","Secret Technique+1","Guardian:ExploitGems+1","Guardian:FloatingOrbs+1","Guardian:StasisStrike+1","bronze:BuggyMess","REME_EyeOfCthun","construct:Chainstrike","Guardian:TimeSifter","Guardian:SentryBeam","Flash of Steel","Guardian:DonusPower","expansioncontent:StudyTheSpire","bronze:WildBeam+1","Electrodynamics","Backflip","Guardian:Gem_Synthetic","Guardian:Gem_Red"],"relics":["Guardian:ModeShifter","HushsDoor","REME_ComplimentaryCards","downfall:HeartsMalice","BelialBook","Lantern","Bag of Marbles","Guardian:PickAxe","War Paint","SteamSale","GuppysHairball","downfall:HeartBlessingRed","downfall:HeartBlessingGreen","downfall:HeartBlessingBlue","PrismaticShard","Chaos","REME_HandOfSuture","MealTicket","Happy Flower","ForgetMeNow","ChampionBelt","DeathBook","SatanicBible","REME_ChargedStone","Blood Vial","REME_DuelDisc","PunchingBag","Bottled Lightning","Astrolabe","BookOfRevelations","RottenBaby","TungstenRod","Frozen Eye","GuppysHead","NineLifeCat","Unceasing Top","Ice Cream","MerchantsRug"],"acts_visited":["Exordium","TheCity","TheBeyond","TheEnding"],"potions_floor_usage":[55,55,55],"damage_taken":[{"damage":0.0,"enemies":"Jaw Worm","floor":2.0,"turns":1.0},{"damage":0.0,"enemies":"2 Louse","floor":3.0,"turns":1.0},{"damage":0.0,"enemies":"Small Slimes","floor":6.0,"turns":1.0},{"damage":10.0,"enemies":"2 Fungi Beasts","floor":9.0,"turns":4.0},{"damage":17.0,"enemies":"3 Sentries","floor":10.0,"turns":8.0},{"damage":0.0,"enemies":"downfall:FleeingMerchant","floor":11.0,"turns":4.0},{"damage":17.0,"enemies":"Large Slime","floor":13.0,"turns":6.0},{"damage":6.0,"enemies":"Exordium Wildlife","floor":15.0,"turns":4.0},{"damage":8.0,"enemies":"WA_ARCHETYPE_RETAIN","floor":16.0,"turns":4.0},{"damage":0.0,"enemies":"Spheric Guardian","floor":19.0,"turns":5.0},{"damage":0.0,"enemies":"downfall:FleeingMerchant","floor":21.0,"turns":4.0},{"damage":28.0,"enemies":"Snake Plant","floor":22.0,"turns":5.0},{"damage":0.0,"enemies":"Chosen and Byrds","floor":23.0,"turns":5.0},{"damage":0.0,"enemies":"Shelled Parasite and Fungi","floor":27.0,"turns":3.0},{"damage":13.0,"enemies":"downfall:FleeingMerchant","floor":28.0,"turns":4.0},{"damage":0.0,"enemies":"Snecko","floor":29.0,"turns":1.0},{"damage":10.0,"enemies":"Centurion and Healer","floor":32.0,"turns":2.0},{"damage":8.0,"enemies":"DF_ARCHETYPE_CLAW","floor":33.0,"turns":6.0},{"damage":0.0,"enemies":"3 Darklings","floor":36.0,"turns":5.0},{"damage":0.0,"enemies":"downfall:FleeingMerchant","floor":38.0,"turns":1.0},{"damage":0.0,"enemies":"Giant Head","floor":39.0,"turns":1.0},{"damage":0.0,"enemies":"Nemesis","floor":40.0,"turns":1.0},{"damage":17.0,"enemies":"Nemesis","floor":45.0,"turns":4.0},{"damage":0.0,"enemies":"Giant Head","floor":46.0,"turns":4.0},{"damage":0.0,"enemies":"Nemesis","floor":47.0,"turns":1.0},{"damage":0.0,"enemies":"Giant Head","floor":48.0,"turns":2.0},{"damage":0.0,"enemies":"Nemesis","floor":49.0,"turns":3.0},{"damage":0.0,"enemies":"SI_POISON_ARCHETYPE","floor":50.0,"turns":6.0},{"damage":0.0,"enemies":"downfall:CharBossMerchant","floor":52.0,"turns":6.0},{"damage":0,"enemies":"downfall:NeowBoss","floor":55,"turns":8}],"seed_played":"638178845647671040","potions_obtained":[{"floor":9.0,"key":"Strength Potion"},{"floor":15.0,"key":"ColorlessPotion"},{"floor":16.0,"key":"Fire Potion"},{"floor":20.0,"key":"CultistPotion"},{"floor":23.0,"key":"Explosive Potion"},{"floor":27.0,"key":"FairyPotion"},{"floor":29.0,"key":"Guardian:BlockOnCardUsePotion"},{"floor":32.0,"key":"Ancient Potion"}],"is_trial":false,"path_per_floor":["R","M","M","?","?","M","T","?","M","E","$","R","M","?","M","B",null,"R","M","?","$","M","M","T","R","?","M","$","M","R","?","M","B",null,"R","M","?","$","M","M","T","R","T","R","?","E","M","E","M","B",null,"E","$","R","B"],"character_chosen":"GUARDIAN","items_purchased":["SteamSale","GuppysHairball","Guardian:Orbwalk","Guardian:Gem_Yellow","REME_FirmDetermination","Guardian:BaubleBeam","Guardian:PrismaticBeam","REME_MawOfCthun","PrismaticShard","Chaos","REME_HandOfSuture","MealTicket","Happy Flower","champ:CounterPotion","Fruit Juice","Apotheosis","Guardian:Gem_Lightblue","ChampionBelt","DeathBook","SatanicBible","REME_ChargedStone","Blood Vial","REME_DuelDisc","Weak Potion","Guardian:Gem_Blue","Secret Technique","NineLifeCat","Unceasing Top","Ice Cream","Guardian:TimeSifter","Guardian:SentryBeam","Flash of Steel","Guardian:DonusPower","expansioncontent:StudyTheSpire","Orrery","MerchantsRug","EssenceOfSteel","PowerPotion"],"campfire_rested":0,"item_purchase_floors":[11,17,17,17,17,17,17,17,28,28,28,28,28,28,28,28,28,38,38,38,38,38,38,38,38,38,53,53,53,53,53,53,53,53,53,53,53,53],"current_hp_per_floor":[80,80,80,68,68,68,68,68,58,41,41,41,24,24,18,10,46,46,46,46,460,432,432,432,442,442,442,436,436,436,421,411,408,477,477,477,467,477,477,477,477,477,477,477,460,462,464,466,468,470,475,477,120,120,120,120,120],"gold":444,"neow_bonus":"THREE_ENEMY_KILL","is_daily":false,"chose_seed":false,"campfire_upgraded":6,"win_rate":0.0,"timestamp":1611125713,"path_taken":["R","M","M","?","?","M","T","?","M","E","$","R","M","?","M","BOSS","R","M","?","$","M","M","T","R","?","M","$","M","R","?","M","BOSS","R","M","?","$","M","M","T","R","?","R","?","E","?","E","M","BOSS","E","$","R","BOSS"],"items_purchased_type":["Relic","Relic","Card","Card","Card","Card","Card","Card","Relic","Card","Relic","Relic","Relic","Potion","Potion","Card","Card","Relic","Relic","Relic","Relic","Relic","Relic","Potion","Card","Card","Relic","Relic","Relic","Card","Card","Card","Card","Card","Relic","Relic","Potion","Potion"],"build_version":"2020-12-22","purchased_purges":4,"victory":false,"max_hp_per_floor":[80,80,80,80,80,80,80,80,80,80,80,80,80,80,80,80,46,46,46,46,460,460,460,460,470,470,470,477,477,477,477,477,477,477,477,477,477,477,477,477,477,477,477,477,477,477,477,477,477,477,477,477,120,120,120,120,120],"card_choices":[{"not_picked":[],"picked":"DoctorFetus","floor":0.0},{"not_picked":["Guardian:Incinerate","Guardian:Preprogram"],"picked":"Guardian:Gem_Blue","floor":2.0},{"not_picked":["Guardian:Gem_Cyan","Guardian:ShieldCharger"],"picked":"Guardian:TemporalShield","floor":3.0},{"not_picked":["Guardian:Gem_Red","Guardian:GuardianWhirl"],"picked":"Guardian:PrismaticBeam","floor":6.0},{"not_picked":["Guardian:ShieldCharger","Guardian:Gem_Lightblue"],"picked":"Guardian:Reroute","floor":9.0},{"not_picked":["Guardian:BodySlam","Guardian:SphericShield"],"picked":"Guardian:Preprogram","floor":10.0},{"not_picked":["Guardian:Gem_Lightblue","Guardian:RollAttack"],"picked":"Guardian:Gem_Blue","floor":11.0},{"not_picked":["Guardian:Incinerate","Guardian:RefractedBeam"],"picked":"Guardian:Suspension","floor":13.0},{"not_picked":["Guardian:ChargeCore","Guardian:Emergency"],"picked":"Guardian:Gem_Crimson","floor":15.0},{"not_picked":["Guardian:ConstructionForm","Guardian:BaubleBeam"],"picked":"Guardian:AncientConstruct","floor":16.0},{"not_picked":["Guardian:PrimingBeam","Guardian:ShieldCharger"],"picked":"Guardian:Gem_Red","floor":19.0},{"not_picked":["Guardian:VentSteam","Guardian:Gem_Green"],"picked":"Guardian:Planning","floor":21.0},{"not_picked":["Guardian:DonusPower","Guardian:ShieldSpikes+1"],"picked":"Guardian:Repulse+1","floor":22.0},{"not_picked":["Guardian:PiercingHide","Guardian:ChargeCore"],"picked":"Guardian:Repulse","floor":23.0},{"not_picked":["Guardian:PrismaticBeam","Guardian:ShieldCharger"],"picked":"Guardian:Gem_Fragmented","floor":27.0},{"not_picked":["Guardian:TimeBomb+1","Guardian:BodySlam","Guardian:WalkerClaw"],"picked":"SKIP","floor":28.0},{"not_picked":["CutThroughFate","construct:ScrapCannon+1"],"picked":"Magnetism","floor":29.0},{"not_picked":["True Grit","Redo","sneckomod:UnknownWeak+1"],"picked":"SKIP","floor":32.0},{"not_picked":["Ragnarok","hexamod:HexaLevel"],"picked":"Limit Break","floor":33.0},{"not_picked":["SashWhip+1","construct:Analyze"],"picked":"construct:FlameCore+1","floor":36.0},{"not_picked":["expansioncontent:LastStand","expansioncontent:Chronoboost"],"picked":"expansioncontent:AwakenDeath","floor":37.0},{"not_picked":["expansioncontent:Hexaburn","expansioncontent:HyperBeam"],"picked":"expansioncontent:Chronoboost","floor":37.0},{"not_picked":["expansioncontent:LastStand","expansioncontent:PolyBeam"],"picked":"expansioncontent:Chronoboost","floor":37.0},{"not_picked":["hexamod:Rewind+1","Slimebound:LivingWall","construct:ScopeCore+1"],"picked":"SKIP","floor":38.0},{"not_picked":["hexamod:SwordOfDarkness","Well Laid Plans+1","construct:MassProduction"],"picked":"SKIP","floor":39.0},{"not_picked":["FlyingSleeves","Madness","PiercingWail"],"picked":"SKIP","floor":40.0},{"not_picked":["champ:ArenaPreparation","construct:ScopeCore+1"],"picked":"bronze:BuggyMess","floor":46.0},{"not_picked":["hexamod:Hexaguard+1","expansioncontent:PrepareCrush"],"picked":"REME_EyeOfCthun","floor":47.0},{"not_picked":["Purity+1","bronze:DelayedGuard+1","Ball Lightning"],"picked":"SKIP","floor":48.0},{"not_picked":["Burning Pact+1","construct:HeavyBolt+1","construct:LaserCore"],"picked":"SKIP","floor":49.0},{"not_picked":["CutThroughFate","Prostrate"],"picked":"construct:Chainstrike","floor":52.0},{"not_picked":["Rebound","bronze:OilSpill"],"picked":"bronze:WildBeam+1","floor":53.0},{"not_picked":["Ball Lightning+1","DeusExMachina"],"picked":"Electrodynamics","floor":53.0},{"not_picked":["hexamod:ThirdSeal","CrushJoints"],"picked":"Backflip","floor":53.0}],"player_experience":667240,"relics_obtained":[{"floor":7.0,"key":"Bag of Marbles"},{"floor":10.0,"key":"War Paint"},{"floor":39.0,"key":"PunchingBag"},{"floor":40.0,"key":"Bottled Lightning"},{"floor":41.0,"key":"Guardian:SackOfGems"},{"floor":43.0,"key":"Astrolabe"},{"floor":45.0,"key":"BookOfRevelations"},{"floor":46.0,"key":"RottenBaby"},{"floor":47.0,"key":"TungstenRod"},{"floor":48.0,"key":"Whetstone"},{"floor":49.0,"key":"Frozen Eye"},{"floor":52.0,"key":"GuppysHead"}],"event_choices":[{"damage_healed":0.0,"max_hp_gain":0.0,"max_hp_loss":0.0,"gold_gain":0.0,"event_name":"Scrap Ooze","player_choice":"Success","floor":4.0,"gold_loss":0.0,"damage_taken":12.0,"relics_obtained":["Lantern"]},{"damage_healed":0.0,"max_hp_gain":0.0,"max_hp_loss":0.0,"gold_gain":0.0,"event_name":"The Library","player_choice":"Read","floor":26.0,"gold_loss":0.0,"damage_taken":0.0,"cards_obtained":["Guardian:Gem_Fragmented"]}],"is_beta":false,"boss_relics":[{"not_picked":["Runic Dome","Cursed Key"],"picked":"Empty Cage"},{"not_picked":[]},{"not_picked":["BFFS","Meat on the Bone"],"picked":"ForgetMeNow"},{"not_picked":[]}],"items_purged_floors":[17,28,38,38],"is_endless":false,"potions_floor_spawned":[9,15,16,23,27,29,32,33,39,46,47,48,49],"killed_by":"downfall:NeowBoss","ascension_level":20}}