{"host":"nzto1h6yjf70g1md","time":1611138967,"event":{"mods":["BaseMod","Better Note","Better Third Choice","Downfall","Minty Spire (QoL Compilation)","Quick Restart","Spicy Shops","StSLib"],"gold_per_floor":[113,113,129,5,5,105,131,131,131,146,158,171,171,181,181,285,285,298,348,186,206,219,219,56,56,124,137,151,161,180,180,180,180,180],"floor_reached":33,"language":"ENG","playtime":2927,"items_purged":[],"score":251,"play_id":"5b3ccf02-e881-4976-9cdd-21bd84496c00","local_time":"20210120183607","is_ascension_mode":false,"campfire_choices":[{"data":"Armaments","floor":8,"key":"SMITH"},{"floor":15,"key":"REST"},{"data":"Pummel","floor":23,"key":"SMITH"},{"data":"Magnetism","floor":25,"key":"SMITH"},{"floor":32,"key":"REST"}],"circlet_count":0,"master_deck":["Strike_R","Strike_R","Strike_R","Strike_R","Strike_R","Defend_R","Defend_R","Defend_R","Defend_R","Bash","Swift Strike","Armaments+1","Shrug It Off","Clothesline","Trip","Juggernaut","Thunderclap","Flex+1","Headbutt","Perfected Strike","Demon Form","Pummel+1","Panacea","Perfected Strike","Iron Wave","Magnetism+1","Armaments","Seeing Red","Fire Breathing+1","Twin Strike+1","Strike_R"],"relics":["Burning Blood","MealTicket","Unceasing Top","Letter Opener","Velvet Choker","Self Forming Clay"],"acts_visited":["Exordium","TheCity"],"potions_floor_usage":[16,16,18,27,27,28,33],"damage_taken":[{"damage":7,"enemies":"Small Slimes","floor":1,"turns":4},{"damage":6,"enemies":"Cultist","floor":3,"turns":3},{"damage":24,"enemies":"Gremlin Nob","floor":7,"turns":5},{"damage":6,"enemies":"Jaw Worm","floor":10,"turns":3},{"damage":12,"enemies":"2 Fungi Beasts","floor":11,"turns":3},{"damage":3,"enemies":"Large Slime","floor":12,"turns":4},{"damage":7,"enemies":"Exordium Wildlife","floor":14,"turns":4},{"damage":57,"enemies":"Slime Boss","floor":16,"turns":13},{"damage":24,"enemies":"3 Byrds","floor":18,"turns":5},{"damage":0,"enemies":"Chosen","floor":21,"turns":4},{"damage":34,"enemies":"Snake Plant","floor":22,"turns":3},{"damage":12,"enemies":"Centurion and Healer","floor":27,"turns":4},{"damage":42,"enemies":"Shelled Parasite and Fungi","floor":28,"turns":5},{"damage":9,"enemies":"Snake Plant","floor":29,"turns":4},{"damage":10,"enemies":"Snecko","floor":30,"turns":3},{"damage":16,"enemies":"Collector","floor":33,"turns":3}],"seed_played":"9160365624827463154","potions_obtained":[{"floor":1,"key":"FearPotion"},{"floor":10,"key":"Fire Potion"},{"floor":14,"key":"Ancient Potion"},{"floor":16,"key":"ColorlessPotion"},{"floor":22,"key":"DuplicationPotion"},{"floor":27,"key":"SteroidPotion"},{"floor":29,"key":"CultistPotion"}],"is_trial":false,"path_per_floor":["M","?","M","$","$","?","E","R","T","M","M","M","?","M","R","B",null,"M","?","$","M","M","R","$","R","T","M","M","M","M","?","R","B"],"character_chosen":"IRONCLAD","items_purchased":["Clothesline","Trip","Explosive Potion","Panacea","Magnetism"],"campfire_rested":2,"item_purchase_floors":[4,4,20,20,24],"current_hp_per_floor":[79,79,79,80,80,80,62,62,62,62,56,59,59,58,80,29,80,62,62,77,80,52,52,67,67,67,61,25,22,18,18,42,26,26],"gold":180,"neow_bonus":"RANDOM_COLORLESS","is_daily":false,"chose_seed":false,"campfire_upgraded":3,"win_rate":0.0,"timestamp":1611138967,"path_taken":["M","?","M","?","$","?","E","R","T","?","M","M","?","M","R","BOSS","M","?","$","M","M","R","$","R","T","M","M","M","M","?","R","BOSS"],"items_purchased_type":["Card","Card","Potion","Card","Card"],"build_version":"2020-12-22","purchased_purges":0,"victory":false,"max_hp_per_floor":[80,80,80,80,80,80,80,80,80,80,80,80,80,80,80,80,80,80,80,80,80,80,80,80,80,80,80,80,80,80,80,80,80,80],"card_choices":[{"not_picked":["Madness","Good Instincts"],"picked":"Swift Strike","floor":0},{"not_picked":["Intimidate","Headbutt"],"picked":"Armaments","floor":1},{"not_picked":["True Grit","Anger"],"picked":"Shrug It Off","floor":3},{"not_picked":["Spot Weakness","Berserk"],"picked":"Juggernaut","floor":7},{"not_picked":["True Grit","Seeing Red"],"picked":"Thunderclap","floor":10},{"not_picked":["Iron Wave","Anger"],"picked":"Flex","floor":11},{"not_picked":["Warcry","Power Through"],"picked":"Headbutt","floor":12},{"not_picked":["Rupture","Armaments"],"picked":"Perfected Strike","floor":14},{"not_picked":["Brutality","Limit Break"],"picked":"Demon Form","floor":16},{"not_picked":["Pommel Strike","Thunderclap"],"picked":"Pummel","floor":18},{"not_picked":["Warcry","Body Slam"],"picked":"Perfected Strike","floor":21},{"not_picked":["Shrug It Off","Anger"],"picked":"Iron Wave","floor":22},{"not_picked":["Uppercut","Fiend Fire"],"picked":"Armaments","floor":27},{"not_picked":["Iron Wave","Clothesline"],"picked":"Seeing Red","floor":28},{"not_picked":["True Grit","Cleave"],"picked":"Fire Breathing+1","floor":29},{"not_picked":["Perfected Strike","Body Slam"],"picked":"Twin Strike+1","floor":30}],"player_experience":18498,"relics_obtained":[{"floor":7,"key":"Unceasing Top"},{"floor":9,"key":"Letter Opener"},{"floor":26,"key":"Self Forming Clay"}],"event_choices":[{"damage_healed":0,"gold_gain":0,"player_choice":"Gave Potion","damage_taken":0,"relics_obtained":["MealTicket"],"max_hp_gain":0,"max_hp_loss":0,"event_name":"WeMeetAgain","floor":2,"gold_loss":0},{"damage_healed":0,"gold_gain":100,"player_choice":"Pray","damage_taken":0,"max_hp_gain":0,"max_hp_loss":0,"event_name":"Golden Shrine","floor":6,"gold_loss":0},{"damage_healed":0,"gold_gain":0,"player_choice":"Grow","damage_taken":0,"max_hp_gain":0,"max_hp_loss":0,"event_name":"Living Wall","floor":13,"gold_loss":0,"cards_upgraded":["Flex"]},{"damage_healed":0,"gold_gain":100,"player_choice":"Bet on Murderer","damage_taken":0,"max_hp_gain":0,"max_hp_loss":0,"event_name":"The Joust","floor":19,"gold_loss":50},{"cards_removed":["Armaments"],"damage_healed":0,"gold_gain":0,"player_choice":"Take \u0026 Give","damage_taken":0,"max_hp_gain":0,"max_hp_loss":0,"event_name":"betterNote:BetterNote","floor":31,"gold_loss":0,"cards_obtained":["Strike_R"]}],"is_beta":false,"boss_relics":[{"not_picked":["bronze:MakeshiftBattery","Empty Cage"],"picked":"Velvet Choker"}],"items_purged_floors":[],"is_endless":false,"potions_floor_spawned":[1,10,14,16,22,27,29],"killed_by":"Collector","ascension_level":0}}