{"host":"i1h39d0gfh5c6uxl","time":1611133036,"event":{"mods":["AchievementEnabler","BaseMod","Colored Map","Colored Powertips","Highlight Path","Minty Spire (QoL Compilation)"],"gold_per_floor":[111,66,80,80,80,80,100,114,114,114,141,141,141,152,152,152,152],"floor_reached":16,"language":"ENG","playtime":220,"items_purged":[],"score":100,"play_id":"c3f4de1e-145f-4be2-83f4-576a687ff687","local_time":"20210120165716","is_ascension_mode":false,"campfire_choices":[{"data":"Bash","floor":6,"key":"SMITH"},{"data":"Uppercut","floor":10,"key":"SMITH"},{"data":"Ghostly Armor","floor":12,"key":"SMITH"},{"floor":15,"key":"REST"}],"circlet_count":0,"master_deck":["Strike_R","Strike_R","Strike_R","Strike_R","Defend_R","Defend_R","Defend_R","Defend_R","Bash+1","CurseOfTheBell","Pummel","Uppercut+1","Ghostly Armor+1","Twin Strike"],"relics":["Calling Bell","Boot","Letter Opener","StoneCalendar","Darkstone Periapt","Sundial"],"acts_visited":["Exordium"],"potions_floor_usage":[],"damage_taken":[{"damage":1,"enemies":"2 Louse","floor":1,"turns":4},{"damage":1,"enemies":"Jaw Worm","floor":3,"turns":3},{"damage":1,"enemies":"Cultist","floor":7,"turns":4},{"damage":0,"enemies":"Large Slime","floor":8,"turns":4},{"damage":21,"enemies":"Lagavulin","floor":11,"turns":5},{"damage":0,"enemies":"Exordium Thugs","floor":14,"turns":3},{"damage":0,"enemies":"Hexaghost","floor":16,"turns":1}],"seed_played":"7067651751701326014","potions_obtained":[{"floor":7,"key":"SpeedPotion"}],"is_trial":false,"path_per_floor":["M","?","M","?","?","R","M","M","T","R","E","R","?","M","R","B"],"character_chosen":"IRONCLAD","items_purchased":[],"campfire_rested":1,"item_purchase_floors":[],"current_hp_per_floor":[79,79,78,83,76,76,75,75,75,75,54,54,54,54,79,79,79],"gold":152,"neow_bonus":"BOSS_RELIC","is_daily":false,"chose_seed":false,"campfire_upgraded":3,"win_rate":0.0,"timestamp":1611133036,"path_taken":["M","?","M","?","?","R","M","M","T","R","E","R","?","M","R","BOSS"],"items_purchased_type":[],"build_version":"2020-12-22","purchased_purges":0,"victory":false,"max_hp_per_floor":[80,80,80,85,85,85,85,85,85,85,85,85,85,85,85,85,85],"card_choices":[{"not_picked":["Thunderclap","Anger"],"picked":"Pummel","floor":1},{"not_picked":["Heavy Blade","Warcry","Thunderclap"],"picked":"SKIP","floor":3},{"not_picked":["Infernal Blade","Anger"],"picked":"Uppercut","floor":7},{"not_picked":["Entrench","Limit Break"],"picked":"Ghostly Armor","floor":8},{"not_picked":["Dark Embrace","Combust","Iron Wave"],"picked":"SKIP","floor":11},{"not_picked":["Warcry","Pummel"],"picked":"Twin Strike","floor":14}],"player_experience":1380148,"relics_obtained":[{"floor":0,"key":"Boot"},{"floor":0,"key":"Letter Opener"},{"floor":0,"key":"StoneCalendar"},{"floor":9,"key":"Darkstone Periapt"},{"floor":11,"key":"Sundial"}],"event_choices":[{"damage_healed":0,"gold_gain":0,"player_choice":"Left Gold","damage_taken":0,"max_hp_gain":0,"max_hp_loss":0,"event_name":"World of Goop","floor":2,"gold_loss":45},{"damage_healed":0,"gold_gain":0,"player_choice":"Donut","damage_taken":0,"max_hp_gain":5,"max_hp_loss":0,"event_name":"Big Fish","floor":4,"gold_loss":0},{"cards_removed":["Strike_R"],"damage_healed":0,"gold_gain":0,"player_choice":"Card Removal","damage_taken":7,"max_hp_gain":0,"max_hp_loss":0,"event_name":"Golden Wing","floor":5,"gold_loss":0},{"damage_healed":0,"gold_gain":0,"player_choice":"Searched \u00270\u0027 times","damage_taken":0,"max_hp_gain":0,"max_hp_loss":0,"event_name":"Dead Adventurer","floor":13,"gold_loss":0}],"is_beta":false,"boss_relics":[],"items_purged_floors":[],"is_endless":false,"potions_floor_spawned":[7],"killed_by":"Hexaghost","ascension_level":0}}