{"host":"2srookcy7001h5fw","time":1611133234,"event":{"mods":["ATMod(阿瑾Mod)","Act Like it!","Arknights The Spire","BaseMod","Colored Powertips","Friendly Minions","Gensokyo","GungeonMod","Hallownest","Kiyohime（清姬）","Luminous","Marisa（F雨　魔理沙）","Minty Spire (QoL Compilation)","Prisma Mod","Spicy Shops","StSLib","The Animator","The Blackbeard","The Mystic","WarShipGirlsR/战舰少女R mod"],"gold_per_floor":[113,38,38,57,75,75,75],"floor_reached":6,"language":"ZHS","playtime":402,"items_purged":["mysticmod:Strike_Mystic"],"score":36,"play_id":"dbf826d0-828b-4605-87ed-504e35aaddd1","local_time":"20210120170034","is_ascension_mode":false,"campfire_choices":[],"circlet_count":0,"master_deck":["mysticmod:Strike_Mystic","mysticmod:Strike_Mystic","mysticmod:Strike_Mystic","mysticmod:Defend_Mystic","mysticmod:Defend_Mystic","mysticmod:Defend_Mystic","mysticmod:Defend_Mystic","mysticmod:ArcaneDodge","mysticmod:ShockingGrasp","AT_KingSlayer+1","mysticmod:Dedication","mysticmod:Grease","mysticmod:BladedDash"],"relics":["mysticmod:SpellBook","AT_ATBox","Hallownest:DreamNailRelic"],"acts_visited":["Hallownest:Greenpath"],"potions_floor_usage":[],"damage_taken":[{"damage":5,"enemies":"Hallownest:monsterHuskWarrior","floor":1,"turns":4},{"damage":4,"enemies":"Hallownest:2_MossCreeps","floor":4,"turns":5},{"damage":0,"enemies":"Hallownest:2_Baldur","floor":5,"turns":6},{"damage":10,"enemies":"Hallownest:eliteMossKnight","floor":6,"turns":5}],"seed_played":"8463945206254870996","potions_obtained":[{"floor":5,"key":"Swift Potion"}],"is_trial":false,"path_per_floor":["M","$","?","M","M","E"],"character_chosen":"MYSTIC_CLASS","items_purchased":[],"campfire_rested":0,"item_purchase_floors":[],"current_hp_per_floor":[72,72,72,68,68,58,58],"gold":75,"neow_bonus":"UPGRADE_CARD","is_daily":false,"chose_seed":false,"campfire_upgraded":0,"win_rate":0.0,"timestamp":1611133234,"path_taken":["M","$","?","M","M","E"],"items_purchased_type":[],"build_version":"2020-12-22","purchased_purges":1,"victory":false,"max_hp_per_floor":[77,77,77,77,77,77,77],"card_choices":[{"not_picked":["mysticmod:CorrosiveTouch","mysticmod:DiviningBlow"],"picked":"mysticmod:Dedication","floor":1},{"not_picked":["mysticmod:Shield","mysticmod:Probe"],"picked":"mysticmod:Grease","floor":4},{"not_picked":["mysticmod:Shield","mysticmod:FloatingDisk"],"picked":"mysticmod:BladedDash","floor":5}],"player_experience":617053,"relics_obtained":[],"event_choices":[],"is_beta":false,"boss_relics":[],"items_purged_floors":[2],"is_endless":false,"potions_floor_spawned":[5],"killed_by":"Hallownest:eliteMossKnight","ascension_level":0}}