{"host":"k2mw1od0xoi9pcfj","time":1611181623,"event":{"mods":["Act Like it!","Aspiration","BaseMod","Downfall","Energized Spire","Highlight Path","Minty Spire (QoL Compilation)","Relic Stats","Retaliation","StSLib","TheHeartMod"],"gold_per_floor":[99,115,125,137,137,312,335,79,93,93,93,93],"floor_reached":10,"language":"ENG","playtime":615,"items_purged":[],"score":58,"play_id":"2b824f6e-eba3-4d64-8a7c-a93f2384d2f0","local_time":"20210120162703","is_ascension_mode":false,"campfire_choices":[{"data":"Slimebound:Split","floor":1,"key":"SMITH"}],"circlet_count":0,"master_deck":["Slimebound:Strike_Slimebound","Slimebound:Strike_Slimebound","Slimebound:Strike_Slimebound","Slimebound:Defend_Slimebound","Slimebound:Defend_Slimebound","Slimebound:Defend_Slimebound","Slimebound:Defend_Slimebound","Slimebound:Split+1","Slimebound:CorrosiveSpit","Slimebound:ForwardTackle","Slimebound:Schlurp","Slimebound:LeechingTouch","Injury","Doubt","Slimebound:GrowthPunch","Slimebound:FirmFortitude"],"relics":["Slimebound:AbsorbEndCombat","Frozen Egg 2","Molten Egg 2"],"acts_visited":["Exordium"],"potions_floor_usage":[],"damage_taken":[{"damage":2,"enemies":"Cultist","floor":2,"turns":4},{"damage":0,"enemies":"Small Slimes","floor":3,"turns":3},{"damage":5,"enemies":"Jaw Worm","floor":4,"turns":3},{"damage":13,"enemies":"downfall:FleeingMerchant","floor":8,"turns":4},{"damage":7,"enemies":"Blue Slaver","floor":9,"turns":5},{"damage":67,"enemies":"Gremlin Nob","floor":10,"turns":5}],"seed_played":"-7962595388403134254","potions_obtained":[],"is_trial":false,"path_per_floor":["R","M","M","M","?","?","T","$","M","E"],"character_chosen":"SLIMEBOUND","items_purchased":["Molten Egg 2"],"campfire_rested":0,"item_purchase_floors":[8],"current_hp_per_floor":[65,65,65,64,64,64,64,59,60,0,0,0],"gold":93,"neow_bonus":"TRANSFORM_CARD","is_daily":false,"chose_seed":false,"campfire_upgraded":1,"win_rate":0.0,"timestamp":1611181623,"path_taken":["R","M","?","M","?","?","T","?","M","E"],"items_purchased_type":["Relic"],"build_version":"2020-12-22","purchased_purges":0,"victory":false,"max_hp_per_floor":[65,65,65,65,65,65,65,65,65,65,65,65],"relic_stats":{"counters":[6,24],"obtain_stats":[{"Molten Egg 2":8,"Slimebound:AbsorbEndCombat":0,"Frozen Egg 2":5},{"Molten Egg 2":4,"Slimebound:AbsorbEndCombat":0,"Frozen Egg 2":3},{"Molten Egg 2":14,"Slimebound:AbsorbEndCombat":0,"Frozen Egg 2":10}]},"card_choices":[{"not_picked":["Slimebound:GrowthPunch","Slimebound:SamplingLick"],"picked":"Slimebound:Schlurp","floor":2},{"not_picked":["Slimebound:SlimeTap","Slimebound:SplitAcid"],"picked":"Slimebound:LeechingTouch","floor":3},{"not_picked":["Slimebound:SplitAcid","Slimebound:LeechEnergy","Slimebound:FinishingTackle"],"picked":"SKIP","floor":4},{"not_picked":["Slimebound:HungryTackle","Slimebound:ItLooksTasty"],"picked":"Slimebound:GrowthPunch","floor":8},{"not_picked":["Slimebound:SlimeTap","Slimebound:FinishingTackle+1"],"picked":"Slimebound:FirmFortitude","floor":9}],"player_experience":655868,"relics_obtained":[],"event_choices":[],"is_beta":false,"boss_relics":[],"items_purged_floors":[],"is_endless":false,"potions_floor_spawned":[],"killed_by":"Gremlin Nob","ascension_level":0}}