{"host":"h4qgcirtxz6qax9j","time":1611137632,"event":{"mods":["AchievementEnabler","BaseMod","Colored Powertips","Hermit","Minty Spire (QoL Compilation)","StSLib","SuperFastMode","The Servant 0.9.4"],"gold_per_floor":[118,131,144,156,175,175,202,202,202,202,218,147,147,170,170,170,170],"floor_reached":16,"language":"KOR","playtime":363,"items_purged":[],"score":120,"play_id":"2a334827-7399-4e47-b599-99cd70181086","local_time":"20210120191352","is_ascension_mode":true,"campfire_choices":[{"floor":6,"key":"REST"},{"floor":8,"key":"REST"},{"floor":10,"key":"REST"},{"floor":15,"key":"REST"}],"circlet_count":0,"master_deck":["Strike_S","Strike_S","Strike_S","Strike_S","Defend_S","Defend_S","Defend_S","Defend_S","KidneyShot","Exchange","Rearm","ShatteredReality","GearUp","Starlight","SilverBlades","TimeWarp","DualDimension","TheWorld","Starlight"],"relics":["Uniform","NeowsBlessing","Calipers","Sundial","Golden Idol"],"acts_visited":["Exordium"],"potions_floor_usage":[16],"damage_taken":[{"damage":0,"enemies":"Small Slimes","floor":1,"turns":1},{"damage":0,"enemies":"Jaw Worm","floor":2,"turns":1},{"damage":0,"enemies":"Cultist","floor":3,"turns":1},{"damage":23,"enemies":"Large Slime","floor":4,"turns":9},{"damage":23,"enemies":"Lots of Slimes","floor":5,"turns":5},{"damage":25,"enemies":"3 Sentries","floor":7,"turns":9},{"damage":21,"enemies":"3 Louse","floor":11,"turns":4},{"damage":5,"enemies":"Looter","floor":14,"turns":3},{"damage":46,"enemies":"Slime Boss","floor":16,"turns":7}],"seed_played":"474573545161602352","potions_obtained":[{"floor":4,"key":"CultistPotion"},{"floor":7,"key":"CultistPotion"},{"floor":14,"key":"FearPotion"}],"is_trial":false,"path_per_floor":["M","M","M","M","M","R","E","R","T","R","M","$","?","M","R","B"],"character_chosen":"THE_SERVANT","items_purchased":["TheWorld"],"campfire_rested":4,"item_purchase_floors":[12],"current_hp_per_floor":[65,65,65,42,19,38,13,32,32,51,30,30,30,25,43,0,0],"gold":170,"neow_bonus":"THREE_ENEMY_KILL","is_daily":false,"chose_seed":false,"campfire_upgraded":0,"win_rate":0.0,"timestamp":1611137632,"path_taken":["M","M","M","M","M","R","E","R","T","R","M","$","?","M","R","BOSS"],"items_purchased_type":["Card"],"build_version":"2020-12-22","purchased_purges":0,"victory":false,"max_hp_per_floor":[65,65,65,65,65,65,65,65,65,65,65,65,60,60,60,60,60],"card_choices":[{"not_picked":["DoubleEdge","ShatteredReality"],"picked":"Rearm","floor":1},{"not_picked":["Snipe","Starlight"],"picked":"ShatteredReality","floor":2},{"not_picked":["Spin","Potential"],"picked":"GearUp","floor":3},{"not_picked":["WasteNot","Rewind"],"picked":"Starlight","floor":4},{"not_picked":["MurderousAura","Ricochet"],"picked":"SilverBlades","floor":5},{"not_picked":["Unruled","Deadline"],"picked":"TimeWarp","floor":7},{"not_picked":["Luminosity","Rewind"],"picked":"DualDimension","floor":11},{"not_picked":["MurderousAura","Hightail"],"picked":"Starlight","floor":14}],"player_experience":80050,"relics_obtained":[{"floor":7,"key":"Calipers"},{"floor":9,"key":"Sundial"}],"event_choices":[{"damage_healed":0,"gold_gain":0,"player_choice":"Lose Max HP","damage_taken":0,"relics_obtained":["Golden Idol"],"max_hp_gain":0,"max_hp_loss":5,"event_name":"Golden Idol","floor":13,"gold_loss":0}],"is_beta":false,"boss_relics":[],"items_purged_floors":[],"is_endless":false,"potions_floor_spawned":[4,7,14],"killed_by":"Slime Boss","ascension_level":3}}