{"host":"64f01u0zptxoviuq","time":1611100989,"event":{"mods":["BaseMod","Minty Spire (QoL Compilation)","StSLib","The Cursed"],"gold_per_floor":[117,117,67,77,2,27,27,40,40,59,59,71,71,83,83,183,183,197,296,296,310,310,310,328,347,373,373,373,384,213,213,213,308,308,328,328,258,277,292,292,308,222,222,222,238,256,274,293,293,293],"floor_reached":51,"language":"ENG","playtime":2224,"items_purged":["TheCursedMod:Strike_TheCursed","TheCursedMod:Strike_TheCursed"],"score":703,"play_id":"ffefc080-1873-43a2-86bd-3921c4ae3c2a","local_time":"20210120000309","is_ascension_mode":false,"campfire_choices":[{"data":"TheCursedMod:CircleOfCorruption","floor":7,"key":"SMITH"},{"data":"TheCursedMod:CircleOfCorruption","floor":11,"key":"SMITH"},{"data":"TheCursedMod:HellsGateOpen","floor":13,"key":"SMITH"},{"data":"TheCursedMod:CleanUpWorkshop","floor":15,"key":"SMITH"},{"data":"TheCursedMod:BloodBarrier","floor":23,"key":"SMITH"},{"data":"TheCursedMod:CircleOfAbyss","floor":27,"key":"SMITH"},{"data":"TheCursedMod:CursedWand","floor":32,"key":"SMITH"},{"floor":40,"key":"REST"},{"data":"TheCursedMod:EmpowerCircles","floor":44,"key":"SMITH"},{"floor":49,"key":"REST"}],"circlet_count":0,"master_deck":["TheCursedMod:Defend_TheCursed","TheCursedMod:Defend_TheCursed","TheCursedMod:Defend_TheCursed","TheCursedMod:Defend_TheCursed","TheCursedMod:CursedWand+1","TheCursedMod:CleanUpWorkshop+1","TheCursedMod:Dregs","TheCursedMod:CircleOfBlood","TheCursedMod:HellsGateOpen+1","TheCursedMod:CircleOfCorruption+1","TheCursedMod:CircleOfCorruption+1","TheCursedMod:CircleOfAbyss+1","TheCursedMod:BloodBarrier+1","TheCursedMod:SpitefulStrike","TheCursedMod:CircleOfCorruption+1","TheCursedMod:HellfireBreathing","TheCursedMod:LuckyCharm+1","TheCursedMod:AntiAging","TheCursedMod:EmpowerCircles+1","TheCursedMod:CircleOfCorruption","TheCursedMod:CircleOfBlood+1","TheCursedMod:FleshFromBone+1","Finesse","Parasite"],"relics":["TheCursedMod:BlackMagicAdvanced","NeowsBlessing","Letter Opener","Centennial Puzzle","Akabeko","MutagenicStrength","TheCursedMod:Tack","Black Star","Matryoshka","Bronze Scales","TheCursedMod:DemonicMark"],"acts_visited":["Exordium","TheCity","TheBeyond"],"potions_floor_usage":[10,10,47,48,50],"damage_taken":[{"damage":0,"enemies":"Jaw Worm","floor":1,"turns":1},{"damage":0,"enemies":"Small Slimes","floor":4,"turns":2},{"damage":0,"enemies":"Lagavulin","floor":6,"turns":2},{"damage":0,"enemies":"Cultist","floor":8,"turns":3},{"damage":0,"enemies":"Lots of Slimes","floor":10,"turns":2},{"damage":12,"enemies":"Exordium Thugs","floor":12,"turns":3},{"damage":0,"enemies":"Looter","floor":14,"turns":2},{"damage":31,"enemies":"Hexaghost","floor":16,"turns":9},{"damage":0,"enemies":"Spheric Guardian","floor":18,"turns":3},{"damage":0,"enemies":"Chosen","floor":21,"turns":3},{"damage":0,"enemies":"3 Cultists","floor":24,"turns":5},{"damage":2,"enemies":"Centurion and Healer","floor":25,"turns":4},{"damage":0,"enemies":"Cultist and Chosen","floor":29,"turns":4},{"damage":6,"enemies":"Champ","floor":33,"turns":9},{"damage":24,"enemies":"3 Darklings","floor":35,"turns":6},{"damage":16,"enemies":"Orb Walker","floor":38,"turns":4},{"damage":3,"enemies":"Transient","floor":39,"turns":5},{"damage":24,"enemies":"Sphere and 2 Shapes","floor":41,"turns":7},{"damage":10,"enemies":"Writhing Mass","floor":45,"turns":4},{"damage":5,"enemies":"Jaw Worm Horde","floor":46,"turns":4},{"damage":11,"enemies":"4 Shapes","floor":47,"turns":6},{"damage":4,"enemies":"Spire Growth","floor":48,"turns":3},{"damage":14,"enemies":"Time Eater","floor":50,"turns":8}],"seed_played":"-8467917361217272618","potions_obtained":[{"floor":1,"key":"SneckoOil"},{"floor":4,"key":"SkillPotion"},{"floor":6,"key":"LiquidMemories"},{"floor":16,"key":"Ancient Potion"},{"floor":25,"key":"Dexterity Potion"},{"floor":29,"key":"Fire Potion"}],"is_trial":false,"path_per_floor":["M","?","?","M","$","E","R","M","T","M","R","M","R","M","R","B",null,"M","?","?","M","?","R","M","M","T","R","?","M","$","?","R","B",null,"M","T","$","M","M","R","M","$","T","R","M","M","M","M","R","B",null],"character_chosen":"THE_CURSED","items_purchased":["TheCursedMod:LuckyCharm","TheCursedMod:EmpowerCircles","Finesse"],"campfire_rested":2,"item_purchase_floors":[30,37,42],"current_hp_per_floor":[75,72,72,74,74,74,74,75,75,75,75,65,65,67,67,36,75,75,75,75,75,75,75,75,75,75,75,75,75,75,75,75,71,75,51,51,51,37,36,58,40,40,40,40,32,29,18,20,42,34],"gold":293,"neow_bonus":"THREE_ENEMY_KILL","is_daily":false,"chose_seed":false,"campfire_upgraded":8,"win_rate":0.0,"timestamp":1611100989,"path_taken":["M","?","?","?","?","E","R","?","T","M","R","M","R","M","R","BOSS","M","?","?","?","?","R","M","M","T","R","?","M","$","?","R","BOSS","M","?","$","M","M","R","M","?","T","R","M","?","M","M","R","BOSS"],"items_purchased_type":["Card","Card","Card"],"build_version":"2020-12-22","purchased_purges":2,"victory":true,"max_hp_per_floor":[75,75,75,75,75,75,75,75,75,75,75,75,75,75,75,75,75,75,75,75,75,75,75,75,75,75,75,75,75,75,75,75,75,75,75,75,75,75,75,75,75,75,75,75,75,75,75,75,75,77],"card_choices":[{"not_picked":["TheCursedMod:RavingStaff","TheCursedMod:FleshFromBone"],"picked":"TheCursedMod:CircleOfBlood","floor":1},{"not_picked":["TheCursedMod:SpitefulPray","TheCursedMod:SurpriseAttack"],"picked":"TheCursedMod:HellsGateOpen","floor":4},{"not_picked":["TheCursedMod:VitalStrike","TheCursedMod:SpitefulPlan"],"picked":"TheCursedMod:CircleOfCorruption","floor":6},{"not_picked":["TheCursedMod:CursedShiv","TheCursedMod:SpitefulStrike"],"picked":"TheCursedMod:CircleOfCorruption","floor":8},{"not_picked":["TheCursedMod:CursedAmulet","TheCursedMod:Obscuration","TheCursedMod:WearCloak"],"picked":"SKIP","floor":10},{"not_picked":["TheCursedMod:CursedBoomerang","TheCursedMod:Obscuration","TheCursedMod:WearCloak"],"picked":"SKIP","floor":12},{"not_picked":["TheCursedMod:PrepareRite","TheCursedMod:Stretching","TheCursedMod:CursedAmulet"],"picked":"SKIP","floor":14},{"not_picked":["TheCursedMod:Neurasthenia","TheCursedMod:OutForBlood"],"picked":"TheCursedMod:CircleOfAbyss","floor":16},{"not_picked":["TheCursedMod:Stigma","TheCursedMod:RavingStaff","TheCursedMod:CursedAmulet"],"picked":"SKIP","floor":18},{"not_picked":["TheCursedMod:TacticalStrike","TheCursedMod:AbyssShockwave","TheCursedMod:CircleOfWindfury"],"picked":"SKIP","floor":21},{"not_picked":["TheCursedMod:WearCloak","TheCursedMod:Stigma"],"picked":"TheCursedMod:SpitefulStrike","floor":24},{"not_picked":["TheCursedMod:CursedShiv+1","TheCursedMod:CircleOfFlame"],"picked":"TheCursedMod:CircleOfCorruption+1","floor":25},{"not_picked":["TheCursedMod:Obscuration","TheCursedMod:WearCloak","TheCursedMod:CursedShiv"],"picked":"SKIP","floor":29},{"not_picked":["TheCursedMod:Neurasthenia","TheCursedMod:ParallelWorld"],"picked":"TheCursedMod:AntiAging","floor":33},{"not_picked":["TheCursedMod:Stigma","TheCursedMod:SmokeScreen+1","TheCursedMod:RapidMovement+1"],"picked":"SKIP","floor":35},{"not_picked":["TheCursedMod:SurpriseAttack+1","TheCursedMod:Stigma"],"picked":"TheCursedMod:CircleOfCorruption","floor":38},{"not_picked":["TheCursedMod:CursedBlade+1","TheCursedMod:SmokeScreen"],"picked":"TheCursedMod:CircleOfBlood+1","floor":39},{"not_picked":["TheCursedMod:CircleOfAmplification+1","TheCursedMod:SpitefulPlan+1"],"picked":"TheCursedMod:FleshFromBone+1","floor":41},{"not_picked":["TheCursedMod:CursedShiv+1","TheCursedMod:AshesToAshes+1","TheCursedMod:CircleOfFlame"],"picked":"SKIP","floor":45},{"not_picked":["TheCursedMod:SpreadPlague","TheCursedMod:WearCloak","TheCursedMod:RapidMovement+1"],"picked":"SKIP","floor":46},{"not_picked":["TheCursedMod:TroublousMinions","TheCursedMod:SurpriseAttack","TheCursedMod:SmokeScreen+1"],"picked":"SKIP","floor":47},{"not_picked":["TheCursedMod:HellsGateOpen+1","TheCursedMod:SpitefulPray+1","TheCursedMod:DemonicPact"],"picked":"SKIP","floor":48}],"player_experience":1877869,"relics_obtained":[{"floor":6,"key":"Centennial Puzzle"},{"floor":9,"key":"Akabeko"},{"floor":26,"key":"TheCursedMod:Tack"},{"floor":36,"key":"Matryoshka"},{"floor":43,"key":"Bronze Scales"},{"floor":43,"key":"TheCursedMod:DemonicMark"}],"event_choices":[{"damage_healed":0,"gold_gain":0,"player_choice":"Success","damage_taken":3,"relics_obtained":["Letter Opener"],"max_hp_gain":0,"max_hp_loss":0,"event_name":"Scrap Ooze","floor":2,"gold_loss":0},{"cards_removed":["TheCursedMod:Strike_TheCursed"],"damage_healed":0,"gold_gain":0,"player_choice":"Card Removal","damage_taken":0,"max_hp_gain":0,"max_hp_loss":0,"event_name":"The Cleric","floor":3,"gold_loss":50},{"damage_healed":0,"gold_gain":99,"player_choice":"Stole From Cult","damage_taken":0,"max_hp_gain":0,"max_hp_loss":0,"event_name":"Nest","floor":19,"gold_loss":0},{"damage_healed":0,"gold_gain":0,"cards_transformed":["TheCursedMod:Strike_TheCursed"],"player_choice":"Transformed","damage_taken":0,"max_hp_gain":0,"max_hp_loss":0,"event_name":"Transmorgrifier","floor":20,"gold_loss":0,"cards_obtained":["TheCursedMod:BloodBarrier"]},{"damage_healed":0,"gold_gain":0,"player_choice":"Inject Mutagens","damage_taken":0,"relics_obtained":["MutagenicStrength"],"max_hp_gain":0,"max_hp_loss":0,"event_name":"Drug Dealer","floor":22,"gold_loss":0},{"damage_healed":0,"gold_gain":0,"player_choice":"Read","damage_taken":0,"max_hp_gain":0,"max_hp_loss":0,"event_name":"The Library","floor":28,"gold_loss":0,"cards_obtained":["TheCursedMod:HellfireBreathing"]},{"damage_healed":0,"gold_gain":0,"player_choice":"Upgraded","damage_taken":0,"max_hp_gain":0,"max_hp_loss":0,"event_name":"Upgrade Shrine","floor":31,"gold_loss":0,"cards_upgraded":["TheCursedMod:LuckyCharm"]}],"is_beta":false,"boss_relics":[{"not_picked":["Empty Cage","SlaversCollar"],"picked":"TheCursedMod:BlackMagicAdvanced"},{"not_picked":["Philosopher\u0027s Stone","Pandora\u0027s Box"],"picked":"Black Star"}],"items_purged_floors":[5,30],"is_endless":false,"potions_floor_spawned":[1,4,6,16,25,29,35,38,41,46],"ascension_level":0}}