{"host":"6p0attdrtjqaih7v","time":1611124677,"event":{"mods":["2.2 Compatiblity","AchievementEnabler","Bard","BaseMod","Better Skull","Better Third Choice","Colored Powertips","Hermit","Highlight Path","Jorbs\u0027s Wanderer Trilogy","Key Reminder","Minty Spire (QoL Compilation)","Permanent Neow","Quick Restart","Random Character Button","Relic Stats","Replay The Spire","Robot Space Explorer","StSLib"],"gold_per_floor":[112,112,62,76,90,90,90,90],"floor_reached":7,"language":"ENG","playtime":249,"items_purged":[],"score":66,"play_id":"24483560-6080-43ae-94e0-25309f5f97f9","local_time":"20210120013757","is_ascension_mode":true,"campfire_choices":[{"data":"RobotSpaceExplorer:MiniLasers","floor":6,"key":"SMITH"}],"circlet_count":0,"master_deck":["AscendersBane","RobotSpaceExplorer:Strike","RobotSpaceExplorer:Strike","RobotSpaceExplorer:Strike","RobotSpaceExplorer:Defend","RobotSpaceExplorer:Defend","RobotSpaceExplorer:Defend","RobotSpaceExplorer:Defend+1","RobotSpaceExplorer:Scan","RobotSpaceExplorer:MiniLasers+1","RobotSpaceExplorer:StunGrenade+1","RobotSpaceExplorer:SelfCleaning","RobotSpaceExplorer:ScrapToss"],"relics":["RobotSpaceExplorer:RoboCore"],"acts_visited":["Exordium"],"potions_floor_usage":[],"damage_taken":[{"damage":0,"enemies":"Small Slimes","floor":1,"turns":3},{"damage":0,"enemies":"2 Louse","floor":4,"turns":2},{"damage":0,"enemies":"Jaw Worm","floor":5,"turns":6},{"damage":64,"enemies":"Lagavulin","floor":7,"turns":10}],"seed_played":"4535092854539701103","potions_obtained":[{"floor":5,"key":"Elixir"}],"is_trial":false,"path_per_floor":["M","?","?","M","M","R","E"],"character_chosen":"RobotSpaceExplorer","items_purchased":[],"campfire_rested":0,"item_purchase_floors":[],"current_hp_per_floor":[75,59,59,59,59,59,0,0],"gold":90,"neow_bonus":"TEN_PERCENT_HP_BONUS","is_daily":false,"chose_seed":false,"campfire_upgraded":1,"win_rate":0.0,"timestamp":1611124677,"path_taken":["M","?","?","M","M","R","E"],"items_purchased_type":[],"build_version":"2020-12-22","purchased_purges":0,"victory":false,"max_hp_per_floor":[82,82,82,82,82,82,82,82],"relic_stats":{"counters":[4,21],"obtain_stats":[{"RobotSpaceExplorer:RoboCore":0},{"RobotSpaceExplorer:RoboCore":0},{"RobotSpaceExplorer:RoboCore":0}]},"card_choices":[{"not_picked":["RobotSpaceExplorer:StarDust","RobotSpaceExplorer:MakeshiftVolley"],"picked":"RobotSpaceExplorer:StunGrenade","floor":1},{"not_picked":["RobotSpaceExplorer:GearShield","RobotSpaceExplorer:PowerCollector"],"picked":"RobotSpaceExplorer:SelfCleaning","floor":4},{"not_picked":["RobotSpaceExplorer:GlueShot","RobotSpaceExplorer:ExhaustFan"],"picked":"RobotSpaceExplorer:ScrapToss","floor":5}],"player_experience":893410,"relics_obtained":[],"event_choices":[{"damage_healed":0,"gold_gain":0,"player_choice":"Entered Light","damage_taken":16,"max_hp_gain":0,"max_hp_loss":0,"event_name":"Shining Light","floor":2,"gold_loss":0,"cards_upgraded":["RobotSpaceExplorer:StunGrenade","RobotSpaceExplorer:Defend"]},{"cards_removed":["RobotSpaceExplorer:Strike"],"damage_healed":0,"gold_gain":0,"player_choice":"Card Removal","damage_taken":0,"max_hp_gain":0,"max_hp_loss":0,"event_name":"The Cleric","floor":3,"gold_loss":50}],"is_beta":false,"boss_relics":[],"items_purged_floors":[],"is_endless":false,"potions_floor_spawned":[5],"killed_by":"Lagavulin","ascension_level":12}}