{"host":"mb7itejek3z0coku","time":1611117622,"event":{"mods":["AchievementEnabler","Act Like it!","BaseMod","Downfall","Hubris","Minty Spire (QoL Compilation)","StSLib","Td1madao Mod","The Hierophant","Wandering Minibosses"],"gold_per_floor":[199,215,215,226,244,258,258,268,303,321,340,368,268,268,288,389,389,389,400,410,260,260,260,260,260,274,18,35,35,35,20,40,145,145,45,103,115,149,149,49,49,49,82,82,96,96,96,116,129,129],"floor_reached":51,"language":"ENG","playtime":6251,"items_purged":[],"score":743,"play_id":"7a33cebc-89c7-4d2d-b12f-db3b3983d4d6","local_time":"20210119204022","is_ascension_mode":false,"campfire_choices":[{"floor":1,"key":"RECALL"},{"floor":13,"key":"REST"},{"data":"Slimebound:Split","floor":18,"key":"SMITH"},{"floor":30,"key":"REST"},{"data":"Slimebound:MinionMaster","floor":35,"key":"SMITH"},{"data":"Slimebound:Prepare","floor":42,"key":"SMITH"},{"data":"Slimebound:PressTheAttack","floor":44,"key":"SMITH"},{"data":"expansioncontent:Chronoboost","floor":47,"key":"SMITH"}],"circlet_count":0,"master_deck":["Slimebound:Strike_Slimebound","Slimebound:Strike_Slimebound","Slimebound:Tackle","Slimebound:Defend_Slimebound","Slimebound:Defend_Slimebound","Slimebound:Defend_Slimebound","Slimebound:Defend_Slimebound","Slimebound:Split+1","Slimebound:CorrosiveSpit","Slimebound:LeadByExample","Slimebound:GrowthPunch","Slimebound:SlimeBarrage","Slimebound:AcidTongue","Slimebound:Prepare+1","Slimebound:GoopSpray","Slimebound:SplitLeeching","Slimebound:LeechingTouch","Slimebound:Equalize","Slimebound:DuplicatedForm","Slimebound:LeechEnergy","Slimebound:ProtectTheBoss","Ghostly","Slimebound:HauntingLick","Slimebound:LevelUp+1","Slimebound:Prepare+1","Slimebound:RallyTheTroops","Slimebound:MinionMaster+1","Slimebound:PressTheAttack+1","expansioncontent:HyperBeam","expansioncontent:YouAreMine","expansioncontent:Chronoboost+1","Parasite"],"relics":["Slimebound:AbsorbEndCombat","hubris:SphereOfDissonance","hubris:64BitClover","hubris:OldNail","downfall:HeartBlessingRed","Slimebound:TarBlob","hubris:BundleOfHerbs","downfall:KnowingSkull","Ornamental Fan","hubris:PeanutButter","Busted Crown","downfall:HeartBlessingBlue","InkBottle","Potion Belt","hubris:Potato"],"acts_visited":["Exordium","TheCity","TheBeyond"],"potions_floor_usage":[8,9,9,10,15,20,27,27,27,28,33,33,33,37,43,48,48,50,50,50],"damage_taken":[{"damage":5,"enemies":"Small Slimes","floor":2,"turns":4},{"damage":0,"enemies":"2 Louse","floor":4,"turns":3},{"damage":6,"enemies":"Jaw Worm","floor":5,"turns":5},{"damage":4,"enemies":"2 Fungi Beasts","floor":6,"turns":5},{"damage":9,"enemies":"Lots of Slimes","floor":8,"turns":2},{"damage":17,"enemies":"Gremlin Nob","floor":9,"turns":3},{"damage":16,"enemies":"Exordium Wildlife","floor":10,"turns":8},{"damage":7,"enemies":"Blue Slaver","floor":11,"turns":4},{"damage":22,"enemies":"3 Sentries","floor":12,"turns":9},{"damage":3,"enemies":"Lots of Slimes","floor":15,"turns":4},{"damage":0,"enemies":"SI_SHIV_ARCHETYPE","floor":16,"turns":8},{"damage":17,"enemies":"Chosen","floor":19,"turns":5},{"damage":18,"enemies":"3 Byrds","floor":20,"turns":5},{"damage":20,"enemies":"Centurion and Healer","floor":26,"turns":7},{"damage":16,"enemies":"downfall:FleeingMerchant","floor":27,"turns":4},{"damage":37,"enemies":"3 Cultists","floor":28,"turns":5},{"damage":0,"enemies":"downfall:FleeingMerchant","floor":31,"turns":4},{"damage":9,"enemies":"Snake Plant","floor":32,"turns":3},{"damage":12,"enemies":"IC_MUSHROOM_ARCHETYPE","floor":33,"turns":10},{"damage":31,"enemies":"3 Darklings","floor":36,"turns":6},{"damage":16,"enemies":"3 Shapes","floor":37,"turns":5},{"damage":13,"enemies":"Sphere and 2 Shapes","floor":38,"turns":6},{"damage":24,"enemies":"Nemesis","floor":43,"turns":5},{"damage":9,"enemies":"Maw","floor":45,"turns":4},{"damage":1,"enemies":"Jaw Worm Horde","floor":48,"turns":4},{"damage":0,"enemies":"Writhing Mass","floor":49,"turns":4},{"damage":39,"enemies":"DF_ARCHETYPE_ORBS","floor":50,"turns":5}],"seed_played":"-8428068493272861294","potions_obtained":[{"floor":2,"key":"Explosive Potion"},{"floor":4,"key":"champ:CounterPotion"},{"floor":8,"key":"Guardian:BlockOnCardUsePotion"},{"floor":9,"key":"Weak Potion"},{"floor":12,"key":"LiquidMemories"},{"floor":16,"key":"LiquidBronze"},{"floor":20,"key":"ColorlessPotion"},{"floor":23,"key":"CultistPotion"},{"floor":26,"key":"hexamod:SoulburnPotion"},{"floor":28,"key":"SpeedPotion"},{"floor":32,"key":"Block Potion"},{"floor":36,"key":"Fire Potion"},{"floor":39,"key":"Swift Potion"},{"floor":39,"key":"BlessingOfTheForge"},{"floor":39,"key":"Regen Potion"},{"floor":43,"key":"Dexterity Potion"},{"floor":45,"key":"Ancient Potion"},{"floor":48,"key":"PowerPotion"}],"is_trial":false,"path_per_floor":["R","M","?","M","M","M","T","M","E","M","M","E","R","?","M","B",null,"R","M","M","?","?","?","T","?","M","$","M","T","R","$","M","B",null,"R","M","M","M","?","NS","T","R","E","R","M","?","R","M","M","B",null],"character_chosen":"SLIMEBOUND","items_purchased":["hubris:PeanutButter"],"campfire_rested":2,"item_purchase_floors":[27],"current_hp_per_floor":[65,64,64,65,63,65,65,64,52,42,39,25,44,44,49,61,65,65,65,47,47,47,47,47,41,48,51,35,35,54,60,57,65,65,75,65,70,65,65,65,65,65,75,75,75,65,65,70,75,54],"gold":129,"neow_bonus":"HUNDRED_GOLD","is_daily":false,"chose_seed":false,"campfire_upgraded":5,"win_rate":0.0,"timestamp":1611117622,"path_taken":["R","M","?","M","M","M","T","M","E","M","M","E","R","?","M","BOSS","R","M","M","?","?","?","T","?","?","$","M","?","R","$","M","BOSS","R","M","M","M","?","NS","T","R","E","R","?","?","R","M","M","BOSS"],"items_purchased_type":["Relic"],"build_version":"2020-12-22","purchased_purges":0,"victory":true,"max_hp_per_floor":[65,65,65,65,65,65,65,65,65,65,65,65,65,65,65,65,65,65,65,65,65,65,65,65,65,65,65,65,65,65,65,65,65,65,75,75,75,75,75,75,75,75,75,75,75,75,75,75,75,75],"card_choices":[{"not_picked":["Slimebound:Replication","Slimebound:FormOfPuddle"],"picked":"Slimebound:LeadByExample","floor":2},{"not_picked":["Slimebound:SplitLeeching","Slimebound:TongueLash"],"picked":"Slimebound:GrowthPunch","floor":4},{"not_picked":["Slimebound:SplitMire","Slimebound:SplitLeeching"],"picked":"Slimebound:LivingWall","floor":5},{"not_picked":["Slimebound:GrowthPunch","Slimebound:Grow"],"picked":"Slimebound:SlimeBarrage","floor":6},{"not_picked":["Slimebound:RainOfGoop","Slimebound:ProtectTheBoss"],"picked":"Slimebound:AcidTongue","floor":8},{"not_picked":["Slimebound:Replication","Slimebound:SplitBruiser"],"picked":"Slimebound:Prepare","floor":9},{"not_picked":["Slimebound:SplitBruiser","Slimebound:RollThrough"],"picked":"Slimebound:GoopSpray","floor":10},{"not_picked":["Slimebound:SplitBruiser","Slimebound:FirmFortitude"],"picked":"Slimebound:SplitLeeching","floor":11},{"not_picked":["Slimebound:FormOfPuddle","Slimebound:ForwardTackle"],"picked":"Slimebound:LeechingTouch","floor":12},{"not_picked":["Slimebound:FinishingTackle","Slimebound:BestDefense"],"picked":"Slimebound:Equalize","floor":15},{"not_picked":["Slimebound:WasteNot","Slimebound:LeechLife"],"picked":"Slimebound:DuplicatedForm","floor":16},{"not_picked":["Slimebound:SplitLeeching+1","Slimebound:PressTheAttack"],"picked":"Slimebound:LeechEnergy","floor":19},{"not_picked":["Slimebound:Replication","Slimebound:Nibble"],"picked":"Slimebound:ProtectTheBoss","floor":20},{"not_picked":["Slimebound:Dissolve+1","Slimebound:LeadByExample+1"],"picked":"Slimebound:HauntingLick","floor":26},{"not_picked":["Slimebound:LeechEnergy+1","Slimebound:Schlurp"],"picked":"Slimebound:LevelUp+1","floor":27},{"not_picked":["Slimebound:ComboTackle","Slimebound:ProtectTheBoss+1"],"picked":"Slimebound:Prepare+1","floor":28},{"not_picked":["Slimebound:Grow+1","Slimebound:ComboTackle"],"picked":"Slimebound:RallyTheTroops","floor":31},{"not_picked":["Slimebound:GoopTackle","Slimebound:Equalize+1","Slimebound:FlameTackle+1"],"picked":"SKIP","floor":32},{"not_picked":["Slimebound:FirmFortitude","Slimebound:DuplicatedForm"],"picked":"Slimebound:MinionMaster","floor":33},{"not_picked":[],"picked":"Slimebound:PressTheAttack+1","floor":36},{"not_picked":["Slimebound:ItLooksTasty+1"],"picked":"SKIP","floor":37},{"not_picked":[],"picked":"Slimebound:PressTheAttack","floor":38},{"not_picked":["Slimebound:ItLooksTasty"],"picked":"SKIP","floor":43},{"not_picked":["Slimebound:SplitLeeching+1"],"picked":"SKIP","floor":45},{"not_picked":[],"picked":"expansioncontent:HyperBeam","floor":46},{"not_picked":[],"picked":"expansioncontent:YouAreMine","floor":46},{"not_picked":[],"picked":"expansioncontent:Chronoboost","floor":46},{"not_picked":["Slimebound:GrowthPunch"],"picked":"SKIP","floor":48},{"not_picked":["Slimebound:Grow+1"],"picked":"SKIP","floor":49}],"player_experience":115283,"relics_obtained":[{"floor":7,"key":"hubris:SphereOfDissonance"},{"floor":9,"key":"hubris:64BitClover"},{"floor":12,"key":"hubris:OldNail"},{"floor":24,"key":"hubris:BundleOfHerbs"},{"floor":26,"key":"Ornamental Fan"},{"floor":41,"key":"InkBottle"},{"floor":43,"key":"Potion Belt"},{"floor":45,"key":"hubris:Potato"}],"event_choices":[{"damage_healed":0,"gold_gain":0,"player_choice":"Grow","damage_taken":0,"max_hp_gain":0,"max_hp_loss":0,"event_name":"Living Wall","floor":14,"gold_loss":0,"cards_upgraded":["Slimebound:LivingWall"]},{"damage_healed":0,"gold_gain":0,"player_choice":"Got Potions","damage_taken":0,"max_hp_gain":0,"max_hp_loss":0,"event_name":"Lab","floor":39,"gold_loss":0}],"is_beta":false,"boss_relics":[{"not_picked":["Astrolabe","Calling Bell"],"picked":"Slimebound:TarBlob"},{"not_picked":["hubris:VirtuousBlindfold","hubris:HollowSoul"],"picked":"Busted Crown"}],"items_purged_floors":[],"is_endless":false,"potions_floor_spawned":[2,4,8,9,12,16,20,26,28,32,36,43,45,48],"ascension_level":0}}