{"host":"6z37w3v1wo6fteqs","time":1611123318,"event":{"mods":["AchievementEnabler","BaseMod","Minty Spire (QoL Compilation)","Relic Stats"],"gold_per_floor":[114,132,132,207,220,246,246,281,281,315,20,37,37,54,54,151,151,164,3,3,17,50,50,85,97,109,153,175,206,218,243,255,369,381,411,423,44,56,66,94,107,107,153,188,206,206,256,285,285,285,285,285,4,30,30],"floor_reached":56,"language":"ENG","playtime":7612,"items_purged":["Blade Dance"],"score":1737,"play_id":"16c0bbf7-a20e-4e28-bcba-641fb72b2573","local_time":"20210119221518","is_ascension_mode":true,"campfire_choices":[{"data":"Neutralize","floor":7,"key":"SMITH"},{"data":"Dagger Spray","floor":13,"key":"SMITH"},{"data":"Noxious Fumes","floor":15,"key":"SMITH"},{"data":"Wraith Form v2","floor":23,"key":"SMITH"},{"data":"Malaise","floor":30,"key":"SMITH"},{"data":"Footwork","floor":32,"key":"SMITH"},{"floor":46,"key":"RECALL"},{"data":"Crippling Poison","floor":49,"key":"SMITH"},{"data":"Burst","floor":52,"key":"SMITH"}],"circlet_count":0,"master_deck":["Defend_G","Defend_G","Defend_G","Defend_G","Defend_G","Survivor","Neutralize+1","Dagger Throw","Bouncing Flask+1","Dash","Dagger Spray+1","Footwork+1","Escape Plan","Crippling Poison+1","Noxious Fumes+1","Blur","Leg Sweep","Escape Plan+1","Wraith Form v2+1","Bite","Bite","Bite","Bite","Noxious Fumes","Dodge and Roll","Malaise+1","Catalyst+1","Calculated Gamble","Backflip","Well Laid Plans+1","Footwork","Corpse Explosion","Master of Strategy","Burst+1","Blur"],"relics":["Ring of the Snake","CaptainsWheel","Sundial","Prayer Wheel","Torii","Toy Ornithopter","TungstenRod","Coffee Dripper","Red Mask","MawBank","GremlinMask","War Paint","Busted Crown","Thread and Needle","Strange Spoon","Bird Faced Urn","Pantograph","Happy Flower","Letter Opener","Gambling Chip","Oddly Smooth Stone","Snake Skull","White Beast Statue"],"acts_visited":["Exordium","TheCity","TheBeyond","TheEnding"],"potions_floor_usage":[8,10,16,47,53,55,55],"damage_taken":[{"damage":0,"enemies":"Cultist","floor":1,"turns":4},{"damage":1,"enemies":"Small Slimes","floor":2,"turns":3},{"damage":1,"enemies":"2 Louse","floor":5,"turns":3},{"damage":17,"enemies":"3 Sentries","floor":6,"turns":8},{"damage":4,"enemies":"Lagavulin","floor":8,"turns":5},{"damage":8,"enemies":"Gremlin Nob","floor":10,"turns":4},{"damage":0,"enemies":"Blue Slaver","floor":12,"turns":3},{"damage":0,"enemies":"Red Slaver","floor":14,"turns":3},{"damage":0,"enemies":"Hexaghost","floor":16,"turns":7},{"damage":0,"enemies":"Spheric Guardian","floor":18,"turns":3},{"damage":0,"enemies":"Chosen","floor":21,"turns":4},{"damage":0,"enemies":"Masked Bandits","floor":22,"turns":4},{"damage":0,"enemies":"Gremlin Leader","floor":24,"turns":7},{"damage":0,"enemies":"Book of Stabbing","floor":27,"turns":7},{"damage":0,"enemies":"Snake Plant","floor":28,"turns":8},{"damage":0,"enemies":"3 Cultists","floor":29,"turns":6},{"damage":0,"enemies":"Shelled Parasite and Fungi","floor":31,"turns":5},{"damage":12,"enemies":"Collector","floor":33,"turns":7},{"damage":0,"enemies":"3 Shapes","floor":35,"turns":3},{"damage":0,"enemies":"Orb Walker","floor":38,"turns":3},{"damage":0,"enemies":"Maw","floor":39,"turns":6},{"damage":0,"enemies":"Giant Head","floor":40,"turns":9},{"damage":6,"enemies":"3 Darklings","floor":41,"turns":3},{"damage":0,"enemies":"Nemesis","floor":44,"turns":7},{"damage":0,"enemies":"Transient","floor":45,"turns":5},{"damage":0,"enemies":"Mind Bloom Boss Battle","floor":47,"turns":4},{"damage":0,"enemies":"Giant Head","floor":48,"turns":8},{"damage":0,"enemies":"Time Eater","floor":50,"turns":7},{"damage":0,"enemies":"Shield and Spear","floor":54,"turns":2},{"damage":0,"enemies":"The Heart","floor":55,"turns":7}],"seed_played":"-3724656436427333732","potions_obtained":[{"floor":1,"key":"EssenceOfSteel"},{"floor":8,"key":"PowerPotion"},{"floor":12,"key":"Poison Potion"},{"floor":14,"key":"AttackPotion"},{"floor":22,"key":"Fire Potion"},{"floor":24,"key":"Weak Potion"},{"floor":35,"key":"Block Potion"},{"floor":45,"key":"Fruit Juice"},{"floor":47,"key":"Fruit Juice"},{"floor":54,"key":"BlessingOfTheForge"}],"is_trial":false,"path_per_floor":["M","M","?","?","M","E","R","E","T","E","$","M","R","M","R","B",null,"M","$","?","M","?","R","E","?","T","E","M","M","R","M","R","B",null,"M","?","$","M","M","E","M","T","T","E","M","R","?","E","R","B",null,"R","$","E","B",null],"character_chosen":"THE_SILENT","items_purchased":["TungstenRod","Wraith Form v2","Strange Spoon","Master of Strategy","Blur","Snake Skull","ColorlessPotion"],"campfire_rested":0,"item_purchase_floors":[11,19,37,37,53,53,53],"current_hp_per_floor":[63,62,62,51,50,33,33,29,29,21,21,21,21,21,21,26,63,63,63,44,44,44,44,44,44,44,44,44,44,44,44,44,44,44,44,44,44,44,44,44,44,44,44,44,44,44,49,49,49,49,49,49,54,54,54],"gold":30,"neow_bonus":"ONE_RARE_RELIC","is_daily":false,"chose_seed":false,"campfire_upgraded":8,"win_rate":0.0,"timestamp":1611123318,"path_taken":["M","M","?","?","M","E","R","E","T","E","$","M","R","M","R","BOSS","M","$","?","M","?","R","E","?","T","E","?","M","R","M","R","BOSS","M","?","$","M","?","E","M","?","T","E","M","R","?","E","R","BOSS","R","$","E","BOSS"],"items_purchased_type":["Relic","Card","Relic","Card","Card","Relic","Potion"],"build_version":"2020-12-22","purchased_purges":1,"victory":true,"max_hp_per_floor":[63,63,63,63,63,63,63,63,63,63,63,63,63,63,63,63,63,63,63,44,44,44,44,44,44,44,44,44,44,44,44,44,44,44,44,44,44,44,44,44,44,44,44,44,44,44,49,49,49,49,49,49,54,54,54],"relic_stats":{"Torii":75,"Happy Flower":[13],"counters":[30,155],"Snake Skull":[28],"Letter Opener":[120],"War Paint":["Escape Plan","Catalyst"],"MawBank":156,"Strange Spoon":[18],"Busted Crown":30,"Sundial":[12],"Bird Faced Urn":[4],"Pantograph":0,"Gambling Chip":[15],"Prayer Wheel":12,"obtain_stats":[{"Torii":9,"Happy Flower":43,"Oddly Smooth Stone":48,"GremlinMask":25,"Thread and Needle":36,"Snake Skull":53,"Letter Opener":44,"War Paint":27,"MawBank":24,"White Beast Statue":54,"Strange Spoon":37,"CaptainsWheel":0,"Busted Crown":34,"Sundial":6,"Bird Faced Urn":40,"Pantograph":42,"Gambling Chip":47,"Prayer Wheel":8,"Coffee Dripper":17,"Red Mask":22,"Toy Ornithopter":10,"TungstenRod":11,"Ring of the Snake":0},{"Torii":5,"Happy Flower":23,"Oddly Smooth Stone":27,"GremlinMask":13,"Thread and Needle":19,"Snake Skull":28,"Letter Opener":24,"War Paint":14,"MawBank":13,"White Beast Statue":29,"Strange Spoon":19,"CaptainsWheel":0,"Busted Crown":18,"Sundial":4,"Bird Faced Urn":22,"Pantograph":23,"Gambling Chip":26,"Prayer Wheel":5,"Coffee Dripper":9,"Red Mask":12,"Toy Ornithopter":6,"TungstenRod":6,"Ring of the Snake":0},{"Torii":23,"Happy Flower":115,"Oddly Smooth Stone":139,"GremlinMask":58,"Thread and Needle":94,"Snake Skull":146,"Letter Opener":122,"War Paint":65,"MawBank":58,"White Beast Statue":148,"Strange Spoon":94,"CaptainsWheel":0,"Busted Crown":91,"Sundial":18,"Bird Faced Urn":112,"Pantograph":115,"Gambling Chip":131,"Prayer Wheel":23,"Coffee Dripper":40,"Red Mask":51,"Toy Ornithopter":27,"TungstenRod":27,"Ring of the Snake":0}],"Toy Ornithopter":5,"TungstenRod":49,"Ring of the Snake":[60]},"card_choices":[{"not_picked":["Riddle With Holes","Acrobatics"],"picked":"Dagger Throw","floor":1},{"not_picked":["Acrobatics","Eviscerate"],"picked":"Bouncing Flask","floor":2},{"not_picked":["Acrobatics","Footwork"],"picked":"Blade Dance","floor":5},{"not_picked":["Backstab","Doppelganger"],"picked":"Dash","floor":6},{"not_picked":["Quick Slash","Choke"],"picked":"Dagger Spray","floor":8},{"not_picked":["Skewer","Prepared"],"picked":"Footwork","floor":10},{"not_picked":["Dagger Throw","Outmaneuver"],"picked":"Escape Plan","floor":12},{"not_picked":["Reflex","Underhanded Strike"],"picked":"Crippling Poison","floor":12},{"not_picked":["Dodge and Roll","Bane"],"picked":"Noxious Fumes","floor":14},{"not_picked":["Dodge and Roll","Blade Dance"],"picked":"Blur","floor":14},{"not_picked":["Footwork+1","Outmaneuver"],"picked":"Leg Sweep","floor":18},{"not_picked":["Sucker Punch","Dagger Throw"],"picked":"Escape Plan","floor":18},{"not_picked":["Bane","Dagger Throw"],"picked":"Noxious Fumes","floor":21},{"not_picked":["All Out Attack","Quick Slash+1","Flying Knee"],"picked":"SKIP","floor":21},{"not_picked":["Bane","Backflip"],"picked":"Dodge and Roll","floor":22},{"not_picked":["Blade Dance","Caltrops"],"picked":"Malaise","floor":24},{"not_picked":["Crippling Poison","Backstab"],"picked":"Catalyst","floor":27},{"not_picked":["Dagger Spray","Sucker Punch+1"],"picked":"Calculated Gamble","floor":28},{"not_picked":["Deflect+1","Dodge and Roll"],"picked":"Backflip","floor":28},{"not_picked":["Outmaneuver+1","Leg Sweep"],"picked":"Well Laid Plans+1","floor":29},{"not_picked":["Terror","Dagger Throw","Blade Dance"],"picked":"SKIP","floor":29},{"not_picked":["Poisoned Stab+1","Slice"],"picked":"Footwork","floor":31},{"not_picked":["Predator","Expertise","Deflect+1"],"picked":"SKIP","floor":31},{"not_picked":["Doppelganger","Wraith Form v2"],"picked":"Corpse Explosion","floor":33},{"not_picked":["Endless Agony"],"picked":"SKIP","floor":35},{"not_picked":["Flying Knee+1"],"picked":"SKIP","floor":35},{"not_picked":["Riddle With Holes+1"],"picked":"SKIP","floor":38},{"not_picked":["Finisher"],"picked":"SKIP","floor":38},{"not_picked":["Deflect+1"],"picked":"SKIP","floor":39},{"not_picked":["Blade Dance"],"picked":"SKIP","floor":39},{"not_picked":["Bane"],"picked":"SKIP","floor":40},{"not_picked":["Tactician+1"],"picked":"SKIP","floor":41},{"not_picked":["Terror"],"picked":"SKIP","floor":41},{"not_picked":["Blade Dance"],"picked":"SKIP","floor":44},{"not_picked":[],"picked":"Burst","floor":45},{"not_picked":["Predator"],"picked":"SKIP","floor":45},{"not_picked":["Predator"],"picked":"SKIP","floor":45},{"not_picked":["Finisher"],"picked":"SKIP","floor":48},{"not_picked":["PiercingWail"],"picked":"SKIP","floor":54}],"player_experience":23758,"relics_obtained":[{"floor":6,"key":"Sundial"},{"floor":8,"key":"Prayer Wheel"},{"floor":9,"key":"Torii"},{"floor":10,"key":"Toy Ornithopter"},{"floor":22,"key":"Red Mask"},{"floor":24,"key":"MawBank"},{"floor":27,"key":"War Paint"},{"floor":40,"key":"Bird Faced Urn"},{"floor":42,"key":"Pantograph"},{"floor":43,"key":"Happy Flower"},{"floor":44,"key":"Letter Opener"},{"floor":47,"key":"Gambling Chip"},{"floor":48,"key":"Oddly Smooth Stone"},{"floor":54,"key":"White Beast Statue"}],"event_choices":[{"damage_healed":0,"gold_gain":0,"player_choice":"Grow","damage_taken":0,"max_hp_gain":0,"max_hp_loss":0,"event_name":"Living Wall","floor":3,"gold_loss":0,"cards_upgraded":["Bouncing Flask"]},{"damage_healed":0,"gold_gain":75,"player_choice":"Gather Gold","damage_taken":11,"max_hp_gain":0,"max_hp_loss":0,"event_name":"World of Goop","floor":4,"gold_loss":0},{"damage_healed":0,"gold_gain":0,"player_choice":"Became a vampire","damage_taken":0,"max_hp_gain":0,"max_hp_loss":19,"event_name":"Vampires","floor":20,"gold_loss":0,"cards_obtained":["Bite","Bite","Bite","Bite","Bite"]},{"damage_healed":0,"gold_gain":0,"player_choice":"Fought Bandits","damage_taken":0,"max_hp_gain":0,"max_hp_loss":0,"event_name":"Masked Bandits","floor":22,"gold_loss":0},{"damage_healed":0,"gold_gain":0,"player_choice":"Trade","damage_taken":0,"relics_obtained":["GremlinMask"],"max_hp_gain":0,"max_hp_loss":0,"event_name":"FaceTrader","floor":25,"gold_loss":0},{"cards_removed":["Bite"],"damage_healed":0,"gold_gain":0,"player_choice":"Gave Card","damage_taken":0,"relics_obtained":["Thread and Needle"],"max_hp_gain":0,"max_hp_loss":0,"event_name":"WeMeetAgain","floor":36,"gold_loss":0},{"damage_healed":0,"gold_gain":0,"player_choice":"Fight","damage_taken":0,"max_hp_gain":0,"max_hp_loss":0,"event_name":"MindBloom","floor":47,"gold_loss":0}],"is_beta":false,"boss_relics":[{"not_picked":["Black Star","SlaversCollar"],"picked":"Coffee Dripper"},{"not_picked":["Snecko Eye","Cursed Key"],"picked":"Busted Crown"}],"items_purged_floors":[37],"is_endless":false,"potions_floor_spawned":[1,8,12,14,22,24,35,38,41,45,47,54],"ascension_level":1}}