{"host":"6azrrw3tf7wb0f4b","time":1611122720,"event":{"mods":["BaseMod","DeckTracker","Minty Spire (QoL Compilation)","SuperFastMode"],"gold_per_floor":[111,186,200,200,219,219,238,251,323,323,96,96,131,131,131,131,131],"floor_reached":16,"language":"KOR","playtime":271,"items_purged":["Strike_P"],"score":163,"play_id":"98f6b6c8-0d2f-40a8-a4b8-287b5fdf79af","local_time":"20210120150520","is_ascension_mode":true,"campfire_choices":[{"data":"Eruption","floor":6,"key":"SMITH"},{"data":"MentalFortress","floor":12,"key":"SMITH"},{"data":"LikeWater","floor":15,"key":"SMITH"}],"circlet_count":0,"master_deck":["AscendersBane","Strike_P","Strike_P","Defend_P","Defend_P","Defend_P","Defend_P","Eruption+1","Vigilance","MentalFortress+1","Consecrate","LikeWater+1","FollowUp","EmptyFist","FlurryOfBlows"],"relics":["PureWater","NeowsBlessing","Frozen Egg 2","ClockworkSouvenir","Lizard Tail"],"acts_visited":["Exordium"],"potions_floor_usage":[7,13,13,13,14],"damage_taken":[{"damage":0.0,"enemies":"Cultist","floor":1.0,"turns":2.0},{"damage":0.0,"enemies":"Jaw Worm","floor":3.0,"turns":1.0},{"damage":0,"enemies":"Small Slimes","floor":5,"turns":2},{"damage":15,"enemies":"Gremlin Gang","floor":7,"turns":5},{"damage":14,"enemies":"Exordium Wildlife","floor":8,"turns":4},{"damage":11,"enemies":"Lagavulin","floor":13,"turns":5},{"damage":0,"enemies":"3 Louse","floor":14,"turns":1},{"damage":59,"enemies":"Hexaghost","floor":16,"turns":12}],"seed_played":"-2951057948426183011","potions_obtained":[{"floor":5,"key":"DistilledChaos"},{"floor":7,"key":"EntropicBrew"},{"floor":10,"key":"LiquidMemories"}],"is_trial":false,"path_per_floor":["M","?","M","?","M","R","M","M","T","?","$","R","E","M","R","B"],"character_chosen":"WATCHER","items_purchased":["ClockworkSouvenir"],"campfire_rested":0,"item_purchase_floors":[11],"current_hp_per_floor":[65,54,54,54,54,54,39,25,25,25,25,25,14,14,14,0,0],"gold":131,"neow_bonus":"THREE_ENEMY_KILL","is_daily":false,"chose_seed":false,"campfire_upgraded":3,"win_rate":0.0,"timestamp":1611122720,"path_taken":["M","?","M","?","M","R","M","M","T","?","$","R","E","M","R","BOSS"],"items_purchased_type":["Relic"],"build_version":"2020-12-22","purchased_purges":1,"victory":false,"max_hp_per_floor":[72,72,72,72,72,72,72,72,72,72,72,72,72,72,72,72,72],"card_choices":[{"not_picked":["JustLucky","EmptyFist"],"picked":"MentalFortress","floor":1.0},{"not_picked":["Protect","FollowUp"],"picked":"Consecrate","floor":3.0},{"not_picked":["MentalFortress","Fasting2"],"picked":"FollowUp","floor":5},{"not_picked":["FlyingSleeves","MentalFortress","BowlingBash"],"picked":"SKIP","floor":7},{"not_picked":["SandsOfTime","PathToVictory"],"picked":"EmptyFist","floor":8},{"not_picked":["LikeWater+1","Halt"],"picked":"FlurryOfBlows","floor":13}],"player_experience":732895,"relics_obtained":[{"floor":9,"key":"Frozen Egg 2"},{"floor":13,"key":"Lizard Tail"}],"event_choices":[{"damage_healed":0.0,"max_hp_gain":0.0,"max_hp_loss":0.0,"gold_gain":75.0,"event_name":"World of Goop","player_choice":"Gather Gold","floor":2.0,"gold_loss":0.0,"damage_taken":11.0},{"damage_healed":0,"gold_gain":0,"cards_transformed":["Strike_P"],"player_choice":"Change","damage_taken":0,"max_hp_gain":0,"max_hp_loss":0,"event_name":"Living Wall","floor":4,"gold_loss":0,"cards_obtained":["LikeWater"]},{"damage_healed":0,"gold_gain":0,"player_choice":"Got Potions","damage_taken":0,"max_hp_gain":0,"max_hp_loss":0,"event_name":"Lab","floor":10,"gold_loss":0}],"is_beta":false,"boss_relics":[],"items_purged_floors":[11],"is_endless":false,"potions_floor_spawned":[5,7,14],"killed_by":"Hexaghost","ascension_level":12}}