{"host":"k2aybvxx8y2xd6vk","time":1611121108,"event":{"mods":["Always Whale","Ascension Reborn","Aspiration","BaseMod","Bestiary","Better Altar","Better Match","Better Note","Better Sensory Stone","Better Skull","Better Third Choice","BetterRewards","Clockwork Mod","Colored Map","Colored Powertips","Colorless Booster Pack","Conspire","DeckTracker","Defuse TimeMaze Blight","Downfall","Energized Spire","Exacting","Hubris","Infinite Spire","Ironclad Rager","Minty Spire (QoL Compilation)","Random Character Button","Shop Mod","Spikes Relics","StSLib","SuperFastMode","The Cursed","Transform Curses","Unceasing Turn Reminder"],"gold_per_floor":[99,127,227,244,257,273,327,354,365,392,403,203,103,18,71,198,198,198,235,264,264,264,59,84,116,116,116],"floor_reached":25,"language":"ENG","playtime":1381,"items_purged":[],"score":288,"play_id":"5931b8bd-258c-43f4-b601-37cb61d5b8e1","local_time":"20210119233828","is_ascension_mode":true,"campfire_choices":[{"data":"hexamod:Sear","floor":1,"key":"SMITH"},{"floor":13,"key":"REST"},{"data":"Discovery","floor":18,"key":"SMITH"}],"circlet_count":0,"master_deck":["hexamod:Strike","hexamod:Strike","hexamod:Strike+1","hexamod:Strike","hexamod:Defend","hexamod:Defend","hexamod:Defend","hexamod:Defend+1","hexamod:Sear+1","hexamod:Float","hexamod:SkipABeat","hexamod:SpectersWail","hexamod:ThermalTransfer","hexamod:ExtraCrispy","hexamod:StepThrough","hexamod:CatchUp","hexamod:GiftsFromTheDead","hexamod:FlamesFromBeyond","hexamod:GhostOfSpireFuture","conspire:SpireCoStock","conspire:SpireCoStock","conspire:SpireCoStock","conspire:SpireCoStock","hexamod:FlamesFromBeyond","Discovery+1","hexamod:HeatMetal","hexamod:FifthSeal","hexamod:SixthSeal","hexamod:PhantomCloak","hexamod:SoulSteal","Discovery+1","hexamod:ExtraCrispy","Decay","hexamod:PowerFromBeyond","hexamod:PhantomFireball"],"relics":["hexamod:SpiritBrand","RollingBoulder","SnailShell","downfall:HeartBlessingBlue","Sandwich","Oddly Smooth Stone","hexamod:MatchstickCase","Strawberry","Anchor"],"acts_visited":["Exordium","TheCity"],"potions_floor_usage":[25],"damage_taken":[{"damage":7,"enemies":"2 Louse","floor":2,"turns":3},{"damage":5,"enemies":"Small Slimes","floor":4,"turns":3},{"damage":1,"enemies":"Jaw Worm","floor":5,"turns":3},{"damage":4,"enemies":"conspire:2 RoseBushes","floor":6,"turns":5},{"damage":13,"enemies":"Lagavulin","floor":8,"turns":6},{"damage":8,"enemies":"2 Fungi Beasts","floor":9,"turns":3},{"damage":22,"enemies":"3 Sentries","floor":10,"turns":6},{"damage":13,"enemies":"Exordium Thugs","floor":11,"turns":4},{"damage":0,"enemies":"downfall:FleeingMerchant","floor":14,"turns":4},{"damage":3,"enemies":"Exordium Wildlife","floor":15,"turns":3},{"damage":11,"enemies":"IC_STATUS_ARCHETYPE","floor":16,"turns":6},{"damage":6,"enemies":"Shell Parasite","floor":19,"turns":4},{"damage":16,"enemies":"conspire:FuzzyDice","floor":20,"turns":3},{"damage":0,"enemies":"downfall:FleeingMerchant","floor":23,"turns":4},{"damage":20,"enemies":"Slavers","floor":25,"turns":2}],"seed_played":"-2883081173260262981","potions_obtained":[{"floor":4,"key":"AttackPotion"},{"floor":5,"key":"Block Potion"},{"floor":6,"key":"Energy Potion"},{"floor":8,"key":"bronze:BurnAndBuffPotion"},{"floor":11,"key":"hexamod:SoulburnPotion"}],"is_trial":false,"path_per_floor":["R","M","?","M","M","M","T","E","M","E","M","?","R","$","M","B",null,"R","M","M","?","?","$","T","E"],"character_chosen":"THE_SPIRIT","items_purchased":["Discovery","hexamod:PhantomFireball","Strawberry"],"campfire_rested":1,"item_purchase_floors":[14,23,23],"current_hp_per_floor":[70,63,63,58,57,53,53,40,42,20,7,7,41,41,38,27,80,80,74,58,58,12,19,19,0,0,0],"gold":116,"neow_bonus":"THREE_CARDS","is_daily":false,"chose_seed":false,"campfire_upgraded":2,"win_rate":0.0,"timestamp":1611121108,"path_taken":["R","M","?","M","M","M","T","E","M","E","M","?","R","$","M","BOSS","R","M","M","?","?","$","T","E"],"items_purchased_type":["Card","Card","Relic"],"build_version":"2020-12-22","purchased_purges":0,"victory":false,"max_hp_per_floor":[70,70,70,70,70,70,70,70,70,70,70,70,80,80,80,80,80,80,80,80,80,80,87,87,87,87,87],"card_choices":[{"not_picked":["hexamod:FastForward","hexamod:HauntingEcho"],"picked":"hexamod:SkipABeat","floor":0},{"not_picked":["hexamod:BacktrackSmack","hexamod:SwordOfDarkness"],"picked":"hexamod:SpectersWail","floor":2},{"not_picked":["hexamod:NightmareGuise","hexamod:FastForward"],"picked":"hexamod:ThermalTransfer","floor":4},{"not_picked":["hexamod:RecurringNightmare","hexamod:FastForward"],"picked":"hexamod:ExtraCrispy","floor":5},{"not_picked":["hexamod:GhostflameBarrier","hexamod:ThermalTransfer"],"picked":"hexamod:StepThrough","floor":6},{"not_picked":["hexamod:NightmareStrike","hexamod:AdvancingGuard"],"picked":"hexamod:CatchUp","floor":8},{"not_picked":["hexamod:SkipABeat","hexamod:Hexaguard"],"picked":"hexamod:GiftsFromTheDead","floor":9},{"not_picked":["hexamod:RetreatToShadows","hexamod:NightmareStrike"],"picked":"hexamod:FlamesFromBeyond","floor":10},{"not_picked":["hexamod:AdvancingGuard","hexamod:SwordOfDarkness"],"picked":"hexamod:GhostOfSpireFuture","floor":11},{"not_picked":["hexamod:RetreatToShadows","hexamod:PowerFromBeyond"],"picked":"hexamod:FlamesFromBeyond","floor":14},{"not_picked":["hexamod:ThermalTransfer","hexamod:NightmareStrike"],"picked":"hexamod:HeatMetal","floor":15},{"not_picked":["hexamod:GhostflameInferno","hexamod:ForkedFlame"],"picked":"hexamod:FifthSeal","floor":16},{"not_picked":["hexamod:FirstSeal","hexamod:SecondSeal"],"picked":"hexamod:SixthSeal","floor":19},{"not_picked":["hexamod:DynamicBlow","hexamod:SwordOfDarkness"],"picked":"hexamod:PhantomCloak","floor":19},{"not_picked":["hexamod:GhostShield","hexamod:BurningTouch"],"picked":"hexamod:SoulSteal","floor":20},{"not_picked":["hexamod:Incineration","hexamod:GhostflameInferno"],"picked":"hexamod:PowerFromBeyond","floor":23}],"player_experience":939520,"relics_obtained":[{"floor":8,"key":"RollingBoulder"},{"floor":10,"key":"SnailShell"},{"floor":24,"key":"Anchor"}],"event_choices":[{"damage_healed":0,"gold_gain":0,"player_choice":"Invest 4","damage_taken":0,"max_hp_gain":0,"max_hp_loss":0,"event_name":"conspire:Investor","floor":12,"gold_loss":0},{"damage_healed":0,"gold_gain":0,"player_choice":"RE RE UP ","damage_taken":52,"relics_obtained":["Oddly Smooth Stone","hexamod:MatchstickCase"],"max_hp_gain":0,"max_hp_loss":0,"event_name":"betterSkull:BetterSkull","floor":22,"gold_loss":0,"cards_upgraded":["hexamod:Defend"]}],"is_beta":false,"boss_relics":[{"not_picked":["hexamod:IceCube","Snecko Eye"],"picked":"Sandwich"}],"items_purged_floors":[],"is_endless":false,"potions_floor_spawned":[4,5,6,8,11,20],"killed_by":"Slavers","ascension_level":0}}