{"host":"exlsoi54q6pc3sri","time":1611100965,"event":{"mods":["2.2 Compatiblity","AchievementEnabler","Act Like it!","BaseMod","Colored Map","Colored Powertips","Downfall","Friendly Minions","GifTheSpireLib","Highlight Path","Jorbs\u0027s Wanderer Trilogy","Minty Spire (QoL Compilation)","Permanent Neow","Rare Cards Sparkle","StSLib"],"gold_per_floor":[117,117,127,145,162,191,191,206,206,206,206,220,233,253,253,349,349,363,376,388,404,421,448,448,14,37,67,17,17,35,49,49,144,144,159,177,191,205,220,220,272,272,340,355,389,406,432,480,480,480,480],"floor_reached":50,"language":"ENG","playtime":4760,"items_purged":[],"score":604,"play_id":"7aaeed43-2752-431b-8597-6f549f867639","local_time":"20210120000245","is_ascension_mode":false,"campfire_choices":[{"data":"Self Repair","floor":7,"key":"SMITH"},{"data":"Go for the Eyes","floor":11,"key":"SMITH"},{"data":"Static Discharge","floor":15,"key":"SMITH"},{"data":"Rainbow","floor":24,"key":"SMITH"},{"data":"Storm","floor":32,"key":"SMITH"},{"data":"Hologram","floor":40,"key":"SMITH"},{"data":"Strike_B","floor":42,"key":"PURGE"},{"data":"Defend_B","floor":49,"key":"PURGE"}],"circlet_count":0,"master_deck":["Strike_B","Strike_B+1","Strike_B+1","Defend_B","Defend_B","Defend_B+1","Zap","Dualcast","Compile Driver","Chill+1","Streamline+1","Self Repair+1","Go for the Eyes+1","Coolheaded","Streamline","Static Discharge+1","Hologram+1","Electrodynamics","Beam Cell+1","Rainbow+1","Cold Snap","Thunder Strike","Conserve Battery","Go for the Eyes","Storm+1","Conserve Battery","Glacier","Ball Lightning","Loop","Sweeping Beam+1","Electrodynamics","Beam Cell+1","Go for the Eyes+1","Amplify","Glacier+1","Coolheaded+1","Ball Lightning+1","Sweeping Beam+1","Barrage+1","Double Energy+1"],"relics":["Philosopher\u0027s Stone","StoneCalendar","Pocketwatch","Coffee Dripper","Gambling Chip","Ice Cream","Whetstone","FossilizedHelix","Inserter","Peace Pipe","Sundial","Torii","Shuriken","PreservedInsect"],"acts_visited":["Exordium","TheCity","TheBeyond"],"potions_floor_usage":[16,16,23,23,33,33,45,45,50],"damage_taken":[{"damage":2,"enemies":"2 Louse","floor":1,"turns":3},{"damage":5,"enemies":"Jaw Worm","floor":3,"turns":3},{"damage":3,"enemies":"Small Slimes","floor":4,"turns":3},{"damage":5,"enemies":"Red Slaver","floor":5,"turns":3},{"damage":7,"enemies":"3 Sentries","floor":6,"turns":7},{"damage":7,"enemies":"Exordium Wildlife","floor":8,"turns":4},{"damage":6,"enemies":"Gremlin Gang","floor":12,"turns":5},{"damage":0,"enemies":"Lots of Slimes","floor":13,"turns":3},{"damage":7,"enemies":"Large Slime","floor":14,"turns":5},{"damage":24,"enemies":"Slime Boss","floor":16,"turns":6},{"damage":15,"enemies":"2 Thieves","floor":18,"turns":4},{"damage":1,"enemies":"Chosen","floor":19,"turns":4},{"damage":9,"enemies":"Snecko","floor":20,"turns":5},{"damage":20,"enemies":"Snake Plant","floor":21,"turns":4},{"damage":6,"enemies":"Centurion and Healer","floor":22,"turns":5},{"damage":9,"enemies":"Book of Stabbing","floor":23,"turns":4},{"damage":6,"enemies":"Slavers","floor":27,"turns":4},{"damage":7,"enemies":"3 Cultists","floor":30,"turns":4},{"damage":11,"enemies":"Sentry and Sphere","floor":31,"turns":4},{"damage":16,"enemies":"Automaton","floor":33,"turns":6},{"damage":3,"enemies":"3 Shapes","floor":35,"turns":3},{"damage":0,"enemies":"Orb Walker","floor":36,"turns":4},{"damage":45,"enemies":"Spire Growth","floor":37,"turns":5},{"damage":16,"enemies":"Transient","floor":38,"turns":5},{"damage":0,"enemies":"Maw","floor":39,"turns":6},{"damage":43,"enemies":"2 Orb Walkers","floor":41,"turns":5},{"damage":0,"enemies":"3 Darklings","floor":44,"turns":2},{"damage":0,"enemies":"Nemesis","floor":45,"turns":3},{"damage":8,"enemies":"4 Shapes","floor":46,"turns":3},{"damage":18,"enemies":"Giant Head","floor":47,"turns":8},{"damage":22,"enemies":"Donu and Deca","floor":50,"turns":3}],"seed_played":"-7739148083752228318","potions_obtained":[{"floor":5,"key":"LiquidMemories"},{"floor":12,"key":"DistilledChaos"},{"floor":14,"key":"Ancient Potion"},{"floor":16,"key":"Regen Potion"},{"floor":18,"key":"AttackPotion"},{"floor":31,"key":"LiquidBronze"},{"floor":38,"key":"FairyPotion"},{"floor":39,"key":"sneckomod:MuddlingPotion"},{"floor":41,"key":"DuplicationPotion"},{"floor":44,"key":"SpeedPotion"},{"floor":46,"key":"Ancient Potion"}],"is_trial":false,"path_per_floor":["M","?","M","M","M","E","R","M","T","?","R","M","M","M","R","B",null,"M","M","M","M","M","E","R","$","T","E","$","?","M","M","R","B",null,"M","M","M","M","M","R","?","R","T","M","E","M","E","T","R","B"],"character_chosen":"DEFECT","items_purchased":["Ice Cream","Go for the Eyes","Storm","Conserve Battery","Ball Lightning"],"campfire_rested":0,"item_purchase_floors":[25,25,25,25,28],"current_hp_per_floor":[73,58,53,50,45,45,45,48,48,48,48,52,62,65,65,51,75,60,69,70,60,64,75,75,75,75,75,75,75,68,67,67,61,75,72,72,37,31,41,41,22,22,22,22,22,24,16,16,16,0,0],"gold":480,"neow_bonus":"BOSS_RELIC","is_daily":false,"chose_seed":false,"campfire_upgraded":6,"win_rate":0.0,"timestamp":1611100965,"path_taken":["M","?","M","M","M","E","R","M","T","?","R","M","M","M","R","BOSS","M","M","M","M","M","E","R","$","T","E","$","?","M","M","R","BOSS","M","M","M","M","M","R","?","R","T","M","E","M","E","?","R","BOSS"],"items_purchased_type":["Relic","Card","Card","Card","Card"],"build_version":"2020-12-22","purchased_purges":0,"victory":false,"max_hp_per_floor":[75,75,75,75,75,75,75,75,75,75,75,75,75,75,75,75,75,75,75,75,75,75,75,75,75,75,75,75,75,75,75,75,75,75,75,75,75,75,75,75,75,75,75,75,75,75,75,75,75,75,75],"card_choices":[{"not_picked":["Hologram","Leap"],"picked":"Compile Driver","floor":1},{"not_picked":["Compile Driver","Redo"],"picked":"Chill","floor":3},{"not_picked":["Fusion","Stack"],"picked":"Streamline","floor":4},{"not_picked":["Double Energy","Beam Cell"],"picked":"Self Repair","floor":5},{"not_picked":["Double Energy","Streamline"],"picked":"Go for the Eyes","floor":6},{"not_picked":["Hologram","Fusion"],"picked":"Coolheaded","floor":8},{"not_picked":["Coolheaded","Rebound"],"picked":"Streamline","floor":12},{"not_picked":["Chaos","Compile Driver"],"picked":"Static Discharge","floor":13},{"not_picked":["Redo","Streamline"],"picked":"Hologram","floor":14},{"not_picked":["Buffer","Reboot"],"picked":"Electrodynamics","floor":16},{"not_picked":["Chaos","Redo","Force Field"],"picked":"SKIP","floor":18},{"not_picked":["Leap","Hologram"],"picked":"Beam Cell+1","floor":19},{"not_picked":["Redo","Coolheaded"],"picked":"Rainbow","floor":20},{"not_picked":["Rebound","Coolheaded"],"picked":"Cold Snap","floor":21},{"not_picked":["Chaos","Leap"],"picked":"Thunder Strike","floor":22},{"not_picked":["Hello World","Doom and Gloom+1"],"picked":"Conserve Battery","floor":23},{"not_picked":["Rainbow","Leap"],"picked":"Glacier","floor":27},{"not_picked":["Coolheaded","Beam Cell"],"picked":"Loop","floor":30},{"not_picked":["Barrage+1","Static Discharge"],"picked":"Sweeping Beam+1","floor":31},{"not_picked":["All For One","Seek"],"picked":"Electrodynamics","floor":33},{"not_picked":["Conserve Battery","Stack+1"],"picked":"Beam Cell+1","floor":35},{"not_picked":["Rebound+1","Reprogram"],"picked":"Go for the Eyes+1","floor":36},{"not_picked":["Streamline+1","Beam Cell+1"],"picked":"Amplify","floor":37},{"not_picked":["Force Field+1","Sweeping Beam"],"picked":"Glacier+1","floor":38},{"not_picked":["Sweeping Beam","Streamline"],"picked":"Coolheaded+1","floor":39},{"not_picked":["Compile Driver","Tempest"],"picked":"Ball Lightning+1","floor":41},{"not_picked":["Aggregate+1","Go for the Eyes+1"],"picked":"Sweeping Beam+1","floor":44},{"not_picked":["Leap","Electrodynamics","Coolheaded"],"picked":"SKIP","floor":45},{"not_picked":["Darkness+1","Coolheaded"],"picked":"Barrage+1","floor":46},{"not_picked":["Beam Cell+1","Doom and Gloom"],"picked":"Double Energy+1","floor":47}],"player_experience":91124,"relics_obtained":[{"floor":6,"key":"StoneCalendar"},{"floor":9,"key":"Pocketwatch"},{"floor":23,"key":"Gambling Chip"},{"floor":26,"key":"Whetstone"},{"floor":27,"key":"FossilizedHelix"},{"floor":41,"key":"Peace Pipe"},{"floor":43,"key":"Sundial"},{"floor":45,"key":"Torii"},{"floor":47,"key":"Shuriken"},{"floor":48,"key":"PreservedInsect"}],"event_choices":[{"damage_healed":0,"gold_gain":0,"player_choice":"Entered Light","damage_taken":15,"max_hp_gain":0,"max_hp_loss":0,"event_name":"Shining Light","floor":2,"gold_loss":0,"cards_upgraded":["Strike_B","Defend_B"]},{"damage_healed":0,"gold_gain":0,"player_choice":"Grow","damage_taken":0,"max_hp_gain":0,"max_hp_loss":0,"event_name":"Living Wall","floor":10,"gold_loss":0,"cards_upgraded":["Chill"]},{"damage_healed":0,"gold_gain":0,"player_choice":"Fight","damage_taken":0,"max_hp_gain":0,"max_hp_loss":0,"event_name":"Mysterious Sphere","floor":41,"gold_loss":0}],"is_beta":false,"boss_relics":[{"not_picked":["Velvet Choker","Black Star"],"picked":"Coffee Dripper"},{"not_picked":["Tiny House","Calling Bell"],"picked":"Inserter"}],"items_purged_floors":[],"is_endless":false,"potions_floor_spawned":[5,12,14,16,18,20,31,38,39,41,44,46],"killed_by":"Donu and Deca","ascension_level":0}}