{"host":"20d3whez4r0rbi46","time":1611151780,"event":{"mods":["BaseMod","Bestiary","BetterRewards","Colored Map","Colored Powertips","DeckTracker","Hermit","Hubris","Infinite Spire","Marisa????????","Minty Spire (QoL Compilation)","Permanent Neow","Quick Restart","Rare Cards Sparkle","Relic Stats","Replay The Spire","Shop Mod","StSLib","The Cursed","The Servant 0.9.4","slay the spire mod where everything is the same but ironclad has a cowboy hat"],"gold_per_floor":[16,16,16,29,29,29,56,72,72,72,90,105,105,134,194,374,374,391,666,666,697,697,697],"floor_reached":22,"language":"ENG","playtime":1683,"items_purged":[],"score":186,"play_id":"6f188a53-88bf-4062-9cb1-3a1eb6633c78","local_time":"20210120090940","is_ascension_mode":false,"campfire_choices":[{"floor":6,"key":"REST"},{"floor":10,"key":"REST"},{"floor":13,"key":"REST"}],"circlet_count":0,"master_deck":["hermit:Strike_Hermit","hermit:Strike_Hermit","hermit:Defend_Hermit","hermit:Defend_Hermit","hermit:Defend_Hermit","hermit:Snapshot+1","hermit:Covet","hermit:Maintenance","hermit:Desperado","Swift Strike","hermit:GoldenBullet","hermit:Coalescence","hermit:GhostlyPresence","hermit:Quickdraw","hermit:DeadOrAlive","hermit:Roulette","hermit:HighNoon","hermit:Virtue+1","hermit:Roughhouse+1","hermit:ItchyTrigger+1","hermit:Headshot+1","Regret","hermit:TakeCover"],"relics":["hermit:Momento","hermit:RedScarf","FossilizedHelix","Ice Cream","Shuriken","Astrolabe","Mango"],"acts_visited":["Exordium","TheCity"],"potions_floor_usage":[],"damage_taken":[{"damage":7.0,"enemies":"2 Louse","floor":1.0,"turns":2.0},{"damage":29.0,"enemies":"infinitespire:Voidling","floor":4.0,"turns":4.0},{"damage":15,"enemies":"Lagavulin","floor":7,"turns":5},{"damage":0,"enemies":"Small Slimes","floor":8,"turns":3},{"damage":0,"enemies":"Looter","floor":11,"turns":2},{"damage":0,"enemies":"Exordium Thugs","floor":12,"turns":5},{"damage":0,"enemies":"Gremlin Gang","floor":14,"turns":4},{"damage":44,"enemies":"The Guardian","floor":16,"turns":8},{"damage":13,"enemies":"Chosen","floor":18,"turns":4},{"damage":19,"enemies":"Shell Parasite","floor":21,"turns":5},{"damage":57,"enemies":"3 Cultists","floor":22,"turns":7}],"seed_played":"3019562161673795468","potions_obtained":[{"floor":7,"key":"Energy Potion"},{"floor":11,"key":"SkillPotion"},{"floor":14,"key":"CultistPotion"},{"floor":16,"key":"Adrenaline Potion"},{"floor":21,"key":"Toxic Potion"}],"is_trial":false,"path_per_floor":["M","?","?","M","?","R","E","M","T","R","M","M","R","M","R_BF","B",null,"M","?","AVR","M","M"],"character_chosen":"HERMIT","items_purchased":[],"campfire_rested":3,"item_purchase_floors":[],"current_hp_per_floor":[68,68,50,28,28,50,35,35,35,57,57,57,75,75,75,31,75,62,62,76,57,0,0],"gold":697,"neow_bonus":"ONE_RARE_RELIC","is_daily":false,"chose_seed":false,"campfire_upgraded":0,"win_rate":0.0,"timestamp":1611151780,"path_taken":["M","?","?","M","?","R","E","?","T","R","M","M","R","M","R_BF","BOSS","M","?","AVR","M","M"],"items_purchased_type":[],"build_version":"2020-12-22","purchased_purges":0,"victory":false,"max_hp_per_floor":[75,75,75,75,75,75,75,75,75,75,75,75,75,75,75,75,75,75,75,89,89,89,89],"relic_stats":{"counters":[11,49],"Shuriken":[9],"Astrolabe":["hermit:Virtue","hermit:Roughhouse","hermit:ItchyTrigger"],"obtain_stats":[{"Ice Cream":7,"Shuriken":9,"Astrolabe":17,"Mango":20,"hermit:RedScarf":0,"hermit:Momento":0,"FossilizedHelix":3},{"Ice Cream":3,"Shuriken":4,"Astrolabe":8,"Mango":9,"hermit:RedScarf":0,"hermit:Momento":0,"FossilizedHelix":1},{"Ice Cream":11,"Shuriken":14,"Astrolabe":33,"Mango":37,"hermit:RedScarf":0,"hermit:Momento":0,"FossilizedHelix":2}]},"card_choices":[{"not_picked":["hermit:Headshot","hermit:Desperado"],"picked":"hermit:Maintenance","floor":1.0},{"not_picked":["hermit:SprayPray","hermit:LowProfile"],"picked":"hermit:Desperado","floor":4.0},{"not_picked":["hermit:Manifest","hermit:ItchyTrigger"],"picked":"hermit:Coalescence","floor":7},{"not_picked":["hermit:Determination","hermit:Glare"],"picked":"hermit:GhostlyPresence","floor":8},{"not_picked":["hermit:Spite","hermit:TrackingShot"],"picked":"hermit:Quickdraw","floor":11},{"not_picked":["hermit:CursedWeapon","hermit:TakeAim"],"picked":"hermit:DeadOrAlive","floor":12},{"not_picked":["hermit:Desperado","hermit:Manifest"],"picked":"hermit:Roulette","floor":14},{"not_picked":["hermit:OverwhelmingPower","hermit:FinalCanter"],"picked":"hermit:HighNoon","floor":16},{"not_picked":["hermit:Determination","hermit:HighCaliber"],"picked":"hermit:Headshot+1","floor":18},{"not_picked":["hermit:SprayPray+1","hermit:Enervate"],"picked":"hermit:TakeCover","floor":21}],"player_experience":18633,"relics_obtained":[{"floor":7,"key":"Ice Cream"},{"floor":9,"key":"Shuriken"}],"event_choices":[{"damage_healed":0.0,"max_hp_gain":0.0,"max_hp_loss":0.0,"gold_gain":0.0,"event_name":"Living Wall","player_choice":"Grow","floor":2.0,"gold_loss":0.0,"damage_taken":0.0,"cards_upgraded":["hermit:Snapshot"]},{"damage_healed":0.0,"max_hp_gain":0.0,"max_hp_loss":0.0,"gold_gain":0.0,"event_name":"Scrap Ooze","player_choice":"Success","floor":3.0,"gold_loss":0.0,"damage_taken":18.0,"relics_obtained":["FossilizedHelix"]},{"damage_healed":0,"gold_gain":0,"player_choice":"2 cards matched","damage_taken":0,"max_hp_gain":0,"max_hp_loss":0,"event_name":"Match and Keep!","floor":5,"gold_loss":0,"cards_obtained":["Swift Strike","hermit:GoldenBullet"]},{"damage_healed":0,"gold_gain":275,"player_choice":"Desecrate","damage_taken":0,"max_hp_gain":0,"max_hp_loss":0,"event_name":"Golden Shrine","floor":19,"gold_loss":0,"cards_obtained":["Regret"]}],"is_beta":false,"boss_relics":[{"not_picked":["Ectoplasm","hubris:VirtuousBlindfold"],"picked":"Astrolabe"}],"items_purged_floors":[],"is_endless":false,"potions_floor_spawned":[7,11,14,16,21],"killed_by":"3 Cultists","ascension_level":0}}