{"host":"wppa8gky53tnknhf","time":1611143917,"event":{"mods":["AchievementEnabler","Act Like it!","BaseMod","Better Third Choice","BetterRewards","Card Forge","Colored Powertips","Energized Spire","Hubris","Infinite Spire","Marked Mod","Minty Spire (QoL Compilation)","Permanent Neow","Quick Restart","Rare Cards Sparkle","Relic Stats","Remove Card Discount Mod","Replay The Spire","Spikes Relics","Spire Birthday Party","StSLib","Wandering Minibosses"],"gold_per_floor":[18,35,49,65,76,107,188,216,216,216,241,259,294,223,223,325,325,282,298,311,311,327,361,361,361,435,435,462,1213,1227,1177,1177,1277,1277,1294,1309,1321,1147,1147,1179,1179,1208,1262,1295,1295,1308,1308,1336,1336,1336,1336,1336,1080,1109,1109],"floor_reached":56,"language":"ENG","playtime":1497,"items_purged":["Hatred"],"score":1596,"play_id":"2d858d2c-9a82-4f46-8032-f836ba79d69b","local_time":"20210120115837","is_ascension_mode":true,"campfire_choices":[{"floor":15.0,"key":"RECALL"},{"floor":27.0,"key":"REST"},{"floor":32.0,"key":"REST"},{"data":"Infernal Blade","floor":41.0,"key":"SMITH"},{"floor":49.0,"key":"REST"},{"floor":52,"key":"REST"}],"circlet_count":1,"master_deck":["Strike_R+1","Strike_R+1","Strike_R+1","Strike_R+1","Strike_R+1","Defend_R+1","Defend_R+1","Defend_R+1","Defend_R+1","Bash+1","Limit Break+1","Run Through+1","Thunderclap+1","Clash+1","Run Through+1","Rampage+1","Sword Boomerang+1","Heavy Blade+1","Disarm+1","Exhume+1","Inflame+1","Exhume+1","Thunderclap+1","Body Slam+1","Clash+1","Sword Boomerang+1","Iron Wave+1","Cleave+1","Shrug It Off+1","Sword Boomerang+1","Disarm+1","Juggernaut+1","Perfected Strike+1","Heavy Blade+1","Intimidate+1","Flex+1","Body Slam+1","Infernal Blade+1","Heavy Blade+1","Thunderclap+1","Limit Break+1","Body Slam+1"],"relics":["Burning Blood","Hammer of Thor","Seething Fire","Anvil of the Gods","Bronze Scales","King of Hearts","Vajra","Pen Nib","Boot","hubris:CrackedHourglass","infinitespire:PuzzleCube","hubris:SlimyHat","hubris:TenFootPole","wanderingMiniBosses:MasterThiefsPresence","ReplayTheSpireMod:CursedCoin","infinitespire:EmpoweringShard","Onion Ring","hubris:Towel","hubris:Icosahedron","Circlet","ClockworkSouvenir","infinitespire:Golems Mask"],"acts_visited":["Exordium","TheCity","TheBeyond","TheEnding"],"potions_floor_usage":[55,55,55],"damage_taken":[{"damage":0.0,"enemies":"Jaw Worm","floor":1.0,"turns":3.0},{"damage":0.0,"enemies":"Cultist","floor":2.0,"turns":3.0},{"damage":0.0,"enemies":"2 Louse","floor":3.0,"turns":3.0},{"damage":4.0,"enemies":"Exordium Thugs","floor":4.0,"turns":5.0},{"damage":0.0,"enemies":"2 Fungi Beasts","floor":5.0,"turns":2.0},{"damage":28.0,"enemies":"Lagavulin","floor":6.0,"turns":4.0},{"damage":0.0,"enemies":"Gremlin Nob","floor":8.0,"turns":2.0},{"damage":28.0,"enemies":"Lagavulin","floor":11.0,"turns":5.0},{"damage":0.0,"enemies":"Blue Slaver","floor":12.0,"turns":2.0},{"damage":0.0,"enemies":"Gremlin Nob","floor":13.0,"turns":2.0},{"damage":0.0,"enemies":"Slime Boss","floor":16.0,"turns":5.0},{"damage":2.0,"enemies":"2 Thieves","floor":18.0,"turns":5.0},{"damage":10.0,"enemies":"Spheric Guardian","floor":19.0,"turns":2.0},{"damage":5.0,"enemies":"Cultist and Chosen","floor":20.0,"turns":4.0},{"damage":15.0,"enemies":"Snecko","floor":22.0,"turns":4.0},{"damage":26.0,"enemies":"Book of Stabbing","floor":23.0,"turns":3.0},{"damage":26.0,"enemies":"Gremlin Leader","floor":28.0,"turns":5.0},{"damage":5.0,"enemies":"Snake Plant","floor":29.0,"turns":3.0},{"damage":9.0,"enemies":"Centurion and Healer","floor":30.0,"turns":2.0},{"damage":24.0,"enemies":"hubris:MusketHawk","floor":33.0,"turns":6.0},{"damage":11.0,"enemies":"Orb Walker","floor":35.0,"turns":2.0},{"damage":7.0,"enemies":"3 Shapes","floor":36.0,"turns":5.0},{"damage":0.0,"enemies":"Jaw Worm Horde","floor":37.0,"turns":2.0},{"damage":0.0,"enemies":"R_Hoarder","floor":40.0,"turns":5.0},{"damage":13.0,"enemies":"Giant Head","floor":42.0,"turns":6.0},{"damage":12.0,"enemies":"Nemesis","floor":44.0,"turns":3.0},{"damage":0.0,"enemies":"Sphere and 2 Shapes","floor":46.0,"turns":3.0},{"damage":0.0,"enemies":"Reptomancer","floor":48.0,"turns":2.0},{"damage":64,"enemies":"infinitespire:MassOfShapes","floor":50,"turns":10},{"damage":4,"enemies":"Shield and Spear","floor":54,"turns":2},{"damage":88,"enemies":"The Heart","floor":55,"turns":7}],"seed_played":"4872809988928662943","potions_obtained":[{"floor":2.0,"key":"Elixir"},{"floor":4.0,"key":"BlessingOfTheForge"},{"floor":5.0,"key":"SpeedPotion"},{"floor":7.0,"key":"DistilledChaos"},{"floor":7.0,"key":"AttackPotion"},{"floor":7.0,"key":"Doom Potion"},{"floor":11.0,"key":"Adrenaline Potion"},{"floor":13.0,"key":"FearPotion"},{"floor":16.0,"key":"ElixirPotion"},{"floor":23.0,"key":"Ancient Potion"},{"floor":28.0,"key":"Fruit Juice"},{"floor":29.0,"key":"Energy Potion"},{"floor":30.0,"key":"ColorlessPotion"},{"floor":33.0,"key":"BloodPotion"},{"floor":36.0,"key":"Regen Potion"}],"is_trial":false,"path_per_floor":["M","M","M","M","M","E","?","E","T","$","E","M","E","$","R","B",null,"M","M","M","?","M","E","?","?","T","R","E","M","M","?","R","B",null,"M","M","M","$","?","E","R","E","T","E","?","M","?","E","R","B",null,"R","$","E","B",null],"character_chosen":"IRONCLAD","items_purchased":["Inflame","ReplayTheSpireMod:CursedCoin","infinitespire:EmpoweringShard","Flex","Body Slam","ClockworkSouvenir","HeartOfIron"],"campfire_rested":4,"item_purchase_floors":[14,38,38,38,38,53,53],"current_hp_per_floor":[80,80,80,80,80,58,58,64,64,64,42,48,54,54,54,60,80,80,76,77,77,68,48,48,48,48,72,57,58,55,55,80,62,85,80,79,85,85,85,85,85,78,78,72,72,78,78,84,85,27,85,85,85,85,20],"gold":1109,"neow_bonus":"THREE_RARE_CARDS","is_daily":false,"chose_seed":false,"campfire_upgraded":1,"win_rate":0.0,"timestamp":1611143917,"path_taken":["M","M","M","M","M","E","?","E","T","$","E","M","E","?","R","BOSS","M","M","M","?","M","E","?","?","T","R","E","M","?","?","R","BOSS","M","M","?","$","?","E","R","E","T","E","?","M","?","E","R","BOSS","R","$","E","BOSS"],"items_purchased_type":["Card","Relic","Relic","Card","Card","Relic","Potion"],"build_version":"2020-12-22","purchased_purges":1,"victory":true,"max_hp_per_floor":[80,80,80,80,80,80,80,80,80,80,80,80,80,80,80,80,80,80,80,80,80,80,80,80,80,80,80,85,85,85,85,85,85,85,85,85,85,85,85,85,85,85,85,85,85,85,85,85,85,85,85,85,85,85,85],"relic_stats":{"counters":[31,117],"Bronze Scales":[221],"Pen Nib":[20],"Boot":[43],"obtain_stats":[{"ReplayTheSpireMod:CursedCoin":38,"Dead Branch":48,"Vajra":9,"Circlet":0,"wanderingMiniBosses:MasterThiefsPresence":29,"Hammer of Thor":0,"King of Hearts":8,"Pen Nib":11,"hubris:SlimyHat":23,"Seething Fire":0,"hubris:Towel":45,"Boot":13,"Burning Blood":0,"ClockworkSouvenir":53,"BranchBurnRelic":49,"hubris:Icosahedron":47,"Anvil of the Gods":0,"Bronze Scales":6,"Onion Ring":40,"infinitespire:Golems Mask":54,"hubris:TenFootPole":28,"infinitespire:EmpoweringShard":38,"hubris:CrackedHourglass":17,"infinitespire:PuzzleCube":21},{"ReplayTheSpireMod:CursedCoin":23,"Dead Branch":28,"Vajra":7,"Circlet":0,"wanderingMiniBosses:MasterThiefsPresence":18,"Hammer of Thor":0,"King of Hearts":7,"Pen Nib":8,"hubris:SlimyHat":16,"Seething Fire":0,"hubris:Towel":26,"Boot":10,"Burning Blood":0,"ClockworkSouvenir":29,"BranchBurnRelic":28,"hubris:Icosahedron":27,"Anvil of the Gods":0,"Bronze Scales":6,"Onion Ring":24,"infinitespire:Golems Mask":30,"hubris:TenFootPole":17,"infinitespire:EmpoweringShard":23,"hubris:CrackedHourglass":11,"infinitespire:PuzzleCube":14},{"ReplayTheSpireMod:CursedCoin":79,"Dead Branch":98,"Vajra":22,"Circlet":0,"wanderingMiniBosses:MasterThiefsPresence":62,"Hammer of Thor":0,"King of Hearts":22,"Pen Nib":27,"hubris:SlimyHat":54,"Seething Fire":0,"hubris:Towel":93,"Boot":31,"Burning Blood":0,"ClockworkSouvenir":108,"BranchBurnRelic":98,"hubris:Icosahedron":96,"Anvil of the Gods":0,"Bronze Scales":20,"Onion Ring":84,"infinitespire:Golems Mask":110,"hubris:TenFootPole":59,"infinitespire:EmpoweringShard":79,"hubris:CrackedHourglass":36,"infinitespire:PuzzleCube":47}],"Burning Blood":148},"card_choices":[{"not_picked":["Immolate","Corruption"],"picked":"Limit Break","floor":0.0},{"not_picked":["Anger","Battle Trance"],"picked":"Run Through","floor":1.0},{"not_picked":["True Grit","Body Slam"],"picked":"Thunderclap","floor":2.0},{"not_picked":["Run Through","Warcry","Wild Strike"],"picked":"SKIP","floor":3.0},{"not_picked":["Perfected Strike","Defy Death"],"picked":"Clash","floor":4.0},{"not_picked":["Shockwave","Heavy Blade"],"picked":"Run Through","floor":5.0},{"not_picked":["Flame Barrier","Seeing Red"],"picked":"Rampage","floor":6.0},{"not_picked":["Sentinel","Defy Death"],"picked":"Sword Boomerang","floor":8.0},{"not_picked":["Thunderclap","Entrench"],"picked":"Heavy Blade","floor":11.0},{"not_picked":["Anger","BarbarianYell"],"picked":"Disarm","floor":12.0},{"not_picked":["Juggernaut","Armaments"],"picked":"Exhume","floor":13.0},{"not_picked":["Impervious","Fiend Fire"],"picked":"Exhume","floor":16.0},{"not_picked":["Rupture+1","True Grit"],"picked":"Thunderclap","floor":18.0},{"not_picked":["ReplayTheSpireMod:Strike From Hell","Headbutt"],"picked":"Body Slam","floor":19.0},{"not_picked":["ReplayTheSpireMod:Corrosion Curse","Headbutt"],"picked":"Clash","floor":20.0},{"not_picked":["Pommel Strike","Brutality"],"picked":"Sword Boomerang","floor":22.0},{"not_picked":["Carnage+1","Heavy Blade"],"picked":"Iron Wave","floor":23.0},{"not_picked":["Massacre","Warcry+1"],"picked":"Shrug It Off","floor":28.0},{"not_picked":["Blood for Blood","Warcry"],"picked":"Sword Boomerang","floor":29.0},{"not_picked":["Life Link","Sword Boomerang"],"picked":"Disarm","floor":30.0},{"not_picked":["Double Tap","Immolate"],"picked":"Juggernaut","floor":33.0},{"not_picked":["Sword Boomerang","Intimidate"],"picked":"Perfected Strike","floor":35.0},{"not_picked":["Clothesline+1","Perfected Strike"],"picked":"Heavy Blade+1","floor":36.0},{"not_picked":["Flex+1","Second Wind"],"picked":"Intimidate+1","floor":37.0},{"not_picked":["Dropkick+1","Run Through"],"picked":"Heavy Blade+1","floor":40.0},{"not_picked":["Armaments+1","Wild Strike+1"],"picked":"Thunderclap+1","floor":42.0},{"not_picked":["Heavy Blade+1","Infernal Blade+1"],"picked":"Limit Break","floor":44.0},{"not_picked":["Clothesline","hubris:ReadiedAction+1","Wild Strike"],"picked":"SKIP","floor":46.0},{"not_picked":["Iron Wave+1","Whirlwind"],"picked":"Body Slam+1","floor":48.0},{"not_picked":["Fire Breathing+1","Sentinel","Dual Wield"],"picked":"SKIP","floor":54}],"player_experience":692175,"relics_obtained":[{"floor":6.0,"key":"Bronze Scales"},{"floor":8.0,"key":"King of Hearts"},{"floor":9.0,"key":"Vajra"},{"floor":11.0,"key":"Pen Nib"},{"floor":13.0,"key":"Boot"},{"floor":23.0,"key":"hubris:SlimyHat"},{"floor":28.0,"key":"hubris:TenFootPole"},{"floor":29.0,"key":"wanderingMiniBosses:MasterThiefsPresence"},{"floor":40.0,"key":"Onion Ring"},{"floor":48.0,"key":"Dead Branch"},{"floor":54,"key":"infinitespire:Golems Mask"}],"event_choices":[{"damage_healed":0.0,"max_hp_gain":0.0,"max_hp_loss":0.0,"gold_gain":0.0,"event_name":"The Library","player_choice":"Read","floor":24.0,"gold_loss":0.0,"damage_taken":0.0,"cards_obtained":["Cleave"]},{"damage_healed":0.0,"max_hp_gain":0.0,"max_hp_loss":0.0,"gold_gain":0.0,"event_name":"Ghosts","player_choice":"Ignored","floor":25.0,"gold_loss":0.0,"damage_taken":0.0},{"damage_healed":0.0,"max_hp_gain":0.0,"max_hp_loss":0.0,"gold_gain":0.0,"event_name":"The Joust","player_choice":"Bet on Murderer","floor":31.0,"gold_loss":50.0,"damage_taken":0.0}],"is_beta":false,"boss_relics":[{"not_picked":["hubris:GrandSneckoEye","Mark of Pain"],"picked":"hubris:CrackedHourglass"},{"not_picked":["Empty Cage","Electric Blood","Snecko Eye"]}],"items_purged_floors":[38],"is_endless":false,"potions_floor_spawned":[2,4,5,11,13,16,23,28,29,30,33,36,42,44,48],"ascension_level":1}}