{"host":"s41rn2jhghpwfrvz","time":1611123846,"event":{"mods":["BaseMod","Minty Spire (QoL Compilation)","Quick Restart","Relic Stats","SuperFastMode"],"gold_per_floor":[118,118,135,154,173,204,204,231,231,231,231],"floor_reached":10,"language":"ENG","playtime":559,"items_purged":[],"score":206,"play_id":"9ea5f7ab-d2cb-49b5-9e8b-9a72b7f95fee","local_time":"20210120082406","daily_mods":["SealedDeck","Vintage","DeadlyEvents"],"is_ascension_mode":true,"campfire_choices":[{"data":"Prostrate","floor":7,"key":"SMITH"}],"circlet_count":0,"master_deck":["AscendersBane","Evaluate","Crescendo","ClearTheMind","LikeWater","Swivel","ClearTheMind","Wallop","MentalFortress","Prostrate+1","Sanctity"],"relics":["PureWater","Mummified Hand","Gambling Chip","Sundial","Centennial Puzzle","Ancient Tea Set","Art of War"],"acts_visited":["Exordium"],"potions_floor_usage":[5,10,10],"damage_taken":[{"damage":14,"enemies":"Small Slimes","floor":1,"turns":4},{"damage":0,"enemies":"2 Louse","floor":3,"turns":5},{"damage":0,"enemies":"Jaw Worm","floor":4,"turns":4},{"damage":0,"enemies":"Exordium Thugs","floor":5,"turns":5},{"damage":0,"enemies":"Lagavulin","floor":6,"turns":7},{"damage":28,"enemies":"3 Sentries","floor":8,"turns":25},{"damage":20,"enemies":"Gremlin Nob","floor":10,"turns":4}],"seed_played":"-4307408492423137873","potions_obtained":[{"floor":1,"key":"Swift Potion"},{"floor":3,"key":"SkillPotion"},{"floor":6,"key":"Weak Potion"}],"is_trial":true,"path_per_floor":["M","?","M","M","M","E","R","E","T","E"],"character_chosen":"WATCHER","items_purchased":[],"campfire_rested":0,"item_purchase_floors":[],"current_hp_per_floor":[47,47,47,47,47,47,47,19,19,0,0],"gold":231,"neow_bonus":"","is_daily":false,"chose_seed":false,"campfire_upgraded":1,"win_rate":0.0,"timestamp":1611123846,"path_taken":["M","?","M","M","M","E","R","E","T","E"],"items_purchased_type":[],"build_version":"2020-12-22","purchased_purges":0,"victory":false,"max_hp_per_floor":[68,68,68,68,68,68,68,68,68,68,68],"relic_stats":{"Centennial Puzzle":[6],"counters":[7,54],"Mummified Hand":[17],"Sundial":[28],"Gambling Chip":[0],"Art of War":[0],"obtain_stats":[{"Centennial Puzzle":5,"Mummified Hand":1,"Sundial":4,"Gambling Chip":3,"Art of War":8,"PureWater":0,"Ancient Tea Set":6},{"Centennial Puzzle":4,"Mummified Hand":1,"Sundial":3,"Gambling Chip":2,"Art of War":6,"PureWater":0,"Ancient Tea Set":5},{"Centennial Puzzle":18,"Mummified Hand":4,"Sundial":13,"Gambling Chip":9,"Art of War":50,"PureWater":0,"Ancient Tea Set":25}]},"card_choices":[{"not_picked":["FearNoEvil","Evaluate","Protect"],"picked":"SKIP","floor":6},{"not_picked":["Evaluate","CutThroughFate"],"picked":"Sanctity","floor":8}],"player_experience":1816059,"relics_obtained":[{"floor":1,"key":"Mummified Hand"},{"floor":3,"key":"Gambling Chip"},{"floor":4,"key":"Sundial"},{"floor":5,"key":"Centennial Puzzle"},{"floor":6,"key":"Ancient Tea Set"},{"floor":8,"key":"Art of War"}],"event_choices":[{"cards_removed":["Consecrate"],"damage_healed":0,"gold_gain":0,"player_choice":"Forget","damage_taken":0,"max_hp_gain":0,"max_hp_loss":0,"event_name":"Living Wall","floor":2,"gold_loss":0}],"is_beta":false,"boss_relics":[],"items_purged_floors":[],"is_endless":false,"potions_floor_spawned":[1,3,6],"killed_by":"Gremlin Nob","ascension_level":20}}