{"host":"y1oqg7uy0jc6f5mb","time":1611128335,"event":{"mods":["BaseMod","Better Altar","Better Match","Better Note","Better Sensory Stone","Better Skull","Better Third Choice","BetterRewards","Block Reminder","Colored Map","Colored Powertips","Custom Start","DeckTracker","Highlight Path","Minty Spire (QoL Compilation)","Permanent Neow","Quick Restart","Relic Sorter","Relic Stats","Shop Mod","StSLib"],"gold_per_floor":[112,62,77,88,88,88,119,16,16,16,16,36,47,65,65,163,163,134,149,149,149,169,204,52,52,76,87,98,98,128,56,56,158,208,224,224,2,52,64,64,96,96,123,136,169,169,169,202,202,202],"floor_reached":51,"language":"ENG","playtime":6767,"items_purged":[],"score":906,"play_id":"c51472c5-3998-4aa9-b230-d9683dc57863","local_time":"20210120153855","is_ascension_mode":true,"campfire_choices":[{"floor":6.0,"key":"REST"},{"data":"Mayhem","floor":10.0,"key":"SMITH"},{"floor":15.0,"key":"REST"},{"floor":25.0,"key":"REST"},{"data":"Burst","floor":29.0,"key":"SMITH"},{"floor":32.0,"key":"REST"},{"floor":40.0,"key":"DIG"},{"floor":46.0,"key":"REST"},{"data":"Calculated Gamble","floor":49.0,"key":"SMITH"}],"circlet_count":0,"master_deck":["Strike_G","Strike_G","Strike_G","Strike_G","Strike_G","Defend_G","Defend_G","Defend_G","Defend_G","Survivor","Neutralize","Mayhem+1","Finisher","Dash","Blur","Prepared","Footwork","Flying Knee","Terror","Backflip","Burst+1","Outmaneuver+1","Catalyst+1","Die Die Die","Blade Dance+1","Noxious Fumes","Poisoned Stab","Terror","Leg Sweep","Dodge and Roll","Deflect","Glass Knife","PiercingWail","Footwork+1","Calculated Gamble+1","Acrobatics+1","Masterful Stab+1","Master of Strategy","Crippling Poison+1","A Thousand Cuts","Writhe","Backflip+1"],"relics":["Ring of the Snake","betterThird:SlimedRelic","Thread and Needle","Happy Flower","Ginger","HoveringKite","Nilry\u0027s Codex","Shovel","Meat on the Bone","Juzu Bracelet","Red Mask","Tiny House","Boot","Tough Bandages","Question Card","Pear","Strawberry","Vajra","Mercury Hourglass"],"acts_visited":["Exordium","TheCity","TheBeyond"],"potions_floor_usage":[],"damage_taken":[{"damage":0.0,"enemies":"Cultist","floor":1.0,"turns":4.0},{"damage":4.0,"enemies":"Jaw Worm","floor":3.0,"turns":4.0},{"damage":2.0,"enemies":"Small Slimes","floor":4.0,"turns":4.0},{"damage":10.0,"enemies":"Gremlin Nob","floor":7.0,"turns":6.0},{"damage":1.0,"enemies":"Gremlin Gang","floor":12.0,"turns":6.0},{"damage":0.0,"enemies":"2 Fungi Beasts","floor":13.0,"turns":5.0},{"damage":11.0,"enemies":"Exordium Thugs","floor":14.0,"turns":7.0},{"damage":0.0,"enemies":"Hexaghost","floor":16.0,"turns":10.0},{"damage":1.0,"enemies":"2 Thieves","floor":18.0,"turns":5.0},{"damage":12.0,"enemies":"Shell Parasite","floor":19.0,"turns":9.0},{"damage":22.0,"enemies":"Snake Plant","floor":22.0,"turns":6.0},{"damage":26.0,"enemies":"Slavers","floor":23.0,"turns":11.0},{"damage":15.0,"enemies":"3 Cultists","floor":27.0,"turns":5.0},{"damage":1.0,"enemies":"Cultist and Chosen","floor":28.0,"turns":7.0},{"damage":36.0,"enemies":"Masked Bandits","floor":30.0,"turns":7.0},{"damage":4.0,"enemies":"Automaton","floor":33.0,"turns":12.0},{"damage":12.0,"enemies":"3 Darklings","floor":35.0,"turns":11.0},{"damage":3.0,"enemies":"Mind Bloom Boss Battle","floor":38.0,"turns":7.0},{"damage":18.0,"enemies":"3 Shapes","floor":39.0,"turns":7.0},{"damage":0.0,"enemies":"Nemesis","floor":41.0,"turns":7.0},{"damage":41.0,"enemies":"Spire Growth","floor":44.0,"turns":10.0},{"damage":20.0,"enemies":"Reptomancer","floor":45.0,"turns":10.0},{"damage":34.0,"enemies":"Giant Head","floor":48.0,"turns":12.0},{"damage":64,"enemies":"Awakened One","floor":50,"turns":18}],"seed_played":"-3031238782077157305","potions_obtained":[{"floor":1.0,"key":"LiquidBronze"},{"floor":12.0,"key":"FearPotion"},{"floor":13.0,"key":"SpeedPotion"},{"floor":27.0,"key":"DistilledChaos"},{"floor":28.0,"key":"FearPotion"},{"floor":30.0,"key":"Ancient Potion"},{"floor":34.0,"key":"EntropicBrew"},{"floor":38.0,"key":"Poison Potion"},{"floor":41.0,"key":"FearPotion"}],"is_trial":false,"path_per_floor":["M","?","M","M","?","R","E","$","T","R","?","M","M","M","R","B",null,"M","M","?","T","M","E","$","R","T","M","M","R","?","$","R","B",null,"M","?","$","?","M","R","E","?","T","M","E","R","?","E","R","B",null],"character_chosen":"THE_SILENT","items_purchased":["Prepared","Footwork","Noxious Fumes","Poisoned Stab","Terror","LiquidMemories","Calculated Gamble","Boot"],"campfire_rested":5,"item_purchase_floors":[8,8,24,24,24,31,37,37],"current_hp_per_floor":[70,59,55,53,35,56,46,46,46,46,46,45,45,34,55,55,70,69,57,41,41,19,28,28,49,49,46,45,45,21,21,42,38,75,63,63,63,60,42,42,52,52,59,30,22,49,72,50,50,33],"gold":202,"neow_bonus":"RANDOM_COLORLESS_2","is_daily":false,"chose_seed":false,"campfire_upgraded":3,"win_rate":0.0,"timestamp":1611128335,"path_taken":["M","?","M","M","?","R","E","$","T","R","?","M","M","?","R","BOSS","M","M","?","?","?","E","$","R","T","M","M","R","?","$","R","BOSS","M","?","$","?","M","R","E","?","T","M","E","R","?","E","R","BOSS"],"items_purchased_type":["Card","Card","Card","Card","Card","Potion","Card","Relic"],"build_version":"2020-12-22","purchased_purges":0,"victory":true,"max_hp_per_floor":[70,70,70,70,70,70,70,70,70,70,70,70,70,70,70,70,70,70,70,70,70,70,70,70,70,70,70,70,70,70,70,70,70,75,75,75,75,75,75,75,85,85,92,92,92,92,92,92,92,92],"relic_stats":{"Happy Flower":[57],"counters":[24,190],"HoveringKite":[43],"Juzu Bracelet":0,"Ginger":[26],"Boot":[44],"Question Card":6,"Mercury Hourglass":[78],"Tough Bandages":[129],"Shovel":1,"obtain_stats":[{"Tiny House":34,"Pear":41,"Happy Flower":7,"Nilry\u0027s Codex":20,"HoveringKite":17,"Vajra":45,"Thread and Needle":5,"Juzu Bracelet":26,"Ginger":9,"Boot":37,"Question Card":40,"Mercury Hourglass":48,"Tough Bandages":38,"Shovel":21,"betterThird:SlimedRelic":2,"Strawberry":43,"Red Mask":30,"Ring of the Snake":0,"Meat on the Bone":23},{"Tiny House":16,"Pear":20,"Happy Flower":4,"Nilry\u0027s Codex":10,"HoveringKite":8,"Vajra":22,"Thread and Needle":3,"Juzu Bracelet":12,"Ginger":4,"Boot":17,"Question Card":19,"Mercury Hourglass":23,"Tough Bandages":18,"Shovel":10,"betterThird:SlimedRelic":1,"Strawberry":20,"Red Mask":15,"Ring of the Snake":0,"Meat on the Bone":12},{"Tiny House":108,"Pear":140,"Happy Flower":18,"Nilry\u0027s Codex":60,"HoveringKite":46,"Vajra":160,"Thread and Needle":12,"Juzu Bracelet":77,"Ginger":18,"Boot":119,"Question Card":133,"Mercury Hourglass":172,"Tough Bandages":126,"Shovel":60,"betterThird:SlimedRelic":4,"Strawberry":140,"Red Mask":96,"Ring of the Snake":0,"Meat on the Bone":77}],"Ring of the Snake":[48],"Meat on the Bone":72},"card_choices":[{"not_picked":["Metamorphosis","Violence"],"picked":"Mayhem","floor":0.0},{"not_picked":["Blade Dance","Dagger Throw"],"picked":"Finisher","floor":1.0},{"not_picked":["Catalyst","Underhanded Strike"],"picked":"Dash","floor":3.0},{"not_picked":["Well Laid Plans","Endless Agony","Deadly Poison"],"picked":"SKIP","floor":4.0},{"not_picked":["Poisoned Stab","Acrobatics"],"picked":"Blur","floor":7.0},{"not_picked":["Quick Slash","Bane"],"picked":"Flying Knee","floor":12.0},{"not_picked":["Quick Slash","Deadly Poison"],"picked":"Terror","floor":13.0},{"not_picked":["Flying Knee","Dodge and Roll"],"picked":"Backflip","floor":14.0},{"not_picked":["Bullet Time","Doppelganger"],"picked":"Burst","floor":16.0},{"not_picked":["PiercingWail","Poisoned Stab"],"picked":"Outmaneuver","floor":18.0},{"not_picked":["Flying Knee","Escape Plan"],"picked":"Catalyst+1","floor":19.0},{"not_picked":["Sucker Punch","Dagger Throw"],"picked":"Die Die Die","floor":22.0},{"not_picked":["Dodge and Roll","Glass Knife"],"picked":"Blade Dance+1","floor":23.0},{"not_picked":["Terror","Slice+1"],"picked":"Leg Sweep","floor":27.0},{"not_picked":["Underhanded Strike","Dagger Spray"],"picked":"Dodge and Roll","floor":28.0},{"not_picked":["Dagger Throw","Sucker Punch+1"],"picked":"Deflect","floor":30.0},{"not_picked":["Corpse Explosion","Die Die Die"],"picked":"Glass Knife","floor":33.0},{"not_picked":["Predator","Caltrops"],"picked":"PiercingWail","floor":34.0},{"not_picked":["Distraction","Deadly Poison"],"picked":"Footwork+1","floor":35.0},{"not_picked":["Outmaneuver+1","Infinite Blades+1"],"picked":"Acrobatics+1","floor":39.0},{"not_picked":["Predator+1","Finisher","Dagger Spray"],"picked":"Masterful Stab+1","floor":41.0},{"not_picked":["Panacea","Enlightenment","Good Instincts"],"picked":"Master of Strategy","floor":42.0},{"not_picked":["Dash+1","Escape Plan","Leg Sweep"],"picked":"Crippling Poison+1","floor":44.0},{"not_picked":["Riddle With Holes+1","Dagger Spray","PiercingWail"],"picked":"A Thousand Cuts","floor":45.0},{"not_picked":["Outmaneuver+1","Heel Hook+1","Slice+1"],"picked":"Backflip+1","floor":48.0}],"player_experience":84415,"relics_obtained":[{"floor":7.0,"key":"Happy Flower"},{"floor":9.0,"key":"Ginger"},{"floor":20.0,"key":"Nilry\u0027s Codex"},{"floor":21.0,"key":"Shovel"},{"floor":23.0,"key":"Meat on the Bone"},{"floor":26.0,"key":"Juzu Bracelet"},{"floor":30.0,"key":"Red Mask"},{"floor":38.0,"key":"Tough Bandages"},{"floor":40.0,"key":"Question Card"},{"floor":41.0,"key":"Pear"},{"floor":43.0,"key":"Strawberry"},{"floor":45.0,"key":"Vajra"},{"floor":48.0,"key":"Mercury Hourglass"}],"event_choices":[{"damage_healed":0.0,"max_hp_gain":0.0,"max_hp_loss":0.0,"gold_gain":0.0,"event_name":"betterThird:BetterGoop","player_choice":"Slimed","floor":2.0,"gold_loss":50.0,"damage_taken":11.0},{"damage_healed":0.0,"max_hp_gain":0.0,"max_hp_loss":0.0,"gold_gain":1.0,"event_name":"betterThird:BetterScrap","player_choice":"Relic ","floor":5.0,"gold_loss":0.0,"damage_taken":18.0,"cards_obtained":["Corruption"]},{"cards_removed":["Decay"],"damage_healed":0.0,"max_hp_gain":0.0,"max_hp_loss":0.0,"gold_gain":0.0,"event_name":"Fountain of Cleansing","player_choice":"Removed Curses","floor":11.0,"gold_loss":0.0,"damage_taken":0.0},{"damage_healed":0.0,"max_hp_gain":0.0,"max_hp_loss":0.0,"gold_gain":0.0,"event_name":"Cursed Tome","player_choice":"Obtained Book","floor":20.0,"gold_loss":0.0,"damage_taken":16.0},{"damage_healed":0.0,"max_hp_gain":0.0,"max_hp_loss":0.0,"gold_gain":0.0,"event_name":"Masked Bandits","player_choice":"Fought Bandits","floor":30.0,"gold_loss":0.0,"damage_taken":0.0},{"cards_removed":["Defend_G"],"damage_healed":0.0,"max_hp_gain":0.0,"max_hp_loss":0.0,"gold_gain":0.0,"event_name":"Falling","player_choice":"Removed Skill","floor":36.0,"gold_loss":0.0,"damage_taken":0.0},{"damage_healed":0.0,"max_hp_gain":0.0,"max_hp_loss":0.0,"gold_gain":0.0,"event_name":"MindBloom","player_choice":"Fight","floor":38.0,"gold_loss":0.0,"damage_taken":0.0},{"damage_healed":0.0,"max_hp_gain":0.0,"max_hp_loss":0.0,"gold_gain":3.0,"event_name":"betterStone:BetterStone","player_choice":"1","floor":42.0,"gold_loss":0.0,"damage_taken":0.0},{"damage_healed":23.0,"max_hp_gain":0.0,"max_hp_loss":0.0,"gold_gain":0.0,"event_name":"Winding Halls","player_choice":"Writhe","floor":47.0,"gold_loss":0.0,"damage_taken":0.0,"cards_obtained":["Writhe"]}],"is_beta":false,"boss_relics":[{"not_picked":["SlaversCollar","Snecko Eye"],"picked":"HoveringKite"},{"not_picked":["Philosopher\u0027s Stone","Empty Cage"],"picked":"Tiny House"}],"items_purged_floors":[],"is_endless":false,"potions_floor_spawned":[1,12,13,27,28,30,38,39,41],"ascension_level":2}}