{"host":"7tqog9fnhs0gxmti","time":1611147966,"event":{"mods":["AchievementEnabler","Act Like it!","Astrologer","BaseMod","Beaked The Cultist","CapriCore","Colored Map","Colored Powertips","Hermit","Highlight Path","Minty Spire (QoL Compilation)","Quick Restart","Random Character Button","Rare Cards Sparkle","Robot Space Explorer","StSLib","The Bug Knight","The Construct","The Cursed","The Disciple","The Gatherer","The Hayseed","The Marked","Wandering Minibosses","everything is the same but u backflip on backflip"],"gold_per_floor":[114,132,149,29,29,29,61,61,61,61,91,110,110,61,61,161,161,173,193,193,93,192,192,116,116,189,203,233,249,261,290,290,387,387,403,403,403,423,442,477,489,499,549,601,601,601],"floor_reached":45,"language":"ENG","playtime":2206,"items_purged":["TheSimpletonMod:Strike_TheSimpleton","TheSimpletonMod:Defend_TheSimpleton"],"score":543,"play_id":"8302a0c9-0788-4550-9aa2-a1e6838ca5e9","local_time":"20210120210606","is_ascension_mode":false,"campfire_choices":[{"data":"TheSimpletonMod:Photosynthesis","floor":6,"key":"SMITH"},{"data":"TheSimpletonMod:Potatoes","floor":8,"key":"SMITH"},{"data":"TheSimpletonMod:OnionBloom","floor":13,"key":"SMITH"},{"floor":15,"key":"REST"},{"data":"TheSimpletonMod:Surplus","floor":23,"key":"SMITH"},{"floor":32,"key":"REST"}],"circlet_count":0,"master_deck":["TheSimpletonMod:Strike_TheSimpleton","TheSimpletonMod:Strike_TheSimpleton","TheSimpletonMod:Strike_TheSimpleton","TheSimpletonMod:Defend_TheSimpleton","TheSimpletonMod:Defend_TheSimpleton","TheSimpletonMod:Defend_TheSimpleton","TheSimpletonMod:Haymaker","TheSimpletonMod:ReapAndSow","TheSimpletonMod:CloseScrape","TheSimpletonMod:Photosynthesis+1","TheSimpletonMod:OnionBloom+1","TheSimpletonMod:Potatoes+1","TheSimpletonMod:PestManagement","TheSimpletonMod:VolatileFumes","TheSimpletonMod:SlashAndBurn","TheSimpletonMod:Surplus+1","TheSimpletonMod:Swelter","TheSimpletonMod:Aerate","TheSimpletonMod:RootDown","Swift Strike","TheSimpletonMod:Swelter+1","TheSimpletonMod:Pruning+1","TheSimpletonMod:TakeHeart","TheSimpletonMod:Potatoes+1","Flash of Steel","TheSimpletonMod:RootDown+1","TheSimpletonMod:RootDown+1","TheSimpletonMod:BumperCrop+1"],"relics":["TheSimpletonMod:SpudOfTheInnocent","TheSimpletonMod:NightSoil","TheSimpletonMod:TheHarvester","NeowsBlessing","construct:FoamFinger","TheSimpletonMod:PicklingJar","Mercury Hourglass","StrikeDummy","Question Card","SlaversCollar","Paper Crane","WingedGreaves","Mummified Hand","Coffee Dripper","Toxic Egg 2","Omamori","CaptainsWheel"],"acts_visited":["Exordium","TheCity","TheBeyond"],"potions_floor_usage":[11,16,27,31,31,39],"damage_taken":[{"damage":0,"enemies":"Cultist","floor":1,"turns":1},{"damage":0,"enemies":"Jaw Worm","floor":2,"turns":1},{"damage":0,"enemies":"2 Louse","floor":3,"turns":1},{"damage":30,"enemies":"Lagavulin","floor":7,"turns":6},{"damage":6,"enemies":"Gremlin Nob","floor":11,"turns":3},{"damage":11,"enemies":"Large Slime","floor":12,"turns":4},{"damage":3,"enemies":"Hexaghost","floor":16,"turns":9},{"damage":27,"enemies":"Spheric Guardian","floor":18,"turns":4},{"damage":2,"enemies":"Shell Parasite","floor":19,"turns":7},{"damage":1,"enemies":"Snecko","floor":27,"turns":5},{"damage":41,"enemies":"Slavers","floor":28,"turns":4},{"damage":8,"enemies":"Chosen and Byrds","floor":29,"turns":5},{"damage":27,"enemies":"Centurion and Healer","floor":30,"turns":5},{"damage":3,"enemies":"Book of Stabbing","floor":31,"turns":2},{"damage":7,"enemies":"Collector","floor":33,"turns":5},{"damage":11,"enemies":"3 Darklings","floor":35,"turns":3},{"damage":10,"enemies":"3 Shapes","floor":38,"turns":2},{"damage":22,"enemies":"Maw","floor":39,"turns":7},{"damage":34,"enemies":"Nemesis","floor":40,"turns":7},{"damage":12,"enemies":"3 Darklings","floor":41,"turns":4},{"damage":12,"enemies":"Transient","floor":42,"turns":5},{"damage":25,"enemies":"2 Orb Walkers","floor":44,"turns":5},{"damage":0,"enemies":"Maw","floor":45,"turns":1}],"seed_played":"-5926622974161790937","potions_obtained":[{"floor":3,"key":"Dexterity Potion"},{"floor":7,"key":"Fire Potion"},{"floor":16,"key":"SkillPotion"},{"floor":19,"key":"FearPotion"},{"floor":29,"key":"FairyPotion"},{"floor":30,"key":"AttackPotion"},{"floor":33,"key":"SpeedPotion"},{"floor":38,"key":"Fire Potion"},{"floor":40,"key":"SpeedPotion"}],"is_trial":false,"path_per_floor":["M","M","M","$","?","R","E","R","T","T","E","M","R","$","R","B",null,"M","M","?","$","?","R","$","?","T","M","E","M","M","E","R","B",null,"M","?","?","M","M","E","M","M","T","?","M"],"character_chosen":"THE_SIMPLETON","items_purchased":["TheSimpletonMod:Potatoes","TheSimpletonMod:SlashAndBurn","TheSimpletonMod:RootDown"],"campfire_rested":2,"item_purchase_floors":[4,14,24],"current_hp_per_floor":[75,75,75,75,63,63,37,37,37,37,35,24,24,24,46,51,75,48,54,75,75,75,75,75,75,75,74,41,37,14,11,33,34,75,64,64,64,58,45,21,23,29,29,18,18,18],"gold":601,"neow_bonus":"THREE_ENEMY_KILL","is_daily":false,"chose_seed":false,"campfire_upgraded":4,"win_rate":0.0,"timestamp":1611147966,"path_taken":["M","M","?","$","?","R","E","R","T","?","E","M","R","?","R","BOSS","M","?","?","$","?","R","?","?","T","M","E","?","?","E","R","BOSS","M","?","?","M","M","E","M","M","T","?","?"],"items_purchased_type":["Card","Card","Card"],"build_version":"2020-12-22","purchased_purges":2,"victory":false,"max_hp_per_floor":[75,75,75,75,75,75,75,75,75,75,75,75,75,75,75,75,75,75,75,75,75,75,75,75,75,75,75,75,75,75,75,75,75,75,75,75,75,75,75,75,75,75,75,75,75,75],"card_choices":[{"not_picked":["TheSimpletonMod:StockTheCellar","TheSimpletonMod:OnionBloom"],"picked":"TheSimpletonMod:CloseScrape","floor":1},{"not_picked":["TheSimpletonMod:Swelter","TheSimpletonMod:ControlledBurn"],"picked":"TheSimpletonMod:Photosynthesis","floor":2},{"not_picked":["TheSimpletonMod:Ferment","TheSimpletonMod:GoToMarket"],"picked":"TheSimpletonMod:OnionBloom","floor":3},{"not_picked":["TheSimpletonMod:CloseScrape","TheSimpletonMod:FlashPasteurize"],"picked":"TheSimpletonMod:PestManagement","floor":7},{"not_picked":["TheSimpletonMod:Sunchoke","TheSimpletonMod:CloseScrape"],"picked":"TheSimpletonMod:VolatileFumes","floor":11},{"not_picked":["TheSimpletonMod:ToughenUp","TheSimpletonMod:Potatoes","TheSimpletonMod:BumperCrop","TheSimpletonMod:Sunseed"],"picked":"SKIP","floor":12},{"not_picked":["TheSimpletonMod:Photosynthesis","TheSimpletonMod:Asparagus","TheSimpletonMod:SaltTheEarth"],"picked":"TheSimpletonMod:Surplus","floor":16},{"not_picked":["TheSimpletonMod:SpiceUp+1","TheSimpletonMod:SaladShooter","TheSimpletonMod:Rake"],"picked":"TheSimpletonMod:Swelter","floor":18},{"not_picked":["TheSimpletonMod:SaladShooter","TheSimpletonMod:Swelter","TheSimpletonMod:ToughenUp"],"picked":"TheSimpletonMod:Aerate","floor":19},{"not_picked":["TheSimpletonMod:Ferment+1","TheSimpletonMod:SpiceUp+1","TheSimpletonMod:Rototilling"],"picked":"TheSimpletonMod:Swelter+1","floor":27},{"not_picked":["TheSimpletonMod:VineRipen","TheSimpletonMod:Mulch","TheSimpletonMod:DoubleBarrel","TheSimpletonMod:CloseScrape+1"],"picked":"SKIP","floor":28},{"not_picked":["TheSimpletonMod:SeedCoat","TheSimpletonMod:SpiceUp","TheSimpletonMod:CloseScrape"],"picked":"TheSimpletonMod:Pruning+1","floor":29},{"not_picked":["TheSimpletonMod:BumperCrop","TheSimpletonMod:Pruning","TheSimpletonMod:Rototilling","TheSimpletonMod:Aerate"],"picked":"SKIP","floor":30},{"not_picked":["TheSimpletonMod:Mulch","TheSimpletonMod:RootDown","TheSimpletonMod:FlashPasteurize","TheSimpletonMod:SlashAndBurn"],"picked":"SKIP","floor":31},{"not_picked":["TheSimpletonMod:ResistantStrain","TheSimpletonMod:VolatileFumes","TheSimpletonMod:ResearchGrant"],"picked":"TheSimpletonMod:TakeHeart","floor":33},{"not_picked":["TheSimpletonMod:SaladShooter+1","TheSimpletonMod:ControlledBurn+1","TheSimpletonMod:Pruning"],"picked":"TheSimpletonMod:Potatoes+1","floor":35},{"not_picked":["Transmutation","Forethought","Trip"],"picked":"Flash of Steel","floor":37},{"not_picked":["TheSimpletonMod:CloseScrape+1","TheSimpletonMod:SaladShooter+1","TheSimpletonMod:SeedCoat+1","TheSimpletonMod:DigIn"],"picked":"SKIP","floor":38},{"not_picked":["TheSimpletonMod:Sunchoke+1","TheSimpletonMod:Rototilling+1","TheSimpletonMod:SeedCoat"],"picked":"TheSimpletonMod:RootDown+1","floor":39},{"not_picked":["TheSimpletonMod:Ferment+1","TheSimpletonMod:Fertilaser","TheSimpletonMod:ErosionControl+1"],"picked":"TheSimpletonMod:RootDown+1","floor":40},{"not_picked":["TheSimpletonMod:Thresh","TheSimpletonMod:SaladShooter+1","TheSimpletonMod:ToughenUp+1","TheSimpletonMod:SoilSample+1"],"picked":"SKIP","floor":41},{"not_picked":["TheSimpletonMod:Sunseed+1","TheSimpletonMod:ToughenUp+1","TheSimpletonMod:CloseScrape+1"],"picked":"TheSimpletonMod:BumperCrop+1","floor":42}],"player_experience":832241,"relics_obtained":[{"floor":7,"key":"TheSimpletonMod:PicklingJar"},{"floor":9,"key":"Mercury Hourglass"},{"floor":10,"key":"StrikeDummy"},{"floor":11,"key":"Question Card"},{"floor":26,"key":"Paper Crane"},{"floor":28,"key":"WingedGreaves"},{"floor":31,"key":"Mummified Hand"},{"floor":40,"key":"Toxic Egg 2"},{"floor":43,"key":"Omamori"},{"floor":44,"key":"CaptainsWheel"}],"event_choices":[{"damage_healed":0,"gold_gain":0,"player_choice":"Success","damage_taken":12,"relics_obtained":["construct:FoamFinger"],"max_hp_gain":0,"max_hp_loss":0,"event_name":"Scrap Ooze","floor":5,"gold_loss":0},{"damage_healed":25,"gold_gain":0,"player_choice":"Heal","damage_taken":0,"max_hp_gain":0,"max_hp_loss":0,"event_name":"The Library","floor":20,"gold_loss":0},{"damage_healed":0,"gold_gain":99,"player_choice":"Stole From Cult","damage_taken":0,"max_hp_gain":0,"max_hp_loss":0,"event_name":"Nest","floor":22,"gold_loss":0},{"damage_healed":0,"gold_gain":0,"player_choice":"1 cards matched","damage_taken":0,"max_hp_gain":0,"max_hp_loss":0,"event_name":"Match and Keep!","floor":25,"gold_loss":0,"cards_obtained":["Swift Strike"]},{"damage_healed":0,"gold_gain":0,"player_choice":"Ignored","damage_taken":0,"max_hp_gain":0,"max_hp_loss":0,"event_name":"Tomb of Lord Red Mask","floor":36,"gold_loss":0},{"damage_healed":0,"gold_gain":0,"player_choice":"Memory 1","damage_taken":0,"max_hp_gain":0,"max_hp_loss":0,"event_name":"SensoryStone","floor":37,"gold_loss":0},{"damage_healed":0,"gold_gain":0,"player_choice":"Fight","damage_taken":0,"max_hp_gain":0,"max_hp_loss":0,"event_name":"Mysterious Sphere","floor":44,"gold_loss":0}],"is_beta":false,"boss_relics":[{"not_picked":["construct:WeddingRing","WristBlade"],"picked":"SlaversCollar"},{"not_picked":["Calling Bell","Velvet Choker"],"picked":"Coffee Dripper"}],"items_purged_floors":[4,21],"is_endless":false,"potions_floor_spawned":[3,7,16,19,29,30,33,38,40],"killed_by":"Maw","ascension_level":0}}