{"host":"2hea6pl5vmah38iy","time":1611143167,"event":{"mods":["AchievementEnabler","BaseMod","Colored Map","DeckTracker","Keyboard Shortcuts","Minty Spire (QoL Compilation)","Rare Cards Sparkle","StSLib","SuperFastMode","everything is the same but u backflip on backflip"],"gold_per_floor":[118,133,133,153,169,169,180,197,220,231,6,6,6,17,17,91,91,104,116,149,149,49,49,49,64,64,64,114,126,126,154,154,228,228,244,1243,1243,643,655,684,696,712,765,627,627,470,481,273,273,273,273,273,40,72,72,72],"floor_reached":55,"language":"KOR","playtime":2796,"items_purged":["Strike_G","Strike_G","Normality","Normality","Strike_G","Strike_G"],"score":1362,"play_id":"53cab751-72c8-4485-8383-4960f9112308","local_time":"20210120204607","is_ascension_mode":true,"campfire_choices":[{"floor":6.0,"key":"REST"},{"floor":12.0,"key":"REST"},{"data":"Catalyst","floor":15.0,"key":"SMITH"},{"floor":23.0,"key":"REST"},{"data":"Bouncing Flask","floor":27.0,"key":"SMITH"},{"data":"Malaise","floor":32.0,"key":"SMITH"},{"floor":45.0,"key":"RECALL"},{"data":"Burst","floor":49.0,"key":"SMITH"},{"data":"Acrobatics","floor":52.0,"key":"SMITH"}],"circlet_count":0,"master_deck":["AscendersBane","Defend_G","Defend_G","Defend_G","Defend_G","Defend_G","Survivor","Neutralize","Noxious Fumes+1","Bouncing Flask+1","Catalyst+1","Deadly Poison","Acrobatics+1","Calculated Gamble","Adrenaline","Wraith Form v2","Venomology","Backflip","Malaise+1","Deflect+1","Burst+1","Master of Strategy","Tactician","Crippling Poison","Finesse","Well Laid Plans"],"relics":["Ring of the Snake","WingedGreaves","SacredBark","Red Mask","Pen Nib","TungstenRod","Busted Crown","Lantern","Bag of Preparation","Smiling Mask","Art of War","Akabeko"],"acts_visited":["Exordium","TheCity","TheBeyond","TheEnding"],"potions_floor_usage":[55,55],"damage_taken":[{"damage":10.0,"enemies":"Cultist","floor":1.0,"turns":5.0},{"damage":0.0,"enemies":"Jaw Worm","floor":2.0,"turns":6.0},{"damage":6.0,"enemies":"2 Louse","floor":4.0,"turns":3.0},{"damage":13.0,"enemies":"2 Fungi Beasts","floor":5.0,"turns":5.0},{"damage":9.0,"enemies":"3 Louse","floor":7.0,"turns":3.0},{"damage":14.0,"enemies":"Large Slime","floor":8.0,"turns":7.0},{"damage":19.0,"enemies":"Exordium Thugs","floor":10.0,"turns":4.0},{"damage":1.0,"enemies":"Blue Slaver","floor":14.0,"turns":4.0},{"damage":2.0,"enemies":"The Guardian","floor":16.0,"turns":5.0},{"damage":15.0,"enemies":"Shell Parasite","floor":18.0,"turns":4.0},{"damage":1.0,"enemies":"Chosen","floor":19.0,"turns":5.0},{"damage":23.0,"enemies":"Masked Bandits","floor":20.0,"turns":5.0},{"damage":6.0,"enemies":"Sentry and Sphere","floor":25.0,"turns":3.0},{"damage":33.0,"enemies":"Shelled Parasite and Fungi","floor":29.0,"turns":8.0},{"damage":16.0,"enemies":"Book of Stabbing","floor":31.0,"turns":5.0},{"damage":14.0,"enemies":"Champ","floor":33.0,"turns":5.0},{"damage":3.0,"enemies":"Orb Walker","floor":35.0,"turns":5.0},{"damage":3.0,"enemies":"3 Shapes","floor":39.0,"turns":4.0},{"damage":0.0,"enemies":"Giant Head","floor":40.0,"turns":5.0},{"damage":2.0,"enemies":"Maw","floor":41.0,"turns":4.0},{"damage":23.0,"enemies":"Jaw Worm Horde","floor":42.0,"turns":6.0},{"damage":5.0,"enemies":"Sphere and 2 Shapes","floor":47.0,"turns":5.0},{"damage":3.0,"enemies":"Time Eater","floor":50.0,"turns":5.0},{"damage":48.0,"enemies":"Shield and Spear","floor":54.0,"turns":9.0},{"damage":52,"enemies":"The Heart","floor":55,"turns":8}],"seed_played":"5087310352532566805","potions_obtained":[{"floor":4.0,"key":"FairyPotion"},{"floor":5.0,"key":"DistilledChaos"},{"floor":8.0,"key":"ColorlessPotion"},{"floor":10.0,"key":"PowerPotion"},{"floor":16.0,"key":"Swift Potion"},{"floor":19.0,"key":"Strength Potion"},{"floor":20.0,"key":"Fire Potion"},{"floor":24.0,"key":"EntropicBrew"}],"is_trial":false,"path_per_floor":["M","M","?","M","M","R","M","M","T","M","$","R","?","M","R","B",null,"M","M","?","?","$","R","?","M","T","R","?","M","?","E","R","B",null,"M","?","?","$","M","E","M","M","T","$","R","$","M","$","R","B",null,"R","$","E","B"],"character_chosen":"THE_SILENT","items_purchased":["Adrenaline","Lantern","Master of Strategy","GhostInAJar","Crippling Poison","Finesse","Art of War","Well Laid Plans","LiquidBronze","DuplicationPotion"],"campfire_rested":3,"item_purchase_floors":[11,38,38,38,44,46,48,53,53,53],"current_hp_per_floor":[34,34,34,28,15,34,25,11,11,16,16,35,28,27,27,25,56,41,40,17,17,17,36,36,30,30,30,30,42,42,26,26,12,53,50,50,50,50,47,47,45,22,22,22,22,22,17,17,17,14,53,53,53,5,0,0],"gold":72,"neow_bonus":"ONE_RARE_RELIC","is_daily":false,"chose_seed":false,"campfire_upgraded":5,"win_rate":0.0,"timestamp":1611143167,"path_taken":["M","?","?","M","M","R","M","?","T","M","?","R","?","M","R","BOSS","M","M","?","?","$","R","?","?","T","R","?","M","?","E","R","BOSS","M","?","?","$","M","E","M","M","T","$","R","?","?","$","R","BOSS","R","$","E","BOSS"],"items_purchased_type":["Card","Relic","Card","Potion","Card","Card","Relic","Card","Potion","Potion"],"build_version":"2020-12-22","purchased_purges":6,"victory":false,"max_hp_per_floor":[66,66,66,66,66,66,66,66,66,66,66,66,66,66,66,66,66,66,66,66,66,66,66,66,66,66,66,66,66,66,66,66,66,66,66,66,66,66,66,66,66,66,66,66,66,66,66,66,66,66,66,66,66,66,66,66],"card_choices":[{"not_picked":["Outmaneuver","Caltrops"],"picked":"Noxious Fumes","floor":1.0},{"not_picked":["Outmaneuver","Backstab"],"picked":"Bouncing Flask","floor":2.0},{"not_picked":["Acrobatics","Finisher"],"picked":"Catalyst","floor":4.0},{"not_picked":["Noxious Fumes","Tactician"],"picked":"Deadly Poison","floor":5.0},{"not_picked":["Cloak And Dagger","Predator"],"picked":"Acrobatics","floor":7.0},{"not_picked":["Dagger Spray","Blade Dance","Bane"],"picked":"SKIP","floor":8.0},{"not_picked":["Setup","Prepared"],"picked":"Calculated Gamble","floor":10.0},{"not_picked":["Caltrops","Sucker Punch"],"picked":"Wraith Form v2","floor":14.0},{"not_picked":["A Thousand Cuts","Glass Knife"],"picked":"Venomology","floor":16.0},{"not_picked":["Flying Knee","Masterful Stab","Bane"],"picked":"SKIP","floor":18.0},{"not_picked":["Deadly Poison","Endless Agony","Acrobatics"],"picked":"SKIP","floor":19.0},{"not_picked":["PiercingWail","Flying Knee"],"picked":"Backflip","floor":20.0},{"not_picked":["Outmaneuver","Deadly Poison","Deflect"],"picked":"SKIP","floor":25.0},{"not_picked":["Backflip","Dagger Throw"],"picked":"Deflect+1","floor":29.0},{"not_picked":["Quick Slash","Dash","Accuracy"],"picked":"SKIP","floor":31.0},{"not_picked":["Corpse Explosion","A Thousand Cuts"],"picked":"Burst","floor":33.0},{"not_picked":["Dodge and Roll"],"picked":"SKIP","floor":35.0},{"not_picked":[],"picked":"Tactician","floor":39.0},{"not_picked":["Cloak And Dagger+1"],"picked":"SKIP","floor":40.0},{"not_picked":["Tactician"],"picked":"SKIP","floor":41.0},{"not_picked":["Bane+1"],"picked":"SKIP","floor":42.0},{"not_picked":["Endless Agony"],"picked":"SKIP","floor":47.0},{"not_picked":["Deflect+1"],"picked":"SKIP","floor":54.0}],"player_experience":508771,"relics_obtained":[{"floor":20.0,"key":"Red Mask"},{"floor":26.0,"key":"Pen Nib"},{"floor":31.0,"key":"TungstenRod"},{"floor":40.0,"key":"Bag of Preparation"},{"floor":43.0,"key":"Smiling Mask"},{"floor":54.0,"key":"Akabeko"}],"event_choices":[{"damage_healed":0.0,"max_hp_gain":0.0,"max_hp_loss":0.0,"gold_gain":0.0,"event_name":"Accursed Blacksmith","player_choice":"Forge","floor":3.0,"gold_loss":0.0,"damage_taken":0.0,"cards_upgraded":["Noxious Fumes"]},{"cards_removed":["Strike_G"],"damage_healed":0.0,"max_hp_gain":0.0,"max_hp_loss":0.0,"gold_gain":0.0,"event_name":"Golden Wing","player_choice":"Card Removal","floor":13.0,"gold_loss":0.0,"damage_taken":7.0},{"damage_healed":0.0,"max_hp_gain":0.0,"max_hp_loss":0.0,"gold_gain":0.0,"event_name":"Masked Bandits","player_choice":"Fought Bandits","floor":20.0,"gold_loss":0.0,"damage_taken":0.0},{"damage_healed":0.0,"max_hp_gain":0.0,"max_hp_loss":0.0,"gold_gain":0.0,"event_name":"The Library","player_choice":"Read","floor":21.0,"gold_loss":0.0,"damage_taken":0.0,"cards_obtained":["Malaise"]},{"damage_healed":0.0,"max_hp_gain":0.0,"max_hp_loss":0.0,"gold_gain":0.0,"event_name":"Lab","player_choice":"Got Potions","floor":24.0,"gold_loss":0.0,"damage_taken":0.0},{"damage_healed":0.0,"max_hp_gain":0.0,"max_hp_loss":0.0,"gold_gain":50.0,"event_name":"Nest","player_choice":"Stole From Cult","floor":28.0,"gold_loss":0.0,"damage_taken":0.0},{"damage_healed":0.0,"max_hp_gain":0.0,"max_hp_loss":0.0,"gold_gain":0.0,"event_name":"Vampires","player_choice":"Ignored","floor":30.0,"gold_loss":0.0,"damage_taken":0.0},{"damage_healed":0.0,"max_hp_gain":0.0,"max_hp_loss":0.0,"gold_gain":999.0,"event_name":"MindBloom","player_choice":"Gold","floor":36.0,"gold_loss":0.0,"damage_taken":0.0,"cards_obtained":["Normality","Normality"]},{"damage_healed":0.0,"max_hp_gain":0.0,"max_hp_loss":0.0,"gold_gain":0.0,"event_name":"Mysterious Sphere","player_choice":"Ignored","floor":37.0,"gold_loss":0.0,"damage_taken":0.0}],"is_beta":false,"boss_relics":[{"not_picked":["Sozu","Fusion Hammer"],"picked":"SacredBark"},{"not_picked":["Empty Cage","Coffee Dripper"],"picked":"Busted Crown"}],"items_purged_floors":[11,22,38,44,46,48],"is_endless":false,"potions_floor_spawned":[4,5,8,10,16,19,20,39,47],"killed_by":"The Heart","ascension_level":17}}