{"host":"c97twqu0op5dg8i4","time":1611122551,"event":{"mods":["AchievementEnabler","BaseMod","Colored Map","Minty Spire (QoL Compilation)","Permanent Neow"],"gold_per_floor":[109,184,184,184,203,203,218,218,218,247,261,276,288,314,314,410,410,426,445,301,301,301,301,301,301],"floor_reached":24,"language":"ENG","playtime":990,"items_purged":[],"score":283,"play_id":"b6679d5e-041c-4551-b699-69c7b523c414","local_time":"20210120010231","is_ascension_mode":true,"campfire_choices":[{"data":"Zap","floor":6,"key":"SMITH"},{"data":"Streamline","floor":8,"key":"SMITH"},{"data":"Cold Snap","floor":15,"key":"SMITH"},{"data":"Buffer","floor":23,"key":"SMITH"}],"circlet_count":0,"master_deck":["Strike_B","Defend_B","Defend_B","Defend_B","Zap+1","Dualcast","Static Discharge","Self Repair+1","Coolheaded","Streamline+1","Buffer+1","Lockon","Melter","Cold Snap+1","Reboot","Cold Snap","Skim","Cold Snap","Redo"],"relics":["Cracked Core","Unceasing Top","Pear","Bird Faced Urn","Du-Vu Doll","Empty Cage","ClockworkSouvenir"],"acts_visited":["Exordium","TheCity"],"potions_floor_usage":[16,16,24],"damage_taken":[{"damage":1,"enemies":"Cultist","floor":1,"turns":3},{"damage":10,"enemies":"Small Slimes","floor":5,"turns":3},{"damage":0,"enemies":"Jaw Worm","floor":7,"turns":3},{"damage":41,"enemies":"3 Sentries","floor":10,"turns":6},{"damage":8,"enemies":"Large Slime","floor":11,"turns":5},{"damage":6,"enemies":"3 Louse","floor":12,"turns":2},{"damage":28,"enemies":"Lots of Slimes","floor":13,"turns":4},{"damage":10,"enemies":"Gremlin Nob","floor":14,"turns":4},{"damage":26,"enemies":"Hexaghost","floor":16,"turns":9},{"damage":9,"enemies":"Chosen","floor":18,"turns":6},{"damage":18,"enemies":"3 Byrds","floor":19,"turns":3},{"damage":70,"enemies":"Slavers","floor":24,"turns":5}],"seed_played":"-8233390225300032787","potions_obtained":[{"floor":1,"key":"SteroidPotion"},{"floor":13,"key":"Explosive Potion"},{"floor":14,"key":"Ancient Potion"},{"floor":16,"key":"Strength Potion"},{"floor":18,"key":"Regen Potion"}],"is_trial":false,"path_per_floor":["M","?","?","?","M","R","M","R","T","E","M","M","M","E","R","B",null,"M","M","$","?","?","R","E"],"character_chosen":"DEFECT","items_purchased":["ClockworkSouvenir"],"campfire_rested":0,"item_purchase_floors":[20],"current_hp_per_floor":[74,63,51,51,51,51,61,61,71,40,44,50,36,42,42,32,72,79,75,75,75,59,59,7,7],"gold":301,"neow_bonus":"THREE_CARDS","is_daily":false,"chose_seed":false,"campfire_upgraded":4,"win_rate":0.0,"timestamp":1611122551,"path_taken":["M","?","?","?","M","R","M","R","T","E","M","M","M","E","R","BOSS","M","M","$","?","?","R","E"],"items_purchased_type":["Relic"],"build_version":"2020-12-22","purchased_purges":0,"victory":false,"max_hp_per_floor":[75,75,75,75,75,75,75,75,85,85,85,85,85,85,85,85,85,85,85,85,85,90,90,90,90],"card_choices":[{"not_picked":["Rebound","Blizzard"],"picked":"Static Discharge","floor":0},{"not_picked":["Compile Driver","Turbo"],"picked":"Self Repair","floor":1},{"not_picked":["Blizzard","Barrage"],"picked":"Coolheaded","floor":5},{"not_picked":["Chill","Glacier"],"picked":"Streamline","floor":7},{"not_picked":["Stack","Hologram","Steam"],"picked":"SKIP","floor":10},{"not_picked":["Turbo","Chaos"],"picked":"Buffer","floor":11},{"not_picked":["Chill","Beam Cell"],"picked":"Lockon","floor":12},{"not_picked":["Go for the Eyes","Sweeping Beam"],"picked":"Melter","floor":13},{"not_picked":["Coolheaded","Streamline"],"picked":"Cold Snap","floor":14},{"not_picked":["Multi-Cast","Fission"],"picked":"Reboot","floor":16},{"not_picked":["Barrage","Stack"],"picked":"Cold Snap","floor":18},{"not_picked":["Redo","Lockon"],"picked":"Skim","floor":19}],"player_experience":269845,"relics_obtained":[{"floor":9,"key":"Pear"},{"floor":10,"key":"Bird Faced Urn"},{"floor":14,"key":"Du-Vu Doll"}],"event_choices":[{"damage_healed":0,"gold_gain":75,"player_choice":"Gather Gold","damage_taken":11,"max_hp_gain":0,"max_hp_loss":0,"event_name":"World of Goop","floor":2,"gold_loss":0},{"damage_healed":0,"gold_gain":0,"player_choice":"Success","damage_taken":12,"relics_obtained":["Unceasing Top"],"max_hp_gain":0,"max_hp_loss":0,"event_name":"Scrap Ooze","floor":3,"gold_loss":0},{"damage_healed":0,"gold_gain":0,"player_choice":"Grow","damage_taken":0,"max_hp_gain":0,"max_hp_loss":0,"event_name":"Living Wall","floor":4,"gold_loss":0,"cards_upgraded":["Self Repair"]},{"damage_healed":0,"gold_gain":0,"cards_transformed":["Strike_B","Defend_B"],"player_choice":"Became Test Subject","damage_taken":0,"max_hp_gain":0,"max_hp_loss":0,"event_name":"Drug Dealer","floor":21,"gold_loss":0,"cards_obtained":["Cold Snap","Redo"]},{"damage_healed":0,"gold_gain":0,"player_choice":"Shed Blood","damage_taken":21,"max_hp_gain":5,"max_hp_loss":0,"event_name":"Forgotten Altar","floor":22,"gold_loss":0}],"is_beta":false,"boss_relics":[{"not_picked":["Inserter","Runic Dome"],"picked":"Empty Cage"}],"items_purged_floors":[],"is_endless":false,"potions_floor_spawned":[1,13,14,16,18],"killed_by":"Slavers","ascension_level":5}}