{"host":"amh04kn3ezj0mn53","time":1611173871,"event":{"mods":["BaseMod","Better Match","BetterRewards","Dota2Spire","Downfall","Googly Eyes","Minty Spire (QoL Compilation)","Shop Mod","StSLib"],"gold_per_floor":[99,99,111,62,127,127,204,225,325,341,358,368,368,386,403,403,403,403],"floor_reached":16,"language":"ENG","playtime":1519,"items_purged":[],"score":117,"play_id":"f7ba91d0-5ee8-4beb-905b-c99cc18660ad","local_time":"20210120151751","is_ascension_mode":false,"campfire_choices":[{"data":"champ:Execute","floor":1.0,"key":"SMITH"},{"data":"champ:StanceDance","floor":6.0,"key":"SMITH"},{"data":"champ:GutPunch","floor":13,"key":"SMITH"}],"circlet_count":0,"master_deck":["champ:Strike","champ:Strike","champ:Strike","champ:Strike","champ:Defend","champ:Defend","champ:Defend","champ:Defend","champ:Execute+1","champ:Taunt","champ:StanceDance+1","champ:GutPunch+1","champ:CalledShot","champ:Circumvent","champ:PreciseThrust","champ:TornadoPunch","champ:Circumvent","champ:AdrenalArmor","champ:FlashCut","champ:AdrenalArmor"],"relics":["champ:ChampionCrown","White Beast Statue","Pear","Odd Mushroom"],"acts_visited":["Exordium"],"potions_floor_usage":[16,16,16,16,16],"damage_taken":[{"damage":16.0,"enemies":"Jaw Worm","floor":3.0,"turns":3.0},{"damage":25.0,"enemies":"downfall:FleeingMerchant","floor":4.0,"turns":4.0},{"damage":64.0,"enemies":"3 Sentries","floor":5.0,"turns":9.0},{"damage":32,"enemies":"The Mushroom Lair","floor":8,"turns":5},{"damage":0,"enemies":"Small Slimes","floor":10,"turns":3},{"damage":0,"enemies":"2 Louse","floor":11,"turns":1},{"damage":10,"enemies":"Red Slaver","floor":12,"turns":3},{"damage":24,"enemies":"Exordium Wildlife","floor":14,"turns":3},{"damage":21,"enemies":"Blue Slaver","floor":15,"turns":3},{"damage":47,"enemies":"SI_SHIV_ARCHETYPE","floor":16,"turns":8}],"seed_played":"6527839079877640440","potions_obtained":[{"floor":5.0,"key":"Dexterity Potion"},{"floor":8,"key":"GamblersBrew"},{"floor":10,"key":"EntropicBrew"},{"floor":11,"key":"Fire Potion"}],"is_trial":false,"path_per_floor":["R","?","M","$","?","R","T","?","?","M","M","M","R","M","M","B"],"character_chosen":"THE_CHAMP","items_purchased":["champ:CalledShot"],"campfire_rested":0,"item_purchase_floors":[4],"current_hp_per_floor":[99,99,93,88,49,49,59,42,42,42,42,42,42,38,37,0,0,0],"gold":403,"neow_bonus":"TEN_PERCENT_HP_BONUS","is_daily":false,"chose_seed":false,"campfire_upgraded":3,"win_rate":0.0,"timestamp":1611173871,"path_taken":["R","?","M","$","?","R","T","?","?","M","M","M","R","M","M","BOSS"],"items_purchased_type":["Card"],"build_version":"2020-12-22","purchased_purges":0,"victory":false,"max_hp_per_floor":[99,99,99,99,99,99,109,109,109,109,109,109,109,109,109,109,109,109],"card_choices":[{"not_picked":["champ:PerfectedStrike","champ:IronFortress"],"picked":"champ:StanceDance","floor":3.0},{"not_picked":["champ:HeartStrike","champ:BringItOn"],"picked":"champ:GutPunch","floor":4.0},{"not_picked":["champ:PerfectedStrike","champ:Devastate"],"picked":"champ:Circumvent","floor":5.0},{"not_picked":["champ:FaceSlap","champ:CrownThrow"],"picked":"champ:PreciseThrust","floor":8},{"not_picked":["champ:ShieldSlam","champ:FocusedDefense"],"picked":"champ:TornadoPunch","floor":10},{"not_picked":["champ:PerfectedStrike","champ:PreciseThrust"],"picked":"champ:Circumvent","floor":11},{"not_picked":["champ:Haymaker","champ:EnGarde"],"picked":"champ:AdrenalArmor","floor":12},{"not_picked":["champ:FalseCounter","champ:DeathBlow"],"picked":"champ:FlashCut","floor":14},{"not_picked":["champ:CrownThrow","champ:ShieldSlam"],"picked":"champ:AdrenalArmor","floor":15}],"player_experience":1214464,"relics_obtained":[{"floor":7.0,"key":"Pear"},{"floor":8,"key":"Odd Mushroom"}],"event_choices":[{"damage_healed":0,"gold_gain":0,"player_choice":"Fought Mushrooms","damage_taken":0,"max_hp_gain":0,"max_hp_loss":0,"event_name":"Mushrooms","floor":8,"gold_loss":0}],"is_beta":false,"boss_relics":[],"items_purged_floors":[],"is_endless":false,"potions_floor_spawned":[5,8,10,11,12,14,15],"killed_by":"SI_SHIV_ARCHETYPE","ascension_level":0}}