{"host":"o6rpelx2jpc8yies","time":1611110091,"event":{"mods":["BaseMod","Downfall","Minty Spire (QoL Compilation)","StSLib"],"gold_per_floor":[99,112,129,145,145,52,52,68,82,116,16,44,44,56,75,75,75,75],"floor_reached":16,"language":"ENG","playtime":1584,"items_purged":[],"score":154,"play_id":"c70bb347-d338-4993-bcbb-8fa237387b90","local_time":"20210119193451","is_ascension_mode":true,"campfire_choices":[{"floor":1,"key":"RECALL"},{"data":"Guardian:BronzeArmor","floor":11,"key":"SMITH"},{"floor":13,"key":"REST"}],"circlet_count":0,"master_deck":["Guardian:Strike_Guardian","Guardian:Strike_Guardian","Guardian:Strike_Guardian","Guardian:Strike_Guardian","Guardian:Defend_Guardian","Guardian:Defend_Guardian","Guardian:Defend_Guardian","Guardian:Defend_Guardian","Guardian:CurlUp","Guardian:TwinSlam","Guardian:RevengeProtocol","Guardian:RevengeProtocol","Doubt","Guardian:CompilePackage","Guardian:BronzeArmor+1","Guardian:PrismaticBarrier","Guardian:EvasiveProtocol","Guardian:ShieldCharger","Guardian:Clone","Guardian:DonusPower","Guardian:Gem_Cyan"],"relics":["Guardian:ModeShifter","Blood Vial","Vajra","downfall:HeartBlessingGreen","Sundial"],"acts_visited":["Exordium"],"potions_floor_usage":[10,16,16],"damage_taken":[{"damage":7,"enemies":"Small Slimes","floor":2,"turns":4},{"damage":0,"enemies":"Cultist","floor":3,"turns":4},{"damage":1,"enemies":"2 Louse","floor":4,"turns":4},{"damage":0,"enemies":"downfall:FleeingMerchant","floor":6,"turns":4},{"damage":3,"enemies":"Red Slaver","floor":8,"turns":5},{"damage":13,"enemies":"Large Slime","floor":9,"turns":4},{"damage":26,"enemies":"Gremlin Nob","floor":10,"turns":8},{"damage":24,"enemies":"3 Sentries","floor":12,"turns":11},{"damage":29,"enemies":"Exordium Thugs","floor":14,"turns":9},{"damage":9,"enemies":"Gremlin Gang","floor":15,"turns":7},{"damage":23,"enemies":"IC_STATUS_ARCHETYPE","floor":16,"turns":8}],"seed_played":"-3021872346682054973","potions_obtained":[{"floor":3,"key":"SteroidPotion"},{"floor":4,"key":"Fire Potion"},{"floor":9,"key":"SmokeBomb"},{"floor":12,"key":"hexamod:SoulburnPotion"},{"floor":14,"key":"Block Potion"}],"is_trial":false,"path_per_floor":["R","M","M","M","?","$","T","M","M","E","R","E","R","M","M","B"],"character_chosen":"GUARDIAN","items_purchased":["Guardian:BronzeArmor"],"campfire_rested":1,"item_purchase_floors":[6],"current_hp_per_floor":[80,73,73,72,72,72,72,71,60,36,36,14,40,13,6,0,0,0],"gold":75,"neow_bonus":"TEN_PERCENT_HP_BONUS","is_daily":false,"chose_seed":false,"campfire_upgraded":1,"win_rate":0.0,"timestamp":1611110091,"path_taken":["R","M","M","M","?","$","T","M","M","E","R","E","R","?","M","BOSS"],"items_purchased_type":["Card"],"build_version":"2020-12-22","purchased_purges":0,"victory":false,"max_hp_per_floor":[88,88,88,88,88,88,88,88,88,88,88,88,88,88,88,88,88,88],"card_choices":[{"not_picked":["Guardian:PrimingBeam","Guardian:TemporalShield"],"picked":"Guardian:Gem_Purple","floor":2},{"not_picked":["Guardian:FloatingOrbs","Guardian:ShieldCharger"],"picked":"Guardian:Gem_Blue","floor":3},{"not_picked":["Guardian:PrimingBeam","Guardian:Repulse"],"picked":"Guardian:RevengeProtocol","floor":4},{"not_picked":["Guardian:Gem_Lightblue","Guardian:MultiBeam"],"picked":"Guardian:CompilePackage","floor":6},{"not_picked":["Guardian:Suspension","Guardian:Reroute"],"picked":"Guardian:PrismaticBarrier","floor":8},{"not_picked":["Guardian:VentSteam","Guardian:PrimingBeam"],"picked":"Guardian:EvasiveProtocol","floor":9},{"not_picked":["Guardian:FastForward","Guardian:TimeBomb"],"picked":"Guardian:ShieldCharger","floor":10},{"not_picked":["Guardian:RefractedBeam","Guardian:Incinerate"],"picked":"Guardian:Clone","floor":12},{"not_picked":["Guardian:Gem_Yellow","Guardian:TemporalShield"],"picked":"Guardian:DonusPower","floor":14},{"not_picked":["Guardian:PrismaticBeam","Guardian:Recover"],"picked":"Guardian:Gem_Cyan","floor":15}],"player_experience":1788940,"relics_obtained":[{"floor":7,"key":"Blood Vial"},{"floor":10,"key":"Vajra"},{"floor":12,"key":"Sundial"}],"event_choices":[],"is_beta":false,"boss_relics":[],"items_purged_floors":[],"is_endless":false,"potions_floor_spawned":[3,4,9,12,14],"killed_by":"IC_STATUS_ARCHETYPE","ascension_level":7}}