{"host":"1ekl8hlbnopmdapi","time":1611110726,"event":{"mods":["AchievementEnabler","BaseMod","Colored Map","Colored Powertips","DeckTracker","Googly Eyes","Highlight Path","Minty Spire (QoL Compilation)","Relic Sorter","StSLib","Synergy Search"],"gold_per_floor":[115,115,134,64,80,113,113,113,113,125,158,158,66,94,94,189,189,199,0,10,10,10,10,10,54,54,163,188,216,216,69,69,180,239,264,285,294,318,327,327,348,348,374,191,191,0,20,40,40,40,40],"floor_reached":50,"language":"ENG","playtime":1328,"items_purged":[],"score":648,"play_id":"96a29eed-63e6-418b-b5da-0cfb7cb82a10","local_time":"20210119214526","is_ascension_mode":true,"campfire_choices":[{"floor":7,"key":"REST"},{"floor":12,"key":"REST"},{"floor":15,"key":"REST"},{"floor":23,"key":"REST"},{"floor":24,"key":"REST"},{"floor":30,"key":"REST"},{"floor":32,"key":"RECALL"},{"floor":40,"key":"REST"},{"floor":42,"key":"REST"},{"data":"Phantasmal Killer","floor":45,"key":"SMITH"},{"floor":49,"key":"REST"}],"circlet_count":0,"master_deck":["Strike_G+1","Strike_G+1","Strike_G+1","Strike_G+1","Strike_G+1","Defend_G+1","Defend_G+1","Defend_G+1","Defend_G+1","Defend_G+1","Survivor","Neutralize","All Out Attack","Flying Knee","Backstab","Dagger Spray","Finisher","Escape Plan","Setup","Bandage Up","Poisoned Stab+1","Phantasmal Killer+1","Cloak And Dagger+1","Blur","Blade Dance","Quick Slash+1","Dodge and Roll+1","Poisoned Stab","A Thousand Cuts","Accuracy+1","Blade Dance+1","Choke","Jack Of All Trades","Blade Dance+1","Writhe","Crippling Poison","Accuracy","Finisher+1","Deflect+1"],"relics":["WristBlade","Ice Cream","StrikeDummy","WingedGreaves","Bottled Flame","Black Star","CeramicFish","Mercury Hourglass","Pear","Lizard Tail","Pantograph","Sling","Tiny House","Vajra","Red Mask"],"acts_visited":["Exordium","TheCity","TheBeyond"],"potions_floor_usage":[16,16,25,28,33,33,33,38,38,50],"damage_taken":[{"damage":9,"enemies":"2 Louse","floor":1,"turns":4},{"damage":0,"enemies":"Cultist","floor":3,"turns":4},{"damage":7,"enemies":"Jaw Worm","floor":5,"turns":3},{"damage":20,"enemies":"Gremlin Nob","floor":6,"turns":4},{"damage":6,"enemies":"Large Slime","floor":10,"turns":4},{"damage":22,"enemies":"Lagavulin","floor":11,"turns":5},{"damage":22,"enemies":"3 Sentries","floor":14,"turns":6},{"damage":59,"enemies":"The Guardian","floor":16,"turns":14},{"damage":19,"enemies":"Spheric Guardian","floor":18,"turns":4},{"damage":15,"enemies":"3 Byrds","floor":20,"turns":3},{"damage":26,"enemies":"Book of Stabbing","floor":25,"turns":4},{"damage":0,"enemies":"Colosseum Slavers","floor":27,"turns":3},{"damage":19,"enemies":"Colosseum Nobs","floor":27,"turns":3},{"damage":0,"enemies":"3 Cultists","floor":28,"turns":3},{"damage":6,"enemies":"Chosen and Byrds","floor":29,"turns":4},{"damage":96,"enemies":"Champ","floor":33,"turns":14},{"damage":8,"enemies":"3 Shapes","floor":35,"turns":5},{"damage":35,"enemies":"3 Darklings","floor":36,"turns":4},{"damage":23,"enemies":"Sphere and 2 Shapes","floor":38,"turns":5},{"damage":35,"enemies":"Jaw Worm Horde","floor":41,"turns":3},{"damage":30,"enemies":"Writhing Mass","floor":47,"turns":3},{"damage":30,"enemies":"3 Darklings","floor":48,"turns":3},{"damage":81,"enemies":"Donu and Deca","floor":50,"turns":4}],"seed_played":"5227255832757377444","potions_obtained":[{"floor":1,"key":"GamblersBrew"},{"floor":5,"key":"SpeedPotion"},{"floor":14,"key":"EssenceOfSteel"},{"floor":16,"key":"FearPotion"},{"floor":18,"key":"GhostInAJar"},{"floor":27,"key":"Block Potion"},{"floor":29,"key":"Strength Potion"},{"floor":34,"key":"Dexterity Potion"},{"floor":36,"key":"Fire Potion"},{"floor":38,"key":"SpeedPotion"},{"floor":48,"key":"DuplicationPotion"}],"is_trial":false,"path_per_floor":["M","?","M","$","M","E","R","?","T","M","E","R","$","E","R","B",null,"M","?","M","?","?","R","R","E","T","?","M","M","R","$","R","B",null,"M","M","?","M","?","R","M","R","T","$","R","?","M","M","R","B"],"character_chosen":"THE_SILENT","items_purchased":["Backstab","Bandage Up","Sling","Accuracy","Vajra"],"campfire_rested":9,"item_purchase_floors":[4,13,31,44,44],"current_hp_per_floor":[61,61,61,61,54,34,55,60,60,54,32,54,54,36,58,3,57,38,38,27,27,13,37,61,39,49,30,34,28,55,55,55,45,84,80,49,49,30,54,82,51,79,79,79,79,79,49,19,47,0,0],"gold":40,"neow_bonus":"BOSS_RELIC","is_daily":false,"chose_seed":false,"campfire_upgraded":1,"win_rate":0.0,"timestamp":1611110726,"path_taken":["M","?","M","?","M","E","R","?","T","M","E","R","$","E","R","BOSS","M","?","M","?","?","R","R","E","T","?","M","?","R","?","R","BOSS","M","M","?","M","?","R","M","R","T","$","R","?","M","M","R","BOSS"],"items_purchased_type":["Card","Card","Relic","Card","Relic"],"build_version":"2020-12-22","purchased_purges":0,"victory":false,"max_hp_per_floor":[70,70,70,70,70,70,70,75,75,75,75,75,75,75,75,75,75,75,75,75,75,80,80,80,80,90,90,90,90,90,90,90,90,95,95,95,95,95,95,95,95,95,95,95,95,95,95,95,95,95,95],"card_choices":[{"not_picked":["PiercingWail","Concentrate"],"picked":"All Out Attack","floor":1},{"not_picked":["Dagger Spray","Dodge and Roll"],"picked":"Flying Knee","floor":3},{"not_picked":["Backflip","Finisher"],"picked":"Dagger Spray","floor":5},{"not_picked":["Acrobatics","Wraith Form v2"],"picked":"Finisher","floor":6},{"not_picked":["Eviscerate","Endless Agony"],"picked":"Escape Plan","floor":10},{"not_picked":["Bane","Deflect"],"picked":"Setup","floor":11},{"not_picked":["Deflect","Dagger Spray"],"picked":"Poisoned Stab","floor":14},{"not_picked":["Unload","Burst"],"picked":"Phantasmal Killer","floor":16},{"not_picked":["Underhanded Strike","Poisoned Stab+1"],"picked":"Cloak And Dagger+1","floor":18},{"not_picked":["Endless Agony","Deadly Poison"],"picked":"Blur","floor":20},{"not_picked":["Outmaneuver","Storm of Steel"],"picked":"Blade Dance","floor":25},{"not_picked":["Deflect+1","Deadly Poison"],"picked":"Quick Slash+1","floor":27},{"not_picked":["Choke","Backstab"],"picked":"Dodge and Roll+1","floor":28},{"not_picked":["Caltrops","Flechettes"],"picked":"Poisoned Stab","floor":29},{"not_picked":["Tools of the Trade","Bullet Time"],"picked":"A Thousand Cuts","floor":33},{"not_picked":["Dagger Spray","Dagger Throw+1"],"picked":"Accuracy+1","floor":34},{"not_picked":["Endless Agony+1","Eviscerate+1"],"picked":"Blade Dance+1","floor":35},{"not_picked":["Prepared+1","Dodge and Roll+1"],"picked":"Choke","floor":36},{"not_picked":["Purity","Violence"],"picked":"Jack Of All Trades","floor":37},{"not_picked":["Acrobatics+1","Bouncing Flask+1"],"picked":"Blade Dance+1","floor":38},{"not_picked":["Bane+1","Leg Sweep"],"picked":"Crippling Poison","floor":41},{"not_picked":["Well Laid Plans+1","Flechettes+1"],"picked":"Finisher+1","floor":47},{"not_picked":["Skewer","Concentrate"],"picked":"Deflect+1","floor":48}],"player_experience":475643,"relics_obtained":[{"floor":6,"key":"Ice Cream"},{"floor":9,"key":"StrikeDummy"},{"floor":11,"key":"WingedGreaves"},{"floor":14,"key":"Bottled Flame"},{"floor":25,"key":"CeramicFish"},{"floor":25,"key":"Mercury Hourglass"},{"floor":26,"key":"Pear"},{"floor":27,"key":"Lizard Tail"},{"floor":27,"key":"Pantograph"}],"event_choices":[{"damage_healed":0,"gold_gain":0,"player_choice":"Bought 0 Potions","damage_taken":0,"max_hp_gain":0,"max_hp_loss":0,"event_name":"The Woman in Blue","floor":2,"gold_loss":0},{"damage_healed":0,"gold_gain":0,"player_choice":"Donut","damage_taken":0,"max_hp_gain":5,"max_hp_loss":0,"event_name":"Big Fish","floor":8,"gold_loss":0},{"damage_healed":0,"gold_gain":0,"player_choice":"Paid Fearfully","damage_taken":0,"max_hp_gain":0,"max_hp_loss":0,"event_name":"Masked Bandits","floor":19,"gold_loss":199},{"damage_healed":0,"gold_gain":0,"player_choice":"Simplicity","damage_taken":0,"max_hp_gain":0,"max_hp_loss":0,"event_name":"Back to Basics","floor":21,"gold_loss":0,"cards_upgraded":["Strike_G","Strike_G","Strike_G","Strike_G","Strike_G","Defend_G","Defend_G","Defend_G","Defend_G","Defend_G"]},{"damage_healed":0,"gold_gain":0,"player_choice":"Shed Blood","damage_taken":19,"max_hp_gain":5,"max_hp_loss":0,"event_name":"Forgotten Altar","floor":22,"gold_loss":0},{"damage_healed":0,"gold_gain":0,"player_choice":"Fight","damage_taken":0,"max_hp_gain":0,"max_hp_loss":0,"event_name":"Colosseum","floor":27,"gold_loss":0},{"damage_healed":0,"gold_gain":0,"player_choice":"Fought Nobs","damage_taken":0,"max_hp_gain":0,"max_hp_loss":0,"event_name":"Colosseum","floor":27,"gold_loss":0},{"damage_healed":0,"gold_gain":0,"player_choice":"Memory 1","damage_taken":0,"max_hp_gain":0,"max_hp_loss":0,"event_name":"SensoryStone","floor":37,"gold_loss":0},{"damage_healed":24,"gold_gain":0,"player_choice":"Writhe","damage_taken":0,"max_hp_gain":0,"max_hp_loss":0,"event_name":"Winding Halls","floor":39,"gold_loss":0,"cards_obtained":["Writhe"]},{"damage_healed":0,"gold_gain":0,"player_choice":"Paid","damage_taken":0,"relics_obtained":["Red Mask"],"max_hp_gain":0,"max_hp_loss":0,"event_name":"Tomb of Lord Red Mask","floor":46,"gold_loss":191}],"is_beta":false,"boss_relics":[{"not_picked":["Busted Crown","Coffee Dripper"],"picked":"Black Star"},{"not_picked":["Runic Dome","Empty Cage"],"picked":"Tiny House"}],"items_purged_floors":[],"is_endless":false,"potions_floor_spawned":[1,5,14,16,18,27,27,29,36,38,48],"killed_by":"Donu and Deca","ascension_level":5}}