{"host":"egwexuw5uvnxf11j","time":1611109839,"event":{"mods":["2.2 Compatiblity","Aspiration","BaseMod","Better Altar","Better Note","Better Sensory Stone","Better Third Choice","Displayed Cursed Tome","Downfall","Hermit","Key Reminder","Koishi","Marisa????????","Minty Spire (QoL Compilation)","Quick Restart","Shade Mod","Spicy Shops","StSLib","The Construct","The Cursed","The Hierophant","The Runesmith","The Senshi","The Servant 0.9.4","Transform Curses"],"gold_per_floor":[109,123,16,26,26,52,69,80,80,111,123,157,173,192,192,297,297,315,327,338,338,338,372,372,372,372],"floor_reached":25,"language":"ENG","playtime":7133,"items_purged":[],"score":326,"play_id":"72f07d45-7b04-4b3d-8b64-e114964c1325","local_time":"20210119213039","is_ascension_mode":true,"campfire_choices":[{"floor":15,"key":"REST"},{"floor":24,"key":"REST"}],"circlet_count":0,"master_deck":["Strike_MRS","Strike_MRS","Strike_MRS","Strike_MRS","Defend_MRS","Defend_MRS","Defend_MRS","Defend_MRS","MasterSpark","UpSweep","MysteriousBeam+1","ChargeUpSpray","SuperPerseids","6A","GalacticHalo","OortCloud","MilkyWay","WitchLeyline","EscapeVelocity","EventHorizon","StarBarrage","EarthLightRay","CasketOfStar","CasketOfStar","NonDirectionalLaser","ShootingEcho","DeepEcoloBomb+1","MachineGunSpark"],"relics":["MiniHakkero","Boot","Shuriken","Pen Nib","keyreminder:keyreminder","aspiration:HiddenCompartment","bronze:MakeshiftBattery","Whetstone"],"acts_visited":["Exordium","TheCity"],"potions_floor_usage":[8,12,16,20,23,23,23,25],"damage_taken":[{"damage":1,"enemies":"Cultist","floor":1,"turns":3},{"damage":0,"enemies":"Small Slimes","floor":2,"turns":2},{"damage":7,"enemies":"Jaw Worm","floor":4,"turns":2},{"damage":15,"enemies":"3 Sentries","floor":6,"turns":8},{"damage":7,"enemies":"Exordium Thugs","floor":7,"turns":5},{"damage":2,"enemies":"Lots of Slimes","floor":8,"turns":3},{"damage":9,"enemies":"Lagavulin","floor":10,"turns":4},{"damage":0,"enemies":"2 Fungi Beasts","floor":11,"turns":2},{"damage":0,"enemies":"3 Sentries","floor":12,"turns":5},{"damage":0,"enemies":"Exordium Thugs","floor":13,"turns":4},{"damage":8,"enemies":"Looter","floor":14,"turns":3},{"damage":17,"enemies":"Slime Boss","floor":16,"turns":6},{"damage":32,"enemies":"2 Thieves","floor":18,"turns":4},{"damage":32,"enemies":"Shell Parasite","floor":19,"turns":4},{"damage":12,"enemies":"Cultist and Chosen","floor":20,"turns":4},{"damage":21,"enemies":"Gremlin Leader","floor":23,"turns":5},{"damage":31,"enemies":"Snake Plant","floor":25,"turns":3}],"seed_played":"7407577671444245546","potions_obtained":[{"floor":1,"key":"Block Potion"},{"floor":4,"key":"FearPotion"},{"floor":7,"key":"AttackPotion"},{"floor":10,"key":"FearPotion"},{"floor":13,"key":"Swift Potion"},{"floor":14,"key":"ColorlessPotion"},{"floor":18,"key":"Block Potion"},{"floor":20,"key":"Weak Potion"},{"floor":23,"key":"Energy Potion"}],"is_trial":false,"path_per_floor":["M","M","$","M","$","E","M","M","T","E","M","E","M","M","R","B",null,"M","M","M","?","?","E","R","M"],"character_chosen":"MARISA","items_purchased":["SuperPerseids","6A"],"campfire_rested":2,"item_purchase_floors":[3,3],"current_hp_per_floor":[81,81,81,74,74,59,52,50,50,41,41,41,41,37,61,50,82,54,26,18,18,18,1,25,0,0],"gold":372,"neow_bonus":"TEN_PERCENT_HP_BONUS","is_daily":false,"chose_seed":false,"campfire_upgraded":0,"win_rate":0.0,"timestamp":1611109839,"path_taken":["M","M","$","?","$","E","M","M","T","E","M","E","M","M","R","BOSS","M","M","M","?","?","E","R","?"],"items_purchased_type":["Card","Card"],"build_version":"2020-12-22","purchased_purges":0,"victory":false,"max_hp_per_floor":[82,82,82,82,82,82,82,82,82,82,82,82,82,82,82,82,82,82,82,82,82,82,82,82,82,82],"card_choices":[{"not_picked":["DarkSpark","ManaConvection"],"picked":"MysteriousBeam","floor":1},{"not_picked":["ManaConvection","GrandCross"],"picked":"ChargeUpSpray","floor":2},{"not_picked":["6A","Acceleration"],"picked":"GalacticHalo","floor":4},{"not_picked":["UltimateShortwave","NonDirectionalLaser"],"picked":"OortCloud","floor":6},{"not_picked":["Occultation","MysteriousBeam"],"picked":"MilkyWay","floor":7},{"not_picked":["EnergyRecoil","DoubleSpark"],"picked":"WitchLeyline","floor":8},{"not_picked":["DeepEcoloBomb","Robbery"],"picked":"EscapeVelocity","floor":10},{"not_picked":["SuperPerseids","LuminesStrike"],"picked":"EventHorizon","floor":11},{"not_picked":["EventHorizon","GrandCross"],"picked":"StarBarrage","floor":12},{"not_picked":["GravityBeat","UnstableBomb"],"picked":"EarthLightRay","floor":13},{"not_picked":["Singularity","IllusionStar"],"picked":"CasketOfStar","floor":14},{"not_picked":["EscapeVelocity","BinaryStars"],"picked":"CasketOfStar","floor":16},{"not_picked":["SprinkleStarSeal","6A+1"],"picked":"NonDirectionalLaser","floor":18},{"not_picked":["SporeBomb","GalacticHalo"],"picked":"ShootingEcho","floor":19},{"not_picked":["6A+1","OpenUniverse"],"picked":"DeepEcoloBomb","floor":20},{"not_picked":["CasketOfStar","WitchOfGreed"],"picked":"MachineGunSpark","floor":23}],"player_experience":2278970,"relics_obtained":[{"floor":6,"key":"Boot"},{"floor":9,"key":"Shuriken"},{"floor":10,"key":"Pen Nib"},{"floor":12,"key":"aspiration:HiddenCompartment"},{"floor":23,"key":"Whetstone"}],"event_choices":[{"damage_healed":0,"gold_gain":0,"player_choice":"Ignored","damage_taken":0,"max_hp_gain":0,"max_hp_loss":0,"event_name":"Vampires","floor":21,"gold_loss":0},{"damage_healed":0,"gold_gain":0,"player_choice":"Bought 0 Potions","damage_taken":0,"max_hp_gain":0,"max_hp_loss":0,"event_name":"The Woman in Blue","floor":22,"gold_loss":0}],"is_beta":false,"boss_relics":[{"not_picked":["Snecko Eye","aspiration:RunesmithSkillbook"],"picked":"bronze:MakeshiftBattery"}],"items_purged_floors":[],"is_endless":false,"potions_floor_spawned":[1,4,7,10,13,14,18,20,23],"killed_by":"Snake Plant","ascension_level":4}}