{"host":"l84l8xigz5v5foa2","time":1611166768,"event":{"mods":["2.2 Compatiblity","AchievementEnabler","BaseMod","Better Note","Better Vampires","Card Filter","Colored Map","DeckTracker","Downfall","Gremlin Skip","Highlight Path","Keyboard Shortcuts","Minty Spire (QoL Compilation)","Permanent Neow","Quick Restart","Relic Filter","Relic Stats","StSLib","SuperFastMode","Transform Curses","Unknown Chances"],"gold_per_floor":[116,116,116,28,40,40,57,57,57,67,81,81,2,2,2,73,73,86,103,113,150,170,170,197,216,216,250,250,263,313,342,342,429,429,444,1461,797,797,808,860,860,1082,1082,1109,1109,1128,1128,532,532,532,532,532],"floor_reached":50,"language":"ENG","playtime":2337,"items_purged":["Normality","Normality"],"score":1396,"play_id":"3eee25ba-627a-499f-b2fe-c9495d7cd862","local_time":"20210121031928","is_ascension_mode":true,"campfire_choices":[{"data":"hexamod:Float","floor":6.0,"key":"SMITH"},{"data":"hexamod:Rewind","floor":12.0,"key":"SMITH"},{"data":"hexamod:GhostOfSpirePast","floor":15.0,"key":"SMITH"},{"floor":23.0,"key":"RECALL"},{"floor":32.0,"key":"REST"},{"floor":41.0,"key":"REST"},{"floor":47.0,"key":"REST"},{"floor":49.0,"key":"REST"}],"circlet_count":0,"master_deck":["AscendersBane","hexamod:Strike+1","hexamod:Strike+1","hexamod:Defend+1","hexamod:Defend","hexamod:Defend+1","hexamod:Defend+1","hexamod:Sear+1","hexamod:Float+1","hexamod:Rewind+1","hexamod:TimeWarp+1","hexamod:GhostOfSpirePast+1","hexamod:RecurringNightmare+1","hexamod:HeatMetal+1","hexamod:GhostOfSpirePast+1","hexamod:Hexaguard","hexamod:FlameSwitch+1","hexamod:SixthSeal","hexamod:GhostOfSpirePast","hexamod:ThirdSeal","hexamod:RadiantFlame+1","hexamod:Incineration+1","hexamod:PhantomCloak+1","hexamod:AdvancingGuard","hexamod:GhostOfSpirePast","hexamod:GhostOfSpirePast","hexamod:GhostOfSpirePast+1","hexamod:FirstSeal","hexamod:SpectersWail","hexamod:ApocalypseNow","hexamod:HexaLevel","hexamod:RainOfEmbers+1","hexamod:BacktrackSmack+1","hexamod:ThermalTransfer+1","hexamod:TimeWarp"],"relics":["hexamod:SpiritBrand","Bottled Flame","Fusion Hammer","hexamod:TheBrokenSeal","Red Mask","White Beast Statue","Pen Nib","WingedGreaves","CeramicFish","sneckomod:SneckoTalon","Thread and Needle","Blood Vial","bronze:BronzeIdol","Singing Bowl","PreservedInsect","Frozen Eye"],"acts_visited":["TheCity","TheBeyond"],"potions_floor_usage":[50,50,50],"damage_taken":[{"damage":0.0,"enemies":"Small Slimes","floor":1.0,"turns":3.0},{"damage":2.0,"enemies":"Jaw Worm","floor":5.0,"turns":4.0},{"damage":0.0,"enemies":"Cultist","floor":7.0,"turns":3.0},{"damage":0.0,"enemies":"Exordium Wildlife","floor":10.0,"turns":3.0},{"damage":1.0,"enemies":"2 Fungi Beasts","floor":11.0,"turns":4.0},{"damage":6.0,"enemies":"The Guardian","floor":16.0,"turns":9.0},{"damage":23.0,"enemies":"Chosen","floor":18.0,"turns":5.0},{"damage":0.0,"enemies":"2 Thieves","floor":19.0,"turns":3.0},{"damage":6.0,"enemies":"Centurion and Healer","floor":20.0,"turns":5.0},{"damage":41.0,"enemies":"Masked Bandits","floor":21.0,"turns":7.0},{"damage":13.0,"enemies":"Shelled Parasite and Fungi","floor":22.0,"turns":5.0},{"damage":0.0,"enemies":"Slavers","floor":24.0,"turns":4.0},{"damage":0.0,"enemies":"Snecko","floor":25.0,"turns":4.0},{"damage":0.0,"enemies":"Book of Stabbing","floor":27.0,"turns":3.0},{"damage":0.0,"enemies":"Centurion and Healer","floor":29.0,"turns":4.0},{"damage":0.0,"enemies":"Slavers","floor":31.0,"turns":3.0},{"damage":3.0,"enemies":"Champ","floor":33.0,"turns":8.0},{"damage":0.0,"enemies":"3 Shapes","floor":35.0,"turns":4.0},{"damage":0.0,"enemies":"Orb Walker","floor":39.0,"turns":2.0},{"damage":39.0,"enemies":"Giant Head","floor":40.0,"turns":7.0},{"damage":13.0,"enemies":"Nemesis","floor":44.0,"turns":6.0},{"damage":3.0,"enemies":"Writhing Mass","floor":46.0,"turns":6.0},{"damage":99,"enemies":"Awakened One","floor":50,"turns":5}],"seed_played":"5996557493355898060","potions_obtained":[{"floor":1.0,"key":"FearPotion"},{"floor":5.0,"key":"DuplicationPotion"},{"floor":7.0,"key":"Regen Potion"},{"floor":10.0,"key":"SteroidPotion"},{"floor":11.0,"key":"Dexterity Potion"},{"floor":16.0,"key":"Dexterity Potion"},{"floor":18.0,"key":"DistilledChaos"},{"floor":18.0,"key":"hexamod:EctoCoolerPotion"},{"floor":19.0,"key":"GamblersBrew"},{"floor":20.0,"key":"GamblersBrew"},{"floor":22.0,"key":"LiquidMemories"},{"floor":24.0,"key":"champ:CounterPotion"},{"floor":27.0,"key":"GamblersBrew"},{"floor":31.0,"key":"CultistPotion"},{"floor":40.0,"key":"LiquidBronze"},{"floor":44.0,"key":"Fire Potion"},{"floor":46.0,"key":"EntropicBrew"}],"is_trial":false,"path_per_floor":["M","?","?","$","M","R","M","?","T","M","M","R","$","?","R","B",null,"M","M","M","?","M","R","E","M","T","E","?","M","?","E","R","B",null,"M","?","$","?","M","E","R","?","T","E","?","M","R","$","R","B"],"character_chosen":"THE_SPIRIT","items_purchased":["hexamod:FourthSeal","hexamod:GhostOfSpirePast","hexamod:RainOfEmbers","Thread and Needle","Blood Vial","PreservedInsect","Frozen Eye","hexamod:TimeWarp"],"campfire_rested":4,"item_purchase_floors":[4,13,37,37,37,48,48,48],"current_hp_per_floor":[54,47,47,47,45,45,45,50,50,59,58,58,58,58,58,52,73,50,50,51,90,77,77,77,77,77,77,77,84,84,90,90,90,90,90,90,90,90,90,58,85,85,85,85,80,90,98,98,98,0,0,0],"gold":532,"neow_bonus":"TWENTY_PERCENT_HP_BONUS","is_daily":false,"chose_seed":false,"campfire_upgraded":3,"win_rate":0.0,"timestamp":1611166768,"path_taken":["M","?","?","$","?","R","M","?","T","M","M","R","$","?","R","BOSS","M","M","?","?","M","R","E","M","T","E","?","M","?","E","R","BOSS","M","?","$","?","M","E","R","?","T","E","?","?","R","$","R","BOSS"],"items_purchased_type":["Card","Card","Card","Relic","Relic","Relic","Relic","Card"],"build_version":"2020-12-22","purchased_purges":2,"victory":false,"max_hp_per_floor":[75,75,75,75,75,75,75,80,80,80,80,80,80,80,80,80,80,80,80,80,90,90,90,90,90,90,90,90,90,90,90,90,90,90,90,90,90,90,90,90,90,90,90,94,94,98,98,98,98,98,98,98],"relic_stats":{"Blood Vial":4,"Singing Bowl":8,"counters":[23,107],"CeramicFish":63,"Pen Nib":[14],"PreservedInsect":0,"obtain_stats":[{"Singing Bowl":44,"CeramicFish":31,"hexamod:TheBrokenSeal":21,"Thread and Needle":37,"Pen Nib":26,"PreservedInsect":48,"sneckomod:SneckoTalon":34,"White Beast Statue":24,"bronze:BronzeIdol":40,"Blood Vial":37,"Frozen Eye":48,"Bottled Flame":9,"Fusion Hammer":17,"WingedGreaves":27,"Red Mask":21,"hexamod:SpiritBrand":0},{"Singing Bowl":21,"CeramicFish":16,"hexamod:TheBrokenSeal":10,"Thread and Needle":18,"Pen Nib":13,"PreservedInsect":22,"sneckomod:SneckoTalon":17,"White Beast Statue":12,"bronze:BronzeIdol":20,"Blood Vial":18,"Frozen Eye":22,"Bottled Flame":3,"Fusion Hammer":6,"WingedGreaves":14,"Red Mask":10,"hexamod:SpiritBrand":0},{"Singing Bowl":96,"CeramicFish":69,"hexamod:TheBrokenSeal":46,"Thread and Needle":81,"Pen Nib":59,"PreservedInsect":102,"sneckomod:SneckoTalon":77,"White Beast Statue":55,"bronze:BronzeIdol":90,"Blood Vial":81,"Frozen Eye":102,"Bottled Flame":10,"Fusion Hammer":26,"WingedGreaves":62,"Red Mask":46,"hexamod:SpiritBrand":0}]},"card_choices":[{"not_picked":["hexamod:ShieldOfDarkness","hexamod:GhostShield"],"picked":"hexamod:Rewind","floor":1.0},{"not_picked":["hexamod:Rewind","hexamod:RainOfEmbers"],"picked":"hexamod:GhostOfSpirePast","floor":5.0},{"not_picked":["hexamod:SwordOfDarkness","hexamod:SpectersWail"],"picked":"hexamod:ThirdSeal","floor":7.0},{"not_picked":["hexamod:FastForward","hexamod:Haunt"],"picked":"hexamod:RecurringNightmare","floor":10.0},{"not_picked":["hexamod:GhostShield","hexamod:SpectersWail"],"picked":"hexamod:HeatMetal","floor":10.0},{"not_picked":["hexamod:GhostShield","hexamod:BacktrackSmack","hexamod:Rewind"],"picked":"SKIP","floor":11.0},{"not_picked":["hexamod:SpectralAdrenaline","hexamod:FlamesFromBeyond","hexamod:NightmareGuise"],"picked":"SKIP","floor":11.0},{"not_picked":["hexamod:TimeOfNeed","hexamod:Toasty"],"picked":"hexamod:FifthSeal","floor":16.0},{"not_picked":["hexamod:UnleashSpirits","hexamod:GhostflameInferno"],"picked":"hexamod:SixthSeal","floor":16.0},{"not_picked":["hexamod:SixthSeal","hexamod:TimeWarp"],"picked":"hexamod:FlameSwitch","floor":16.0},{"not_picked":["hexamod:SecondSeal","hexamod:FirstSeal"],"picked":"hexamod:SixthSeal","floor":18.0},{"not_picked":["hexamod:NightmareGuise","hexamod:NecessarySacrifice","hexamod:SwordOfDarkness"],"picked":"SKIP","floor":18.0},{"not_picked":["hexamod:DynamicBlow","hexamod:ApocalypticArmor","hexamod:HeatMetal"],"picked":"SKIP","floor":18.0},{"not_picked":["hexamod:NightmareGuise","hexamod:NecessarySacrifice","hexamod:SwordOfDarkness"],"picked":"SKIP","floor":18.0},{"not_picked":["hexamod:DynamicBlow","hexamod:ApocalypticArmor","hexamod:HeatMetal"],"picked":"SKIP","floor":18.0},{"not_picked":["hexamod:SecondSeal","hexamod:ThirdSeal"],"picked":"hexamod:FirstSeal","floor":19.0},{"not_picked":["hexamod:BacktrackSmack","hexamod:FastForward"],"picked":"hexamod:GhostOfSpirePast","floor":19.0},{"not_picked":["hexamod:ShieldOfDarkness","hexamod:NightmareGuise","hexamod:FlamesFromBeyond"],"picked":"SKIP","floor":19.0},{"not_picked":["hexamod:SecondSeal","hexamod:SixthSeal"],"picked":"hexamod:ThirdSeal","floor":20.0},{"not_picked":["hexamod:GhostShield","hexamod:SpectralSpark"],"picked":"hexamod:SecondSeal","floor":20.0},{"not_picked":["hexamod:BacktrackSmack","hexamod:EmpoweredFlame"],"picked":"hexamod:RadiantFlame","floor":20.0},{"not_picked":["hexamod:SwordOfDarkness+1","hexamod:HeatCrush"],"picked":"hexamod:Incineration","floor":21.0},{"not_picked":["hexamod:ShieldOfDarkness","hexamod:PhantomFireball"],"picked":"hexamod:PhantomCloak","floor":22.0},{"not_picked":["hexamod:Hexaguard","hexamod:AdvancingGuard","hexamod:EmpoweredFlame"],"picked":"SKIP","floor":22.0},{"not_picked":["hexamod:Hexaguard","hexamod:EmpoweredFlame"],"picked":"hexamod:AdvancingGuard","floor":22.0},{"not_picked":["hexamod:ThermalTransfer","hexamod:SearingWound"],"picked":"hexamod:GhostOfSpirePast","floor":24.0},{"not_picked":["hexamod:BacktrackSmack","hexamod:GhostLash"],"picked":"hexamod:GhostOfSpirePast","floor":24.0},{"not_picked":["hexamod:SuperheatedStrike","hexamod:Hexaguard+1"],"picked":"hexamod:GhostOfSpirePast","floor":25.0},{"not_picked":["hexamod:RadiantFlame","hexamod:Firestarter","hexamod:SuperheatedStrike"],"picked":"SKIP","floor":25.0},{"not_picked":["hexamod:DynamicBlow","hexamod:HeatMetal+1"],"picked":"hexamod:FirstSeal","floor":27.0},{"not_picked":["hexamod:Toasty","hexamod:Incineration","hexamod:HeatMetal"],"picked":"SKIP","floor":27.0},{"not_picked":["hexamod:Haunt","hexamod:Firestarter"],"picked":"hexamod:SpectersWail","floor":29.0},{"not_picked":["hexamod:InspiringFlames","hexamod:ExtraCrispy"],"picked":"hexamod:ApocalypseNow","floor":29.0},{"not_picked":["hexamod:ExtraCrispy","hexamod:GhostLash+1","hexamod:GhostShield"],"picked":"SKIP","floor":31.0},{"not_picked":["hexamod:SoulSteal","hexamod:HeatCrush","hexamod:RadiantFlame"],"picked":"SKIP","floor":31.0},{"not_picked":["hexamod:SearingWound","hexamod:ForkedFlame"],"picked":"hexamod:HexaLevel","floor":33.0},{"not_picked":["hexamod:HauntingEcho+1","hexamod:EtherealExpedition","hexamod:CatchUp"],"picked":"SKIP","floor":35.0},{"not_picked":["hexamod:EmpoweredFlame","hexamod:AdvancingGuard","hexamod:PhantomFireball"],"picked":"SKIP","floor":35.0},{"not_picked":["hexamod:HeatShield+1","hexamod:ShieldOfDarkness+1","hexamod:SuperheatedStrike"],"picked":"SKIP","floor":39.0},{"not_picked":["hexamod:ApocalypseNow","hexamod:InspiringFlames+1"],"picked":"hexamod:BacktrackSmack+1","floor":40.0},{"not_picked":["hexamod:ShieldOfDarkness","hexamod:SoulSteal+1"],"picked":"hexamod:ThermalTransfer+1","floor":40.0},{"not_picked":["hexamod:ApocalypseNow","hexamod:SuperheatedStrike","hexamod:FifthSeal"],"picked":"Singing Bowl","floor":44.0},{"not_picked":["hexamod:SkipABeat","hexamod:InspiringFlames+1","hexamod:ExtraCrispy+1"],"picked":"Singing Bowl","floor":44.0},{"not_picked":["hexamod:Firestarter","hexamod:GhostLash","hexamod:ThermalTransfer"],"picked":"Singing Bowl","floor":46.0},{"not_picked":["hexamod:Firestarter","hexamod:GhostflameBarrier","hexamod:SpectersWail"],"picked":"Singing Bowl","floor":46.0}],"player_experience":3332960,"relics_obtained":[{"floor":9.0,"key":"Bottled Flame"},{"floor":21.0,"key":"Red Mask"},{"floor":24.0,"key":"White Beast Statue"},{"floor":26.0,"key":"Pen Nib"},{"floor":27.0,"key":"WingedGreaves"},{"floor":31.0,"key":"CeramicFish"},{"floor":40.0,"key":"bronze:BronzeIdol"},{"floor":44.0,"key":"Singing Bowl"}],"event_choices":[{"cards_removed":["hexamod:Strike"],"damage_healed":0.0,"max_hp_gain":0.0,"max_hp_loss":0.0,"gold_gain":0.0,"event_name":"Golden Wing","player_choice":"Card Removal","floor":2.0,"gold_loss":0.0,"damage_taken":7.0},{"damage_healed":0.0,"max_hp_gain":0.0,"max_hp_loss":0.0,"gold_gain":0.0,"event_name":"Match and Keep!","player_choice":"1 cards matched","floor":3.0,"gold_loss":0.0,"damage_taken":0.0,"cards_obtained":["hexamod:TimeWarp"]},{"damage_healed":0.0,"max_hp_gain":5.0,"max_hp_loss":0.0,"gold_gain":0.0,"event_name":"Big Fish","player_choice":"Donut","floor":8.0,"gold_loss":0.0,"damage_taken":0.0},{"damage_healed":0.0,"max_hp_gain":0.0,"max_hp_loss":0.0,"gold_gain":0.0,"cards_transformed":["hexamod:Strike"],"event_name":"Transmorgrifier","player_choice":"Transformed","floor":14.0,"gold_loss":0.0,"damage_taken":0.0,"cards_obtained":["hexamod:Hexaguard"]},{"damage_healed":0.0,"max_hp_gain":0.0,"max_hp_loss":0.0,"gold_gain":0.0,"event_name":"Masked Bandits","player_choice":"Fought Bandits","floor":21.0,"gold_loss":0.0,"damage_taken":0.0},{"damage_healed":0.0,"max_hp_gain":0.0,"max_hp_loss":0.0,"gold_gain":50.0,"event_name":"Nest","player_choice":"Stole From Cult","floor":30.0,"gold_loss":0.0,"damage_taken":0.0},{"damage_healed":0.0,"max_hp_gain":0.0,"max_hp_loss":0.0,"gold_gain":999.0,"event_name":"MindBloom","player_choice":"Gold","floor":36.0,"gold_loss":0.0,"damage_taken":0.0,"cards_obtained":["Normality","Normality"]},{"damage_healed":0.0,"max_hp_gain":0.0,"max_hp_loss":0.0,"gold_gain":222.0,"event_name":"Tomb of Lord Red Mask","player_choice":"Wore Mask","floor":42.0,"gold_loss":0.0,"damage_taken":0.0},{"damage_healed":0.0,"max_hp_gain":0.0,"max_hp_loss":0.0,"gold_gain":0.0,"event_name":"The Woman in Blue","player_choice":"Bought 0 Potions","floor":45.0,"gold_loss":0.0,"damage_taken":0.0}],"is_beta":false,"boss_relics":[{"not_picked":["Calling Bell","Cursed Key"],"picked":"Fusion Hammer"},{"not_picked":["Velvet Choker","Astrolabe"],"picked":"sneckomod:SneckoTalon"}],"items_purged_floors":[37,48],"is_endless":false,"potions_floor_spawned":[1,7,18,22,24,25,27,29,31,33,35,39,40,44,46],"killed_by":"Awakened One","ascension_level":20}}