{"host":"8i58hvcssdezoe94","time":1611128549,"event":{"mods":["Act Like it!","BaseMod","Colored Map","Conspire","Downfall","Gensokyo","KinomotoSakuraMod(木之本樱)","Marisa（F雨　魔理沙）","Minty Spire (QoL Compilation)","Quick Restart","Remilia（蕾米莉亚）","StSLib","The Animator","The Bug Knight","The Construct","The Cursed","The Hierophant","The Jungle","The Servant 0.9.4"],"gold_per_floor":[111,131,131,143,29,62,62,62,62,62,73,141,358,66,66,170,170,189,439,439,453,364,379,379,395,463,52,52,62,97,313,313,313,313],"floor_reached":33,"language":"ZHS","playtime":1655,"items_purged":[],"score":292,"play_id":"6037066a-2321-44db-acc7-4749a4508d34","local_time":"20210120154229","is_ascension_mode":false,"campfire_choices":[{"floor":8,"key":"RECALL"},{"data":"Bandage Up","floor":10,"key":"SMITH"},{"data":"Redo","floor":15,"key":"SMITH"},{"data":"Sunder","floor":24,"key":"SMITH"},{"data":"Sunder+1","floor":28,"key":"SMITH"},{"floor":32,"key":"REST"}],"circlet_count":0,"master_deck":["Strike_B","Strike_B","Strike_B","Strike_B","Defend_B","Defend_B","Defend_B","Defend_B","Zap","Bandage Up+1","Cold Snap","Conserve Battery","Melter","Compile Driver","Redo+1","Steam","Hyperbeam","Self Repair","Sunder+2","Sweeping Beam","Flash of Steel","Streamline","Static Discharge+1","Gensokyo:BlemishedSteel","Genetic Algorithm","Biased Cognition","Turbo+1"],"relics":["Cracked Core","conspire:InfiniteJournal","Gensokyo:Justice","conspire:DeflatedDodgeball","Kunai","Ice Cream","Lizard Tail","Velvet Choker","ClockworkSouvenir","Toolbox","Shuriken"],"acts_visited":["Gensokyo:Gensokyo","Gensokyo:Gensokyoer"],"potions_floor_usage":[],"damage_taken":[{"damage":1,"enemies":"Gensokyo:Python","floor":1,"turns":3},{"damage":6,"enemies":"Gensokyo:2_Kodama","floor":2,"turns":5},{"damage":0,"enemies":"Gensokyo:Gryphon","floor":4,"turns":4},{"damage":37,"enemies":"Gensokyo:Aya","floor":6,"turns":7},{"damage":1,"enemies":"Gensokyo:VengefulSpirit","floor":11,"turns":5},{"damage":0,"enemies":"Gensokyo:LivingMonolith","floor":13,"turns":3},{"damage":24,"enemies":"Gensokyo:Yukari","floor":16,"turns":11},{"damage":0,"enemies":"Gensokyo:2_Gloops","floor":18,"turns":3},{"damage":20,"enemies":"Gensokyo:3_Dogs","floor":21,"turns":4},{"damage":20,"enemies":"Gensokyo:Chomper_and_Gloop","floor":23,"turns":6},{"damage":30,"enemies":"Gensokyo:Swordslinger","floor":25,"turns":4},{"damage":0,"enemies":"Gensokyo:Mirror_and_Dog","floor":29,"turns":4},{"damage":70,"enemies":"Gensokyo:Tenshi","floor":30,"turns":4},{"damage":28,"enemies":"Gensokyo:Chomper_and_Gloop","floor":31,"turns":4},{"damage":48,"enemies":"Gensokyo:Kaguya","floor":33,"turns":9}],"seed_played":"6638366538083065484","potions_obtained":[{"floor":1,"key":"AttackPotion"},{"floor":4,"key":"DistilledChaos"},{"floor":11,"key":"GamblersBrew"},{"floor":21,"key":"Regen Potion"}],"is_trial":false,"path_per_floor":["M","M","?","M","COS","E","?","R","T","R","M","T","M","$","R","B",null,"M","?","?","M","$","M","R","M","T","COS","R","M","E","M","R","B"],"character_chosen":"DEFECT","items_purchased":["Ice Cream","Flash of Steel"],"campfire_rested":1,"item_purchase_floors":[14,22],"current_hp_per_floor":[74,69,69,73,73,38,38,38,38,38,43,43,49,49,49,31,75,75,71,71,64,64,57,57,40,40,40,40,53,33,18,39,0,0],"gold":313,"neow_bonus":"RANDOM_COLORLESS","is_daily":false,"chose_seed":false,"campfire_upgraded":4,"win_rate":0.0,"timestamp":1611128549,"path_taken":["M","M","?","?","COS","E","?","R","T","R","M","?","?","?","R","BOSS","M","?","?","M","$","M","R","M","T","COS","R","?","E","M","R","BOSS"],"items_purchased_type":["Relic","Card"],"build_version":"2020-12-22","purchased_purges":0,"victory":false,"max_hp_per_floor":[75,75,75,75,75,75,75,75,75,75,75,75,75,75,75,75,75,75,71,71,71,71,71,71,71,71,71,71,71,71,71,71,71,71],"card_choices":[{"not_picked":["Mind Blast","Good Instincts"],"picked":"Bandage Up","floor":0},{"not_picked":["Stack","Barrage"],"picked":"Cold Snap","floor":1},{"not_picked":["Barrage","Double Energy"],"picked":"Conserve Battery","floor":2},{"not_picked":["Force Field","Streamline"],"picked":"Melter","floor":4},{"not_picked":["Hologram","Creative AI"],"picked":"Compile Driver","floor":6},{"not_picked":["Streamline","Blizzard"],"picked":"Redo","floor":11},{"not_picked":["Turbo","Coolheaded"],"picked":"Steam","floor":13},{"not_picked":["Creative AI","Fission"],"picked":"Hyperbeam","floor":16},{"not_picked":["Streamline","Coolheaded"],"picked":"Self Repair","floor":18},{"not_picked":["Steam+1","Aggregate+1"],"picked":"Sweeping Beam","floor":21},{"not_picked":["Compile Driver","Barrage"],"picked":"Streamline","floor":23},{"not_picked":["conspire:Rain","Coolheaded"],"picked":"Static Discharge+1","floor":25},{"not_picked":["Force Field+1","Go for the Eyes"],"picked":"Genetic Algorithm","floor":29},{"not_picked":["Rebound","Force Field"],"picked":"Biased Cognition","floor":30},{"not_picked":["Sweeping Beam+1","Rebound+1"],"picked":"Turbo+1","floor":31}],"player_experience":55112,"relics_obtained":[{"floor":6,"key":"conspire:InfiniteJournal"},{"floor":9,"key":"conspire:DeflatedDodgeball"},{"floor":12,"key":"Kunai"},{"floor":30,"key":"Shuriken"}],"event_choices":[],"is_beta":false,"boss_relics":[{"not_picked":["Empty Cage","Busted Crown"],"picked":"Velvet Choker"}],"items_purged_floors":[],"is_endless":false,"potions_floor_spawned":[1,4,11,21,25],"killed_by":"Gensokyo:Kaguya","ascension_level":0}}