{"host":"56d873i5r3uhle0q","time":1611119512,"event":{"mods":["100% Spire Juice","Act Like it!","Aspiration","BaseMod","Block Reminder","Conspire","Gensokyo","Hermit","Hubris","Infinite Spire","Jedi Mod","Lobotomy","Marisa????????","Marked Mod","Minty Spire (QoL Compilation)","Replay The Spire","StSLib","The Animator","The Bug Knight","The Cursed","The Marked","The Servant 0.9.4","everything is the same but u backflip on backflip","vexMod","??????REMEMod"],"gold_per_floor":[111,11,26,41,11,21,21,21],"floor_reached":7,"language":"ENG","playtime":384,"items_purged":[],"score":43,"play_id":"fd308d9a-b964-4db1-af50-ecd511803304","local_time":"20210119221152","is_ascension_mode":false,"campfire_choices":[],"circlet_count":0,"master_deck":["Strike_R","Strike_R","Strike_R","Strike_R","Strike_R","Defend_R","Defend_R","Defend_R","Defend_R","Bash","hubris:EnhanceAbility","CherryBlossoms","Second Wind","infinitespire:OneForAll","Gensokyo:TarnishedGold","SnowQueen","infinitespire:OneForAll"],"relics":["Burning Blood","REME_ComplimentaryCards","CogitoBucket","Singing Bowl"],"acts_visited":["Gensokyo:Gensokyo"],"potions_floor_usage":[6],"damage_taken":[{"damage":8,"enemies":"Gensokyo:2_Kodama","floor":1,"turns":5},{"damage":0,"enemies":"Gensokyo:3_Fairies","floor":3,"turns":5},{"damage":16,"enemies":"Gensokyo:Gryphon","floor":4,"turns":5},{"damage":43,"enemies":"Gensokyo:3_Kodama","floor":6,"turns":11},{"damage":40,"enemies":"Gensokyo:Aya","floor":7,"turns":5}],"seed_played":"-6546988130216493836","potions_obtained":[{"floor":3,"key":"Strength Potion"},{"floor":4,"key":"Dexterity Potion"},{"floor":6,"key":"REME_GoldPotion"}],"is_trial":false,"path_per_floor":["M","?","M","M","COS","M","E"],"character_chosen":"IRONCLAD","items_purchased":[],"campfire_rested":0,"item_purchase_floors":[],"current_hp_per_floor":[78,78,82,72,72,35,0,0],"gold":21,"neow_bonus":"","is_daily":false,"chose_seed":false,"campfire_upgraded":0,"win_rate":0.0,"timestamp":1611119512,"path_taken":["M","?","M","M","COS","M","E"],"items_purchased_type":[],"build_version":"2020-12-22","purchased_purges":0,"victory":false,"max_hp_per_floor":[80,80,82,82,82,82,82,82],"card_choices":[{"not_picked":["Funeral","FairyFestival"],"picked":"CherryBlossoms","floor":1},{"not_picked":["Heavy Blade","Clothesline"],"picked":"Second Wind","floor":1},{"not_picked":["SingingMachine","HeroicMonk","Yin"],"picked":"Singing Bowl","floor":3},{"not_picked":["Twin Strike","jedi:fear","Cleave"],"picked":"Singing Bowl","floor":3},{"not_picked":["PunishingBird","SpiderBud","Woodsman"],"picked":"Singing Bowl","floor":4},{"not_picked":["Replay:Undeath\u0027s Touch","Flex"],"picked":"infinitespire:OneForAll","floor":4},{"not_picked":["CrumblingArmor","SpiderBud"],"picked":"SnowQueen","floor":6},{"not_picked":["Replay:Undeath\u0027s Touch","Wild Strike"],"picked":"infinitespire:OneForAll","floor":6}],"player_experience":565132,"relics_obtained":[],"event_choices":[],"is_beta":false,"boss_relics":[],"items_purged_floors":[],"is_endless":false,"potions_floor_spawned":[3,4,6],"killed_by":"Gensokyo:Aya","ascension_level":0}}