{"host":"ifd7sfhtlbe34qll","time":1611179832,"event":{"mods":["2.2 Compatiblity","BaseMod","Block Reminder","Colored Map","Curses Come First","Downfall","Highlight Path","Minty Spire (QoL Compilation)","Potion Indicator Mod","Quick Restart","Relic Stats","StSLib"],"gold_per_floor":[113,124,124,138,1,31,31,45,45,45,88,88,2,45,45,144,144,164,187,67,67,81,112,112,127,150,1,30,85,120,137,137,211,211,231,89,135,160,35,35,67,84,84,84,94,94,105,64,64,64,64,64,64,10,38,38],"floor_reached":57,"language":"ENG","playtime":3743,"items_purged":["Strike_G","Strike_G","Strike_G"],"score":2937,"play_id":"efab364c-f71c-4dd0-bfb3-50a9fd497150","local_time":"20210120155712","is_ascension_mode":true,"campfire_choices":[{"data":"Blade Dance","floor":10.0,"key":"SMITH"},{"data":"Noxious Fumes","floor":12.0,"key":"SMITH"},{"floor":15.0,"key":"REST"},{"data":"Wraith Form v2","floor":24.0,"key":"SMITH"},{"data":"Well Laid Plans","floor":32.0,"key":"SMITH"},{"data":"Wraith Form v2","floor":40,"key":"SMITH"},{"floor":44,"key":"RECALL"},{"data":"Wraith Form v2","floor":49,"key":"SMITH"},{"data":"Catalyst","floor":53,"key":"SMITH"}],"circlet_count":0,"master_deck":["AscendersBane","Defend_G","Defend_G","Defend_G","Defend_G","Defend_G","Survivor","Neutralize","Flying Knee","Footwork","Venomology","Noxious Fumes+1","Blade Dance+1","Poisoned Stab","Masterful Stab","Malaise","Wraith Form v2+1","Finisher","PiercingWail","Well Laid Plans+1","Crippling Poison","PiercingWail+1","Bullet Time","Acrobatics","Dash","Deadly Poison+1","Terror","Wraith Form v2+1","Bouncing Flask","Predator","Flechettes","Catalyst+1","Leg Sweep+1","Wraith Form v2+1","Footwork"],"relics":["Snecko Eye","Mummified Hand","Omamori","Bloody Idol","Tiny Chest","Gambling Chip","Empty Cage","Turnip","Happy Flower","Akabeko","Potion Belt","Du-Vu Doll","SlaversCollar","Pocketwatch","CaptainsWheel","Letter Opener","Shuriken","Dead Branch","Bottled Lightning"],"acts_visited":["Exordium","TheCity","TheBeyond","TheEnding"],"potions_floor_usage":[37,41,50,55,56,56,56],"damage_taken":[{"damage":0.0,"enemies":"2 Louse","floor":1.0,"turns":4.0},{"damage":3.0,"enemies":"Small Slimes","floor":2.0,"turns":3.0},{"damage":0.0,"enemies":"Jaw Worm","floor":4.0,"turns":3.0},{"damage":8.0,"enemies":"Gremlin Nob","floor":6.0,"turns":3.0},{"damage":2.0,"enemies":"Red Slaver","floor":8.0,"turns":5.0},{"damage":0.0,"enemies":"3 Sentries","floor":11.0,"turns":6.0},{"damage":29.0,"enemies":"Lagavulin","floor":14.0,"turns":8.0},{"damage":22.0,"enemies":"Slime Boss","floor":16.0,"turns":6.0},{"damage":7.0,"enemies":"2 Thieves","floor":18.0,"turns":4.0},{"damage":0.0,"enemies":"Chosen","floor":19.0,"turns":4.0},{"damage":20.0,"enemies":"Centurion and Healer","floor":22.0,"turns":6.0},{"damage":6.0,"enemies":"Slavers","floor":23.0,"turns":6.0},{"damage":0.0,"enemies":"Snake Plant","floor":25.0,"turns":4.0},{"damage":0.0,"enemies":"Book of Stabbing","floor":28.0,"turns":5.0},{"damage":3.0,"enemies":"Slavers","floor":30.0,"turns":5.0},{"damage":1.0,"enemies":"Shelled Parasite and Fungi","floor":31.0,"turns":4.0},{"damage":28.0,"enemies":"Champ","floor":33.0,"turns":9.0},{"damage":0,"enemies":"Orb Walker","floor":35,"turns":2},{"damage":2,"enemies":"2 Orb Walkers","floor":37,"turns":5},{"damage":0,"enemies":"Mind Bloom Boss Battle","floor":38,"turns":4},{"damage":0,"enemies":"Reptomancer","floor":41,"turns":6},{"damage":0,"enemies":"3 Shapes","floor":42,"turns":3},{"damage":2,"enemies":"Spire Growth","floor":45,"turns":4},{"damage":0,"enemies":"Writhing Mass","floor":47,"turns":4},{"damage":0,"enemies":"Donu and Deca","floor":50,"turns":5},{"damage":17,"enemies":"Awakened One","floor":51,"turns":13},{"damage":6,"enemies":"Shield and Spear","floor":55,"turns":6},{"damage":32,"enemies":"The Heart","floor":56,"turns":7}],"seed_played":"-1647203297006593907","potions_obtained":[{"floor":2.0,"key":"CunningPotion"},{"floor":8.0,"key":"EssenceOfSteel"},{"floor":14.0,"key":"Explosive Potion"},{"floor":19.0,"key":"FearPotion"},{"floor":25.0,"key":"SneckoOil"},{"floor":28.0,"key":"SkillPotion"},{"floor":31.0,"key":"SneckoOil"},{"floor":37,"key":"Block Potion"},{"floor":42,"key":"DistilledChaos"}],"is_trial":false,"path_per_floor":["M","M","?","M","$","E","?","M","T","R","E","R","$","E","R","B",null,"M","M","$","?","M","E","R","M","T","$","E","T","E","M","R","B",null,"M","$","?","?","$","R","E","M","T","R","M","T","M","$","R","B","B",null,"R","$","E","B",null],"character_chosen":"THE_SILENT","items_purchased":["Noxious Fumes","Swift Potion","Malaise","Well Laid Plans","Crippling Poison","Dash","Predator","Footwork","PowerPotion"],"campfire_rested":1,"item_purchase_floors":[5,5,13,20,20,27,36,48,54],"current_hp_per_floor":[59,56,51,51,51,43,43,41,41,41,41,41,41,12,30,8,47,40,40,40,40,25,24,24,29,34,34,39,44,46,50,50,27,52,57,57,60,60,60,60,60,60,60,60,60,60,60,60,60,60,43,56,56,56,55,23],"gold":38,"neow_bonus":"BOSS_RELIC","is_daily":false,"chose_seed":false,"campfire_upgraded":7,"win_rate":0.0,"timestamp":1611179832,"path_taken":["M","M","?","M","$","E","?","M","T","R","E","R","?","E","R","BOSS","M","M","?","?","M","E","R","M","T","$","E","?","E","M","R","BOSS","M","$","?","?","?","R","E","M","T","R","M","?","?","?","R","BOSS","BOSS","R","$","E","BOSS"],"items_purchased_type":["Card","Potion","Card","Card","Card","Card","Card","Card","Potion"],"build_version":"2020-12-22","purchased_purges":3,"victory":true,"max_hp_per_floor":[66,66,66,66,66,66,60,60,60,60,60,60,60,60,60,60,60,60,60,60,60,60,60,60,60,60,60,60,60,60,60,60,60,60,60,60,60,60,60,60,60,60,60,60,60,60,60,60,60,60,60,60,60,60,60,60],"relic_stats":{"Happy Flower":[27],"counters":[28,144],"Dead Branch":[77],"Letter Opener":[165],"Mummified Hand":[175],"Shuriken":[21],"Bloody Idol":62,"Gambling Chip":[76],"Snecko Eye":[297,259,282,221],"Tiny Chest":2,"Turnip":[12],"obtain_stats":[{"Potion Belt":29,"Happy Flower":26,"Golden Idol":7,"Dead Branch":46,"Omamori":6,"Letter Opener":41,"Empty Cage":17,"Akabeko":28,"Du-Vu Doll":30,"SlaversCollar":34,"CaptainsWheel":38,"Mummified Hand":3,"Shuriken":43,"Gambling Chip":14,"Bloody Idol":21,"Snecko Eye":0,"Tiny Chest":11,"Turnip":23,"Bottled Lightning":55,"Ring of the Snake":0,"Pocketwatch":37},{"Potion Belt":14,"Happy Flower":13,"Golden Idol":4,"Dead Branch":23,"Omamori":4,"Letter Opener":21,"Empty Cage":8,"Akabeko":14,"Du-Vu Doll":15,"SlaversCollar":17,"CaptainsWheel":20,"Mummified Hand":2,"Shuriken":22,"Gambling Chip":7,"Bloody Idol":10,"Snecko Eye":0,"Tiny Chest":6,"Turnip":12,"Bottled Lightning":27,"Ring of the Snake":0,"Pocketwatch":19},{"Potion Belt":67,"Happy Flower":62,"Golden Idol":13,"Dead Branch":109,"Omamori":13,"Letter Opener":102,"Empty Cage":38,"Akabeko":67,"Du-Vu Doll":72,"SlaversCollar":85,"CaptainsWheel":96,"Mummified Hand":7,"Shuriken":105,"Gambling Chip":32,"Bloody Idol":46,"Snecko Eye":0,"Tiny Chest":24,"Turnip":58,"Bottled Lightning":137,"Ring of the Snake":0,"Pocketwatch":92}],"Pocketwatch":[10]},"card_choices":[{"not_picked":["Bane","Deadly Poison"],"picked":"Flying Knee","floor":1.0},{"not_picked":["Dagger Spray","Prepared"],"picked":"Footwork","floor":2.0},{"not_picked":["Quick Slash","Blur"],"picked":"Venomology","floor":4.0},{"not_picked":["Cloak And Dagger","Deadly Poison"],"picked":"Blade Dance","floor":6.0},{"not_picked":["Flying Knee","Acrobatics"],"picked":"Poisoned Stab","floor":8.0},{"not_picked":["Accuracy","Sucker Punch"],"picked":"Masterful Stab","floor":11.0},{"not_picked":["Blade Dance","Endless Agony","Bane"],"picked":"SKIP","floor":14.0},{"not_picked":["Night Terror","Burst"],"picked":"Wraith Form v2","floor":16.0},{"not_picked":["Finisher","Backstab","Dagger Throw"],"picked":"SKIP","floor":18.0},{"not_picked":["Backstab","Dagger Throw"],"picked":"Finisher","floor":18.0},{"not_picked":["Bane","Blade Dance"],"picked":"PiercingWail","floor":19.0},{"not_picked":["Accuracy","Blur"],"picked":"PiercingWail+1","floor":22.0},{"not_picked":["Expertise","PiercingWail"],"picked":"Bullet Time","floor":23.0},{"not_picked":["Sucker Punch","Infinite Blades"],"picked":"Acrobatics","floor":25.0},{"not_picked":["Accuracy","Outmaneuver"],"picked":"Deadly Poison+1","floor":28.0},{"not_picked":["Acrobatics","Escape Plan"],"picked":"Terror","floor":30.0},{"not_picked":["Dodge and Roll","Well Laid Plans","Cloak And Dagger"],"picked":"SKIP","floor":31.0},{"not_picked":["A Thousand Cuts","Storm of Steel"],"picked":"Wraith Form v2","floor":33.0},{"not_picked":["Slice","PiercingWail"],"picked":"Bouncing Flask","floor":35},{"not_picked":["Blade Dance+1","Backflip"],"picked":"Flechettes","floor":37},{"not_picked":["Noxious Fumes","Prepared"],"picked":"Catalyst","floor":41},{"not_picked":["Blur","Blade Dance","Underhanded Strike"],"picked":"SKIP","floor":42},{"not_picked":["Deflect","Masterful Stab"],"picked":"Leg Sweep+1","floor":45},{"not_picked":["Prepared+1","Cloak And Dagger+1"],"picked":"Wraith Form v2","floor":47},{"not_picked":["Concentrate","Blade Dance","Accuracy"],"picked":"SKIP","floor":55}],"player_experience":1667867,"relics_obtained":[{"floor":6.0,"key":"Omamori"},{"floor":11.0,"key":"Tiny Chest"},{"floor":14.0,"key":"Gambling Chip"},{"floor":23.0,"key":"Turnip"},{"floor":26.0,"key":"Happy Flower"},{"floor":28.0,"key":"Akabeko"},{"floor":29.0,"key":"Potion Belt"},{"floor":30.0,"key":"Du-Vu Doll"},{"floor":37,"key":"Pocketwatch"},{"floor":38,"key":"CaptainsWheel"},{"floor":41,"key":"Letter Opener"},{"floor":43,"key":"Shuriken"},{"floor":46,"key":"Dead Branch"},{"floor":55,"key":"Bottled Lightning"}],"event_choices":[{"damage_healed":0.0,"max_hp_gain":0.0,"max_hp_loss":0.0,"gold_gain":0.0,"event_name":"Scrap Ooze","player_choice":"Success","floor":3.0,"gold_loss":0.0,"damage_taken":5.0,"relics_obtained":["Mummified Hand"]},{"damage_healed":0.0,"max_hp_gain":0.0,"max_hp_loss":6.0,"gold_gain":0.0,"event_name":"Golden Idol","player_choice":"Lose Max HP","floor":7.0,"gold_loss":0.0,"damage_taken":0.0,"relics_obtained":["Golden Idol"]},{"damage_healed":0.0,"max_hp_gain":0.0,"max_hp_loss":0.0,"gold_gain":0.0,"event_name":"Forgotten Altar","player_choice":"Gave Idol","floor":21.0,"relics_lost":["Golden Idol"],"gold_loss":0.0,"damage_taken":0.0,"relics_obtained":["Bloody Idol"]},{"damage_healed":0,"gold_gain":0,"player_choice":"Fight","damage_taken":0,"max_hp_gain":0,"max_hp_loss":0,"event_name":"Mysterious Sphere","floor":37,"gold_loss":0},{"damage_healed":0,"gold_gain":0,"player_choice":"Fight","damage_taken":0,"max_hp_gain":0,"max_hp_loss":0,"event_name":"MindBloom","floor":38,"gold_loss":0}],"is_beta":false,"boss_relics":[{"not_picked":["Sozu","HoveringKite"],"picked":"Empty Cage"},{"not_picked":["Busted Crown","Tiny House"],"picked":"SlaversCollar"}],"items_purged_floors":[27,36,39],"is_endless":false,"potions_floor_spawned":[2,8,14,19,22,25,28,31,37,42],"ascension_level":20}}