{"host":"sxnl403xm2xmiyj1","time":1611148001,"event":{"mods":["AchievementEnabler","BaseMod","Colored Map","Keyboard Shortcuts","Minty Spire (QoL Compilation)","Quick Restart","StSLib","SuperFastMode"],"gold_per_floor":[212,227,250,11,22,22,40,40,40,75,75,106,161,236,236,310,310,327,346,361,1,1,1,17,44,44,44,44,44,59,74,74,74,74],"floor_reached":33,"language":"KOR","playtime":679,"items_purged":[],"score":468,"play_id":"0420fd89-6dbe-4d8e-ae9c-1743abf17f4e","local_time":"20210120220641","is_ascension_mode":true,"campfire_choices":[{"data":"Sadistic Nature","floor":6.0,"key":"SMITH"},{"data":"Noxious Fumes","floor":8.0,"key":"SMITH"},{"data":"Prepared","floor":15.0,"key":"SMITH"},{"data":"Venomology","floor":23.0,"key":"SMITH"},{"floor":28.0,"key":"REST"},{"data":"Footwork","floor":29.0,"key":"SMITH"},{"floor":32.0,"key":"REST"}],"circlet_count":0,"master_deck":["AscendersBane","Strike_G","Strike_G","Strike_G","Strike_G","Strike_G","Defend_G","Defend_G","Defend_G","Defend_G","Defend_G","Survivor","Neutralize","Slice","Noxious Fumes+1","Sadistic Nature+1","Prepared+1","Dash","Sucker Punch","Bane+1","Caltrops","Venomology+1","Prepared","Bouncing Flask","Bandage Up","Crippling Poison","Footwork+1","Backstab","Poisoned Stab","PiercingWail"],"relics":["Ring of the Snake","Oddly Smooth Stone","Shuriken","Sundial","Meat on the Bone","Centennial Puzzle","SacredBark","PreservedInsect","WingedGreaves","The Specimen"],"acts_visited":["Exordium","TheCity"],"potions_floor_usage":[33,33],"damage_taken":[{"damage":2.0,"enemies":"Cultist","floor":1.0,"turns":4.0},{"damage":6.0,"enemies":"Small Slimes","floor":2.0,"turns":4.0},{"damage":0.0,"enemies":"2 Louse","floor":5.0,"turns":3.0},{"damage":9.0,"enemies":"Gremlin Gang","floor":7.0,"turns":3.0},{"damage":9.0,"enemies":"Gremlin Nob","floor":10.0,"turns":4.0},{"damage":5.0,"enemies":"Lagavulin","floor":12.0,"turns":6.0},{"damage":10.0,"enemies":"Gremlin Nob","floor":13.0,"turns":3.0},{"damage":4.0,"enemies":"Slime Boss","floor":16.0,"turns":7.0},{"damage":14.0,"enemies":"2 Thieves","floor":18.0,"turns":5.0},{"damage":10.0,"enemies":"Shell Parasite","floor":19.0,"turns":4.0},{"damage":21.0,"enemies":"Snake Plant","floor":20.0,"turns":3.0},{"damage":27.0,"enemies":"Chosen and Byrds","floor":24.0,"turns":6.0},{"damage":38.0,"enemies":"Slavers","floor":25.0,"turns":4.0},{"damage":25.0,"enemies":"Centurion and Healer","floor":30.0,"turns":5.0},{"damage":27.0,"enemies":"Sentry and Sphere","floor":31.0,"turns":5.0},{"damage":55,"enemies":"Automaton","floor":33,"turns":6}],"seed_played":"-630281959025656345","potions_obtained":[{"floor":7.0,"key":"SkillPotion"},{"floor":16.0,"key":"SkillPotion"},{"floor":18.0,"key":"Strength Potion"},{"floor":30.0,"key":"Swift Potion"},{"floor":31.0,"key":"AttackPotion"}],"is_trial":false,"path_per_floor":["M","M","T","$","M","R","M","R","T","E","?","E","?","?","R","B",null,"M","M","M","$","?","R","M","E","T","?","R","R","M","M","R","B"],"character_chosen":"THE_SILENT","items_purchased":["Sadistic Nature","Prepared","PreservedInsect","Bouncing Flask","Bandage Up","Poison Potion"],"campfire_rested":2,"item_purchase_floors":[4,4,21,21,21,21],"current_hp_per_floor":[57,51,51,51,51,51,42,42,42,33,33,28,30,24,24,32,58,44,34,25,25,25,25,42,20,20,14,33,33,24,13,32,0,0],"gold":74,"neow_bonus":"HUNDRED_GOLD","is_daily":false,"chose_seed":false,"campfire_upgraded":5,"win_rate":0.0,"timestamp":1611148001,"path_taken":["M","M","?","$","M","R","M","R","T","E","?","E","?","?","R","BOSS","M","M","?","$","?","R","M","E","T","?","R","R","?","M","R","BOSS"],"items_purchased_type":["Card","Card","Relic","Card","Card","Potion"],"build_version":"2020-12-22","purchased_purges":0,"victory":false,"max_hp_per_floor":[66,66,66,66,66,66,66,66,66,66,66,66,66,66,66,66,66,66,66,66,66,66,66,66,66,66,66,66,66,66,66,66,66,66],"card_choices":[{"not_picked":["Underhanded Strike","Dagger Spray"],"picked":"Slice","floor":1.0},{"not_picked":["Deadly Poison","Prepared"],"picked":"Noxious Fumes","floor":2.0},{"not_picked":["All Out Attack","Setup"],"picked":"Dash","floor":5.0},{"not_picked":["Dodge and Roll","Backflip"],"picked":"Sucker Punch","floor":7.0},{"not_picked":["Well Laid Plans","Backstab"],"picked":"Bane","floor":10.0},{"not_picked":["Backflip","Dagger Spray"],"picked":"Caltrops","floor":12.0},{"not_picked":["Dash","Flying Knee"],"picked":"Venomology","floor":13.0},{"not_picked":["Outmaneuver","Dash","Dagger Throw"],"picked":"SKIP","floor":18.0},{"not_picked":["Blade Dance","Outmaneuver"],"picked":"Prepared","floor":19.0},{"not_picked":["Underhanded Strike","Expertise","Masterful Stab"],"picked":"SKIP","floor":20.0},{"not_picked":["Masterful Stab","Cloak And Dagger"],"picked":"Footwork","floor":24.0},{"not_picked":["Flying Knee","Glass Knife"],"picked":"Backstab","floor":25.0},{"not_picked":["Endless Agony","Flying Knee"],"picked":"Poisoned Stab","floor":30.0},{"not_picked":["Dagger Throw","Slice"],"picked":"PiercingWail","floor":31.0}],"player_experience":171333,"relics_obtained":[{"floor":3.0,"key":"Oddly Smooth Stone"},{"floor":9.0,"key":"Shuriken"},{"floor":10.0,"key":"Sundial"},{"floor":12.0,"key":"Meat on the Bone"},{"floor":25.0,"key":"WingedGreaves"},{"floor":26.0,"key":"The Specimen"}],"event_choices":[{"damage_healed":0.0,"max_hp_gain":0.0,"max_hp_loss":0.0,"gold_gain":0.0,"event_name":"Living Wall","player_choice":"Grow","floor":11.0,"gold_loss":0.0,"damage_taken":0.0,"cards_upgraded":["Bane"]},{"damage_healed":0.0,"max_hp_gain":0.0,"max_hp_loss":0.0,"gold_gain":30.0,"event_name":"Dead Adventurer","player_choice":"Searched \u00273\u0027 times","floor":13.0,"gold_loss":0.0,"damage_taken":0.0,"relics_obtained":["Centennial Puzzle"]},{"damage_healed":0.0,"max_hp_gain":0.0,"max_hp_loss":0.0,"gold_gain":75.0,"event_name":"FaceTrader","player_choice":"Touch","floor":14.0,"gold_loss":0.0,"damage_taken":6.0},{"damage_healed":0.0,"max_hp_gain":0.0,"max_hp_loss":0.0,"gold_gain":0.0,"event_name":"The Library","player_choice":"Read","floor":22.0,"gold_loss":0.0,"damage_taken":0.0,"cards_obtained":["Crippling Poison"]},{"damage_healed":0.0,"max_hp_gain":0.0,"max_hp_loss":0.0,"gold_gain":0.0,"event_name":"Knowing Skull","player_choice":"","floor":27.0,"potions_obtained":[],"gold_loss":0.0,"damage_taken":6.0,"cards_obtained":[]}],"is_beta":false,"boss_relics":[{"not_picked":["Snecko Eye","Tiny House"],"picked":"SacredBark"}],"items_purged_floors":[],"is_endless":false,"potions_floor_spawned":[7,16,18,30,31],"killed_by":"Automaton","ascension_level":14}}