{"host":"6a92uynocv4elkyp","time":1611177484,"event":{"mods":["AchievementEnabler","BaseMod","Hubris","Infinite Spire","Minty Spire (QoL Compilation)","Quick Restart","Replay The Spire","StSLib"],"gold_per_floor":[99,147,195,240,291,384,486,591,591,591,690,795,828,828,828,1209,1209,1242,1222,958,958,958],"floor_reached":21,"language":"ENG","playtime":1341,"items_purged":["Hello World"],"score":559,"play_id":"ff93d0ec-df75-40c7-a63f-67afb201975c","local_time":"20210120221804","daily_mods":["SealedDeck","Heirloom","Flight","DeadlyEvents","Elite Swarm","Midas"],"is_ascension_mode":true,"campfire_choices":[{"floor":10,"key":"REST"},{"floor":15,"key":"REST"}],"circlet_count":0,"master_deck":["AscendersBane","Compile Driver","Panic Button","Ball Lightning","Chill","FIFO Queue","Cold Snap","Glacier","FIFO Queue","Chill","Heatsinks","Lockon","Coolheaded","Buffer","Echo Form","Static Discharge","Creative AI","Electrodynamics","Gash","Rainbow","hubris:NaturalOne","Defragment"],"relics":["replay:Trail_Library","Emotion Chip","Iron Core","hubris:MobiusCoin","Shovel","Meat on the Bone","Ginger","infinitespire:Eraser","hubris:Icosahedron","Honey Jar","Akabeko"],"acts_visited":["Exordium","TheCity"],"potions_floor_usage":[],"damage_taken":[{"damage":10,"enemies":"Jaw Worm","floor":2,"turns":4},{"damage":0,"enemies":"Cultist","floor":3,"turns":5},{"damage":3,"enemies":"Small Slimes","floor":4,"turns":3},{"damage":8,"enemies":"Looter","floor":5,"turns":3},{"damage":18,"enemies":"Gremlin Nob","floor":6,"turns":6},{"damage":0,"enemies":"Lagavulin","floor":7,"turns":10},{"damage":7,"enemies":"Gremlin Nob","floor":8,"turns":5},{"damage":8,"enemies":"Lagavulin","floor":11,"turns":8},{"damage":0,"enemies":"3 Sentries","floor":12,"turns":11},{"damage":20,"enemies":"Red Slaver","floor":13,"turns":4},{"damage":35,"enemies":"The Guardian","floor":16,"turns":12},{"damage":7,"enemies":"Spheric Guardian","floor":18,"turns":6},{"damage":14,"enemies":"Gremlin Leader","floor":21,"turns":3}],"seed_played":"-515863479735473578","potions_obtained":[{"floor":2,"key":"SmokeBomb"},{"floor":7,"key":"Milkshake"},{"floor":11,"key":"Dexterity Potion"},{"floor":19,"key":"Weak Potion"}],"is_trial":true,"path_per_floor":["?","M","M","M","M","E","E","E","T","R","E","E","M","?","R","B",null,"M","?","$","E"],"character_chosen":"DEFECT","items_purchased":["Defragment","Akabeko"],"campfire_rested":2,"item_purchase_floors":[20,20],"current_hp_per_floor":[64,54,54,51,43,25,25,18,18,39,43,43,35,35,56,33,62,55,55,55,41,41],"gold":958,"neow_bonus":"","is_daily":false,"chose_seed":false,"campfire_upgraded":0,"win_rate":0.0,"timestamp":1611177484,"path_taken":["?","M","M","M","M","E","E","E","T","R","?","E","?","?","R","BOSS","M","?","$","?"],"items_purchased_type":["Card","Relic"],"build_version":"2020-12-22","purchased_purges":1,"victory":false,"max_hp_per_floor":[71,71,71,71,71,71,71,71,71,71,71,71,71,71,71,71,71,71,71,71,71,71],"card_choices":[{"not_picked":["Streamline","Rebound"],"picked":"Lockon","floor":2},{"not_picked":["Cold Snap","Glacier","Seeing Red"],"picked":"SKIP","floor":3},{"not_picked":["Streamline","Heavy Blade","Turbo"],"picked":"SKIP","floor":4},{"not_picked":["Sweeping Beam","Recycle"],"picked":"Coolheaded","floor":5},{"not_picked":["Double Tap","Meteor Strike","Fission"],"picked":"SKIP","floor":6},{"not_picked":["Core Surge","hubris:Prefetch"],"picked":"Buffer","floor":7},{"not_picked":["Thunder Strike","Barricade"],"picked":"Echo Form","floor":8},{"not_picked":["Core Surge","ReplayRNGCard"],"picked":"Creative AI","floor":11},{"not_picked":["ReplayTheSpireMod:Omega Cannon","Offering"],"picked":"Electrodynamics","floor":12},{"not_picked":["Heatsinks","Sweeping Beam"],"picked":"Gash","floor":13},{"not_picked":["ReplayRNGCard","Reboot"],"picked":"Rainbow","floor":16},{"not_picked":["Heatsinks","Stack","Panic Button"],"picked":"Hello World","floor":18}],"player_experience":132853,"relics_obtained":[{"floor":6,"key":"hubris:MobiusCoin"},{"floor":7,"key":"Shovel"},{"floor":8,"key":"Meat on the Bone"},{"floor":11,"key":"Ginger"},{"floor":12,"key":"infinitespire:Eraser"}],"event_choices":[{"damage_healed":0,"gold_gain":0,"player_choice":"Bought 1 Potion","damage_taken":0,"max_hp_gain":0,"max_hp_loss":0,"event_name":"The Woman in Blue","floor":19,"gold_loss":0}],"is_beta":false,"boss_relics":[{"not_picked":["Astrolabe","Abe\u0027s Treasure"],"picked":"Honey Jar"}],"items_purged_floors":[20],"is_endless":false,"potions_floor_spawned":[2,7,8,11,16],"killed_by":"Gremlin Leader","ascension_level":20}}