{"host":"8bzi3n422u5xqq1n","time":1611170093,"event":{"mods":["BaseMod","Hubris","Minty Spire (QoL Compilation)","StSLib","The Construct","The Servant 0.9.4"],"gold_per_floor":[118,131,131,131,144,144,159,187,187,20,34,34,54,54,54,54,54],"floor_reached":16,"language":"ENG","playtime":811,"items_purged":[],"score":102,"play_id":"da93cf43-3118-44a7-95a0-a186a8198179","local_time":"20210120191453","is_ascension_mode":false,"campfire_choices":[{"floor":6,"key":"RECALL"},{"floor":12,"key":"REST"},{"floor":15,"key":"REST"}],"circlet_count":0,"master_deck":["Strike_S","Strike_S","Strike_S","Strike_S","Defend_S","Defend_S","Defend_S","Defend_S","KidneyShot+1","Exchange","SpecialFormula","Ricochet","KidneyShot","MurderousAura","Impatience","Ricochet","Revamp","Starlight","Defy","ShatteredReality","Rewind"],"relics":["Uniform","NeowsBlessing","hubris:Spice","Toolbox","hubris:Towel"],"acts_visited":["Exordium"],"potions_floor_usage":[7,16],"damage_taken":[{"damage":2,"enemies":"2 Louse","floor":1,"turns":2},{"damage":0,"enemies":"Small Slimes","floor":2,"turns":1},{"damage":0,"enemies":"Cultist","floor":5,"turns":1},{"damage":20,"enemies":"Blue Slaver","floor":7,"turns":4},{"damage":51,"enemies":"Lagavulin","floor":8,"turns":9},{"damage":2,"enemies":"3 Louse","floor":11,"turns":2},{"damage":0,"enemies":"Exordium Wildlife","floor":13,"turns":4},{"damage":54,"enemies":"Slime Boss","floor":16,"turns":10}],"seed_played":"-701579403783738121","potions_obtained":[{"floor":1,"key":"ColorlessPotion"},{"floor":8,"key":"SmokeBomb"},{"floor":11,"key":"LiquidMemories"}],"is_trial":false,"path_per_floor":["M","M","?","?","M","R","M","E","T","$","M","R","M","?","R","B"],"character_chosen":"THE_SERVANT","items_purchased":["Defy","Toolbox"],"campfire_rested":2,"item_purchase_floors":[10,10],"current_hp_per_floor":[63,63,63,63,63,63,48,10,10,10,8,29,29,29,50,0,0],"gold":54,"neow_bonus":"THREE_ENEMY_KILL","is_daily":false,"chose_seed":false,"campfire_upgraded":0,"win_rate":0.0,"timestamp":1611170093,"path_taken":["M","M","?","?","?","R","M","E","T","$","M","R","M","?","R","BOSS"],"items_purchased_type":["Card","Relic"],"build_version":"2020-12-22","purchased_purges":0,"victory":false,"max_hp_per_floor":[65,65,65,65,65,65,65,73,73,73,73,73,73,73,73,73,73],"card_choices":[{"not_picked":["Defy","ShatteredReality"],"picked":"SpecialFormula","floor":1},{"not_picked":["Defy","Read"],"picked":"Ricochet","floor":2},{"not_picked":["Spin","FastForward"],"picked":"Ricochet","floor":5},{"not_picked":["Replace","Spin"],"picked":"Revamp","floor":7},{"not_picked":["Foresight","Advance"],"picked":"Starlight","floor":8},{"not_picked":["Duplication","WasteNot"],"picked":"ShatteredReality","floor":11},{"not_picked":["Ricochet","DualDimension"],"picked":"Rewind","floor":13}],"player_experience":182630,"relics_obtained":[{"floor":8,"key":"hubris:Spice"}],"event_choices":[{"damage_healed":0,"gold_gain":0,"player_choice":"Grow","damage_taken":0,"max_hp_gain":0,"max_hp_loss":0,"event_name":"Living Wall","floor":3,"gold_loss":0,"cards_upgraded":["KidneyShot"]},{"damage_healed":0,"gold_gain":0,"player_choice":"3 cards matched","damage_taken":0,"max_hp_gain":0,"max_hp_loss":0,"event_name":"Match and Keep!","floor":4,"gold_loss":0,"cards_obtained":["KidneyShot","MurderousAura","Impatience"]}],"is_beta":false,"boss_relics":[],"items_purged_floors":[],"is_endless":false,"potions_floor_spawned":[1,8,11],"killed_by":"Slime Boss","ascension_level":0}}