{"host":"hi7fki77kkmhrce8","time":1611106920,"event":{"mods":["AchievementEnabler","BaseMod","Colored Map","Colored Powertips","Downfall","Minty Spire (QoL Compilation)","Relic Stats","StSLib","SuperFastMode"],"gold_per_floor":[99,116,133,133,152,182,182,196,226,226,401,419,419,182,195,291,291,291,310,310,146,146,146,196,225,235,235,235,235],"floor_reached":27,"language":"ENG","playtime":1446,"items_purged":["Doubt","downfall:Bewildered"],"score":241,"play_id":"b7413711-77aa-4cb4-be83-ffabe0c8f6af","local_time":"20210119204200","is_ascension_mode":false,"campfire_choices":[{"data":"bronze:Goto","floor":1,"key":"SMITH"},{"floor":13,"key":"REST"},{"data":"bronze:ShipIt","floor":18,"key":"SMITH"}],"circlet_count":0,"master_deck":["bronze:Strike","bronze:Strike","bronze:Defend","bronze:Defend","bronze:Defend","bronze:Goto+1","bronze:Shield","bronze:DazingPulse","bronze:Explode","bronze:Overload","bronze:MaxOutput","bronze:ItsAFeature+1","bronze:Repair","bronze:Turbo","bronze:Return","bronze:ShipIt+1","bronze:Shield+1","bronze:MaxOutput+1","bronze:Break+1","bronze:WildBeam","bronze:FineTuning","bronze:Format","downfall:Aged","bronze:ItsAFeature","bronze:Optimize+1"],"relics":["bronze:BronzeCore","PreservedInsect","Gremlin Horn","Bag of Marbles","Vajra","Astrolabe","sneckomod:BabySnecko","StoneCalendar"],"acts_visited":["Exordium","TheCity"],"potions_floor_usage":[4,16,16,16,25,26],"damage_taken":[{"damage":1,"enemies":"Cultist","floor":2,"turns":3},{"damage":0,"enemies":"2 Louse","floor":3,"turns":3},{"damage":30,"enemies":"2 Louse","floor":4,"turns":5},{"damage":3,"enemies":"Small Slimes","floor":5,"turns":4},{"damage":5,"enemies":"3 Sentries","floor":6,"turns":6},{"damage":8,"enemies":"Red Slaver","floor":8,"turns":5},{"damage":2,"enemies":"Lagavulin","floor":9,"turns":8},{"damage":0,"enemies":"Exordium Wildlife","floor":12,"turns":2},{"damage":5,"enemies":"downfall:FleeingMerchant","floor":14,"turns":4},{"damage":7,"enemies":"Exordium Thugs","floor":15,"turns":5},{"damage":15,"enemies":"WA_ARCHETYPE_RETAIN","floor":16,"turns":8},{"damage":3,"enemies":"Spheric Guardian","floor":19,"turns":4},{"damage":10,"enemies":"downfall:FleeingMerchant","floor":21,"turns":4},{"damage":41,"enemies":"Slavers","floor":25,"turns":6},{"damage":34,"enemies":"Snake Plant","floor":26,"turns":5},{"damage":19,"enemies":"Gremlin Leader","floor":27,"turns":4}],"seed_played":"5544823694128472493","potions_obtained":[{"floor":2,"key":"EssenceOfSteel"},{"floor":5,"key":"SteroidPotion"},{"floor":6,"key":"sneckomod:MuddlingPotion"},{"floor":8,"key":"Fire Potion"},{"floor":19,"key":"Block Potion"},{"floor":25,"key":"Regen Potion"},{"floor":26,"key":"bronze:BurnAndBuffPotion"}],"is_trial":false,"path_per_floor":["R","M","M","?","M","E","T","M","E","?","?","M","R","$","M","B",null,"R","M","?","$","?","?","T","E","M","E"],"character_chosen":"THE_AUTOMATON","items_purchased":["Vajra","bronze:WildBeam"],"campfire_rested":1,"item_purchase_floors":[14,21],"current_hp_per_floor":[77,76,76,46,43,38,38,30,28,28,28,28,51,46,46,38,77,77,74,74,64,64,64,64,30,15,0,0,0],"gold":235,"neow_bonus":"TEN_PERCENT_HP_BONUS","is_daily":false,"chose_seed":false,"campfire_upgraded":2,"win_rate":0.0,"timestamp":1611106920,"path_taken":["R","M","M","?","M","E","T","M","E","?","?","M","R","$","M","BOSS","R","M","?","$","?","?","T","E","?","E"],"items_purchased_type":["Relic","Card"],"build_version":"2020-12-22","purchased_purges":2,"victory":false,"max_hp_per_floor":[77,77,77,77,77,77,77,77,77,77,77,77,77,77,77,77,77,77,77,77,77,77,77,77,77,77,77,77,77],"relic_stats":{"Gremlin Horn":[6,6],"counters":[16,76],"Astrolabe":["bronze:Shield","bronze:MaxOutput","bronze:Break"],"StoneCalendar":[0],"PreservedInsect":212,"obtain_stats":[{"sneckomod:BabySnecko":20,"bronze:BronzeCore":0,"Gremlin Horn":7,"Astrolabe":17,"Vajra":14,"StoneCalendar":25,"PreservedInsect":6,"Bag of Marbles":9},{"sneckomod:BabySnecko":12,"bronze:BronzeCore":0,"Gremlin Horn":5,"Astrolabe":11,"Vajra":9,"StoneCalendar":14,"PreservedInsect":5,"Bag of Marbles":7},{"sneckomod:BabySnecko":57,"bronze:BronzeCore":0,"Gremlin Horn":21,"Astrolabe":53,"Vajra":40,"StoneCalendar":67,"PreservedInsect":21,"Bag of Marbles":34}]},"card_choices":[{"not_picked":["bronze:DigitalCarnage","bronze:BronzeArmor"],"picked":"bronze:Shield","floor":2},{"not_picked":["bronze:Invalidate","bronze:Turbo"],"picked":"bronze:Boost","floor":3},{"not_picked":[],"picked":"bronze:DazingPulse","floor":4},{"not_picked":[],"picked":"bronze:Explode","floor":4},{"not_picked":["bronze:Deprecate","bronze:ForceShield"],"picked":"bronze:Overload","floor":4},{"not_picked":["bronze:BitShift","bronze:HyperBeam"],"picked":"bronze:ChildClass","floor":5},{"not_picked":["bronze:Deprecate","bronze:DelayedSlice"],"picked":"bronze:MaxOutput","floor":6},{"not_picked":["bronze:ClassDefault","bronze:DarkDash"],"picked":"bronze:ItsAFeature","floor":8},{"not_picked":["bronze:DelayedGuard","bronze:CutThrough"],"picked":"bronze:Repair","floor":9},{"not_picked":["bronze:HardenedForm","bronze:Backtrace","bronze:Branch"],"picked":"SKIP","floor":12},{"not_picked":["bronze:Backtrace","bronze:Frontload"],"picked":"bronze:Turbo","floor":14},{"not_picked":["bronze:DarkDash","bronze:Overheat"],"picked":"bronze:Return","floor":15},{"not_picked":["bronze:AlphaBuild","bronze:Virus"],"picked":"bronze:ShipIt","floor":16},{"not_picked":["bronze:FineTuning","bronze:DelayedGuard","bronze:DigitalCarnage"],"picked":"SKIP","floor":19},{"not_picked":["bronze:Shield","bronze:Verify","bronze:Backtrace"],"picked":"SKIP","floor":21},{"not_picked":["bronze:Philosophize","bronze:Invalidate","bronze:ForLoop+1"],"picked":"SKIP","floor":25},{"not_picked":["bronze:Backtrace","bronze:Iterate"],"picked":"bronze:Optimize+1","floor":26}],"player_experience":140118,"relics_obtained":[{"floor":6,"key":"PreservedInsect"},{"floor":7,"key":"Gremlin Horn"},{"floor":9,"key":"Bag of Marbles"},{"floor":25,"key":"StoneCalendar"}],"event_choices":[{"damage_healed":0,"gold_gain":0,"player_choice":"Grow","damage_taken":0,"max_hp_gain":0,"max_hp_loss":0,"event_name":"Living Wall","floor":10,"gold_loss":0,"cards_upgraded":["bronze:ItsAFeature"]}],"is_beta":false,"boss_relics":[{"not_picked":["Runic Pyramid","Snecko Eye"],"picked":"Astrolabe"}],"items_purged_floors":[14,21],"is_endless":false,"potions_floor_spawned":[2,5,6,8,19,25,26],"killed_by":"Gremlin Leader","ascension_level":0}}