{"host":"k2aybvxx8y2xd6vk","time":1611122196,"event":{"mods":["Always Whale","Ascension Reborn","Aspiration","BaseMod","Bestiary","Better Altar","Better Match","Better Note","Better Sensory Stone","Better Skull","Better Third Choice","BetterRewards","Clockwork Mod","Colored Map","Colored Powertips","Colorless Booster Pack","Conspire","DeckTracker","Defuse TimeMaze Blight","Downfall","Energized Spire","Exacting","Hubris","Infinite Spire","Ironclad Rager","Minty Spire (QoL Compilation)","Random Character Button","Shop Mod","Spikes Relics","StSLib","SuperFastMode","The Cursed","Transform Curses","Unceasing Turn Reminder"],"gold_per_floor":[99,125,125,140,59,88,88,88,104,123,23,23,23,39,54,54,54,54],"floor_reached":16,"language":"ENG","playtime":863,"items_purged":["hexamod:Strike"],"score":100,"play_id":"3d107765-2213-4428-8d19-d9df8e85a7c2","local_time":"20210119235636","is_ascension_mode":true,"campfire_choices":[{"data":"hexamod:Sear","floor":1,"key":"SMITH"},{"floor":8,"key":"RECALL"},{"floor":11,"key":"REST"},{"data":"hexamod:Firestarter","floor":13,"key":"SMITH"}],"circlet_count":0,"master_deck":["hexamod:Strike","hexamod:Strike+1","hexamod:Strike","hexamod:Defend+1","hexamod:Defend+1","hexamod:Defend","hexamod:Defend","hexamod:Sear+1","hexamod:Float+1","hexamod:SixthSeal","hexamod:ExtraCrispy","hexamod:HeatCrush","hexamod:Firestarter+1","Pain","hexamod:FastForward+1","hexamod:EtherealExpedition","hexamod:RadiantFlame+1","hexamod:SpectersWail","hexamod:FifthSeal","hexamod:ThirdSeal","hexamod:ExtraCrispy","hexamod:StepThrough","hexamod:NightmareGuise"],"relics":["hexamod:SpiritBrand","WarpedTongs","Lantern","downfall:HeartBlessingBlue"],"acts_visited":["Exordium"],"potions_floor_usage":[16,16],"damage_taken":[{"damage":15,"enemies":"downfall:FleeingMerchant","floor":2,"turns":19},{"damage":9,"enemies":"Cultist","floor":4,"turns":4},{"damage":9,"enemies":"Lagavulin","floor":6,"turns":6},{"damage":9,"enemies":"conspire:RoseBush","floor":9,"turns":3},{"damage":3,"enemies":"Jaw Worm","floor":10,"turns":3},{"damage":4,"enemies":"Red Slaver","floor":14,"turns":3},{"damage":29,"enemies":"Large Slime","floor":15,"turns":7},{"damage":31,"enemies":"SI_SHIV_ARCHETYPE","floor":16,"turns":8}],"seed_played":"-7385526073520052207","potions_obtained":[{"floor":9,"key":"Explosive Potion"},{"floor":10,"key":"Weak Potion"},{"floor":14,"key":"EssenceOfSteel"}],"is_trial":false,"path_per_floor":["R","$","?","M","$","E","T","R","M","M","R","$","R","M","M","B"],"character_chosen":"THE_SPIRIT","items_purchased":["hexamod:ExtraCrispy","hexamod:HeatCrush","hexamod:Firestarter","hexamod:EtherealExpedition"],"campfire_rested":1,"item_purchase_floors":[2,2,2,5],"current_hp_per_floor":[70,55,55,46,46,37,37,37,28,25,59,59,59,55,26,0,0,0],"gold":54,"neow_bonus":"UPGRADE_CARD","is_daily":false,"chose_seed":false,"campfire_upgraded":2,"win_rate":0.0,"timestamp":1611122196,"path_taken":["R","?","?","?","$","E","T","R","M","M","R","$","R","M","M","BOSS"],"items_purchased_type":["Card","Card","Card","Card"],"build_version":"2020-12-22","purchased_purges":1,"victory":false,"max_hp_per_floor":[70,70,70,70,70,70,70,70,70,70,80,80,80,80,80,80,80,80],"card_choices":[{"not_picked":["hexamod:PhantomFireball","hexamod:GhostLash"],"picked":"hexamod:SixthSeal","floor":2},{"not_picked":["hexamod:HeatMetal","hexamod:NightmareStrike"],"picked":"hexamod:FastForward","floor":4},{"not_picked":["hexamod:FirstSeal","hexamod:EmpoweredFlame"],"picked":"hexamod:RadiantFlame","floor":6},{"not_picked":["hexamod:ShieldOfDarkness","hexamod:GhostShield"],"picked":"hexamod:SpectersWail","floor":9},{"not_picked":["hexamod:Hexaguard","hexamod:RetreatToShadows"],"picked":"hexamod:FifthSeal","floor":10},{"not_picked":["hexamod:FirstSeal","hexamod:SixthSeal"],"picked":"hexamod:ThirdSeal","floor":14},{"not_picked":["hexamod:FastForward","hexamod:GhostLash"],"picked":"hexamod:ExtraCrispy","floor":14},{"not_picked":["hexamod:CatchUp","hexamod:SpectralAdrenaline"],"picked":"hexamod:StepThrough","floor":15},{"not_picked":["hexamod:ThermalTransfer","hexamod:AdvancingGuard"],"picked":"hexamod:NightmareGuise","floor":15}],"player_experience":940901,"relics_obtained":[{"floor":6,"key":"Lantern"}],"event_choices":[{"damage_healed":0,"gold_gain":0,"player_choice":"Rummage","damage_taken":0,"relics_obtained":["WarpedTongs"],"max_hp_gain":0,"max_hp_loss":0,"event_name":"Accursed Blacksmith","floor":3,"gold_loss":0,"cards_obtained":["Pain"]}],"is_beta":false,"boss_relics":[],"items_purged_floors":[2],"is_endless":false,"potions_floor_spawned":[9,10,14],"killed_by":"SI_SHIV_ARCHETYPE","ascension_level":0}}