{"host":"17xjy7b7ubl548g2","time":1611118397,"event":{"mods":["2.2 Compatiblity","Act Like it!","Aspiration","Astrologer","Bard","BaseMod","Bestiary","Challenge The Spire","ChefMod","Colored Map","Colored Powertips","Conspire","Elementarium","Energized Spire","Gensokyo","GifTheSpireLib","Halation","Hallownest","Hubris","Infinite Spire","Jedi Mod","Jorbs\u0027s Wanderer Trilogy","Marisa（霧雨　魔理沙）","Marked Mod","Menagerie","Minty Spire (QoL Compilation)","Pale of the Ancients","Permanent Neow","Puzzle Mod","Replay The Spire","Robot Space Explorer","Spicy Shops","StSLib","Stuff the Spire","The Blue Laboratory","The Bug Knight","The Construct","The Disciple","The Factory","The Hayseed","The Hierophant","The Marked","The Runesmith","The Sage","TheFirefly"],"gold_per_floor":[112,132,178,198,218,218,253,253,253,263,263,263,278,73,73,150,150,163,123,123,140,140,140,166,166,166,186,186,18,32,79,79,156,156,166,166,183,195,206,206,235,235,235,235,22,22,37,37,37,37],"floor_reached":51,"language":"ENG","playtime":4474,"items_purged":["Strike_G","Strike_G","Strike_G"],"score":1396,"play_id":"bb32ec7c-ebe8-456e-a90e-9b7ef0d40f5a","local_time":"20210119235317","is_ascension_mode":true,"campfire_choices":[{"data":"Neutralize","floor":6.0,"key":"SMITH"},{"data":"Well Laid Plans","floor":8.0,"key":"SMITH"},{"floor":12.0,"key":"REST"},{"data":"Deflect","floor":15.0,"key":"SMITH"},{"data":"infinitespire:SevenWalls","floor":23.0,"key":"SMITH"},{"data":"infinitespire:Gouge","floor":23.0,"key":"SMITH"},{"data":"jedi:pocketpoison","floor":28.0,"key":"SMITH"},{"data":"Survivor","floor":28.0,"key":"SMITH"},{"data":"Deadly Poison","floor":32.0,"key":"SMITH"},{"data":"Bane","floor":32.0,"key":"SMITH"},{"data":"Wraith Form v2","floor":40.0,"key":"SMITH"},{"data":"Wraith Form v2","floor":40.0,"key":"SMITH"},{"data":"Defend_G","floor":44.0,"key":"SMITH"},{"data":"Defend_G","floor":44.0,"key":"SMITH"},{"data":"Noxious Fumes","floor":49,"key":"SMITH"},{"data":"Backflip","floor":49,"key":"SMITH"}],"circlet_count":0,"master_deck":["AscendersBane","Strike_G","Strike_G","Defend_G+1","Defend_G+1","Defend_G","Defend_G","Defend_G","Survivor+1","Neutralize+1","jedi:pocketpoison+1","Deflect+1","Well Laid Plans+1","StuffTheSpire:Incantation","PiercingWail","Bane+1","Slice","Glass Knife+1","Deadly Poison+1","Dagger Spray","infinitespire:Gouge+1","infinitespire:SevenWalls+1","Blade Dance","Cloak And Dagger","Dash+1","Wraith Form v2+1","Blade Dance+1","Wraith Form v2+1","PiercingWail","Gensokyo:RPG","Backflip+1","Noxious Fumes+1"],"relics":["Ring of the Snake","Blood Vial","StuffTheSpire:GrapeVine","conspire:TopHat","aspiration:VileToxins","Happy Flower","infinitespire:Cupcake","halation:EternalFortune","halation:PenCase","Pondfish Scales","Oddly Smooth Stone","Vajra","TwistedFunnel","HollowMod:PaleOreRelic","aspiration:SeaSaltIceCream","hubris:CrystalStatue","Runesmith:Nanobots","Juzu Bracelet"],"acts_visited":["Exordium","Gensokyo:Gensokyo","Gensokyo:Gensokyoer"],"potions_floor_usage":[50],"damage_taken":[{"damage":3.0,"enemies":"Gensokyo:Python","floor":1.0,"turns":4.0},{"damage":9.0,"enemies":"Gensokyo:3_Fairies","floor":2.0,"turns":5.0},{"damage":0.0,"enemies":"Gensokyo:2_Kodama","floor":4.0,"turns":5.0},{"damage":8.0,"enemies":"Gensokyo:CorruptedTreant","floor":5.0,"turns":5.0},{"damage":8.0,"enemies":"Gensokyo:Aya","floor":7.0,"turns":6.0},{"damage":29.0,"enemies":"Gensokyo:5_Fairies","floor":10.0,"turns":10.0},{"damage":0.0,"enemies":"Gensokyo:2_Rabbits","floor":13.0,"turns":6.0},{"damage":5.0,"enemies":"Gensokyo:Kokoro","floor":16.0,"turns":11.0},{"damage":7.0,"enemies":"Gensokyo:2_Gloops","floor":18.0,"turns":5.0},{"damage":15.0,"enemies":"Gensokyo:CosmicMonolith","floor":21.0,"turns":3.0},{"damage":4.0,"enemies":"Gensokyo:Koishi","floor":24.0,"turns":5.0},{"damage":2.0,"enemies":"Gensokyo:Swordslinger","floor":27.0,"turns":2.0},{"damage":0.0,"enemies":"Gensokyo:Slime_Group","floor":30.0,"turns":3.0},{"damage":16.0,"enemies":"Gensokyo:Eternal_Rivals","floor":33.0,"turns":7.0},{"damage":0.0,"enemies":"Gensokyo:AncientGuardian","floor":35.0,"turns":4.0},{"damage":0.0,"enemies":"Gensokyo:3_Bats","floor":37.0,"turns":2.0},{"damage":20.0,"enemies":"Gensokyo:Rafflesia","floor":38.0,"turns":7.0},{"damage":0.0,"enemies":"Gensokyo:3_Boulders","floor":39.0,"turns":4.0},{"damage":0.0,"enemies":"Gensokyo:Kasen","floor":41.0,"turns":7.0},{"damage":0,"enemies":"Gensokyo:SeedOfUnknown","floor":47,"turns":3},{"damage":0,"enemies":"Gensokyo:Scarlet_Devils","floor":50,"turns":8}],"seed_played":"-1290528789776714455","potions_obtained":[{"floor":1.0,"key":"Adrenaline Potion"},{"floor":4.0,"key":"blueLaboratory:Moonshine"},{"floor":16.0,"key":"blueLaboratory:HummingbirdPotion"},{"floor":21.0,"key":"blueLaboratory:BottleOfRum"},{"floor":24.0,"key":"Fruit Juice"},{"floor":30.0,"key":"CunningPotion"},{"floor":35.0,"key":"blueLaboratory:BlinkPotion"},{"floor":41.0,"key":"blueLaboratory:Virophage"}],"is_trial":false,"path_per_floor":["M","M","T","M","M","R","E","R","T","M","?","R","M","$","R","B",null,"M","?","?","M","AVR","R","E","?","T","M","R","$","M","T","R","B",null,"M","?","M","M","M","R","E","?","T","R","$","?","M","$","R","B",null],"character_chosen":"THE_SILENT","items_purchased":["Slice","blueLaboratory:Virophage","TwistedFunnel","Backflip","Juzu Bracelet"],"campfire_rested":1,"item_purchase_floors":[14,14,29,45,45],"current_hp_per_floor":[58,51,51,53,47,47,41,41,41,14,14,33,35,35,35,32,58,53,53,56,43,43,43,49,29,29,29,29,29,31,31,31,17,62,64,64,66,48,50,50,52,52,52,52,52,48,50,50,50,52],"gold":37,"neow_bonus":"RANDOM_COMMON_RELIC","is_daily":false,"chose_seed":false,"campfire_upgraded":15,"win_rate":0.0,"timestamp":1611118397,"path_taken":["M","M","?","?","M","R","E","R","T","M","?","R","M","?","R","BOSS","M","?","?","M","AVR","R","E","?","T","?","R","?","M","?","R","BOSS","M","?","M","M","M","R","E","?","T","R","$","?","M","?","R","BOSS"],"items_purchased_type":["Card","Potion","Relic","Card","Relic"],"build_version":"2020-12-22","purchased_purges":3,"victory":true,"max_hp_per_floor":[66,66,66,66,66,66,66,66,66,66,66,66,66,66,66,66,66,66,66,69,69,69,69,77,77,77,77,77,77,77,77,77,77,77,77,77,77,77,77,77,77,77,77,77,77,77,77,77,77,77],"card_choices":[{"not_picked":["Dodge and Roll","Quick Slash"],"picked":"jedi:pocketpoison","floor":1.0},{"not_picked":["hubris:SlightOfHand","Expertise"],"picked":"Deflect","floor":2.0},{"not_picked":["Doppelganger","Acrobatics"],"picked":"Well Laid Plans","floor":4.0},{"not_picked":["ReplayTheSpireMod:Shiv Toss","Cloak And Dagger"],"picked":"StuffTheSpire:Incantation","floor":5.0},{"not_picked":["StuffTheSpire:Injection","hubris:SlightOfHand"],"picked":"PiercingWail","floor":7.0},{"not_picked":["Acrobatics","Bane"],"picked":"Poisoned Stab","floor":10.0},{"not_picked":["Reflex","StuffTheSpire:Fury"],"picked":"Bane","floor":13.0},{"not_picked":["Atom Bomb","ReplayTheSpireMod:Necrosis"],"picked":"Glass Knife","floor":16.0},{"not_picked":["Deflect","ReplayTheSpireMod:Tripwire"],"picked":"Deadly Poison","floor":18.0},{"not_picked":["Calculated Gamble","Flying Knee"],"picked":"Dagger Spray","floor":21.0},{"not_picked":["StuffTheSpire:Incursion","Acrobatics"],"picked":"Blade Dance","floor":24.0},{"not_picked":["Endless Agony","jedi:collectorvenom"],"picked":"Cloak And Dagger","floor":27.0},{"not_picked":["Die Die Die","StuffTheSpire:Injection"],"picked":"Dash+1","floor":30.0},{"not_picked":["Die Die Die","Replay:Bag of Tricks"],"picked":"Wraith Form v2","floor":33.0},{"not_picked":["Underhanded Strike","Quick Slash+1"],"picked":"Blade Dance+1","floor":35.0},{"not_picked":["Dagger Spray","Skewer","jedi:pocketpoison"],"picked":"SKIP","floor":37.0},{"not_picked":["hubris:SlightOfHand","Blade Dance","jedi:pocketpoison"],"picked":"SKIP","floor":38.0},{"not_picked":["Quick Slash","Dodge and Roll"],"picked":"Wraith Form v2","floor":39.0},{"not_picked":["jedi:collectorvenom+1","StuffTheSpire:Injection"],"picked":"PiercingWail","floor":41.0},{"not_picked":["conspire:PoisonWeapons","Setup"],"picked":"Noxious Fumes","floor":47}],"player_experience":1850710,"relics_obtained":[{"floor":3.0,"key":"StuffTheSpire:GrapeVine"},{"floor":7.0,"key":"conspire:TopHat"},{"floor":9.0,"key":"aspiration:VileToxins"},{"floor":24.0,"key":"Pondfish Scales"},{"floor":26.0,"key":"Vajra"},{"floor":31.0,"key":"HollowMod:PaleOreRelic"},{"floor":41.0,"key":"aspiration:SeaSaltIceCream"},{"floor":43.0,"key":"Runesmith:Nanobots"}],"event_choices":[{"damage_healed":0,"gold_gain":0,"player_choice":"Leave","damage_taken":0,"max_hp_gain":0,"max_hp_loss":0,"event_name":"conspire:Investor","floor":46,"gold_loss":0}],"is_beta":false,"boss_relics":[{"not_picked":["StuffTheSpire:RunicHypercube","Kintsugi"],"picked":"infinitespire:Cupcake"},{"not_picked":["Pandora\u0027s Box","halation:MonkeysPaw","Honey Jar"]}],"items_purged_floors":[14,22,45],"is_endless":false,"potions_floor_spawned":[1,4,16,21,24,30,35,41],"ascension_level":19}}