{"host":"dftyqn972q7tuon4","time":1611158752,"event":{"mods":["AchievementEnabler","BaseMod","Better Altar","Better Match","Better Note","Better Sensory Stone","Better Skull","Better Third Choice","Colored Powertips","Highlight Path","Minty Spire (QoL Compilation)","Permanent Neow","Quick Restart","StSLib"],"gold_per_floor":[114,114,114,114,133,133,171,16,16,35,35,54,73,92,92,217,217,236,236,274,293,43,43,62,81,131,131,6,6,44,75,87,224,236,267,279,329,441,491,541,578,628,665,705,764,776,43,71,71,71],"floor_reached":51,"language":"ENG","playtime":4112,"items_purged":["Injury","Bludgeon","Storm of Steel","Immolate"],"score":1133,"play_id":"eff7504b-b4b0-4ba4-9e26-b9f25e548e41","local_time":"20210120170552","daily_mods":["Shiny","Red Cards","DeadlyEvents"],"is_ascension_mode":false,"campfire_choices":[{"data":"Mayhem","floor":6,"key":"SMITH"},{"data":"Barricade","floor":11,"key":"SMITH"},{"data":"Offering","floor":15,"key":"SMITH"},{"data":"Whirlwind","floor":23,"key":"SMITH"},{"data":"After Image","floor":27,"key":"SMITH"},{"data":"Berserk","floor":32,"key":"SMITH"},{"floor":46,"key":"REST"},{"floor":49,"key":"REST"}],"circlet_count":0,"master_deck":["Double Tap","Demon Form","Feed","Limit Break","Corruption","Barricade+1","Fiend Fire","Berserk+1","Impervious","Juggernaut","Brutality","Reaper","Exhume","Offering+1","Venomology","Corpse Explosion","Malaise","Phantasmal Killer","Die Die Die","Adrenaline","Doppelganger","Burst","Wraith Form v2","Tools of the Trade","Night Terror","Unload","After Image+1","Bullet Time","Glass Knife","A Thousand Cuts","Mayhem+1","Whirlwind+1","Setup","Rupture","Shrug It Off","Backflip","Body Slam","Venomology","Dodge and Roll+1","Rupture+1","Flying Knee","Combust","Pain","Intimidate+1","Adrenaline","Backflip+1","Metallicize","Phantasmal Killer","Adrenaline","Shockwave+1","Shrug It Off","Shrug It Off+1","Outmaneuver+1","Mayhem+1","Whirlwind","Prepared","Outmaneuver","Feel No Pain","Thinking Ahead","Blind","Bullet Time"],"relics":["Ring of the Snake","Golden Idol","Regal Pillow","Bronze Scales","SlaversCollar","Akabeko","Chemical X","MealTicket","WarpedTongs","MawBank","Fusion Hammer","Centennial Puzzle","InkBottle","Ancient Tea Set","Anchor","Bottled Tornado","CeramicFish","Toy Ornithopter","DollysMirror"],"acts_visited":["Exordium","TheCity","TheBeyond"],"potions_floor_usage":[10,12,13,14,18,18,18,21,25,30,30,30,31,31,33,33,33,33,35,37,37,39,39,42,44,44,50,50],"damage_taken":[{"damage":0,"enemies":"2 Louse","floor":1,"turns":1},{"damage":9,"enemies":"Small Slimes","floor":5,"turns":2},{"damage":3,"enemies":"3 Sentries","floor":7,"turns":4},{"damage":10,"enemies":"Cultist","floor":10,"turns":2},{"damage":6,"enemies":"3 Louse","floor":12,"turns":2},{"damage":15,"enemies":"Red Slaver","floor":13,"turns":4},{"damage":11,"enemies":"2 Fungi Beasts","floor":14,"turns":3},{"damage":11,"enemies":"Slime Boss","floor":16,"turns":5},{"damage":6,"enemies":"Spheric Guardian","floor":18,"turns":4},{"damage":20,"enemies":"Slavers","floor":20,"turns":2},{"damage":14,"enemies":"2 Thieves","floor":21,"turns":4},{"damage":2,"enemies":"Cultist and Chosen","floor":24,"turns":1},{"damage":13,"enemies":"Snecko","floor":25,"turns":4},{"damage":6,"enemies":"Book of Stabbing","floor":30,"turns":3},{"damage":11,"enemies":"3 Cultists","floor":31,"turns":3},{"damage":14,"enemies":"Automaton","floor":33,"turns":5},{"damage":6,"enemies":"Orb Walker","floor":35,"turns":2},{"damage":19,"enemies":"Giant Head","floor":37,"turns":4},{"damage":14,"enemies":"Nemesis","floor":39,"turns":5},{"damage":12,"enemies":"Giant Head","floor":40,"turns":5},{"damage":7,"enemies":"Nemesis","floor":42,"turns":3},{"damage":7,"enemies":"3 Darklings","floor":44,"turns":3},{"damage":10,"enemies":"Giant Head","floor":45,"turns":4},{"damage":6,"enemies":"4 Shapes","floor":48,"turns":5},{"damage":30,"enemies":"Donu and Deca","floor":50,"turns":5}],"seed_played":"-1760728548950895142","potions_obtained":[{"floor":1,"key":"Fire Potion"},{"floor":7,"key":"Ancient Potion"},{"floor":33,"key":"Swift Potion"},{"floor":35,"key":"Fire Potion"}],"is_trial":false,"path_per_floor":["M","?","?","?","M","R","E","$","T","M","R","M","M","M","R","B",null,"M","?","E","M","$","R","M","M","T","R","$","?","E","M","R","B",null,"M","?","E","?","E","E","T","E","T","M","E","R","$","M","R","B",null],"character_chosen":"THE_SILENT","items_purchased":["Rupture","Chemical X","DollysMirror","Whirlwind","Prepared","Outmaneuver","Feel No Pain","Thinking Ahead","Blind"],"campfire_rested":2,"item_purchase_floors":[8,22,47,47,47,47,47,47,47],"current_hp_per_floor":[70,75,75,75,66,66,75,75,75,65,65,62,50,47,47,39,84,78,78,62,52,52,52,50,51,51,51,66,66,60,49,49,47,87,87,87,86,86,87,87,87,80,80,87,77,90,90,87,93,68],"gold":71,"neow_bonus":"","is_daily":true,"chose_seed":false,"campfire_upgraded":6,"win_rate":0.0,"timestamp":1611158752,"path_taken":["M","?","?","?","M","R","E","$","T","M","R","?","M","M","R","BOSS","M","?","?","M","$","R","M","M","T","R","$","?","E","M","R","BOSS","M","?","?","?","?","E","?","E","T","?","?","R","$","M","R","BOSS"],"items_purchased_type":["Card","Relic","Relic","Card","Card","Card","Card","Card","Card"],"build_version":"2020-12-22","purchased_purges":4,"victory":true,"max_hp_per_floor":[70,75,75,75,75,75,75,75,75,75,75,78,81,81,81,84,84,84,84,84,84,84,84,84,87,87,87,87,87,87,87,87,87,87,87,87,87,87,87,87,87,87,87,90,90,90,90,93,93,93],"card_choices":[{"not_picked":["Carnage","Dagger Throw","Infernal Blade"],"picked":"SKIP","floor":1},{"not_picked":["HandOfGreed","Jack Of All Trades"],"picked":"Mayhem","floor":4},{"not_picked":["Caltrops","Poisoned Stab"],"picked":"Whirlwind","floor":5},{"not_picked":["Backflip","Iron Wave"],"picked":"Setup","floor":7},{"not_picked":["Flying Knee","Thunderclap","Caltrops"],"picked":"SKIP","floor":10},{"not_picked":["Clash","Catalyst"],"picked":"Shrug It Off","floor":12},{"not_picked":["Cleave","Quick Slash"],"picked":"Backflip","floor":13},{"not_picked":["Dropkick","Backstab"],"picked":"Body Slam","floor":14},{"not_picked":["Envenom","Wraith Form v2"],"picked":"Venomology","floor":16},{"not_picked":["All Out Attack","Dagger Throw"],"picked":"Dodge and Roll+1","floor":18},{"not_picked":["Clothesline","Twin Strike+1"],"picked":"Rupture+1","floor":20},{"not_picked":["Dual Wield","Dagger Spray+1","Flying Knee"],"picked":"SKIP","floor":21},{"not_picked":["Sword Boomerang","Accuracy"],"picked":"Flying Knee","floor":24},{"not_picked":["Whirlwind","Clash"],"picked":"Combust","floor":25},{"not_picked":["Flex","Body Slam","Clothesline"],"picked":"SKIP","floor":30},{"not_picked":["Armaments","Wild Strike"],"picked":"Intimidate+1","floor":31},{"not_picked":["Glass Knife","Corpse Explosion"],"picked":"Adrenaline","floor":33},{"not_picked":["Catalyst+1","Acrobatics"],"picked":"Backflip+1","floor":35},{"not_picked":["Infernal Blade+1","Tactician+1"],"picked":"Phantasmal Killer","floor":37},{"not_picked":["Underhanded Strike","Backflip"],"picked":"Adrenaline","floor":39},{"not_picked":["Flying Knee","Calculated Gamble"],"picked":"Shockwave+1","floor":40},{"not_picked":["Cloak And Dagger","Battle Trance"],"picked":"Shrug It Off","floor":42},{"not_picked":["Body Slam+1","Clash"],"picked":"Shrug It Off+1","floor":44},{"not_picked":["Prepared","Deadly Poison"],"picked":"Outmaneuver+1","floor":45},{"not_picked":["Underhanded Strike","True Grit"],"picked":"Bullet Time","floor":48}],"player_experience":723685,"relics_obtained":[{"floor":7,"key":"Regal Pillow"},{"floor":9,"key":"Bronze Scales"},{"floor":20,"key":"Akabeko"},{"floor":26,"key":"MealTicket"},{"floor":30,"key":"MawBank"},{"floor":37,"key":"Centennial Puzzle"},{"floor":39,"key":"InkBottle"},{"floor":40,"key":"Ancient Tea Set"},{"floor":41,"key":"Anchor"},{"floor":42,"key":"Bottled Tornado"},{"floor":43,"key":"CeramicFish"},{"floor":45,"key":"Toy Ornithopter"}],"event_choices":[{"damage_healed":0,"gold_gain":0,"player_choice":"Donut","damage_taken":0,"max_hp_gain":5,"max_hp_loss":0,"event_name":"Big Fish","floor":2,"gold_loss":0},{"damage_healed":0,"gold_gain":0,"player_choice":"Take Wound","damage_taken":0,"relics_obtained":["Golden Idol"],"max_hp_gain":0,"max_hp_loss":0,"event_name":"Golden Idol","floor":3,"gold_loss":0,"cards_obtained":["Injury"]},{"damage_healed":0,"gold_gain":1,"player_choice":"1","damage_taken":0,"max_hp_gain":0,"max_hp_loss":0,"event_name":"betterStone:BetterStone","floor":4,"gold_loss":0},{"cards_removed":["Grand Finale"],"damage_healed":0,"gold_gain":0,"player_choice":"Purged","damage_taken":0,"max_hp_gain":0,"max_hp_loss":0,"event_name":"Purifier","floor":19,"gold_loss":0},{"damage_healed":0,"gold_gain":0,"player_choice":"Rummage","damage_taken":0,"relics_obtained":["WarpedTongs"],"max_hp_gain":0,"max_hp_loss":0,"event_name":"Accursed Blacksmith","floor":29,"gold_loss":0,"cards_obtained":["Pain"]},{"damage_healed":0,"gold_gain":0,"cards_transformed":["Envenom"],"player_choice":"Transformed","damage_taken":0,"max_hp_gain":0,"max_hp_loss":0,"event_name":"Transmorgrifier","floor":36,"gold_loss":0,"cards_obtained":["Metallicize"]},{"damage_healed":0,"gold_gain":100,"player_choice":"Pray","damage_taken":0,"max_hp_gain":0,"max_hp_loss":0,"event_name":"Golden Shrine","floor":38,"gold_loss":0}],"is_beta":false,"boss_relics":[{"not_picked":["Tiny House","Runic Pyramid"],"picked":"SlaversCollar"},{"not_picked":["Velvet Choker","Black Star"],"picked":"Fusion Hammer"}],"items_purged_floors":[8,22,28,47],"is_endless":false,"potions_floor_spawned":[1,7,16,20,24,33,35,42,44,45],"ascension_level":0}}