{"host":"s41rn2jhghpwfrvz","time":1611119119,"event":{"mods":["BaseMod","Minty Spire (QoL Compilation)","Quick Restart","Relic Stats","SuperFastMode"],"gold_per_floor":[110,110,121,134,134,134,134,134,134],"floor_reached":8,"language":"ENG","playtime":143,"items_purged":[],"score":112,"play_id":"ea72e8a5-d1f8-44cd-a266-5ac719c09556","local_time":"20210120070519","is_ascension_mode":true,"campfire_choices":[{"data":"Adaptation","floor":7,"key":"SMITH"}],"circlet_count":0,"master_deck":["AscendersBane","Strike_P","Strike_P","Strike_P","Defend_P","Defend_P","Defend_P","Eruption","Vigilance","Adaptation+1"],"relics":["Empty Cage","Golden Idol"],"acts_visited":["Exordium"],"potions_floor_usage":[6,6],"damage_taken":[{"damage":8,"enemies":"Small Slimes","floor":1,"turns":3},{"damage":19,"enemies":"Jaw Worm","floor":3,"turns":4},{"damage":12,"enemies":"2 Louse","floor":4,"turns":3},{"damage":0,"enemies":"Lagavulin","floor":6,"turns":3},{"damage":16,"enemies":"Gremlin Nob","floor":8,"turns":3}],"seed_played":"4358632959378623484","potions_obtained":[{"floor":3,"key":"Swift Potion"},{"floor":4,"key":"SmokeBomb"}],"is_trial":false,"path_per_floor":["M","?","M","M","?","E","R","E"],"character_chosen":"WATCHER","items_purchased":[],"campfire_rested":0,"item_purchase_floors":[],"current_hp_per_floor":[53,58,39,27,27,27,27,11,11],"gold":134,"neow_bonus":"BOSS_RELIC","is_daily":false,"chose_seed":false,"campfire_upgraded":1,"win_rate":0.0,"timestamp":1611119119,"path_taken":["M","?","M","M","?","E","R","E"],"items_purchased_type":[],"build_version":"2020-12-22","purchased_purges":0,"victory":false,"max_hp_per_floor":[68,73,73,73,66,66,66,66,66],"relic_stats":{"counters":[5,16],"Golden Idol":9,"obtain_stats":[{"Golden Idol":5,"PureWater":0,"Empty Cage":0},{"Golden Idol":3,"PureWater":0,"Empty Cage":0},{"Golden Idol":10,"PureWater":0,"Empty Cage":0}]},"card_choices":[{"not_picked":["BowlingBash","Sanctity","Nirvana"],"picked":"SKIP","floor":1},{"not_picked":["JustLucky","Fasting2"],"picked":"Adaptation","floor":3},{"not_picked":["WaveOfTheHand","Nirvana","SashWhip"],"picked":"SKIP","floor":4}],"player_experience":1812227,"relics_obtained":[],"event_choices":[{"damage_healed":0,"gold_gain":0,"player_choice":"Donut","damage_taken":0,"max_hp_gain":5,"max_hp_loss":0,"event_name":"Big Fish","floor":2,"gold_loss":0},{"damage_healed":0,"gold_gain":0,"player_choice":"Lose Max HP","damage_taken":0,"relics_obtained":["Golden Idol"],"max_hp_gain":0,"max_hp_loss":7,"event_name":"Golden Idol","floor":5,"gold_loss":0}],"is_beta":false,"boss_relics":[],"items_purged_floors":[],"is_endless":false,"potions_floor_spawned":[3,4,6],"killed_by":"Gremlin Nob","ascension_level":20}}