{"host":"foq4mrde4mssg7vt","time":1611140757,"event":{"mods":["AchievementEnabler","BaseMod","Colored Map","Colored Powertips","Highlight Path","Minty Spire (QoL Compilation)","Relic Stats","everything is the same but u backflip on backflip"],"gold_per_floor":[113,127,141,52,72,100,112,149,186,27,43,59,72,72,72,72,72],"floor_reached":16,"language":"ENG","playtime":389,"items_purged":[],"score":222,"play_id":"ea7158f4-2548-4ef6-81e6-a2ae909626d1","local_time":"20210120190557","is_ascension_mode":true,"campfire_choices":[{"floor":7,"key":"REST"},{"floor":15,"key":"REST"}],"circlet_count":0,"master_deck":["AscendersBane","Strike_B","Strike_B","Strike_B","Defend_B","Defend_B","Defend_B","Defend_B","Zap","Dualcast","Gash","Streamline","Melter","Ball Lightning","Go for the Eyes","Gash","Rip and Tear","Barrage","Leap","Creative AI"],"relics":["Cracked Core","Centennial Puzzle","MawBank","Anchor","Lantern","ClockworkSouvenir"],"acts_visited":["Exordium"],"potions_floor_usage":[6,8],"damage_taken":[{"damage":6,"enemies":"Cultist","floor":1,"turns":3},{"damage":1,"enemies":"2 Louse","floor":2,"turns":2},{"damage":8,"enemies":"Small Slimes","floor":3,"turns":2},{"damage":0,"enemies":"3 Louse","floor":5,"turns":3},{"damage":32,"enemies":"Gremlin Nob","floor":6,"turns":4},{"damage":30,"enemies":"3 Sentries","floor":8,"turns":6},{"damage":3,"enemies":"Large Slime","floor":11,"turns":4},{"damage":3,"enemies":"Blue Slaver","floor":12,"turns":2},{"damage":0,"enemies":"Looter","floor":13,"turns":2},{"damage":38,"enemies":"Slime Boss","floor":16,"turns":3}],"seed_played":"-5105284962889081483","potions_obtained":[{"floor":1,"key":"PowerPotion"},{"floor":2,"key":"FearPotion"}],"is_trial":false,"path_per_floor":["M","M","M","$","M","E","R","E","T","$","M","M","M","?","R","B"],"character_chosen":"DEFECT","items_purchased":["Melter","FocusPotion","ClockworkSouvenir"],"campfire_rested":2,"item_purchase_floors":[4,4,10],"current_hp_per_floor":[58,57,49,49,49,17,38,8,8,8,5,2,2,2,23,0,0],"gold":72,"neow_bonus":"RANDOM_COMMON_RELIC","is_daily":false,"chose_seed":false,"campfire_upgraded":0,"win_rate":0.0,"timestamp":1611140757,"path_taken":["M","M","M","$","M","E","R","E","T","$","M","?","?","?","R","BOSS"],"items_purchased_type":["Card","Potion","Relic"],"build_version":"2020-12-22","purchased_purges":0,"victory":false,"max_hp_per_floor":[71,71,71,71,71,71,71,71,71,71,71,71,71,71,71,71,71],"relic_stats":{"Centennial Puzzle":[21],"counters":[10,31],"MawBank":48,"obtain_stats":[{"Centennial Puzzle":0,"Anchor":8,"Lantern":9,"Cracked Core":0,"MawBank":6,"ClockworkSouvenir":10},{"Centennial Puzzle":0,"Anchor":6,"Lantern":6,"Cracked Core":0,"MawBank":5,"ClockworkSouvenir":6},{"Centennial Puzzle":0,"Anchor":20,"Lantern":20,"Cracked Core":0,"MawBank":14,"ClockworkSouvenir":20}]},"card_choices":[{"not_picked":["Reinforced Body","Go for the Eyes"],"picked":"Gash","floor":1},{"not_picked":["Double Energy","Undo"],"picked":"Streamline","floor":2},{"not_picked":["Leap","Recycle","Streamline"],"picked":"SKIP","floor":3},{"not_picked":["Steam","Turbo"],"picked":"Ball Lightning","floor":5},{"not_picked":["Steam","Hologram"],"picked":"Go for the Eyes","floor":6},{"not_picked":["Hologram","Recycle"],"picked":"Gash","floor":8},{"not_picked":["Chaos","Rebound"],"picked":"Rip and Tear","floor":11},{"not_picked":["Amplify","Turbo"],"picked":"Barrage","floor":12},{"not_picked":["Hello World","Redo"],"picked":"Leap","floor":13}],"player_experience":506861,"relics_obtained":[{"floor":6,"key":"MawBank"},{"floor":8,"key":"Anchor"},{"floor":9,"key":"Lantern"}],"event_choices":[{"damage_healed":0,"gold_gain":0,"cards_transformed":["Strike_B"],"player_choice":"Transformed","damage_taken":0,"max_hp_gain":0,"max_hp_loss":0,"event_name":"Transmorgrifier","floor":14,"gold_loss":0,"cards_obtained":["Creative AI"]}],"is_beta":false,"boss_relics":[],"items_purged_floors":[],"is_endless":false,"potions_floor_spawned":[1,2,3],"killed_by":"Slime Boss","ascension_level":19}}