{"host":"fmb9x04chdot191d","time":1611123985,"event":{"mods":["2.2 Compatiblity","AchievementEnabler","BaseMod","Downfall","Marisa（霧雨　魔理沙）","Minty Spire (QoL Compilation)","Rare Cards Sparkle","StSLib","The Hierophant"],"gold_per_floor":[110,110,110,65,65,65,94,110,110,110,122,122,122,154,154,254,254,272,292,66,85,85,85,96,129,129,129,129,129,148,247,247,247,247],"floor_reached":33,"language":"ENG","playtime":3477,"items_purged":["Defend_MRS"],"score":296,"play_id":"9f7bc432-b321-49f2-9341-575a44433eed","local_time":"20210120192625","is_ascension_mode":false,"campfire_choices":[{"floor":10.0,"key":"REST"},{"data":"BlazeAway","floor":13.0,"key":"SMITH"},{"data":"Strike_MRS","floor":15.0,"key":"PURGE"},{"data":"AbsoluteMagnitude","floor":23.0,"key":"SMITH"},{"floor":28,"key":"REST"},{"floor":32,"key":"REST"}],"circlet_count":0,"master_deck":["Strike_MRS","Strike_MRS","Strike_MRS","Defend_MRS+1","Defend_MRS","Defend_MRS+1","MasterSpark","UpSweep+1","PowerUp","Acceleration+1","PowerUp","BlazeAway+1","CasketOfStar","AbsoluteMagnitude+1","ChargeUpSpray","Acceleration","RefractionSpark","StarlightTyphoon"],"relics":["BewitchedHakkero","NeowsBlessing","Potion Belt","Peace Pipe","AmplifyWand","War Paint","PreservedInsect","Lantern","MealTicket","FossilizedHelix"],"acts_visited":["Exordium","TheCity"],"potions_floor_usage":[27,33],"damage_taken":[{"damage":0.0,"enemies":"2 Louse","floor":1.0,"turns":2.0},{"damage":0.0,"enemies":"Gremlin Nob","floor":7.0,"turns":1.0},{"damage":0.0,"enemies":"Jaw Worm","floor":8.0,"turns":1.0},{"damage":0.0,"enemies":"Cultist","floor":11.0,"turns":2.0},{"damage":18.0,"enemies":"Lagavulin","floor":14.0,"turns":5.0},{"damage":36.0,"enemies":"The Guardian","floor":16.0,"turns":10.0},{"damage":14.0,"enemies":"Shell Parasite","floor":18.0,"turns":6.0},{"damage":21.0,"enemies":"2 Thieves","floor":19.0,"turns":3.0},{"damage":0.0,"enemies":"Centurion and Healer","floor":21.0,"turns":3.0},{"damage":14.0,"enemies":"Sentry and Sphere","floor":24.0,"turns":4.0},{"damage":27,"enemies":"Book of Stabbing","floor":25,"turns":4},{"damage":17,"enemies":"Colosseum Slavers","floor":27,"turns":4},{"damage":24,"enemies":"Snake Plant","floor":30,"turns":3},{"damage":36,"enemies":"Champ","floor":33,"turns":8}],"seed_played":"5044594001179088008","potions_obtained":[{"floor":8.0,"key":"AttackPotion"},{"floor":16.0,"key":"SkillPotion"},{"floor":24.0,"key":"LiquidBronze"},{"floor":30,"key":"StarNLove"}],"is_trial":false,"path_per_floor":["M","?","$","$","?","T","E","M","T","R","M","?","R","E","R","B",null,"M","M","$","M","?","R","M","E","T","?","R","?","M","?","R","B"],"character_chosen":"MARISA","items_purchased":["Acceleration","Lantern"],"campfire_rested":3,"item_purchase_floors":[4,20],"current_hp_per_floor":[75,72,72,72,57,57,57,57,57,75,75,75,75,57,57,21,75,61,40,40,40,65,65,51,24,24,7,29,29,5,5,27,0,0],"gold":247,"neow_bonus":"THREE_ENEMY_KILL","is_daily":false,"chose_seed":false,"campfire_upgraded":2,"win_rate":0.0,"timestamp":1611123985,"path_taken":["M","?","?","$","?","?","E","?","T","R","M","?","R","E","R","BOSS","M","M","$","M","?","R","M","E","T","?","R","?","M","?","R","BOSS"],"items_purchased_type":["Card","Relic"],"build_version":"2020-12-22","purchased_purges":1,"victory":false,"max_hp_per_floor":[75,75,75,75,75,75,75,75,75,75,75,75,75,75,75,75,75,75,75,75,75,75,75,75,75,75,75,75,75,75,75,75,75,75],"card_choices":[{"not_picked":["GrandCross","DragonMeteor"],"picked":"PowerUp","floor":1.0},{"not_picked":["SprinkleStarSeal","EventHorizon"],"picked":"PowerUp","floor":7.0},{"not_picked":["AlicesGift","GravityBeat"],"picked":"BlazeAway","floor":8.0},{"not_picked":["ManaConvection","GalacticHalo","NonDirectionalLaser"],"picked":"SKIP","floor":11.0},{"not_picked":["StarlightTyphoon","EnergyFlow"],"picked":"CasketOfStar","floor":14.0},{"not_picked":["TreasureHunter","SuperNova"],"picked":"AbsoluteMagnitude","floor":16.0},{"not_picked":["MilkyWay","DC","GalacticHalo"],"picked":"SKIP","floor":18.0},{"not_picked":["Robbery+1","NonDirectionalLaser"],"picked":"ChargeUpSpray","floor":19.0},{"not_picked":["WitchLeyline","MilkyWay"],"picked":"Acceleration","floor":21.0},{"not_picked":["ShootingEcho","WitchOfGreed"],"picked":"RefractionSpark","floor":24.0},{"not_picked":["UnstableBomb","ChargeUpSpray"],"picked":"StarlightTyphoon","floor":25},{"not_picked":["WitchLeyline","6A","SporeBomb+1"],"picked":"SKIP","floor":30}],"player_experience":527,"relics_obtained":[{"floor":6.0,"key":"Peace Pipe"},{"floor":7.0,"key":"AmplifyWand"},{"floor":9.0,"key":"War Paint"},{"floor":14.0,"key":"PreservedInsect"},{"floor":25,"key":"MealTicket"},{"floor":26,"key":"FossilizedHelix"}],"event_choices":[{"damage_healed":0.0,"max_hp_gain":0.0,"max_hp_loss":0.0,"gold_gain":0.0,"event_name":"Scrap Ooze","player_choice":"Success","floor":2.0,"gold_loss":0.0,"damage_taken":3.0,"relics_obtained":["Potion Belt"]},{"damage_healed":0.0,"max_hp_gain":0.0,"max_hp_loss":0.0,"gold_gain":0.0,"event_name":"Shining Light","player_choice":"Entered Light","floor":5.0,"gold_loss":0.0,"damage_taken":15.0,"cards_upgraded":["Acceleration","UpSweep"]},{"damage_healed":25.0,"max_hp_gain":0.0,"max_hp_loss":0.0,"gold_gain":0.0,"event_name":"The Library","player_choice":"Heal","floor":22.0,"gold_loss":0.0,"damage_taken":0.0},{"damage_healed":0,"gold_gain":0,"player_choice":"Fight","damage_taken":0,"max_hp_gain":0,"max_hp_loss":0,"event_name":"Colosseum","floor":27,"gold_loss":0},{"damage_healed":0,"gold_gain":0,"player_choice":"Fled From Nobs","damage_taken":0,"max_hp_gain":0,"max_hp_loss":0,"event_name":"Colosseum","floor":27,"gold_loss":0},{"damage_healed":0,"gold_gain":99,"player_choice":"Stole From Cult","damage_taken":0,"max_hp_gain":0,"max_hp_loss":0,"event_name":"Nest","floor":31,"gold_loss":0}],"is_beta":false,"boss_relics":[{"not_picked":["Tiny House","Snecko Eye"],"picked":"BewitchedHakkero"}],"items_purged_floors":[20],"is_endless":false,"potions_floor_spawned":[8,16,24,30],"killed_by":"Champ","ascension_level":0}}