{"host":"vfh4a5lsno7fg1vy","time":1611131180,"event":{"mods":["BaseMod","Minty Spire (QoL Compilation)","StSLib","Synergy Search"],"gold_per_floor":[111,61,61,80,91,124,124,143,143,212,231,262,282,282,282,378,378,396,396,396],"floor_reached":19,"language":"KOR","playtime":761,"items_purged":[],"score":197,"play_id":"04befb66-347b-47e4-8aa2-312a65d4b18d","local_time":"20210120172620","is_ascension_mode":true,"campfire_choices":[{"floor":7,"key":"REST"},{"floor":15,"key":"REST"}],"circlet_count":0,"master_deck":["Strike_R","Strike_R","Strike_R","Strike_R","Defend_R","Defend_R","Defend_R","Defend_R+1","Bash","Bloodletting+1","Reckless Charge","Thunderclap","Seeing Red","Cleave","Heavy Blade+1","Disarm+1","Entrench+1","Cleave","Infernal Blade+1","Double Tap+1","Anger+1"],"relics":["Burning Blood","NeowsBlessing","Dream Catcher","Letter Opener","Toxic Egg 2","Peace Pipe","Runic Cube"],"acts_visited":["Exordium","TheCity"],"potions_floor_usage":[6,16,16,19],"damage_taken":[{"damage":0,"enemies":"Jaw Worm","floor":1,"turns":1},{"damage":0,"enemies":"2 Louse","floor":4,"turns":1},{"damage":0,"enemies":"Cultist","floor":5,"turns":1},{"damage":49,"enemies":"Lagavulin","floor":6,"turns":7},{"damage":7,"enemies":"3 Louse","floor":8,"turns":2},{"damage":17,"enemies":"Looter","floor":11,"turns":3},{"damage":30,"enemies":"3 Sentries","floor":12,"turns":7},{"damage":18,"enemies":"Blue Slaver","floor":13,"turns":4},{"damage":36,"enemies":"Hexaghost","floor":16,"turns":9},{"damage":36,"enemies":"2 Thieves","floor":18,"turns":4},{"damage":63,"enemies":"Masked Bandits","floor":19,"turns":3}],"seed_played":"-8697128399321740856","potions_obtained":[{"floor":1,"key":"Strength Potion"},{"floor":5,"key":"Fruit Juice"},{"floor":8,"key":"BloodPotion"},{"floor":13,"key":"ElixirPotion"},{"floor":16,"key":"PowerPotion"},{"floor":18,"key":"Swift Potion"}],"is_trial":false,"path_per_floor":["M","?","?","M","M","E","R","M","T","T","M","E","M","?","R","B",null,"M","?"],"character_chosen":"IRONCLAD","items_purchased":[],"campfire_rested":2,"item_purchase_floors":[],"current_hp_per_floor":[80,80,64,70,76,38,63,62,62,62,51,27,15,15,40,27,85,55,0,0],"gold":396,"neow_bonus":"THREE_ENEMY_KILL","is_daily":false,"chose_seed":false,"campfire_upgraded":0,"win_rate":0.0,"timestamp":1611131180,"path_taken":["M","?","?","M","M","E","R","M","T","?","?","E","M","?","R","BOSS","M","?"],"items_purchased_type":[],"build_version":"2020-12-22","purchased_purges":0,"victory":false,"max_hp_per_floor":[80,80,80,80,80,85,85,85,85,85,85,85,85,85,85,85,85,85,85,85],"card_choices":[{"not_picked":["Twin Strike","True Grit"],"picked":"Bloodletting","floor":1},{"not_picked":["Sentinel","Iron Wave"],"picked":"Reckless Charge","floor":4},{"not_picked":["Seeing Red","Body Slam"],"picked":"Thunderclap","floor":5},{"not_picked":["Sentinel","Rampage"],"picked":"Seeing Red","floor":6},{"not_picked":["Clash","Anger"],"picked":"Cleave","floor":7},{"not_picked":["Wild Strike","Shrug It Off"],"picked":"Heavy Blade","floor":8},{"not_picked":["Hemokinesis","Rupture"],"picked":"Disarm+1","floor":11},{"not_picked":["Body Slam","Demon Form"],"picked":"Entrench+1","floor":12},{"not_picked":["Sentinel+1","Bloodletting+1"],"picked":"Cleave","floor":13},{"not_picked":["Dual Wield+1","Havoc+1"],"picked":"Infernal Blade+1","floor":15},{"not_picked":["Feed","Reaper"],"picked":"Double Tap+1","floor":16},{"not_picked":["Pommel Strike","Shrug It Off+1"],"picked":"Anger+1","floor":18}],"player_experience":207094,"relics_obtained":[{"floor":6,"key":"Dream Catcher"},{"floor":9,"key":"Letter Opener"},{"floor":10,"key":"Toxic Egg 2"},{"floor":12,"key":"Peace Pipe"}],"event_choices":[{"cards_removed":["Strike_R"],"damage_healed":0,"gold_gain":0,"player_choice":"Card Removal","damage_taken":0,"max_hp_gain":0,"max_hp_loss":0,"event_name":"The Cleric","floor":2,"gold_loss":50},{"damage_healed":0,"gold_gain":0,"player_choice":"Entered Light","damage_taken":16,"max_hp_gain":0,"max_hp_loss":0,"event_name":"Shining Light","floor":3,"gold_loss":0,"cards_upgraded":["Bloodletting","Defend_R"]},{"damage_healed":0,"gold_gain":0,"player_choice":"Grow","damage_taken":0,"max_hp_gain":0,"max_hp_loss":0,"event_name":"Living Wall","floor":14,"gold_loss":0,"cards_upgraded":["Heavy Blade"]},{"damage_healed":0,"gold_gain":0,"player_choice":"Fought Bandits","damage_taken":0,"max_hp_gain":0,"max_hp_loss":0,"event_name":"Masked Bandits","floor":19,"gold_loss":0}],"is_beta":false,"boss_relics":[{"not_picked":["Mark of Pain","Empty Cage"],"picked":"Runic Cube"}],"items_purged_floors":[],"is_endless":false,"potions_floor_spawned":[1,5,8,13,16,18],"killed_by":"Masked Bandits","ascension_level":2}}