{"host":"d61fcf2p3sjwe6yo","time":1611158154,"event":{"mods":["AchievementEnabler","BaseMod","Colored Map","Downfall","Minty Spire (QoL Compilation)","StSLib","SuperFastMode"],"gold_per_floor":[99,118,131,148,248,248,248,248,398,398,432,444,474,153,166,243,243,143,154,167,192,210,245,299,299,499,509,309,325,56,89,106,181,181,181,181,181,201,201,234,259,259,292,310,323,119,119,151,162,162,162,192,35,35,35,35],"floor_reached":57,"language":"ENG","playtime":5155,"items_purged":["downfall:Malfunctioning","downfall:Icky","Guardian:Strike_Guardian"],"score":2479,"play_id":"b09703bd-100c-4636-804d-88d251e90722","local_time":"20210120185554","is_ascension_mode":true,"campfire_choices":[{"data":"Guardian:CompilePackage","floor":1,"key":"SMITH"},{"floor":10,"key":"REST"},{"floor":18,"key":"RECALL"},{"data":"Guardian:BodySlam","floor":28,"key":"SMITH"},{"data":"Guardian:EvasiveProtocol","floor":35,"key":"SMITH"},{"data":"Guardian:ArmoredProtocol","floor":42,"key":"SMITH"},{"data":"Guardian:SpikerProtocol","floor":47,"key":"SMITH"},{"data":"Guardian:Recover","floor":54,"key":"SMITH"}],"circlet_count":0,"master_deck":["AscendersBane","Guardian:Defend_Guardian","Guardian:Defend_Guardian+1","Guardian:Defend_Guardian+1","Guardian:Defend_Guardian+1","Guardian:CurlUp+1","Guardian:TwinSlam","Guardian:CompilePackage+1","Guardian:SpikerProtocol+1","Guardian:PrimingBeam","Guardian:EvasiveProtocol+1","Guardian:DonusPower+1","Guardian:PiercingHide+1","Guardian:Recover+1","Guardian:ConstructionForm","Guardian:ArmoredProtocol+1","Guardian:PiercingHide+1","Guardian:RollAttack","Guardian:BodySlam+1","Guardian:Orbwalk","Guardian:BodySlam+1","Guardian:ArmoredProtocol+1"],"relics":["Guardian:ModeShifter","HornCleat","Unceasing Top","Oddly Smooth Stone","Omamori","OrangePellets","Black Star","downfall:HeartBlessingGreen","Red Mask","Centennial Puzzle","Bronze Scales","Kunai","downfall:HeartBlessingRed","downfall:HeartBlessingBlue","Guardian:BottledAnomaly","Lantern","Slimebound:PreparedRelic","expansioncontent:StudyCardRelic","Pear","Guardian:StasisEgg","Molten Egg 2","Bag of Preparation","War Paint","Dream Catcher","FossilizedHelix","Nunchaku","ClockworkSouvenir","PreservedInsect","Eternal Feather","champ:DeflectingBracers","White Beast Statue","Anchor"],"acts_visited":["Exordium","TheCity","TheBeyond","TheEnding"],"potions_floor_usage":[22,33,43,56,56],"damage_taken":[{"damage":7,"enemies":"Small Slimes","floor":2,"turns":3},{"damage":4,"enemies":"Jaw Worm","floor":3,"turns":4},{"damage":0,"enemies":"2 Louse","floor":4,"turns":1},{"damage":26,"enemies":"downfall:Heads","floor":5,"turns":6},{"damage":5,"enemies":"3 Sentries","floor":11,"turns":7},{"damage":5,"enemies":"Blue Slaver","floor":12,"turns":4},{"damage":2,"enemies":"Lagavulin","floor":13,"turns":8},{"damage":0,"enemies":"downfall:FleeingMerchant","floor":14,"turns":4},{"damage":0,"enemies":"Large Slime","floor":15,"turns":8},{"damage":0,"enemies":"WA_ARCHETYPE_RETAIN","floor":16,"turns":10},{"damage":0,"enemies":"Spheric Guardian","floor":19,"turns":9},{"damage":0,"enemies":"Shell Parasite","floor":20,"turns":5},{"damage":0,"enemies":"Masked Bandits","floor":21,"turns":5},{"damage":0,"enemies":"Centurion and Healer","floor":22,"turns":9},{"damage":9,"enemies":"Gremlin Leader","floor":23,"turns":10},{"damage":0,"enemies":"Chosen and Byrds","floor":27,"turns":5},{"damage":0,"enemies":"Shelled Parasite and Fungi","floor":29,"turns":4},{"damage":0,"enemies":"downfall:FleeingMerchant","floor":30,"turns":4},{"damage":0,"enemies":"Book of Stabbing","floor":31,"turns":4},{"damage":0,"enemies":"Sentry and Sphere","floor":32,"turns":3},{"damage":8,"enemies":"DF_ARCHETYPE_CLAW","floor":33,"turns":9},{"damage":0,"enemies":"3 Darklings","floor":38,"turns":3},{"damage":0,"enemies":"Nemesis","floor":40,"turns":5},{"damage":24,"enemies":"Reptomancer","floor":43,"turns":3},{"damage":0,"enemies":"Orb Walker","floor":44,"turns":1},{"damage":0,"enemies":"Maw","floor":45,"turns":5},{"damage":0,"enemies":"downfall:FleeingMerchant","floor":46,"turns":4},{"damage":0,"enemies":"Nemesis","floor":48,"turns":5},{"damage":0,"enemies":"Sphere and 2 Shapes","floor":49,"turns":4},{"damage":0,"enemies":"SI_POISON_ARCHETYPE","floor":50,"turns":6},{"damage":0,"enemies":"downfall:CharBossMerchant","floor":52,"turns":7},{"damage":0,"enemies":"downfall:NeowBoss","floor":55,"turns":8},{"damage":0,"enemies":"downfall:NeowBossFinal","floor":56,"turns":7}],"seed_played":"5463119559874603373","potions_obtained":[{"floor":2,"key":"sneckomod:MuddlingPotion"},{"floor":5,"key":"Weak Potion"},{"floor":12,"key":"LiquidMemories"},{"floor":19,"key":"SkillPotion"},{"floor":27,"key":"DuplicationPotion"},{"floor":38,"key":"SteroidPotion"},{"floor":43,"key":"Fruit Juice"}],"is_trial":false,"path_per_floor":["R","M","M","M","?","?","T","?","?","R","E","M","E","$","M","B",null,"R","M","M","?","M","E","T","?","?","M","R","M","$","E","M","B",null,"R","T","?","M","?","E","T","R","E","M","M","$","R","E","M","B",null,"E","$","R","B","B",null],"character_chosen":"GUARDIAN","items_purchased":["OrangePellets","Guardian:ArmoredProtocol","Guardian:BottledAnomaly","Nunchaku","CultistPotion","ClockworkSouvenir","Anchor"],"campfire_rested":1,"item_purchase_floors":[14,14,30,46,46,46,53],"current_hp_per_floor":[72,65,61,61,35,35,35,10,10,34,29,24,22,22,22,22,66,66,66,66,66,66,57,57,57,57,57,67,67,67,67,67,59,82,82,92,92,92,92,92,92,92,73,73,73,73,73,73,73,73,97,97,97,105,105,105],"gold":35,"neow_bonus":"ONE_RANDOM_RARE_CARD","is_daily":false,"chose_seed":false,"campfire_upgraded":6,"win_rate":0.0,"timestamp":1611158154,"path_taken":["R","M","M","M","?","?","T","?","?","R","E","?","E","$","M","BOSS","R","M","M","?","M","E","T","?","?","M","R","M","$","E","M","BOSS","R","?","?","M","?","E","T","R","E","M","M","$","R","E","M","BOSS","E","$","R","BOSS","BOSS"],"items_purchased_type":["Relic","Card","Relic","Relic","Potion","Relic","Relic"],"build_version":"2020-12-22","purchased_purges":3,"victory":true,"max_hp_per_floor":[80,80,80,80,80,80,80,80,80,80,80,80,80,80,80,80,80,80,80,80,80,80,80,80,80,80,80,90,90,90,90,90,90,90,90,100,100,100,100,100,100,100,105,105,105,105,105,105,105,105,105,105,105,105,105,105],"card_choices":[{"not_picked":["Guardian:Incinerate","Guardian:Gem_Lightblue"],"picked":"Guardian:SpikerProtocol","floor":2},{"not_picked":["Guardian:RefractedBeam","Guardian:Gem_Cyan"],"picked":"Guardian:PrimingBeam","floor":3},{"not_picked":["Guardian:VentSteam","Guardian:GuardianWhirl","Guardian:Gem_Lightblue"],"picked":"SKIP","floor":4},{"not_picked":["Guardian:TemporalShield","Guardian:GemFire"],"picked":"Guardian:EvasiveProtocol","floor":5},{"not_picked":["Guardian:Incinerate","Guardian:TimeBomb"],"picked":"Guardian:PiercingHide","floor":11},{"not_picked":["Guardian:DecasProtection","Guardian:MultiBeam"],"picked":"Guardian:Recover","floor":12},{"not_picked":["Guardian:StasisStrike","Guardian:Gem_Cyan","Guardian:Planning"],"picked":"SKIP","floor":13},{"not_picked":["Guardian:Planning","Guardian:BodySlam"],"picked":"Guardian:ConstructionForm","floor":14},{"not_picked":["Guardian:Suspension","Guardian:Incinerate","Guardian:ShieldCharger"],"picked":"SKIP","floor":15},{"not_picked":["Guardian:StasisField","Guardian:FastForward"],"picked":"Guardian:Gem_Orange","floor":16},{"not_picked":["Guardian:WalkerClaw","Guardian:Incinerate","Guardian:Gem_Green"],"picked":"SKIP","floor":19},{"not_picked":["Guardian:Gem_Fragmented","Guardian:TemporalStrike"],"picked":"Guardian:PiercingHide+1","floor":20},{"not_picked":["Guardian:PiercingHide","Guardian:Suspension"],"picked":"Guardian:RollAttack","floor":21},{"not_picked":["Guardian:FastForward","Guardian:Planning","Guardian:CrystalBeam"],"picked":"SKIP","floor":22},{"not_picked":["Guardian:Preprogram","Guardian:MultiBeam"],"picked":"Guardian:BodySlam","floor":23},{"not_picked":["Guardian:Incinerate","Guardian:Preprogram"],"picked":"Guardian:Gem_Crimson","floor":27},{"not_picked":["Guardian:TemporalStrike","Guardian:Harden"],"picked":"Guardian:Orbwalk","floor":29},{"not_picked":["Guardian:ChargeCore","Guardian:Gem_Purple"],"picked":"Guardian:BodySlam+1","floor":30},{"not_picked":["Guardian:Gem_Purple","Guardian:BodySlam","Guardian:Emergency"],"picked":"SKIP","floor":31},{"not_picked":["Guardian:VentSteam","Guardian:RollAttack","Guardian:Reroute"],"picked":"SKIP","floor":32},{"not_picked":["Guardian:FierceBash","Guardian:FastForward"],"picked":"Guardian:Gem_Orange","floor":33},{"not_picked":["Guardian:RollAttack+1","Guardian:VentSteam","Guardian:Reroute+1"],"picked":"SKIP","floor":38},{"not_picked":["Guardian:Planning","Guardian:ShieldCharger","Guardian:Orbwalk+1"],"picked":"SKIP","floor":40},{"not_picked":["Guardian:Harden","Guardian:BodySlam+1","Guardian:RefractedBeam+1"],"picked":"SKIP","floor":43},{"not_picked":["Guardian:Gem_Fragmented","Guardian:TemporalShield","Guardian:MultiBeam+1"],"picked":"SKIP","floor":44},{"not_picked":["Guardian:GatlingBeam+1","Guardian:ShieldCharger"],"picked":"Guardian:Gem_Blue","floor":45},{"not_picked":["Guardian:SentryBeam+1","Guardian:TemporalShield+1","Guardian:DecasProtection"],"picked":"SKIP","floor":46},{"not_picked":["Guardian:Gem_Green","Guardian:Gem_Cyan"],"picked":"Guardian:Gem_Orange","floor":48},{"not_picked":["Guardian:TemporalStrike+1","Guardian:ChargeCore+1"],"picked":"Guardian:Gem_White","floor":49},{"not_picked":["Guardian:Gem_White","Guardian:MultiBeam+1"],"picked":"Guardian:ArmoredProtocol+1","floor":52}],"player_experience":624140,"relics_obtained":[{"floor":7,"key":"HornCleat"},{"floor":11,"key":"Oddly Smooth Stone"},{"floor":13,"key":"Omamori"},{"floor":21,"key":"Red Mask"},{"floor":23,"key":"Centennial Puzzle"},{"floor":23,"key":"Bronze Scales"},{"floor":31,"key":"Lantern"},{"floor":31,"key":"Slimebound:PreparedRelic"},{"floor":36,"key":"Pear"},{"floor":40,"key":"Molten Egg 2"},{"floor":40,"key":"Bag of Preparation"},{"floor":41,"key":"War Paint"},{"floor":43,"key":"Dream Catcher"},{"floor":43,"key":"FossilizedHelix"},{"floor":48,"key":"PreservedInsect"},{"floor":48,"key":"Eternal Feather"},{"floor":52,"key":"champ:DeflectingBracers"},{"floor":52,"key":"White Beast Statue"}],"event_choices":[{"damage_healed":0,"gold_gain":0,"player_choice":"Success","damage_taken":25,"relics_obtained":["Unceasing Top"],"max_hp_gain":0,"max_hp_loss":0,"event_name":"Scrap Ooze","floor":8,"gold_loss":0},{"damage_healed":0,"gold_gain":0,"player_choice":"Fought Bandits","damage_taken":0,"max_hp_gain":0,"max_hp_loss":0,"event_name":"Masked Bandits","floor":21,"gold_loss":0},{"damage_healed":0,"gold_gain":200,"player_choice":"Gold","damage_taken":0,"max_hp_gain":0,"max_hp_loss":0,"event_name":"Wheel of Change","floor":26,"gold_loss":0}],"is_beta":false,"boss_relics":[{"not_picked":["Guardian:StasisSlotReductionRelic","bronze:MakeshiftBattery"],"picked":"Black Star"},{"not_picked":["SacredBark","Astrolabe"],"picked":"expansioncontent:StudyCardRelic"}],"items_purged_floors":[14,30,46],"is_endless":false,"potions_floor_spawned":[2,5,12,15,19,21,27,31,38,43,49],"ascension_level":13}}