{"host":"foq4mrde4mssg7vt","time":1611145139,"event":{"mods":["AchievementEnabler","BaseMod","Colored Map","Colored Powertips","Highlight Path","Minty Spire (QoL Compilation)","Relic Stats","everything is the same but u backflip on backflip"],"gold_per_floor":[112,4,28,40,51,51,66,66,116,191,224,224,224,239,239,310,310,329,254,23,40,54,54,54,54,54,54,86,102,102,102,102,179,179,192,192,9,9,9,41,41,41,41],"floor_reached":42,"language":"ENG","playtime":1053,"items_purged":["Strike_R"],"score":907,"play_id":"2ca96125-1928-4edf-9ca8-513bd0fb2e82","local_time":"20210120201859","is_ascension_mode":true,"campfire_choices":[{"data":"Searing Blow","floor":6.0,"key":"SMITH"},{"data":"Searing Blow+1","floor":8.0,"key":"SMITH"},{"data":"Searing Blow+2","floor":12.0,"key":"SMITH"},{"floor":15.0,"key":"REST"},{"data":"Searing Blow+3","floor":23.0,"key":"SMITH"},{"data":"Burning Pact","floor":25.0,"key":"SMITH"},{"data":"Searing Blow+4","floor":27.0,"key":"SMITH"},{"floor":30.0,"key":"REST"},{"data":"Searing Blow+5","floor":32.0,"key":"SMITH"},{"data":"Searing Blow+6","floor":41,"key":"SMITH"}],"circlet_count":0,"master_deck":["AscendersBane","Strike_R+1","Defend_R","Defend_R","Defend_R","Defend_R","Bash+1","Searing Blow+7","Anger","Evolve","Shockwave","Twin Strike+1","Burning Pact+1","Dual Wield","Corruption","Shrug It Off","Impervious","Disarm","Spot Weakness","Battle Trance","Shrug It Off","Armaments+1","Offering","Flame Barrier+1"],"relics":["Burning Blood","Bronze Scales","Whetstone","Mummified Hand","Cursed Key","Centennial Puzzle","Empty Cage","Meat on the Bone"],"acts_visited":["Exordium","TheCity","TheBeyond"],"potions_floor_usage":[40,42],"damage_taken":[{"damage":6.0,"enemies":"Cultist","floor":1.0,"turns":3.0},{"damage":2.0,"enemies":"2 Louse","floor":4.0,"turns":2.0},{"damage":7.0,"enemies":"Small Slimes","floor":5.0,"turns":3.0},{"damage":23.0,"enemies":"Exordium Thugs","floor":7.0,"turns":4.0},{"damage":15.0,"enemies":"3 Sentries","floor":11.0,"turns":4.0},{"damage":12.0,"enemies":"Looter","floor":14.0,"turns":3.0},{"damage":36.0,"enemies":"Slime Boss","floor":16.0,"turns":11.0},{"damage":9.0,"enemies":"Chosen","floor":18.0,"turns":3.0},{"damage":9.0,"enemies":"2 Thieves","floor":21.0,"turns":4.0},{"damage":18.0,"enemies":"Snake Plant","floor":22.0,"turns":4.0},{"damage":35.0,"enemies":"Gremlin Leader","floor":28.0,"turns":4.0},{"damage":4.0,"enemies":"Centurion and Healer","floor":29.0,"turns":4.0},{"damage":15.0,"enemies":"Automaton","floor":33.0,"turns":5.0},{"damage":0.0,"enemies":"3 Shapes","floor":35.0,"turns":6.0},{"damage":35,"enemies":"Giant Head","floor":40,"turns":6},{"damage":57,"enemies":"Reptomancer","floor":42,"turns":2}],"seed_played":"4127537950484962815","potions_obtained":[{"floor":1.0,"key":"Energy Potion"},{"floor":7.0,"key":"Energy Potion"},{"floor":13.0,"key":"LiquidBronze"},{"floor":13.0,"key":"Weak Potion"},{"floor":28.0,"key":"SteroidPotion"},{"floor":33.0,"key":"DuplicationPotion"},{"floor":35.0,"key":"SteroidPotion"}],"is_trial":false,"path_per_floor":["M","$","T","M","M","R","M","R","T","?","E","R","?","M","R","B",null,"M","?","$","M","M","R","?","R","T","R","E","M","R","T","R","B",null,"M","?","$","?","?","E","R","E"],"character_chosen":"IRONCLAD","items_purchased":["Anger","Evolve","Impervious","Disarm","HeartOfIron"],"campfire_rested":2,"item_purchase_floors":[2,2,20,20,37],"current_hp_per_floor":[68,68,68,72,71,71,54,54,54,43,34,34,34,28,50,20,61,58,58,58,55,43,43,43,43,43,43,14,16,38,38,38,29,64,70,70,70,70,70,41,41,0,0],"gold":41,"neow_bonus":"UPGRADE_CARD","is_daily":false,"chose_seed":false,"campfire_upgraded":8,"win_rate":0.0,"timestamp":1611145139,"path_taken":["M","$","?","M","M","R","M","R","T","?","E","R","?","?","R","BOSS","M","?","$","M","M","R","?","R","T","R","E","M","R","?","R","BOSS","M","?","$","?","?","E","R","E"],"items_purchased_type":["Card","Card","Card","Card","Potion"],"build_version":"2020-12-22","purchased_purges":1,"victory":false,"max_hp_per_floor":[75,75,75,75,75,75,75,75,75,75,75,75,75,75,75,75,75,75,75,75,75,75,75,75,75,75,75,75,75,75,75,75,75,75,75,75,75,71,71,71,71,71,71],"relic_stats":{"Centennial Puzzle":[12],"counters":[16,68],"Mummified Hand":[16],"Bronze Scales":[144],"Whetstone":["Strike_R","Twin Strike"],"Cursed Key":0,"obtain_stats":[{"Centennial Puzzle":28,"Mummified Hand":11,"Bronze Scales":3,"Whetstone":9,"Cursed Key":17,"Empty Cage":34,"Burning Blood":0,"Meat on the Bone":40},{"Centennial Puzzle":11,"Mummified Hand":5,"Bronze Scales":1,"Whetstone":4,"Cursed Key":7,"Empty Cage":13,"Burning Blood":0,"Meat on the Bone":15},{"Centennial Puzzle":45,"Mummified Hand":16,"Bronze Scales":3,"Whetstone":12,"Cursed Key":30,"Empty Cage":54,"Burning Blood":0,"Meat on the Bone":66}],"Burning Blood":90,"Meat on the Bone":0},"card_choices":[{"not_picked":["Power Through","Armaments"],"picked":"Searing Blow","floor":1.0},{"not_picked":["Inflame","Pommel Strike"],"picked":"Shockwave","floor":4.0},{"not_picked":["Perfected Strike","Bloodletting","Wild Strike"],"picked":"SKIP","floor":5.0},{"not_picked":["Flex","Heavy Blade"],"picked":"Twin Strike","floor":7.0},{"not_picked":["Perfected Strike","Dark Embrace"],"picked":"Burning Pact","floor":11.0},{"not_picked":["Whirlwind","Perfected Strike"],"picked":"Dual Wield","floor":14.0},{"not_picked":["Demon Form","Fiend Fire"],"picked":"Corruption","floor":16.0},{"not_picked":["Pummel","Pommel Strike"],"picked":"Shrug It Off","floor":18.0},{"not_picked":["Warcry","Wild Strike","Sever Soul+1"],"picked":"SKIP","floor":21.0},{"not_picked":["Metallicize","Evolve"],"picked":"Spot Weakness","floor":22.0},{"not_picked":["Feed","Inflame"],"picked":"Shrug It Off","floor":28.0},{"not_picked":["Sword Boomerang","Wild Strike"],"picked":"Armaments","floor":29.0},{"not_picked":["Juggernaut","Brutality"],"picked":"Offering","floor":33.0},{"not_picked":["Havoc","Sword Boomerang+1"],"picked":"Flame Barrier+1","floor":35.0},{"not_picked":["Wild Strike","Blood for Blood","Sever Soul+1"],"picked":"SKIP","floor":40}],"player_experience":509642,"relics_obtained":[{"floor":3.0,"key":"Bronze Scales"},{"floor":9.0,"key":"Whetstone"},{"floor":11.0,"key":"Mummified Hand"},{"floor":28.0,"key":"Centennial Puzzle"},{"floor":40,"key":"Meat on the Bone"}],"event_choices":[{"damage_healed":0.0,"max_hp_gain":0.0,"max_hp_loss":0.0,"gold_gain":75.0,"event_name":"World of Goop","player_choice":"Gather Gold","floor":10.0,"gold_loss":0.0,"damage_taken":11.0},{"damage_healed":0.0,"max_hp_gain":0.0,"max_hp_loss":0.0,"gold_gain":0.0,"event_name":"Lab","player_choice":"Got Potions","floor":13.0,"gold_loss":0.0,"damage_taken":0.0},{"cards_removed":["Strike_R"],"damage_healed":0.0,"max_hp_gain":0.0,"max_hp_loss":0.0,"gold_gain":0.0,"event_name":"Beggar","player_choice":"Gave Gold","floor":19.0,"gold_loss":75.0,"damage_taken":0.0},{"damage_healed":0.0,"max_hp_gain":0.0,"max_hp_loss":0.0,"gold_gain":0.0,"event_name":"The Library","player_choice":"Read","floor":24.0,"gold_loss":0.0,"damage_taken":0.0,"cards_obtained":["Battle Trance"]},{"damage_healed":0,"gold_gain":0,"player_choice":"Ignored","damage_taken":0,"max_hp_gain":0,"max_hp_loss":0,"event_name":"Mysterious Sphere","floor":36,"gold_loss":0},{"damage_healed":0,"gold_gain":0,"player_choice":"Max HP","damage_taken":0,"max_hp_gain":0,"max_hp_loss":4,"event_name":"Winding Halls","floor":38,"gold_loss":0},{"damage_healed":0,"gold_gain":0,"player_choice":"Upgraded","damage_taken":0,"max_hp_gain":0,"max_hp_loss":0,"event_name":"Upgrade Shrine","floor":39,"gold_loss":0,"cards_upgraded":["Armaments"]}],"is_beta":false,"boss_relics":[{"not_picked":["Velvet Choker","Runic Dome"],"picked":"Cursed Key"},{"not_picked":["SacredBark","Calling Bell"],"picked":"Empty Cage"}],"items_purged_floors":[37],"is_endless":false,"potions_floor_spawned":[1,7,16,28,33,35],"killed_by":"Reptomancer","ascension_level":19}}