{"host":"b4asi0laiv85suj9","time":1611141851,"event":{"mods":["ATMod(阿瑾Mod)","BaseMod","Colored Powertips","Minty Spire (QoL Compilation)","MostiFishMod","Quick Restart","Relic Stats","StSLib","TestMod","noobMod"],"gold_per_floor":[113,133,157,168,180,805,805,838,1138,1165,951,986,997,818,818,890,890,908,305,305,316,326,326,336,365,365,415,466,182,182,195,195,273,273,293,316,9,29,39,39,39,65,65,79,93,122,146,173,173,298,348,348,348,136,228,253],"floor_reached":57,"language":"ZHS","playtime":2803,"items_purged":["Pain","Strike_R","Strike_R","Strike_R","Strike_R"],"score":3474,"play_id":"554666e3-4d48-4e36-9c6c-2bc1eb24681f","local_time":"20210120192411","is_ascension_mode":true,"campfire_choices":[{"data":"MostiFishMod:FlyOverUtopia","floor":7.0,"key":"SMITH"},{"data":"AT_ShrugMaster","floor":15,"key":"SMITH"},{"data":"Searing Blow","floor":23,"key":"SMITH"},{"floor":30,"key":"RECALL"},{"data":"Searing Blow+1","floor":32,"key":"SMITH"},{"data":"Searing Blow+2","floor":40,"key":"SMITH"},{"data":"Searing Blow+3","floor":49,"key":"SMITH"},{"data":"Searing Blow+4","floor":53,"key":"SMITH"}],"circlet_count":0,"master_deck":["AscendersBane","Strike_R","Defend_R","Defend_R","Defend_R","Defend_R","Bash","Injury","Injury","AT_FamilyPortrait","AT_ShrugMaster+1","Sword Boomerang","Shrug It Off","MostiFishMod:FlyOverUtopia+1","True Grit","Dark Embrace","Limit Break","Power Through","MostiFishMod:FireWorks","Feel No Pain","MostiFishMod:UltimateDefense","Disarm","AT_CaressingTears","Searing Blow+5","Evolve","Body Slam","MostiFishMod:#F4004","Pommel Strike+1","MostiFishMod:404NotFound+1","Pommel Strike+1","Second Wind+1","Battle Trance","Infernal Blade","Impervious","Panacea","Armaments"],"relics":["testmod-TestBox","DaveBox","ice","AT_ATBox","RhineFirstAidKit","testmod-Laevatain","HereWithMe","SynthV:TestCard","Paper Frog","Calipers","Old Coin","Ginger","HornCleat","testmod-SaigiyounoYou","Matryoshka","Nilry\u0027s Codex","Lizard Tail","Blood Vial","Tiny Chest","Molten Egg 2","Membership Card","Black Star","White Beast Statue","Bag of Marbles","Lantern","testmod-ArcanaOfDestiny","ChiLing","Chi","Ling","Letter Opener","testmod-AssaultLearning","Du-Vu Doll","AT_BellDemon","ImprovedEquipment","CeramicFish","Dead Branch","AT_MibuBalloonWealth","Sundial","testmod-LifeArmor","AT_LudenTempest","Centennial Puzzle","AT_RedTearstoneRing"],"acts_visited":["Exordium","TheCity","TheBeyond","TheEnding"],"potions_floor_usage":[22],"damage_taken":[{"damage":2.0,"enemies":"Cultist","floor":1.0,"turns":2.0},{"damage":16.0,"enemies":"Jaw Worm","floor":2.0,"turns":3.0},{"damage":9.0,"enemies":"2 Louse","floor":4.0,"turns":2.0},{"damage":25.0,"enemies":"Exordium Wildlife","floor":5.0,"turns":3.0},{"damage":28.0,"enemies":"Lagavulin","floor":6.0,"turns":4.0},{"damage":24.0,"enemies":"Gremlin Nob","floor":8.0,"turns":3.0},{"damage":19.0,"enemies":"Lagavulin","floor":10.0,"turns":3.0},{"damage":10.0,"enemies":"3 Sentries","floor":12.0,"turns":5.0},{"damage":4.0,"enemies":"Lots of Slimes","floor":13.0,"turns":4.0},{"damage":8,"enemies":"The Guardian","floor":16,"turns":3},{"damage":26,"enemies":"2 Thieves","floor":18,"turns":3},{"damage":4,"enemies":"Chosen","floor":21,"turns":3},{"damage":23,"enemies":"Snake Plant","floor":22,"turns":3},{"damage":19,"enemies":"Centurion and Healer","floor":24,"turns":3},{"damage":18,"enemies":"Book of Stabbing","floor":25,"turns":4},{"damage":13,"enemies":"Gremlin Leader","floor":28,"turns":3},{"damage":8,"enemies":"Cultist and Chosen","floor":31,"turns":4},{"damage":12,"enemies":"Collector","floor":33,"turns":5},{"damage":4,"enemies":"3 Darklings","floor":35,"turns":2},{"damage":5,"enemies":"Orb Walker","floor":38,"turns":1},{"damage":16,"enemies":"4 Shapes","floor":39,"turns":2},{"damage":30,"enemies":"Nemesis","floor":42,"turns":3},{"damage":8,"enemies":"3 Darklings","floor":44,"turns":2},{"damage":8,"enemies":"Writhing Mass","floor":45,"turns":2},{"damage":8,"enemies":"Giant Head","floor":46,"turns":3},{"damage":6,"enemies":"Sphere and 2 Shapes","floor":47,"turns":2},{"damage":13,"enemies":"Reptomancer","floor":48,"turns":2},{"damage":17,"enemies":"Awakened One","floor":50,"turns":4},{"damage":12,"enemies":"Donu and Deca","floor":51,"turns":2},{"damage":0,"enemies":"Shield and Spear","floor":55,"turns":1},{"damage":11,"enemies":"The Heart","floor":56,"turns":3}],"seed_played":"3397396870763602304","potions_obtained":[{"floor":4.0,"key":"ColorlessPotion"},{"floor":10.0,"key":"Regen Potion"},{"floor":12.0,"key":"PowerPotion"},{"floor":13.0,"key":"SkillPotion"},{"floor":24,"key":"Swift Potion"},{"floor":38,"key":"testmod-TimePotion"}],"is_trial":false,"path_per_floor":["M","M","T","M","M","E","R","E","T","E","$","E","M","$","R","B",null,"M","$","?","M","M","R","M","E","T","?","E","$","R","M","R","B",null,"M","T","$","M","M","R","?","E","T","M","M","E","M","E","R","B","B",null,"R","$","E","B",null],"character_chosen":"IRONCLAD","items_purchased":["Power Through","BloodPotion","Feel No Pain","AT_CaressingTears","Searing Blow","Evolve","Matryoshka","Membership Card","ElixirPotion","Lantern","testmod-ArcanaOfDestiny","ChiLing","testmod-LifeArmor","Panacea"],"campfire_rested":0,"item_purchase_floors":[11,11,14,19,19,19,19,29,29,37,37,37,54,54],"current_hp_per_floor":[66,50,50,41,75,47,47,23,23,4,4,75,71,71,71,67,73,57,57,36,50,75,75,64,51,51,51,49,49,49,53,53,57,71,73,73,73,74,62,62,62,46,46,46,45,47,44,46,46,45,50,69,69,69,73,75],"gold":253,"neow_bonus":"BOSS_RELIC","is_daily":false,"chose_seed":false,"campfire_upgraded":7,"win_rate":0.0,"timestamp":1611141851,"path_taken":["M","M","?","M","M","E","R","E","T","E","$","E","M","?","R","BOSS","M","$","?","M","M","R","M","E","T","?","E","?","R","?","R","BOSS","M","?","$","?","M","R","?","E","T","M","M","E","M","E","R","BOSS","BOSS","R","$","E","BOSS"],"items_purchased_type":["Card","Potion","Card","Card","Card","Card","Relic","Relic","Potion","Relic","Relic","Relic","Relic","Card"],"build_version":"2020-12-22","purchased_purges":5,"victory":true,"max_hp_per_floor":[75,75,75,75,75,75,75,75,75,75,75,75,75,75,75,75,75,75,75,75,75,75,75,75,75,75,75,75,75,75,75,75,75,75,75,75,75,75,75,75,75,75,75,75,75,75,75,75,75,75,75,75,75,75,75,75],"relic_stats":{"Blood Vial":31,"Lizard Tail":0,"Centennial Puzzle":[3],"counters":[31,89],"Sundial":[0],"CeramicFish":27,"Dead Branch":[38],"Tiny Chest":1,"Black Star":4,"Ginger":[13],"Letter Opener":[166],"obtain_stats":[{"AT_BellDemon":46,"Lantern":37,"AT_ATBox":0,"Calipers":8,"DaveBox":0,"Nilry\u0027s Codex":20,"Chi":37,"CeramicFish":47,"AT_MibuBalloonWealth":48,"testmod-LifeArmor":54,"ice":0,"Ginger":10,"Burning Blood":0,"Old Coin":9,"Blood Vial":26,"Lizard Tail":25,"Centennial Puzzle":55,"RhineFirstAidKit":0,"HornCleat":12,"Matryoshka":19,"testmod-Laevatain":0,"Sundial":48,"HereWithMe":0,"Tiny Chest":26,"testmod-ArcanaOfDestiny":37,"Paper Frog":6,"AT_RedTearstoneRing":55,"testmod-TestBox":0,"ImprovedEquipment":46,"Dead Branch":48,"Letter Opener":42,"testmod-SaigiyounoYou":17,"White Beast Statue":36,"Du-Vu Doll":43,"Ling":37,"AT_LudenTempest":55,"SynthV:TestCard":1,"testmod-AssaultLearning":42,"Molten Egg 2":28,"Black Star":34,"Bag of Marbles":36,"Membership Card":29,"ChiLing":37},{"AT_BellDemon":25,"Lantern":19,"AT_ATBox":0,"Calipers":6,"DaveBox":0,"Nilry\u0027s Codex":11,"Chi":19,"CeramicFish":26,"AT_MibuBalloonWealth":27,"testmod-LifeArmor":29,"ice":0,"Ginger":7,"Burning Blood":0,"Old Coin":6,"Blood Vial":15,"Lizard Tail":15,"Centennial Puzzle":30,"RhineFirstAidKit":0,"HornCleat":8,"Matryoshka":11,"testmod-Laevatain":0,"Sundial":27,"HereWithMe":0,"Tiny Chest":15,"testmod-ArcanaOfDestiny":19,"Paper Frog":5,"AT_RedTearstoneRing":30,"testmod-TestBox":0,"ImprovedEquipment":25,"Dead Branch":27,"Letter Opener":22,"testmod-SaigiyounoYou":10,"White Beast Statue":19,"Du-Vu Doll":22,"Ling":19,"AT_LudenTempest":30,"SynthV:TestCard":1,"testmod-AssaultLearning":22,"Molten Egg 2":16,"Black Star":18,"Bag of Marbles":19,"Membership Card":16,"ChiLing":19},{"AT_BellDemon":75,"Lantern":62,"AT_ATBox":0,"Calipers":17,"DaveBox":0,"Nilry\u0027s Codex":35,"Chi":62,"CeramicFish":77,"AT_MibuBalloonWealth":79,"testmod-LifeArmor":85,"ice":0,"Ginger":20,"Burning Blood":0,"Old Coin":17,"Blood Vial":48,"Lizard Tail":48,"Centennial Puzzle":86,"RhineFirstAidKit":0,"HornCleat":25,"Matryoshka":35,"testmod-Laevatain":0,"Sundial":79,"HereWithMe":0,"Tiny Chest":48,"testmod-ArcanaOfDestiny":62,"Paper Frog":14,"AT_RedTearstoneRing":86,"testmod-TestBox":0,"ImprovedEquipment":75,"Dead Branch":79,"Letter Opener":68,"testmod-SaigiyounoYou":32,"White Beast Statue":62,"Du-Vu Doll":68,"Ling":62,"AT_LudenTempest":86,"SynthV:TestCard":2,"testmod-AssaultLearning":68,"Molten Egg 2":51,"Black Star":60,"Bag of Marbles":62,"Membership Card":51,"ChiLing":62}]},"card_choices":[{"not_picked":["Warcry","Headbutt"],"picked":"AT_ShrugMaster","floor":1.0},{"not_picked":["AT_ShrugMaster","Sentinel","Cleave","AT_BodySlamDance"],"picked":"Sword Boomerang","floor":2.0},{"not_picked":["Thunderclap","AT_ManFootWork","Twin Strike","Flex"],"picked":"Shrug It Off","floor":4.0},{"not_picked":["Twin Strike","Entrench","Havoc","Cleave"],"picked":"MostiFishMod:FlyOverUtopia","floor":5.0},{"not_picked":["Heavy Blade","AT_ManFootWork","Flex","Infernal Blade"],"picked":"True Grit","floor":6.0},{"not_picked":["Spot Weakness","AT_CaressingTears","Carnage","Shockwave"],"picked":"Dark Embrace","floor":8.0},{"not_picked":["Flex","Havoc","True Grit","Cleave"],"picked":"Limit Break","floor":10.0},{"not_picked":["Warcry","Iron Wave","Bloodletting","AT_BodySlamDance","Clothesline"],"picked":"SKIP","floor":12.0},{"not_picked":["Sword Boomerang","True Grit","Headbutt","Intimidate"],"picked":"MostiFishMod:FireWorks","floor":13.0},{"not_picked":["MostiFishMod:HellRitual","MostiFishMod:ChineseTea","MostiFishMod:WingOfPhoenix","Immolate"],"picked":"MostiFishMod:UltimateDefense","floor":16},{"not_picked":["Body Slam","Twin Strike","Anger","Heavy Blade"],"picked":"Disarm","floor":18},{"not_picked":["Sword Boomerang","Pommel Strike","Combust+1","Havoc"],"picked":"Body Slam","floor":21},{"not_picked":["Cleave+1","Whirlwind","Clothesline+1","Sword Boomerang","Dropkick"],"picked":"SKIP","floor":22},{"not_picked":["Dropkick","Cleave","Twin Strike","Headbutt"],"picked":"MostiFishMod:#F4004","floor":24},{"not_picked":["Limit Break","Clash","Cleave","Wild Strike","Anger"],"picked":"SKIP","floor":25},{"not_picked":["Shrug It Off","Perfected Strike+1","Clash+1","Barricade","Warcry"],"picked":"SKIP","floor":28},{"not_picked":["Feel No Pain","Body Slam+1","Armaments","Flex"],"picked":"Pommel Strike+1","floor":31},{"not_picked":["Double Tap","MostiFishMod:WingOfPhoenix","MostiFishMod:HellRitual","MostiFishMod:TemporaryOutbreak"],"picked":"MostiFishMod:404NotFound+1","floor":33},{"not_picked":["Flex+1","Evolve","Shrug It Off","Anger+1","Armaments"],"picked":"SKIP","floor":35},{"not_picked":["Fire Breathing","AT_IchimonjiDouble+1","Flex","Twin Strike+1"],"picked":"Pommel Strike+1","floor":38},{"not_picked":["Clash+1","Seeing Red","Cleave+1","Double Tap"],"picked":"Second Wind+1","floor":39},{"not_picked":["Disarm","Dark Embrace","Shrug It Off","Flex"],"picked":"Battle Trance","floor":42},{"not_picked":["Sword Boomerang+1","Shrug It Off","Cleave+1","Uppercut+1"],"picked":"Infernal Blade","floor":44},{"not_picked":["Perfected Strike+1","Warcry","Dropkick+1","Rage","Ghostly Armor"],"picked":"SKIP","floor":45},{"not_picked":["Barricade","Pommel Strike+1","Twin Strike+1","Cleave+1","Clothesline+1"],"picked":"SKIP","floor":46},{"not_picked":["Twin Strike+1","Clothesline+1","Dropkick+1","Feel No Pain"],"picked":"Impervious","floor":47},{"not_picked":["Heavy Blade+1","Second Wind","Headbutt+1","Carnage+1","Whirlwind+1"],"picked":"SKIP","floor":48},{"not_picked":["AT_IchimonjiDouble+1","Twin Strike+1","Searing Blow+1","Flame Barrier"],"picked":"Armaments","floor":55}],"player_experience":307921,"relics_obtained":[{"floor":1.0,"key":"SynthV:TestCard"},{"floor":6.0,"key":"Paper Frog"},{"floor":8.0,"key":"Calipers"},{"floor":9.0,"key":"Old Coin"},{"floor":10.0,"key":"Ginger"},{"floor":12.0,"key":"HornCleat"},{"floor":20,"key":"Nilry\u0027s Codex"},{"floor":25,"key":"Lizard Tail"},{"floor":26,"key":"Blood Vial"},{"floor":26,"key":"Tiny Chest"},{"floor":28,"key":"Molten Egg 2"},{"floor":36,"key":"White Beast Statue"},{"floor":36,"key":"Bag of Marbles"},{"floor":42,"key":"Letter Opener"},{"floor":42,"key":"testmod-AssaultLearning"},{"floor":43,"key":"Du-Vu Doll"},{"floor":46,"key":"AT_BellDemon"},{"floor":46,"key":"ImprovedEquipment"},{"floor":47,"key":"CeramicFish"},{"floor":48,"key":"Dead Branch"},{"floor":48,"key":"AT_MibuBalloonWealth"},{"floor":48,"key":"Sundial"},{"floor":55,"key":"AT_LudenTempest"},{"floor":55,"key":"Centennial Puzzle"},{"floor":55,"key":"AT_RedTearstoneRing"}],"event_choices":[{"damage_healed":0,"gold_gain":0,"player_choice":"Obtained Book","damage_taken":21,"max_hp_gain":0,"max_hp_loss":0,"event_name":"Cursed Tome","floor":20,"gold_loss":0},{"damage_healed":0,"gold_gain":50,"player_choice":"Stole From Cult","damage_taken":0,"max_hp_gain":0,"max_hp_loss":0,"event_name":"Nest","floor":27,"gold_loss":0},{"damage_healed":0,"gold_gain":0,"player_choice":"Ignored","damage_taken":0,"max_hp_gain":0,"max_hp_loss":0,"event_name":"给自己的盒子","floor":41,"gold_loss":0}],"is_beta":false,"boss_relics":[{"not_picked":["Tiny House","testmod-Nine"],"picked":"testmod-SaigiyounoYou"},{"not_picked":["EE1DDrone","RhineCircuit"],"picked":"Black Star"}],"items_purged_floors":[11,14,19,29,54],"is_endless":false,"potions_floor_spawned":[4,10,12,13,16,21,24,33,35,38,39,42,44,45,46,47,48,55],"ascension_level":20}}