{"host":"1a3cjta80tad0aqj","time":1611175386,"event":{"mods":["2.2 Compatiblity","AchievementEnabler","BaseMod","Colored Map","DeckTracker","KOR Keyword Fix","Keyboard Shortcuts","Minty Spire (QoL Compilation)","Permanent Neow","Quick Restart","Random Character Button","StSLib","SuperFastMode","everything is the same but u backflip on backflip"],"gold_per_floor":[110,122,197,197,197,197,208,241,323,323,42,42,42,74,74,74,74],"floor_reached":16,"language":"KOR","playtime":673,"items_purged":["Defend_G"],"score":122,"play_id":"9e2ac214-2915-405e-a183-356c29cd2668","local_time":"20210121054306","is_ascension_mode":true,"campfire_choices":[{"data":"Leg Sweep","floor":6.0,"key":"SMITH"},{"data":"Heel Hook","floor":10.0,"key":"SMITH"},{"floor":13,"key":"REST"},{"data":"Quick Slash","floor":15,"key":"SMITH"}],"circlet_count":0,"master_deck":["Strike_G","Strike_G","Strike_G","Strike_G","Defend_G","Defend_G","Defend_G","Defend_G","Survivor","Neutralize","Decay","Leg Sweep+1","Escape Plan","Heel Hook+1","Blade Dance","Quick Slash+1","Tactician"],"relics":["Ring of the Snake","Thread and Needle","Juzu Bracelet","Bottled Lightning","Orichalcum","Boot"],"acts_visited":["Exordium"],"potions_floor_usage":[],"damage_taken":[{"damage":0.0,"enemies":"Small Slimes","floor":1.0,"turns":4.0},{"damage":0.0,"enemies":"2 Louse","floor":2.0,"turns":2.0},{"damage":0.0,"enemies":"Cultist","floor":7.0,"turns":4.0},{"damage":23.0,"enemies":"Gremlin Nob","floor":8.0,"turns":5.0},{"damage":6,"enemies":"3 Sentries","floor":14,"turns":9},{"damage":69,"enemies":"Slime Boss","floor":16,"turns":10}],"seed_played":"-7623013996176638407","potions_obtained":[{"floor":2.0,"key":"Regen Potion"},{"floor":5.0,"key":"CultistPotion"},{"floor":5.0,"key":"Strength Potion"}],"is_trial":false,"path_per_floor":["M","M","?","?","?","R","M","E","T","R","$","$","R","E","R","B"],"character_chosen":"THE_SILENT","items_purchased":["Orichalcum","Quick Slash"],"campfire_rested":1,"item_purchase_floors":[11,11],"current_hp_per_floor":[70,70,59,52,52,52,52,43,43,43,43,43,64,58,58,0,0],"gold":74,"neow_bonus":"ONE_RARE_RELIC","is_daily":false,"chose_seed":false,"campfire_upgraded":3,"win_rate":0.0,"timestamp":1611175386,"path_taken":["M","M","?","?","?","R","?","E","T","R","$","?","R","E","R","BOSS"],"items_purchased_type":["Relic","Card"],"build_version":"2020-12-22","purchased_purges":1,"victory":false,"max_hp_per_floor":[70,70,70,70,70,70,70,70,70,70,70,70,70,70,70,70,70],"card_choices":[{"not_picked":["Sucker Punch","Setup"],"picked":"Leg Sweep","floor":1.0},{"not_picked":["Poisoned Stab","Outmaneuver"],"picked":"Escape Plan","floor":2.0},{"not_picked":["Escape Plan","Flying Knee"],"picked":"Heel Hook","floor":7.0},{"not_picked":["Riddle With Holes","A Thousand Cuts"],"picked":"Blade Dance","floor":8.0},{"not_picked":["Endless Agony","Escape Plan"],"picked":"Tactician","floor":14}],"player_experience":824607,"relics_obtained":[{"floor":8.0,"key":"Juzu Bracelet"},{"floor":9.0,"key":"Bottled Lightning"},{"floor":14,"key":"Boot"}],"event_choices":[{"damage_healed":0.0,"max_hp_gain":0.0,"max_hp_loss":0.0,"gold_gain":75.0,"event_name":"World of Goop","player_choice":"Gather Gold","floor":3.0,"gold_loss":0.0,"damage_taken":11.0},{"cards_removed":["Strike_G"],"damage_healed":0.0,"max_hp_gain":0.0,"max_hp_loss":0.0,"gold_gain":0.0,"event_name":"Golden Wing","player_choice":"Card Removal","floor":4.0,"gold_loss":0.0,"damage_taken":7.0},{"damage_healed":0.0,"max_hp_gain":0.0,"max_hp_loss":0.0,"gold_gain":0.0,"event_name":"Lab","player_choice":"Got Potions","floor":5.0,"gold_loss":0.0,"damage_taken":0.0}],"is_beta":false,"boss_relics":[],"items_purged_floors":[11],"is_endless":false,"potions_floor_spawned":[2,7],"killed_by":"Slime Boss","ascension_level":3}}