{"host":"m0pgjzdcutgetovj","time":1611105861,"event":{"mods":["AchievementEnabler","BaseMod","Hermit","Minty Spire (QoL Compilation)","Replay The Spire","StSLib","The Cursed"],"gold_per_floor":[111,111,111,136,9,9,184,210,284,308,308,321,321,344,344,469,469,482,482,397,422,443,474,474,489,516,516,516,516,540,440,440,440,440],"floor_reached":33,"language":"ENG","playtime":1255,"items_purged":["Injury","Doubt"],"score":255,"play_id":"9ea9efe6-3423-4a25-9006-51ad7b978f39","local_time":"20210120122421","is_ascension_mode":false,"campfire_choices":[{"data":"Neutralize","floor":6,"key":"SMITH"},{"data":"Poisoned Stab","floor":11,"key":"SMITH"},{"data":"Bane","floor":13,"key":"SMITH"},{"data":"Poisoned Stab","floor":15,"key":"SMITH"},{"floor":24,"key":"REST"},{"data":"ReplayTheSpireMod:From All Sides","floor":29,"key":"SMITH"}],"circlet_count":0,"master_deck":["Strike_G+1","Strike_G+1","Strike_G+1","Strike_G+1","Strike_G+1","Defend_G+1","Defend_G+1","Defend_G+1","Defend_G+1","Defend_G+1","Survivor+1","Neutralize+1","Bane+1","Poisoned Stab+1","Flying Knee+1","Quick Slash","ReplayTheSpireMod:From All Sides+1","Poisoned Stab+1","Burst","Quick Slash","Replay:Poison Smokescreen+1","Night Terror+1","Flying Knee","Sucker Punch+1","Dodge and Roll","Choke"],"relics":["Ring of the Snake","Replay:PocketPolymizer","Golden Idol","Blood Vial","Garlic","Philosopher\u0027s Stone","Toy Ornithopter","War Paint","Dream Catcher","Ice Cream"],"acts_visited":["Exordium","TheCity"],"potions_floor_usage":[23,23,23,33],"damage_taken":[{"damage":0,"enemies":"Small Slimes","floor":1,"turns":5},{"damage":12,"enemies":"Jaw Worm","floor":4,"turns":7},{"damage":0,"enemies":"Cultist","floor":10,"turns":3},{"damage":3,"enemies":"3 Louse","floor":12,"turns":4},{"damage":0,"enemies":"Blue Slaver","floor":14,"turns":3},{"damage":39,"enemies":"Fading Forest","floor":16,"turns":11},{"damage":6,"enemies":"3 Byrds","floor":18,"turns":6},{"damage":5,"enemies":"Shell Parasite","floor":21,"turns":5},{"damage":13,"enemies":"Snecko","floor":22,"turns":4},{"damage":16,"enemies":"Replay:Snechameleon","floor":23,"turns":6},{"damage":11,"enemies":"Snake Plant","floor":25,"turns":5},{"damage":22,"enemies":"Shelled Parasite and Fungi","floor":30,"turns":5},{"damage":62,"enemies":"Collector","floor":33,"turns":5}],"seed_played":"1175866977333604756","potions_obtained":[{"floor":10,"key":"Fire Potion"},{"floor":12,"key":"Toxic Potion"},{"floor":14,"key":"Weak Potion"},{"floor":23,"key":"PowerPotion"},{"floor":30,"key":"SkillPotion"}],"is_trial":false,"path_per_floor":["M","?","?","M","$","R","?","T","T","M","R","M","R","M","R","B",null,"M","?","?","M","M","E","R","M","T","?","?","R","M","$","R","B"],"character_chosen":"THE_SILENT","items_purchased":["Flying Knee"],"campfire_rested":1,"item_purchase_floors":[5],"current_hp_per_floor":[63,63,63,51,51,51,51,51,51,53,53,52,52,54,54,35,63,57,57,57,54,43,44,62,52,52,52,52,52,32,32,50,0,0],"gold":440,"neow_bonus":"ONE_RARE_RELIC","is_daily":false,"chose_seed":false,"campfire_upgraded":5,"win_rate":0.0,"timestamp":1611105861,"path_taken":["M","?","?","?","?","R","?","?","T","M","R","?","R","M","R","BOSS","M","?","?","M","M","E","R","M","T","?","?","R","?","?","R","BOSS"],"items_purchased_type":["Card"],"build_version":"2020-12-22","purchased_purges":2,"victory":false,"max_hp_per_floor":[63,63,63,63,63,63,63,63,63,63,63,63,63,63,63,63,63,63,63,63,63,63,63,63,63,63,63,63,63,63,63,63,63,63],"card_choices":[{"not_picked":["Infinite Blades","Tactician"],"picked":"Bane","floor":1},{"not_picked":["Flying Knee","Riddle With Holes"],"picked":"Poisoned Stab","floor":4},{"not_picked":["Reflex","Dodge and Roll"],"picked":"Quick Slash","floor":10},{"not_picked":["Blade Dance","Endless Agony"],"picked":"ReplayTheSpireMod:From All Sides","floor":12},{"not_picked":["Escape Plan","Acrobatics"],"picked":"Poisoned Stab","floor":14},{"not_picked":["Wraith Form v2","Malaise"],"picked":"Burst","floor":16},{"not_picked":["Terror+1","Underhanded Strike"],"picked":"Quick Slash","floor":18},{"not_picked":["All Out Attack","PiercingWail"],"picked":"Replay:Poison Smokescreen+1","floor":21},{"not_picked":["PiercingWail","Prepared+1"],"picked":"Night Terror","floor":22},{"not_picked":["Dagger Spray","Sneak Up"],"picked":"Flying Knee","floor":23},{"not_picked":["Bullet Time","Acrobatics"],"picked":"Sucker Punch+1","floor":25},{"not_picked":["Slice","Prepared"],"picked":"Dodge and Roll","floor":30},{"not_picked":["PiercingWail+1","Slice"],"picked":"Choke","floor":32}],"player_experience":51635,"relics_obtained":[{"floor":8,"key":"Blood Vial"},{"floor":9,"key":"Garlic"},{"floor":23,"key":"War Paint"},{"floor":26,"key":"Dream Catcher"}],"event_choices":[{"damage_healed":0,"gold_gain":0,"player_choice":"Ignored","damage_taken":0,"max_hp_gain":0,"max_hp_loss":0,"event_name":"Golden Wing","floor":2,"gold_loss":0},{"damage_healed":0,"gold_gain":0,"player_choice":"Take Wound","damage_taken":0,"relics_obtained":["Golden Idol"],"max_hp_gain":0,"max_hp_loss":0,"event_name":"Golden Idol","floor":3,"gold_loss":0,"cards_obtained":["Injury"]},{"damage_healed":0,"gold_gain":175,"player_choice":"AGREE","damage_taken":0,"max_hp_gain":0,"max_hp_loss":0,"event_name":"Liars Game","floor":7,"gold_loss":0,"cards_obtained":["Doubt"]},{"damage_healed":0,"gold_gain":0,"player_choice":"Simplicity","damage_taken":0,"max_hp_gain":0,"max_hp_loss":0,"event_name":"Back to Basics","floor":19,"gold_loss":0,"cards_upgraded":["Strike_G","Strike_G","Strike_G","Strike_G","Strike_G","Defend_G","Defend_G","Defend_G","Defend_G","Defend_G"]},{"damage_healed":0,"gold_gain":0,"player_choice":"Obtained Relic","damage_taken":0,"relics_obtained":["Toy Ornithopter"],"max_hp_gain":0,"max_hp_loss":0,"event_name":"Addict","floor":20,"gold_loss":85},{"damage_healed":0,"gold_gain":0,"player_choice":"Ignored","damage_taken":0,"max_hp_gain":0,"max_hp_loss":0,"event_name":"Ghosts","floor":27,"gold_loss":0},{"damage_healed":0,"gold_gain":0,"player_choice":"Gave Potion","damage_taken":0,"relics_obtained":["Ice Cream"],"max_hp_gain":0,"max_hp_loss":0,"event_name":"WeMeetAgain","floor":28,"gold_loss":0}],"is_beta":false,"boss_relics":[{"not_picked":["Ring of the Serpent","Fusion Hammer"],"picked":"Philosopher\u0027s Stone"}],"items_purged_floors":[5,31],"is_endless":false,"potions_floor_spawned":[10,12,14,21,23,30],"killed_by":"Collector","ascension_level":0}}