{"host":"yhgs8ag4i0fjf5cm","time":1611173744,"event":{"mods":["Aspiration","BaseMod","Beaked The Cultist","BetterRewards","Conspire","HornydragonMod","Hubris","Infinite Spire","Marisa????????","Minty Spire (QoL Compilation)","Quick Restart","Replay The Spire","Robot Space Explorer","Shop Mod","Spikes Relics","StSLib","The Animator","The Construct","The Necromancer","The Servant 0.9.4"],"gold_per_floor":[114,64,64,29,44,44,93,120,120,135,135,145,160,199,199,296,296,311,311,341,352,352,389,403,403,453,453,453,493,508,523,523,622,722,750,710,742,742,783,841,866,920,945,960,990,990,70,92,92,93],"floor_reached":51,"language":"FRA","playtime":4212,"items_purged":[],"score":1062,"play_id":"8c7386f4-0375-45f2-8b71-f2f52aa06b75","local_time":"20210120211544","daily_mods":["Shiny","Red Cards","DeadlyEvents"],"is_ascension_mode":false,"campfire_choices":[{"data":"SoulSculpture","floor":6,"key":"SMITH"},{"data":"MurderousAura","floor":11,"key":"SMITH"},{"floor":15,"key":"REST"},{"data":"conspire:SpireCoStock","floor":25,"key":"SMITH"},{"data":"Duplication","floor":28,"key":"SMITH"},{"floor":32,"key":"REST"},{"floor":46,"key":"REST"},{"data":"FlawlessForm","floor":49,"key":"SMITH"}],"circlet_count":0,"master_deck":["Sunlight+1","SilverMatrix","Duplication+1","MurderousAura+1","LightFlow+1","Dilation","FlawlessForm+1","FloweringNight","Solidify+1","SoulSculpture+1","TrueSight","ForgedInTime","Embodiment+1","PendulumOfEternity","Initiator+1","Deny","KillingDoll","BottledTime","conspire:SpireCoStock+1","Rewind","SpecialFormula","TimeWarp","Rearm","Hightail","SilverBlades","Unruled","Moonlight","Survey Options","Solidify","Spin","Contraction+1","InstantArmor+1"],"relics":["Uniform","Strawberry","Whetstone","Sandwich","Bag of Preparation","Happy Flower","aspiration:HiddenCompartment","Ancient Tea Set","Replay:Wanted Poster","Nunchaku","hubris:TinFlute","Singing Bowl","hubris:TenFootPole","Boot","infinitespire:Beetle Shell","The Courier","Broom","Orichalcum","BrokenLever","Guide Book","RomanBracelet","RollingBoulder"],"acts_visited":["Exordium","TheCity","TheBeyond"],"potions_floor_usage":[14,45],"damage_taken":[{"damage":4,"enemies":"Small Slimes","floor":1,"turns":4},{"damage":10,"enemies":"conspire:RoseBush","floor":5,"turns":1},{"damage":20,"enemies":"Lagavulin","floor":7,"turns":6},{"damage":0,"enemies":"2 Louse","floor":8,"turns":3},{"damage":12,"enemies":"Looter","floor":10,"turns":3},{"damage":10,"enemies":"2 Fungi Beasts","floor":12,"turns":4},{"damage":0,"enemies":"Large Slime","floor":13,"turns":2},{"damage":19,"enemies":"Lots of Slimes","floor":14,"turns":4},{"damage":0,"enemies":"The Guardian","floor":16,"turns":10},{"damage":0,"enemies":"Chosen","floor":18,"turns":3},{"damage":3,"enemies":"Replay:Snechameleon","floor":20,"turns":3},{"damage":19,"enemies":"Shell Parasite","floor":21,"turns":6},{"damage":23,"enemies":"Slavers","floor":23,"turns":5},{"damage":6,"enemies":"Centurion and Healer","floor":24,"turns":4},{"damage":0,"enemies":"conspire:HollyBat","floor":29,"turns":5},{"damage":21,"enemies":"Cultist and Chosen","floor":30,"turns":4},{"damage":16,"enemies":"Shelled Parasite and Fungi","floor":31,"turns":3},{"damage":10,"enemies":"hubris:MusketHawk","floor":33,"turns":8},{"damage":51,"enemies":"3 Shapes","floor":35,"turns":4},{"damage":0,"enemies":"Nemesis","floor":37,"turns":5},{"damage":0,"enemies":"Giant Head","floor":39,"turns":5},{"damage":13,"enemies":"Nemesis","floor":40,"turns":7},{"damage":13,"enemies":"Giant Head","floor":42,"turns":6},{"damage":3,"enemies":"3 Darklings","floor":44,"turns":3},{"damage":8,"enemies":"Reptomancer","floor":45,"turns":4},{"damage":0,"enemies":"Maw","floor":48,"turns":4},{"damage":0,"enemies":"Awakened One","floor":50,"turns":10}],"seed_played":"-1760728548950895142","potions_obtained":[{"floor":1,"key":"SteroidPotion"},{"floor":5,"key":"Strength Potion"},{"floor":10,"key":"AttackPotion"},{"floor":14,"key":"Block Potion"},{"floor":16,"key":"PowerPotion"},{"floor":40,"key":"DistilledChaos"},{"floor":45,"key":"Doom Potion"}],"is_trial":false,"path_per_floor":["M","?","?","?","M","R","E","M","T","M","R","M","M","M","R","B",null,"M","?","E","M","AVR","E","M","R","T","?","R","M","M","M","R","B",null,"M","?","E","?","E","E","T","E","T","M","E","R","$","M","R","B",null],"character_chosen":"THE_SERVANT","items_purchased":["Broom","Orichalcum","BrokenLever","Guide Book","RomanBracelet","RollingBoulder"],"campfire_rested":3,"item_purchase_floors":[47,47,47,47,47,47],"current_hp_per_floor":[61,61,61,65,55,55,42,42,42,35,35,30,30,16,37,42,72,72,72,69,53,53,35,34,34,34,34,34,39,23,7,28,18,72,26,26,31,38,43,37,37,31,31,30,29,53,53,60,60,65],"gold":93,"neow_bonus":"","is_daily":true,"chose_seed":false,"campfire_upgraded":5,"win_rate":0.0,"timestamp":1611173744,"path_taken":["M","?","?","?","M","R","E","?","T","M","R","?","M","M","R","BOSS","M","?","?","M","AVR","E","M","R","T","?","R","M","M","M","R","BOSS","M","?","?","?","?","E","?","E","T","?","?","R","$","M","R","BOSS"],"items_purchased_type":["Relic","Relic","Relic","Relic","Relic","Relic"],"build_version":"2020-12-22","purchased_purges":0,"victory":true,"max_hp_per_floor":[65,65,65,65,65,65,72,72,72,72,72,72,72,72,72,72,72,72,72,72,72,72,72,72,72,72,72,72,72,72,72,72,72,72,72,72,72,72,72,74,74,76,76,78,80,80,80,82,82,82],"card_choices":[{"not_picked":["ReturningBlade","Unruled"],"picked":"BottledTime","floor":1},{"not_picked":["Alleviate","Gouge"],"picked":"Rewind","floor":5},{"not_picked":["Orbit","Alleviate"],"picked":"SpecialFormula","floor":7},{"not_picked":["BottledTime","DoubleEdge"],"picked":"TimeWarp","floor":8},{"not_picked":["WasteNot","Rewind"],"picked":"Rearm","floor":10},{"not_picked":["Rewind","StarChef"],"picked":"Hightail","floor":12},{"not_picked":["DoubleEdge","SpecialFormula"],"picked":"SilverBlades","floor":13},{"not_picked":["Manipulate","Moondial"],"picked":"Unruled","floor":14},{"not_picked":["Rearm+1","Snipe"],"picked":"Moonlight","floor":18},{"not_picked":["WasteNot+1","Misdirection"],"picked":"Solidify","floor":20},{"not_picked":["TimeWarp+1","Starlight"],"picked":"Spin","floor":21},{"not_picked":["Foresight","BestPractice","Unruled"],"picked":"SKIP","floor":23},{"not_picked":["FastForward","Moondial"],"picked":"Contraction","floor":24},{"not_picked":["WasteNot","Barrier+1","ReturningBlade"],"picked":"SKIP","floor":29},{"not_picked":["Rewind","ShatteredReality"],"picked":"InstantArmor","floor":30},{"not_picked":["Revamp","BottledTime+1","SurpressingFire"],"picked":"SKIP","floor":31},{"not_picked":["Desolation+1","Potential","Foresight+1"],"picked":"SKIP","floor":35},{"not_picked":["SurpressingFire","ReturningBlade+1","Starlight"],"picked":"SKIP","floor":37},{"not_picked":["Alleviate","FastForward","DualDimension"],"picked":"SKIP","floor":39},{"not_picked":["Alleviate","Unruled+1","FanOfKnives"],"picked":"Singing Bowl","floor":40},{"not_picked":["Revamp+1","Moonlight+1","Replace+1"],"picked":"Singing Bowl","floor":42},{"not_picked":["Starlight","Alleviate+1","FastForward+1"],"picked":"Singing Bowl","floor":44},{"not_picked":["Manipulate+1","SurpressingFire+1","DancingSilver+1"],"picked":"Singing Bowl","floor":45},{"not_picked":["FastForward","GearUp","Gouge"],"picked":"Singing Bowl","floor":48}],"player_experience":471062,"relics_obtained":[{"floor":7,"key":"Strawberry"},{"floor":9,"key":"Whetstone"},{"floor":20,"key":"Bag of Preparation"},{"floor":23,"key":"Happy Flower"},{"floor":26,"key":"aspiration:HiddenCompartment"},{"floor":37,"key":"Nunchaku"},{"floor":39,"key":"hubris:TinFlute"},{"floor":40,"key":"Singing Bowl"},{"floor":41,"key":"hubris:TenFootPole"},{"floor":42,"key":"Boot"},{"floor":43,"key":"infinitespire:Beetle Shell"},{"floor":45,"key":"The Courier"}],"event_choices":[{"damage_healed":0,"gold_gain":0,"player_choice":"Invest 1","damage_taken":0,"max_hp_gain":0,"max_hp_loss":0,"event_name":"conspire:Investor","floor":2,"gold_loss":0},{"damage_healed":16,"gold_gain":0,"player_choice":"Healed","damage_taken":0,"max_hp_gain":0,"max_hp_loss":0,"event_name":"The Cleric","floor":4,"gold_loss":35},{"damage_healed":0,"gold_gain":0,"player_choice":"1 cards matched","damage_taken":0,"max_hp_gain":0,"max_hp_loss":0,"event_name":"Match and Keep!","floor":19,"gold_loss":0,"cards_obtained":["Survey Options"]},{"cards_removed":["TheWorld"],"damage_healed":0,"gold_gain":0,"player_choice":"Gave Card","damage_taken":0,"relics_obtained":["Ancient Tea Set"],"max_hp_gain":0,"max_hp_loss":0,"event_name":"WeMeetAgain","floor":27,"gold_loss":0},{"damage_healed":0,"gold_gain":0,"player_choice":"Upgraded Two","damage_taken":0,"max_hp_gain":0,"max_hp_loss":0,"event_name":"Designer","floor":36,"gold_loss":40,"cards_upgraded":["Contraction","InstantArmor"]}],"is_beta":false,"boss_relics":[{"not_picked":["Coffee Dripper","Abe\u0027s Treasure"],"picked":"Sandwich"},{"not_picked":["hubris:HollowSoul","Tiny House"],"picked":"Replay:Wanted Poster"}],"items_purged_floors":[],"is_endless":false,"potions_floor_spawned":[1,5,10,14,16,21,24,31,37,40,45,48],"ascension_level":0}}