{"host":"ewslc4o3o167ipk9","time":1611101654,"event":{"mods":["BaseMod","Colored Powertips","GifTheSpireLib","HexUI Lib","Minty Spire (QoL Compilation)","Quick Restart","Shop Mod","StSLib","The Bug Knight","The Trickster"],"gold_per_floor":[115,129,129,129,147,180,180,204,231,245,268,268,293,308,308,429,429,442,481,481,2,2,2,18,18,68,88,17,17,17],"floor_reached":29,"language":"ENG","playtime":2317,"items_purged":["Survivor"],"score":225,"play_id":"3e6f78ea-8862-42d6-80fc-ee5de135eba4","local_time":"20210119191414","is_ascension_mode":false,"campfire_choices":[{"floor":7,"key":"REST"},{"floor":15,"key":"REST"},{"floor":23,"key":"REST"}],"circlet_count":0,"master_deck":["Strike_G+1","Strike_G+1","Strike_G+1","Strike_G+1","Defend_G+1","Defend_G+1","Defend_G+1","Defend_G+1","Neutralize","Flying Knee","Deadly Poison","Acrobatics","Bane","Bane","Infinite Blades","Envenom","Terror+1","Noxious Fumes","Deadly Poison","Transmutation","Poisoned Stab","Catalyst","RitualDagger","Prepared+1"],"relics":["Ring of the Snake","NeowsBlessing","Golden Idol","Vajra","Regal Pillow","Happy Flower","Blood Vial","MerchantsRug","Bronze Scales"],"acts_visited":["Exordium","TheCity"],"potions_floor_usage":[10,16,16,24],"damage_taken":[{"damage":0,"enemies":"2 Louse","floor":1,"turns":1},{"damage":0,"enemies":"Jaw Worm","floor":2,"turns":1},{"damage":0,"enemies":"Small Slimes","floor":5,"turns":1},{"damage":26,"enemies":"Lagavulin","floor":6,"turns":7},{"damage":7,"enemies":"Blue Slaver","floor":8,"turns":3},{"damage":10,"enemies":"Looter","floor":10,"turns":3},{"damage":0,"enemies":"Large Slime","floor":13,"turns":3},{"damage":0,"enemies":"2 Fungi Beasts","floor":14,"turns":3},{"damage":42,"enemies":"Slime Boss","floor":16,"turns":11},{"damage":14,"enemies":"Chosen","floor":18,"turns":5},{"damage":47,"enemies":"Masked Bandits","floor":19,"turns":5},{"damage":17,"enemies":"Spheric Guardian","floor":24,"turns":5},{"damage":7,"enemies":"Snecko","floor":27,"turns":4},{"damage":18,"enemies":"Centurion and Healer","floor":29,"turns":1}],"seed_played":"1560565913921556454","potions_obtained":[{"floor":6,"key":"DistilledChaos"},{"floor":8,"key":"PowerPotion"},{"floor":14,"key":"DistilledChaos"},{"floor":18,"key":"CunningPotion"},{"floor":24,"key":"Ancient Potion"}],"is_trial":false,"path_per_floor":["M","M","?","?","M","E","R","M","T","M","T","?","M","M","R","B",null,"M","?","?","$","?","R","M","?","T","M","$","M"],"character_chosen":"THE_SILENT","items_purchased":["Noxious Fumes","Deadly Poison","MerchantsRug","Transmutation","Bronze Scales"],"campfire_rested":3,"item_purchase_floors":[21,21,21,21,28],"current_hp_per_floor":[70,70,65,32,32,6,40,33,33,23,23,23,25,27,61,21,65,51,6,6,6,6,40,25,19,19,14,14,0,0],"gold":17,"neow_bonus":"THREE_ENEMY_KILL","is_daily":false,"chose_seed":false,"campfire_upgraded":0,"win_rate":0.0,"timestamp":1611101654,"path_taken":["M","M","?","?","M","E","R","M","T","M","?","?","M","?","R","BOSS","M","?","?","$","?","R","?","?","T","M","$","M"],"items_purchased_type":["Card","Card","Relic","Card","Relic"],"build_version":"2020-12-22","purchased_purges":1,"victory":false,"max_hp_per_floor":[70,70,65,65,65,65,65,65,65,65,65,65,65,65,65,65,65,65,65,65,65,65,65,65,65,65,65,65,65,65],"card_choices":[{"not_picked":["Dodge and Roll","Backflip"],"picked":"Flying Knee","floor":1},{"not_picked":["Expertise","Caltrops"],"picked":"Deadly Poison","floor":2},{"not_picked":["Deflect","Night Terror"],"picked":"Acrobatics","floor":5},{"not_picked":["Reflex","Expertise","Wraith Form v2"],"picked":"SKIP","floor":6},{"not_picked":["Expertise","Dodge and Roll"],"picked":"Bane","floor":8},{"not_picked":["Dagger Spray","Acrobatics"],"picked":"Bane","floor":10},{"not_picked":["Backflip","Prepared","Infinite Blades"],"picked":"SKIP","floor":13},{"not_picked":["Deflect","Well Laid Plans"],"picked":"Infinite Blades","floor":14},{"not_picked":["After Image","Die Die Die"],"picked":"Envenom","floor":16},{"not_picked":["Heel Hook+1","PiercingWail","Dagger Spray+1"],"picked":"SKIP","floor":18},{"not_picked":["Tactician+1","PiercingWail"],"picked":"Terror+1","floor":19},{"not_picked":["Deflect","Leg Sweep"],"picked":"Catalyst","floor":24},{"not_picked":["Sucker Punch","Slice+1"],"picked":"Prepared+1","floor":27}],"player_experience":17630,"relics_obtained":[{"floor":6,"key":"Regal Pillow"},{"floor":9,"key":"Happy Flower"},{"floor":11,"key":"Blood Vial"},{"floor":19,"key":"Red Mask"},{"floor":26,"key":"Pen Nib"}],"event_choices":[{"damage_healed":0,"gold_gain":0,"player_choice":"Lose Max HP","damage_taken":0,"relics_obtained":["Golden Idol"],"max_hp_gain":0,"max_hp_loss":5,"event_name":"Golden Idol","floor":3,"gold_loss":0},{"damage_healed":0,"gold_gain":0,"player_choice":"Success","damage_taken":33,"relics_obtained":["Vajra"],"max_hp_gain":0,"max_hp_loss":0,"event_name":"Scrap Ooze","floor":4,"gold_loss":0},{"damage_healed":0,"gold_gain":0,"player_choice":"Ignored","damage_taken":0,"max_hp_gain":0,"max_hp_loss":0,"event_name":"Shining Light","floor":12,"gold_loss":0},{"damage_healed":0,"gold_gain":0,"player_choice":"Fought Bandits","damage_taken":0,"max_hp_gain":0,"max_hp_loss":0,"event_name":"Masked Bandits","floor":19,"gold_loss":0},{"damage_healed":0,"gold_gain":0,"player_choice":"Simplicity","damage_taken":0,"max_hp_gain":0,"max_hp_loss":0,"event_name":"Back to Basics","floor":20,"gold_loss":0,"cards_upgraded":["Strike_G","Strike_G","Strike_G","Strike_G","Defend_G","Defend_G","Defend_G","Defend_G"]},{"damage_healed":0,"gold_gain":0,"player_choice":"Read","damage_taken":0,"max_hp_gain":0,"max_hp_loss":0,"event_name":"The Library","floor":22,"gold_loss":0,"cards_obtained":["Poisoned Stab"]},{"damage_healed":0,"gold_gain":0,"player_choice":"Joined the Cult","damage_taken":6,"max_hp_gain":0,"max_hp_loss":0,"event_name":"Nest","floor":25,"gold_loss":0,"cards_obtained":["RitualDagger"]}],"is_beta":false,"boss_relics":[{"not_picked":["Snecko Eye","Busted Crown"],"picked":"Empty Cage"}],"items_purged_floors":[21],"is_endless":false,"potions_floor_spawned":[6,8,14,18,24],"killed_by":"Centurion and Healer","ascension_level":0}}