{"host":"c3lc60y5x60jlt1y","time":1611161591,"event":{"mods":["AchievementEnabler","BaseMod","Bestiary","Colored Map","Minty Spire (QoL Compilation)","Quick Restart","StSLib","ojb\u0027s Info Mod"],"gold_per_floor":[119,44,44,61,61,61,91,109,109,140,140,151,151,177,177,250,250,264,87,87,100,100,125,145,145,145],"floor_reached":25,"language":"ENG","playtime":1819,"items_purged":["Strike_B","Strike_B"],"score":436,"play_id":"08c61ad4-653c-4a74-a51b-84342ca67d61","local_time":"20210120185311","is_ascension_mode":true,"campfire_choices":[{"data":"Go for the Eyes","floor":6.0,"key":"SMITH"},{"data":"Doom and Gloom","floor":11.0,"key":"SMITH"},{"data":"Beam Cell","floor":13.0,"key":"SMITH"},{"data":"Coolheaded","floor":15.0,"key":"SMITH"}],"circlet_count":0,"master_deck":["AscendersBane","Strike_B","Strike_B","Defend_B+1","Defend_B","Defend_B","Defend_B","Zap","Dualcast+1","Doom and Gloom+1","Go for the Eyes+1","Bandage Up","Leap","Ball Lightning","Compile Driver","Beam Cell+1","Coolheaded+1","Echo Form+1","Conserve Battery","Undo","Storm+1","Buffer+1","Darkness"],"relics":["NeowsBlessing","Symbiotic Virus","War Paint","Thread and Needle","Frozen Egg 2","Inserter","Nloth\u0027s Gift","Cables"],"acts_visited":["Exordium","TheCity"],"potions_floor_usage":[],"damage_taken":[{"damage":0.0,"enemies":"Small Slimes","floor":1.0,"turns":1.0},{"damage":0.0,"enemies":"Cultist","floor":4.0,"turns":1.0},{"damage":0.0,"enemies":"Gremlin Nob","floor":7.0,"turns":1.0},{"damage":1.0,"enemies":"2 Louse","floor":8.0,"turns":3.0},{"damage":11.0,"enemies":"Lagavulin","floor":10.0,"turns":5.0},{"damage":1.0,"enemies":"Exordium Wildlife","floor":12.0,"turns":4.0},{"damage":8.0,"enemies":"Gremlin Nob","floor":14.0,"turns":3.0},{"damage":4.0,"enemies":"Hexaghost","floor":16.0,"turns":9.0},{"damage":0.0,"enemies":"Spheric Guardian","floor":18.0,"turns":3.0},{"damage":18.0,"enemies":"3 Byrds","floor":21.0,"turns":6.0},{"damage":54.0,"enemies":"Gremlin Leader","floor":23.0,"turns":7.0},{"damage":22.0,"enemies":"Shelled Parasite and Fungi","floor":24.0,"turns":4.0},{"damage":14,"enemies":"Slavers","floor":25,"turns":1}],"seed_played":"842793672210894314","potions_obtained":[{"floor":4.0,"key":"FearPotion"},{"floor":12.0,"key":"Dexterity Potion"},{"floor":14.0,"key":"FocusPotion"},{"floor":16.0,"key":"Regen Potion"}],"is_trial":false,"path_per_floor":["M","$","?","M","?","R","E","M","T","E","R","M","R","E","R","B",null,"M","$","?","M","?","E","M","E"],"character_chosen":"DEFECT","items_purchased":["Undo"],"campfire_rested":0,"item_purchase_floors":[19],"current_hp_per_floor":[68,68,68,68,68,68,68,71,71,64,64,67,67,59,59,59,71,75,75,75,61,61,26,8,0,0],"gold":145,"neow_bonus":"THREE_ENEMY_KILL","is_daily":false,"chose_seed":false,"campfire_upgraded":4,"win_rate":0.0,"timestamp":1611161591,"path_taken":["M","$","?","M","?","R","E","M","T","E","R","?","R","E","R","BOSS","M","$","?","M","?","E","?","E"],"items_purchased_type":["Card"],"build_version":"2020-12-22","purchased_purges":2,"victory":false,"max_hp_per_floor":[75,75,75,75,75,75,75,75,75,75,75,75,75,75,75,75,75,75,75,75,75,75,75,75,75,75],"card_choices":[{"not_picked":["Barrage","Stack"],"picked":"Doom and Gloom","floor":1.0},{"not_picked":["Hello World","Turbo"],"picked":"Go for the Eyes","floor":4.0},{"not_picked":["Loop","Turbo"],"picked":"Leap","floor":7.0},{"not_picked":["Static Discharge","Rainbow"],"picked":"Ball Lightning","floor":8.0},{"not_picked":["Ball Lightning","Doom and Gloom"],"picked":"Compile Driver","floor":10.0},{"not_picked":["Stack","Go for the Eyes"],"picked":"Beam Cell","floor":12.0},{"not_picked":["Fusion","Sweeping Beam"],"picked":"Coolheaded","floor":14.0},{"not_picked":["Biased Cognition+1","Fission"],"picked":"Echo Form+1","floor":16.0},{"not_picked":["Gash","Stack"],"picked":"Conserve Battery","floor":18.0},{"not_picked":["Genetic Algorithm","Rebound"],"picked":"Storm+1","floor":21.0},{"not_picked":["Defragment+1","Steam"],"picked":"Buffer+1","floor":23.0},{"not_picked":["Doom and Gloom","Compile Driver"],"picked":"Darkness","floor":24.0}],"player_experience":8200689,"relics_obtained":[{"floor":7.0,"key":"Symbiotic Virus"},{"floor":9.0,"key":"War Paint"},{"floor":10.0,"key":"Thread and Needle"},{"floor":14.0,"key":"Frozen Egg 2"},{"floor":23.0,"key":"Cables"}],"event_choices":[{"damage_healed":0.0,"max_hp_gain":0.0,"max_hp_loss":0.0,"gold_gain":0.0,"event_name":"Liars Game","player_choice":"Ignored","floor":3.0,"gold_loss":0.0,"damage_taken":0.0},{"damage_healed":0.0,"max_hp_gain":0.0,"max_hp_loss":0.0,"gold_gain":0.0,"event_name":"Match and Keep!","player_choice":"1 cards matched","floor":5.0,"gold_loss":0.0,"damage_taken":0.0,"cards_obtained":["Bandage Up"]},{"damage_healed":0.0,"max_hp_gain":0.0,"max_hp_loss":0.0,"gold_gain":0.0,"event_name":"Vampires","player_choice":"Ignored","floor":20.0,"gold_loss":0.0,"damage_taken":0.0},{"damage_healed":0.0,"max_hp_gain":0.0,"max_hp_loss":0.0,"gold_gain":0.0,"event_name":"N\u0027loth","player_choice":"Traded Relic","floor":22.0,"relics_lost":["Cracked Core"],"gold_loss":0.0,"damage_taken":0.0,"relics_obtained":["Nloth\u0027s Gift"]}],"is_beta":false,"boss_relics":[{"not_picked":["Sozu","Velvet Choker"],"picked":"Inserter"}],"items_purged_floors":[2,19],"is_endless":false,"potions_floor_spawned":[4,12,14,16,18],"killed_by":"Slavers","ascension_level":13}}