{"host":"pjgcdp3h1plnbocs","time":1611154879,"event":{"mods":["AchievementEnabler","BaseMod","Colored Map","Downfall","Highlight Path","Minty Spire (QoL Compilation)","StSLib"],"gold_per_floor":[0,17,17,17,2,21,21,31,64,79,79,104,29,44,61,156,156,6,23,23,23,39,68,68,153,153,180,130,172,134,131,157,265,277,239,268,295,307,319,346,438,475,501,543,66,66,16,28,39,39],"floor_reached":51,"language":"ENG","playtime":2592,"items_purged":[],"score":938,"play_id":"7db940c2-c97b-4ab7-b54c-b110d16ab7c9","local_time":"20210120160119","is_ascension_mode":true,"campfire_choices":[{"data":"Slimebound:Split","floor":1.0,"key":"SMITH"},{"data":"Slimebound:MassRepurpose","floor":11.0,"key":"SMITH"},{"data":"Slimebound:SelfFormingGoo","floor":18.0,"key":"SMITH"},{"floor":28.0,"key":"DIG"},{"floor":30.0,"key":"DIG"},{"floor":35,"key":"DIG"},{"floor":47,"key":"RECALL"}],"circlet_count":0,"master_deck":["Slimebound:Strike_Slimebound+1","Slimebound:Defend_Slimebound","Slimebound:GoopSpray","Slimebound:SplitAcid","Slimebound:MassRepurpose+1","Slimebound:SelfFormingGoo+1","Slimebound:GrowthPunch+1","Slimebound:SplitLeeching","Slimebound:SplitMire","Slimebound:RejuvenatingLick+1","Slimebound:FirmFortitude","Slimebound:SplitLeeching+1","Slimebound:LevelUp","Slimebound:Darklings"],"relics":["Slimebound:AbsorbEndCombat","Singing Bowl","The Courier","Toy Ornithopter","Slimebound:GreedOozeRelic","Empty Cage","downfall:HeartBlessingGreen","Whetstone","Tiny Chest","Shovel","Kunai","MawBank","Anchor","Vajra","Philosopher\u0027s Stone","Lantern","Darkstone Periapt","Nunchaku","Mercury Hourglass","HandDrill","Bag of Marbles","Shuriken","Bag of Preparation","Omamori","Centennial Puzzle"],"acts_visited":["Exordium","TheCity","TheBeyond"],"potions_floor_usage":[],"damage_taken":[{"damage":0.0,"enemies":"Small Slimes","floor":2.0,"turns":3.0},{"damage":6.0,"enemies":"downfall:FleeingMerchant","floor":5.0,"turns":4.0},{"damage":0.0,"enemies":"Jaw Worm","floor":6.0,"turns":3.0},{"damage":0.0,"enemies":"Cultist","floor":8.0,"turns":3.0},{"damage":15.0,"enemies":"Lagavulin","floor":9.0,"turns":7.0},{"damage":7.0,"enemies":"2 Fungi Beasts","floor":10.0,"turns":3.0},{"damage":17.0,"enemies":"Gremlin Nob","floor":12.0,"turns":3.0},{"damage":2.0,"enemies":"Blue Slaver","floor":14.0,"turns":3.0},{"damage":3.0,"enemies":"Gremlin Gang","floor":15.0,"turns":3.0},{"damage":38.0,"enemies":"SI_SHIV_ARCHETYPE","floor":16.0,"turns":11.0},{"damage":0.0,"enemies":"Spheric Guardian","floor":19.0,"turns":3.0},{"damage":24.0,"enemies":"Spheric Guardian","floor":21.0,"turns":7.0},{"damage":10.0,"enemies":"3 Cultists","floor":22.0,"turns":5.0},{"damage":17.0,"enemies":"Slavers","floor":23.0,"turns":6.0},{"damage":4.0,"enemies":"Gremlin Leader","floor":27.0,"turns":5.0},{"damage":27.0,"enemies":"Slavers","floor":29.0,"turns":4.0},{"damage":9.0,"enemies":"downfall:FleeingMerchant","floor":31.0,"turns":4.0},{"damage":0.0,"enemies":"Centurion and Healer","floor":32.0,"turns":5.0},{"damage":4.0,"enemies":"WA_ARCHETYPE_CALM","floor":33.0,"turns":7.0},{"damage":13,"enemies":"3 Darklings","floor":36,"turns":4},{"damage":0,"enemies":"Orb Walker","floor":37,"turns":3},{"damage":0,"enemies":"Transient","floor":40,"turns":5},{"damage":47,"enemies":"Nemesis","floor":42,"turns":7},{"damage":10,"enemies":"3 Darklings","floor":43,"turns":4},{"damage":0,"enemies":"Giant Head","floor":44,"turns":8},{"damage":10,"enemies":"downfall:FleeingMerchant","floor":45,"turns":4},{"damage":2,"enemies":"Sphere and 2 Shapes","floor":48,"turns":3},{"damage":0,"enemies":"Maw","floor":49,"turns":6},{"damage":25,"enemies":"DF_ARCHETYPE_ORBS","floor":50,"turns":9}],"seed_played":"-4153815023349220262","potions_obtained":[{"floor":2.0,"key":"FearPotion"},{"floor":6.0,"key":"AttackPotion"},{"floor":10.0,"key":"SkillPotion"},{"floor":16.0,"key":"Slimebound:SpawnSlimePotion"},{"floor":23.0,"key":"GamblersBrew"},{"floor":29.0,"key":"Slimebound:SpawnSlimePotion"},{"floor":33.0,"key":"Block Potion"},{"floor":42,"key":"SpeedPotion"},{"floor":49,"key":"Guardian:BlockOnCardUsePotion"}],"is_trial":false,"path_per_floor":["R","M","?","?","$","M","T","M","E","M","R","E","?","M","M","B",null,"R","M","?","?","M","E","T","?","T","E","R","E","R","$","M","B",null,"R","M","M","?","T","M","T","E","M","E","?","?","R","M","M","B",null],"character_chosen":"SLIMEBOUND","items_purchased":["HandDrill","Bag of Marbles","Shuriken","Bag of Preparation","Omamori","Centennial Puzzle"],"campfire_rested":0,"item_purchase_floors":[45,45,45,45,45,45],"current_hp_per_floor":[65,65,65,65,65,65,65,67,56,55,55,42,42,44,47,19,75,75,77,77,59,57,51,51,39,39,50,50,34,34,35,41,45,81,81,74,76,76,76,82,82,44,42,52,48,48,48,52,60,43],"gold":39,"neow_bonus":"REMOVE_TWO","is_daily":false,"chose_seed":false,"campfire_upgraded":3,"win_rate":0.0,"timestamp":1611154879,"path_taken":["R","M","?","?","?","?","T","M","E","M","R","E","?","M","M","BOSS","R","M","?","?","M","E","T","?","?","E","R","E","R","$","M","BOSS","R","M","M","?","?","?","T","E","M","E","?","?","R","M","M","BOSS"],"items_purchased_type":["Relic","Relic","Relic","Relic","Relic","Relic"],"build_version":"2020-12-22","purchased_purges":0,"victory":true,"max_hp_per_floor":[65,65,65,65,65,65,65,67,67,69,69,71,71,73,73,75,75,75,77,77,77,77,77,77,77,77,79,79,79,79,81,81,81,81,81,83,83,83,83,83,83,85,87,89,91,91,91,93,93,93],"card_choices":[{"not_picked":["Slimebound:PressTheAttack","Slimebound:ServeAndProtect"],"picked":"Slimebound:GoopSpray","floor":2.0},{"not_picked":["Slimebound:Equalize","Slimebound:LivingWall"],"picked":"Slimebound:SplitAcid","floor":5.0},{"not_picked":["Slimebound:SlimeBrawl","Slimebound:FinishingTackle"],"picked":"Slimebound:SplitAcid","floor":6.0},{"not_picked":["Slimebound:ItLooksTasty","Slimebound:Chomp","Slimebound:SamplingLick"],"picked":"Singing Bowl","floor":8.0},{"not_picked":["Slimebound:LeechEnergy","Slimebound:DisruptingSlam"],"picked":"Slimebound:MassRepurpose","floor":9.0},{"not_picked":["Slimebound:ItLooksTasty","Slimebound:SplitAcid","Slimebound:Schlurp"],"picked":"Singing Bowl","floor":10.0},{"not_picked":["Slimebound:PressTheAttack","Slimebound:LeadByExample","Slimebound:SplitLeeching"],"picked":"Singing Bowl","floor":12.0},{"not_picked":["Slimebound:SplitLeeching","Slimebound:GoopSpray","Slimebound:SplitBruiser"],"picked":"Singing Bowl","floor":14.0},{"not_picked":["Slimebound:FinishingTackle","Slimebound:RollThrough"],"picked":"Slimebound:SelfFormingGoo","floor":15.0},{"not_picked":["Slimebound:WasteNot","Slimebound:DouseInSlime","Slimebound:SlimeSlap"],"picked":"Singing Bowl","floor":16.0},{"not_picked":["Slimebound:Replication","Slimebound:SlimeSpikes+1","Slimebound:SpikyOuterGoop"],"picked":"Singing Bowl","floor":19.0},{"not_picked":["Slimebound:LivingWall+1","Slimebound:LeechingTouch+1"],"picked":"Slimebound:GrowthPunch","floor":22.0},{"not_picked":["Slimebound:AcidTongue","Slimebound:ItLooksTasty"],"picked":"Slimebound:SplitLeeching","floor":23.0},{"not_picked":["Slimebound:MegaLick","Slimebound:Prepare","Slimebound:ItLooksTasty"],"picked":"Singing Bowl","floor":27.0},{"not_picked":["Slimebound:LeechLife","Slimebound:GoopSpray"],"picked":"Slimebound:SplitMire","floor":29.0},{"not_picked":["Slimebound:Equalize","Slimebound:MegaLick","Slimebound:RollThrough+1"],"picked":"Singing Bowl","floor":31.0},{"not_picked":["Slimebound:FlameTackle","Slimebound:SplitMire"],"picked":"Slimebound:RejuvenatingLick+1","floor":32.0},{"not_picked":["Slimebound:DouseInSlime","Slimebound:SelfFormingGoo"],"picked":"Slimebound:FirmFortitude","floor":33.0},{"not_picked":["Slimebound:FinishingTackle+1","Slimebound:GoopTackle","Slimebound:SplitBruiser"],"picked":"Singing Bowl","floor":36},{"not_picked":["Slimebound:Gluttony+1","Slimebound:Schlurp+1"],"picked":"Slimebound:SplitLeeching+1","floor":37},{"not_picked":["Slimebound:BestDefense+1","Slimebound:RainOfGoop+1"],"picked":"Slimebound:LevelUp","floor":40},{"not_picked":["Slimebound:BestDefense","Slimebound:RollThrough","Slimebound:Dissolve"],"picked":"Singing Bowl","floor":42},{"not_picked":["Slimebound:MegaLick+1","Slimebound:Prepare+1","Slimebound:GoopTackle"],"picked":"Singing Bowl","floor":43},{"not_picked":["Slimebound:Equalize","Slimebound:Schlurp","Slimebound:LeechLife"],"picked":"Singing Bowl","floor":44},{"not_picked":["Slimebound:ComboTackle","Slimebound:TongueLash","Slimebound:GoopTackle+1"],"picked":"Singing Bowl","floor":45},{"not_picked":["Slimebound:ComboTackle","Slimebound:DisruptingSlam+1","Slimebound:GrowthPunch"],"picked":"Singing Bowl","floor":48},{"not_picked":["Slimebound:AcidTongue+1","Slimebound:SplitAcid+1"],"picked":"Slimebound:Darklings","floor":49}],"player_experience":198131,"relics_obtained":[{"floor":7.0,"key":"Singing Bowl"},{"floor":9.0,"key":"The Courier"},{"floor":12.0,"key":"Toy Ornithopter"},{"floor":23.0,"key":"Whetstone"},{"floor":24.0,"key":"Tiny Chest"},{"floor":26.0,"key":"Shovel"},{"floor":27.0,"key":"Kunai"},{"floor":28.0,"key":"MawBank"},{"floor":29.0,"key":"Anchor"},{"floor":30.0,"key":"Vajra"},{"floor":35,"key":"Lantern"},{"floor":41,"key":"Darkstone Periapt"},{"floor":42,"key":"Nunchaku"},{"floor":44,"key":"Mercury Hourglass"}],"event_choices":[{"cards_removed":["Slimebound:Strike_Slimebound"],"damage_healed":0.0,"max_hp_gain":0.0,"max_hp_loss":0.0,"gold_gain":0.0,"event_name":"The Cleric","player_choice":"Card Removal","floor":3.0,"gold_loss":0.0,"damage_taken":0.0},{"cards_removed":["Slimebound:Split"],"damage_healed":0,"gold_gain":0,"player_choice":"Removed Skill","damage_taken":0,"max_hp_gain":0,"max_hp_loss":0,"event_name":"Falling","floor":38,"gold_loss":0},{"damage_healed":0,"gold_gain":0,"player_choice":"Ignored","damage_taken":0,"max_hp_gain":0,"max_hp_loss":0,"event_name":"Mysterious Sphere","floor":46,"gold_loss":0}],"is_beta":false,"boss_relics":[{"not_picked":["Snecko Eye","Runic Dome"],"picked":"Empty Cage"},{"not_picked":["Velvet Choker","Slimebound:AbsorbEndCombatUpgraded"],"picked":"Philosopher\u0027s Stone"}],"items_purged_floors":[],"is_endless":false,"potions_floor_spawned":[2,6,10,12,15,16,21,23,29,33,42,44,49],"ascension_level":1}}