{"host":"sav7uxregyirlf69","time":1611116880,"event":{"mods":["AchievementEnabler","BaseMod","Colored Map","DeckTracker","Keyboard Shortcuts","Minty Spire (QoL Compilation)","READ ME - Guardian Mod","StSLib","SuperFastMode"],"gold_per_floor":[16,28,28,28,52,52,88,88,113,113,138,156,64,87,87,182,182,196,24,24,43,66,66,109,109,109,124,139,139,153,169,169,260,260,285,285,309,75,106,144,419,62,62,100,125,125,144,159,159,159,159],"floor_reached":50,"language":"KOR","playtime":1084,"items_purged":["Strike_R","Regret"],"score":1227,"play_id":"2999f13c-6123-44df-99aa-9c8cff7ed574","local_time":"20210120132800","is_ascension_mode":true,"campfire_choices":[{"data":"Infernal Blade","floor":6.0,"key":"SMITH"},{"floor":8.0,"key":"REST"},{"data":"Bash","floor":10.0,"key":"SMITH"},{"data":"Evolve","floor":15.0,"key":"SMITH"},{"floor":23.0,"key":"REST"},{"data":"Armaments","floor":25.0,"key":"SMITH"},{"floor":29.0,"key":"REST"},{"floor":32.0,"key":"REST"},{"floor":46,"key":"REST"},{"floor":49,"key":"RECALL"}],"circlet_count":0,"master_deck":["AscendersBane","Defend_R","Defend_R","Defend_R","Bash+1","Blood for Blood+1","Infernal Blade+1","Evolve+1","Flash of Steel","Carnage+1","Flash of Steel+1","Armaments+1","Fiend Fire","Battle Trance","Evolve+1","Corruption+1","Hemokinesis+1","Rage","Offering","Burning Pact"],"relics":["Burning Blood","Golden Idol","Orichalcum","Pen Nib","Runic Pyramid","Toy Ornithopter","Shuriken","Astrolabe","Lee\u0027s Waffle","Charon\u0027s Ashes","Sundial","Whetstone","Strawberry"],"acts_visited":["Exordium","TheCity","TheBeyond"],"potions_floor_usage":[39],"damage_taken":[{"damage":8.0,"enemies":"Small Slimes","floor":1.0,"turns":5.0},{"damage":10.0,"enemies":"2 Louse","floor":2.0,"turns":3.0},{"damage":1.0,"enemies":"Cultist","floor":5.0,"turns":3.0},{"damage":25.0,"enemies":"Lagavulin","floor":7.0,"turns":6.0},{"damage":8.0,"enemies":"Exordium Thugs","floor":11.0,"turns":4.0},{"damage":9.0,"enemies":"Red Slaver","floor":12.0,"turns":2.0},{"damage":5.0,"enemies":"Looter","floor":14.0,"turns":2.0},{"damage":4.0,"enemies":"Slime Boss","floor":16.0,"turns":6.0},{"damage":21.0,"enemies":"2 Thieves","floor":18.0,"turns":3.0},{"damage":21.0,"enemies":"Spheric Guardian","floor":21.0,"turns":4.0},{"damage":14.0,"enemies":"Centurion and Healer","floor":22.0,"turns":5.0},{"damage":12.0,"enemies":"Gremlin Leader","floor":24.0,"turns":4.0},{"damage":33.0,"enemies":"Chosen and Byrds","floor":27.0,"turns":5.0},{"damage":13.0,"enemies":"Snecko","floor":28.0,"turns":5.0},{"damage":28.0,"enemies":"Shelled Parasite and Fungi","floor":30.0,"turns":4.0},{"damage":9.0,"enemies":"Snake Plant","floor":31.0,"turns":3.0},{"damage":26.0,"enemies":"Champ","floor":33.0,"turns":4.0},{"damage":50.0,"enemies":"3 Shapes","floor":35.0,"turns":5.0},{"damage":17.0,"enemies":"Orb Walker","floor":37.0,"turns":3.0},{"damage":12,"enemies":"Mind Bloom Boss Battle","floor":39,"turns":5},{"damage":26,"enemies":"Giant Head","floor":40,"turns":4},{"damage":29,"enemies":"Reptomancer","floor":44,"turns":4},{"damage":15,"enemies":"Maw","floor":45,"turns":3},{"damage":35,"enemies":"3 Darklings","floor":47,"turns":3},{"damage":6,"enemies":"Transient","floor":48,"turns":4},{"damage":31,"enemies":"Awakened One","floor":50,"turns":2}],"seed_played":"9146816081884729575","potions_obtained":[{"floor":1.0,"key":"Swift Potion"},{"floor":5.0,"key":"Weak Potion"},{"floor":7.0,"key":"AttackPotion"},{"floor":22.0,"key":"Explosive Potion"},{"floor":27.0,"key":"Strength Potion"},{"floor":28.0,"key":"Energy Potion"},{"floor":31.0,"key":"Strength Potion"},{"floor":35.0,"key":"AttackPotion"},{"floor":37.0,"key":"SmokeBomb"}],"is_trial":false,"path_per_floor":["M","M","?","?","M","R","E","R","T","R","M","M","$","M","R","B",null,"M","$","?","M","M","R","E","R","T","M","M","R","M","M","R","B",null,"M","?","M","$","?","E","?","$","T","E","M","R","M","M","R","B"],"character_chosen":"IRONCLAD","items_purchased":["Flash of Steel","Flash of Steel","Rage","Lee\u0027s Waffle","Burning Pact","Whetstone"],"campfire_rested":5,"item_purchase_floors":[13,19,38,38,42,42],"current_hp_per_floor":[66,62,36,36,41,41,22,44,44,44,42,39,39,40,40,42,67,52,52,52,37,29,51,45,45,45,18,16,38,16,18,40,25,63,19,19,8,78,72,52,52,52,52,36,27,52,23,23,23,0,0],"gold":159,"neow_bonus":"REMOVE_TWO","is_daily":false,"chose_seed":false,"campfire_upgraded":4,"win_rate":0.0,"timestamp":1611116880,"path_taken":["M","M","?","?","?","R","E","R","T","R","M","M","?","M","R","BOSS","M","$","?","M","M","R","E","R","T","M","?","R","M","M","R","BOSS","M","?","M","$","?","E","?","$","T","E","M","R","?","M","R","BOSS"],"items_purchased_type":["Card","Card","Card","Relic","Card","Relic"],"build_version":"2020-12-22","purchased_purges":2,"victory":false,"max_hp_per_floor":[75,75,75,75,75,75,75,75,75,75,75,75,75,75,75,75,75,75,75,75,75,75,75,75,75,75,75,75,75,75,75,75,75,75,75,71,71,78,78,78,78,78,78,85,85,85,85,85,85,85,85],"card_choices":[{"not_picked":["Power Through","Seeing Red"],"picked":"Blood for Blood","floor":1.0},{"not_picked":["Feel No Pain","Body Slam"],"picked":"Infernal Blade","floor":2.0},{"not_picked":["Heavy Blade","Wild Strike"],"picked":"Cleave","floor":5.0},{"not_picked":["Anger","Warcry","True Grit"],"picked":"SKIP","floor":7.0},{"not_picked":["Sever Soul","True Grit","Flex"],"picked":"SKIP","floor":11.0},{"not_picked":["Sword Boomerang","Body Slam"],"picked":"Evolve","floor":12.0},{"not_picked":["Disarm","Rupture"],"picked":"Carnage","floor":14.0},{"not_picked":["Body Slam","Wild Strike","Rupture"],"picked":"SKIP","floor":18.0},{"not_picked":["Clothesline","Havoc"],"picked":"Armaments","floor":21.0},{"not_picked":["Twin Strike","Havoc","Whirlwind"],"picked":"SKIP","floor":22.0},{"not_picked":["Bloodletting","Exhume","Intimidate"],"picked":"SKIP","floor":24.0},{"not_picked":["Clothesline","Perfected Strike","Iron Wave"],"picked":"SKIP","floor":27.0},{"not_picked":["Sword Boomerang","Heavy Blade","Perfected Strike"],"picked":"SKIP","floor":28.0},{"not_picked":["Dropkick","Rampage"],"picked":"Fiend Fire","floor":30.0},{"not_picked":["Cleave+1","Sword Boomerang"],"picked":"Battle Trance","floor":31.0},{"not_picked":["Body Slam","Metallicize+1","Power Through"],"picked":"SKIP","floor":35.0},{"not_picked":["Heavy Blade+1","Rupture","Clothesline"],"picked":"SKIP","floor":37.0},{"not_picked":["Shockwave","Clash"],"picked":"Offering","floor":40},{"not_picked":["Headbutt","Thunderclap","Limit Break"],"picked":"SKIP","floor":44},{"not_picked":["Reckless Charge","Hemokinesis","Uppercut"],"picked":"SKIP","floor":45},{"not_picked":["True Grit","Headbutt","Cleave"],"picked":"SKIP","floor":47},{"not_picked":["Armaments","Flame Barrier+1","Anger"],"picked":"SKIP","floor":48}],"player_experience":1320079,"relics_obtained":[{"floor":7.0,"key":"Orichalcum"},{"floor":9.0,"key":"Pen Nib"},{"floor":24.0,"key":"Toy Ornithopter"},{"floor":26.0,"key":"Shuriken"},{"floor":39,"key":"Charon\u0027s Ashes"},{"floor":40,"key":"Sundial"},{"floor":44,"key":"Strawberry"}],"event_choices":[{"damage_healed":0.0,"max_hp_gain":0.0,"max_hp_loss":0.0,"gold_gain":0.0,"event_name":"Golden Idol","player_choice":"Take Damage","floor":3.0,"gold_loss":0.0,"damage_taken":26.0,"relics_obtained":["Golden Idol"]},{"damage_healed":0.0,"max_hp_gain":0.0,"max_hp_loss":0.0,"gold_gain":0.0,"event_name":"Upgrade Shrine","player_choice":"Upgraded","floor":4.0,"gold_loss":0.0,"damage_taken":0.0,"cards_upgraded":["Blood for Blood"]},{"cards_removed":["Strike_R"],"damage_healed":0.0,"max_hp_gain":0.0,"max_hp_loss":0.0,"gold_gain":0.0,"event_name":"Bonfire Elementals","player_choice":"Offered Basic","floor":20.0,"gold_loss":0.0,"damage_taken":0.0},{"damage_healed":0.0,"max_hp_gain":0.0,"max_hp_loss":4.0,"gold_gain":0.0,"event_name":"Winding Halls","player_choice":"Max HP","floor":36.0,"gold_loss":0.0,"damage_taken":0.0},{"damage_healed":0,"gold_gain":0,"player_choice":"Fight","damage_taken":0,"max_hp_gain":0,"max_hp_loss":0,"event_name":"MindBloom","floor":39,"gold_loss":0},{"damage_healed":0,"gold_gain":275,"player_choice":"Desecrate","damage_taken":0,"max_hp_gain":0,"max_hp_loss":0,"event_name":"Golden Shrine","floor":41,"gold_loss":0,"cards_obtained":["Regret"]}],"is_beta":false,"boss_relics":[{"not_picked":["Ectoplasm","Runic Dome"],"picked":"Runic Pyramid"},{"not_picked":["Snecko Eye","Philosopher\u0027s Stone"],"picked":"Astrolabe"}],"items_purged_floors":[19,42],"is_endless":false,"potions_floor_spawned":[1,5,7,22,27,28,31,35,37],"killed_by":"Awakened One","ascension_level":20}}