{"host":"gzsdmyo07u314vug","time":1611117736,"event":{"mods":["2.2 Compatiblity","Bard","BaseMod","Colored Powertips","GifTheSpireLib","Hermit","Jorbs\u0027s Wanderer Trilogy","Minty Spire (QoL Compilation)","Quick Restart","Rare Cards Sparkle","Relic Stats","Replay The Spire","Robot Space Explorer","Shop Mod","StSLib","The Bug Knight","The Construct","The Elementalist","The Hierophant","The IronCluck","The Marked","The Necromancer","The Runesmith","The Servant 0.9.4","Unceasing Turn Reminder","everything is the same but u backflip on backflip","slay the spire mod where everything is the same but ironclad has a cowboy hat","vexMod"],"gold_per_floor":[118,135,12,112,129,129,129,155,237,237,256,274,274,291,291,393,393,410,426,132,149,149,149,168,168,191,208,241,241,261,272,272,375,375,386,209,262,262,278,305,305,340,366,416,445,320,320,338,338,338],"floor_reached":51,"language":"ENG","playtime":3735,"items_purged":["Strike_R","Strike_R","Strike_R"],"score":948,"play_id":"08b92337-0a83-41fa-983f-bfe948811d51","local_time":"20210120014216","is_ascension_mode":true,"campfire_choices":[{"data":"Rampage","floor":6.0,"key":"SMITH"},{"data":"Offering","floor":10.0,"key":"SMITH"},{"data":"Spot Weakness","floor":13.0,"key":"SMITH"},{"floor":15.0,"key":"REST"},{"data":"Warcry","floor":23,"key":"SMITH"},{"floor":25,"key":"REST"},{"floor":29,"key":"REST"},{"data":"Dark Embrace","floor":41,"key":"SMITH"},{"data":"Corruption","floor":47,"key":"SMITH"},{"data":"Eclipse","floor":49,"key":"SMITH"}],"circlet_count":0,"master_deck":["AscendersBane","Strike_R","Strike_R","Defend_R","Defend_R","Defend_R","Defend_R","Bash","Pummel","Twin Strike+1","Rampage+1","Shrug It Off+1","Pommel Strike+1","Offering+1","Spot Weakness+1","True Grit+1","Burning Pact+1","Headbutt+1","Hemogenesis+1","Warcry+1","Combust","Corruption+1","True Grit+1","Offering","Reaper","Dark Embrace+1","Impervious","Bloodletting","Eclipse+1","Shrug It Off"],"relics":["Burning Blood","Replay:Mystery Machine","White Beast Statue","vexMod:ImprovementManual","King of Hearts","Nloth\u0027s Gift","Boot","Quantum Egg","Busted Crown","CaptainsWheel","WingedGreaves","Red Skull","vexMod:FocusSash","construct:RocketBooster","Replay:WaspNest"],"acts_visited":["Exordium","TheCity","TheBeyond"],"potions_floor_usage":[24,24,27,28,28,30,33,33,37,40,50,50,50],"damage_taken":[{"damage":0.0,"enemies":"Cultist","floor":1.0,"turns":1.0},{"damage":0.0,"enemies":"2 Louse","floor":2.0,"turns":1.0},{"damage":0.0,"enemies":"Small Slimes","floor":5.0,"turns":1.0},{"damage":21.0,"enemies":"Lagavulin","floor":8.0,"turns":4.0},{"damage":11.0,"enemies":"Exordium Wildlife","floor":11.0,"turns":3.0},{"damage":7.0,"enemies":"Gremlin Gang","floor":12.0,"turns":4.0},{"damage":5.0,"enemies":"2 Fungi Beasts","floor":14.0,"turns":4.0},{"damage":57.0,"enemies":"The Guardian","floor":16.0,"turns":10.0},{"damage":9.0,"enemies":"3 Byrds","floor":18.0,"turns":5.0},{"damage":22.0,"enemies":"Spheric Guardian","floor":19.0,"turns":4.0},{"damage":26,"enemies":"Snecko","floor":21,"turns":5},{"damage":33,"enemies":"Snake Plant","floor":24,"turns":7},{"damage":22,"enemies":"Shelled Parasite and Fungi","floor":27,"turns":5},{"damage":37,"enemies":"Slavers","floor":28,"turns":5},{"damage":8,"enemies":"Centurion and Healer","floor":30,"turns":4},{"damage":6,"enemies":"Snecko","floor":31,"turns":3},{"damage":82,"enemies":"Collector","floor":33,"turns":10},{"damage":12,"enemies":"Orb Walker","floor":35,"turns":2},{"damage":43,"enemies":"2 Orb Walkers","floor":37,"turns":5},{"damage":14,"enemies":"3 Darklings","floor":39,"turns":3},{"damage":19,"enemies":"Reptomancer","floor":40,"turns":5},{"damage":22,"enemies":"Giant Head","floor":42,"turns":6},{"damage":12,"enemies":"Mind Bloom Boss Battle","floor":44,"turns":4},{"damage":18,"enemies":"Nemesis","floor":45,"turns":4},{"damage":24,"enemies":"4 Shapes","floor":48,"turns":4},{"damage":42,"enemies":"Replay:Hell Engine","floor":50,"turns":6}],"seed_played":"4263881582318545778","potions_obtained":[{"floor":1.0,"key":"Languid Potion"},{"floor":2.0,"key":"HeartOfIron"},{"floor":11.0,"key":"Dexterity Potion"},{"floor":12.0,"key":"Elixir"},{"floor":14.0,"key":"Elixir"},{"floor":16.0,"key":"Weak Potion"},{"floor":18.0,"key":"construct:ShiftPotion"},{"floor":19.0,"key":"EssenceOfSteel"},{"floor":21,"key":"Adrenaline Potion"},{"floor":24,"key":"Weak Potion"},{"floor":27,"key":"Strength Potion"},{"floor":28,"key":"DistilledChaos"},{"floor":30,"key":"CultistPotion"},{"floor":31,"key":"LiquidBronze"},{"floor":33,"key":"BloodPotion"},{"floor":35,"key":"SkillPotion"},{"floor":37,"key":"Milkshake"},{"floor":39,"key":"Swift Potion"},{"floor":40,"key":"Dexterity Potion"},{"floor":42,"key":"DuplicationPotion"},{"floor":45,"key":"Flashbang"},{"floor":48,"key":"ElixirPotion"}],"is_trial":false,"path_per_floor":["M","M","$","?","M","R","?","E","T","R","M","M","R","M","R","B",null,"M","M","$","M","?","R","M","R","T","M","E","R","M","M","R","B",null,"M","$","?","?","M","E","R","E","T","?","E","$","R","M","R","B",null],"character_chosen":"IRONCLAD","items_purchased":["Rampage","Shrug It Off","Combust","King of Hearts","Dark Embrace"],"campfire_rested":3,"item_purchase_floors":[3,3,20,20,36],"current_hp_per_floor":[78,80,80,80,80,80,60,45,45,45,40,39,39,40,64,13,63,68,52,52,40,40,40,27,51,51,46,26,50,56,64,80,24,66,80,80,71,80,79,80,80,80,80,80,80,80,80,80,80,44],"gold":338,"neow_bonus":"THREE_ENEMY_KILL","is_daily":false,"chose_seed":false,"campfire_upgraded":7,"win_rate":0.0,"timestamp":1611117736,"path_taken":["M","?","$","?","?","R","?","E","T","R","?","M","R","M","R","BOSS","M","M","$","M","?","R","M","R","T","?","E","R","M","M","R","BOSS","M","$","?","?","?","E","R","E","T","?","E","$","R","M","R","BOSS"],"items_purchased_type":["Card","Card","Card","Relic","Card"],"build_version":"2020-12-22","purchased_purges":3,"victory":true,"max_hp_per_floor":[80,80,80,80,80,80,80,80,80,80,80,80,80,80,80,80,80,80,80,80,80,80,80,80,80,80,80,80,80,80,80,80,80,80,80,80,80,80,80,80,80,80,80,80,80,80,80,80,80,80],"relic_stats":{"Busted Crown":16,"counters":[26,115],"Nloth\u0027s Gift":4,"Boot":[44],"obtain_stats":[{"construct:RocketBooster":44,"NeowsBlessing":0,"Quantum Egg":28,"King of Hearts":20,"Replay:WaspNest":45,"vexMod:FocusSash":43,"Replay:Mystery Machine":8,"Boot":26,"Burning Blood":0,"White Beast Statue":9,"CaptainsWheel":37,"Busted Crown":34,"WingedGreaves":40,"Nloth\u0027s Gift":22,"vexMod:ImprovementManual":17,"Red Skull":42},{"construct:RocketBooster":23,"NeowsBlessing":0,"Quantum Egg":14,"King of Hearts":10,"Replay:WaspNest":24,"vexMod:FocusSash":22,"Replay:Mystery Machine":4,"Boot":12,"Burning Blood":0,"White Beast Statue":4,"CaptainsWheel":19,"Busted Crown":17,"WingedGreaves":21,"Nloth\u0027s Gift":11,"vexMod:ImprovementManual":8,"Red Skull":22},{"construct:RocketBooster":101,"NeowsBlessing":0,"Quantum Egg":59,"King of Hearts":37,"Replay:WaspNest":105,"vexMod:FocusSash":97,"Replay:Mystery Machine":7,"Boot":49,"Burning Blood":0,"White Beast Statue":7,"CaptainsWheel":83,"Busted Crown":76,"WingedGreaves":91,"Nloth\u0027s Gift":42,"vexMod:ImprovementManual":28,"Red Skull":97}],"Burning Blood":117},"card_choices":[{"not_picked":["Evolve","True Grit"],"picked":"Pummel","floor":1.0},{"not_picked":["Clothesline","Headbutt"],"picked":"Twin Strike","floor":2.0},{"not_picked":["Dual Wield","Heavy Blade"],"picked":"Pommel Strike","floor":5.0},{"not_picked":["Havoc","Headbutt"],"picked":"Offering","floor":7.0},{"not_picked":["ReplayTheSpireMod:Corrosion Curse","Iron Wave"],"picked":"Spot Weakness","floor":7.0},{"not_picked":["Reckless Charge","Havoc"],"picked":"True Grit","floor":7.0},{"not_picked":["Metallicize","Clash"],"picked":"Burning Pact","floor":8.0},{"not_picked":["Uppercut","Abandon","Twin Strike"],"picked":"SKIP","floor":11.0},{"not_picked":["Clash","Wild Strike","Exhume"],"picked":"SKIP","floor":12.0},{"not_picked":["Twin Strike","Pommel Strike"],"picked":"Headbutt","floor":14.0},{"not_picked":["Offering","Barricade"],"picked":"Hemogenesis","floor":16.0},{"not_picked":["Infernal Blade","Perfected Strike","Body Slam"],"picked":"SKIP","floor":18.0},{"not_picked":["Havoc+1","Perfected Strike"],"picked":"Warcry","floor":19.0},{"not_picked":["Sword Boomerang","Sever Soul","Shockwave"],"picked":"SKIP","floor":21},{"not_picked":["Run Through+1","Flex","Uppercut"],"picked":"SKIP","floor":24},{"not_picked":["Dark Embrace","Whirlwind","Feel No Pain+1"],"picked":"SKIP","floor":27},{"not_picked":["Body Slam","Warcry+1"],"picked":"Corruption","floor":28},{"not_picked":["Entrench","Twin Strike+1"],"picked":"True Grit+1","floor":30},{"not_picked":["Clash+1","Anger"],"picked":"Offering","floor":31},{"not_picked":["Fiend Fire","Offering"],"picked":"Reaper","floor":33},{"not_picked":["Run Through+1"],"picked":"SKIP","floor":35},{"not_picked":[],"picked":"Impervious","floor":37},{"not_picked":[],"picked":"Bloodletting","floor":39},{"not_picked":["Anger+1"],"picked":"SKIP","floor":40},{"not_picked":[],"picked":"Eclipse","floor":42},{"not_picked":[],"picked":"Shrug It Off","floor":45},{"not_picked":["Cleave"],"picked":"SKIP","floor":48}],"player_experience":713189,"relics_obtained":[{"floor":8.0,"key":"Replay:Mystery Machine"},{"floor":9.0,"key":"White Beast Statue"},{"floor":26,"key":"Boot"},{"floor":28,"key":"Quantum Egg"},{"floor":37,"key":"CaptainsWheel"},{"floor":40,"key":"WingedGreaves"},{"floor":42,"key":"Red Skull"},{"floor":43,"key":"vexMod:FocusSash"},{"floor":44,"key":"construct:RocketBooster"},{"floor":45,"key":"Replay:WaspNest"}],"event_choices":[{"damage_healed":0.0,"max_hp_gain":0.0,"max_hp_loss":0.0,"gold_gain":100.0,"event_name":"Golden Shrine","player_choice":"Pray","floor":4.0,"gold_loss":0.0,"damage_taken":0.0},{"damage_healed":0,"gold_gain":0,"player_choice":"Traded Relic","damage_taken":0,"relics_obtained":["Nloth\u0027s Gift"],"max_hp_gain":0,"max_hp_loss":0,"event_name":"N\u0027loth","floor":22,"relics_lost":["NeowsBlessing"],"gold_loss":0},{"damage_healed":0,"gold_gain":0,"player_choice":"Fight","damage_taken":0,"max_hp_gain":0,"max_hp_loss":0,"event_name":"Mysterious Sphere","floor":37,"gold_loss":0},{"damage_healed":9,"gold_gain":0,"player_choice":"Full Heal","damage_taken":0,"max_hp_gain":0,"max_hp_loss":0,"event_name":"Wheel of Change","floor":38,"gold_loss":0},{"damage_healed":0,"gold_gain":0,"player_choice":"Fight","damage_taken":0,"max_hp_gain":0,"max_hp_loss":0,"event_name":"MindBloom","floor":44,"gold_loss":0}],"is_beta":false,"boss_relics":[{"not_picked":["vexMod:BigBerry","Sozu"],"picked":"vexMod:ImprovementManual"},{"not_picked":["Calling Bell","Replay:Wanted Poster"],"picked":"Busted Crown"}],"items_purged_floors":[20,36,46],"is_endless":false,"potions_floor_spawned":[1,2,11,12,14,16,18,19,21,24,27,28,30,31,33,35,37,39,40,42,44,45,48],"ascension_level":10}}