{"host":"0cm5wy4nhuju7tij","time":1611122486,"event":{"mods":["100% Spire Juice","2.2 Compatiblity","AchievementEnabler","Aspiration","BaseMod","Better Third Choice","BetterRewards","CCEM","CapriCore","Chen","Colored Powertips","Curses Come First","Custom Start","Displayed Cursed Tome","Downfall","Energized Spire","Evolution","Filter the Spire","Highlight Path","Jess\u0027s Bottle","Minty Spire (QoL Compilation)","Permanent Neow","Relic Stats","SOS???????","Shop Mod","Spicy Shops","StSLib","The Cursed","The Juggle","The Sage","TheFirefly"],"gold_per_floor":[111,131,151,151,167,167,184,199,199,199,211,286,286,315,315,415,415,385,395,20,39,39,39,51,51,105,105,105,130,150,150,150],"floor_reached":31,"language":"ENG","playtime":1715,"items_purged":["Strike_G"],"score":285,"play_id":"00b1e207-d89d-405a-9329-c89cf72bbf0d","local_time":"20210120010126","is_ascension_mode":true,"campfire_choices":[{"data":"Skewer","floor":6,"key":"SMITH"},{"floor":10,"key":"REST"},{"floor":13,"key":"REST"},{"data":"Masterful Stab","floor":15,"key":"SMITH"},{"floor":23,"key":"REST"},{"floor":25,"key":"REST"},{"floor":28,"key":"REST"}],"circlet_count":0,"master_deck":["Strike_G","Strike_G","Strike_G","Strike_G","Defend_G","Defend_G","Defend_G","Defend_G","Defend_G","Survivor","Neutralize","Skewer+1","Leg Sweep","Dash","Deadly Poison","Bouncing Flask","Poisoned Stab","Caltrops","Dodge and Roll","Masterful Stab+1","A Thousand Cuts","Bouncing Flask","Slice+1","Deadly Poison","Backflip","Riddle With Holes","Crippling Poison+1","Terror","Outmaneuver+1","Footwork"],"relics":["Ring of the Snake","EVO:Axolotl","aspiration:FrozenJewel","CCEMRelics:OrganicArmor","SlaversCollar","aspiration:Nostalgia","TheCursedMod:BlackMagic101","Potion Belt","Darkstone Periapt","aspiration:HiddenCompartment"],"acts_visited":["Exordium","TheCity"],"potions_floor_usage":[21,30],"damage_taken":[{"damage":3,"enemies":"Small Slimes","floor":1,"turns":4},{"damage":0,"enemies":"Jaw Worm","floor":2,"turns":4},{"damage":0,"enemies":"Cultist","floor":3,"turns":4},{"damage":8,"enemies":"Exordium Thugs","floor":5,"turns":6},{"damage":0,"enemies":"Blue Slaver","floor":7,"turns":4},{"damage":32,"enemies":"Gremlin Gang","floor":8,"turns":5},{"damage":2,"enemies":"Red Slaver","floor":11,"turns":4},{"damage":2,"enemies":"Lagavulin","floor":14,"turns":5},{"damage":38,"enemies":"The Guardian","floor":16,"turns":10},{"damage":27,"enemies":"2 Thieves","floor":18,"turns":5},{"damage":12,"enemies":"Chosen","floor":19,"turns":6},{"damage":28,"enemies":"Shelled Parasite and Fungi","floor":21,"turns":9},{"damage":15,"enemies":"Centurion and Healer","floor":24,"turns":7},{"damage":34,"enemies":"Gremlin Leader","floor":29,"turns":8},{"damage":14,"enemies":"3 Cultists","floor":30,"turns":7},{"damage":12,"enemies":"Snake Plant","floor":31,"turns":2}],"seed_played":"2996680057389401420","potions_obtained":[{"floor":2,"key":"Ancient Potion"},{"floor":3,"key":"Fruit Juice"},{"floor":8,"key":"SmokeBomb"},{"floor":21,"key":"CultistPotion"},{"floor":29,"key":"Block Potion"}],"is_trial":false,"path_per_floor":["M","M","M","?","M","R","M","M","T","R","M","?","R","E","R","B",null,"M","M","$","M","?","R","M","R","T","T","R","E","M","M"],"character_chosen":"THE_SILENT","items_purchased":["Deadly Poison","Backflip","aspiration:Nostalgia","Riddle With Holes"],"campfire_rested":5,"item_purchase_floors":[20,20,20,20],"current_hp_per_floor":[67,67,67,67,59,59,59,27,27,48,46,35,56,54,54,16,70,43,31,31,8,8,30,15,37,37,37,59,25,11,0,0],"gold":150,"neow_bonus":"THREE_CARDS","is_daily":false,"chose_seed":false,"campfire_upgraded":2,"win_rate":0.0,"timestamp":1611122486,"path_taken":["M","M","M","?","M","R","M","M","T","R","M","?","R","E","R","BOSS","M","M","$","M","?","R","M","R","T","?","R","E","M","M"],"items_purchased_type":["Card","Card","Relic","Card"],"build_version":"2020-12-22","purchased_purges":1,"victory":false,"max_hp_per_floor":[70,70,70,70,70,70,70,70,70,70,70,70,70,70,70,70,70,70,70,70,75,75,75,75,75,75,75,75,75,75,75,75],"relic_stats":{"Darkstone Periapt":0,"counters":[16,90],"obtain_stats":[{"Potion Belt":26,"Darkstone Periapt":27,"SlaversCollar":17,"TheCursedMod:BlackMagic101":20,"aspiration:Nostalgia":20,"EVO:Axolotl":0,"aspiration:HiddenCompartment":29,"aspiration:FrozenJewel":9,"Ring of the Snake":0,"CCEMRelics:OrganicArmor":14},{"Potion Belt":13,"Darkstone Periapt":13,"SlaversCollar":9,"TheCursedMod:BlackMagic101":11,"aspiration:Nostalgia":11,"EVO:Axolotl":0,"aspiration:HiddenCompartment":14,"aspiration:FrozenJewel":6,"Ring of the Snake":0,"CCEMRelics:OrganicArmor":8},{"Potion Belt":73,"Darkstone Periapt":73,"SlaversCollar":46,"TheCursedMod:BlackMagic101":57,"aspiration:Nostalgia":57,"EVO:Axolotl":0,"aspiration:HiddenCompartment":81,"aspiration:FrozenJewel":27,"Ring of the Snake":0,"CCEMRelics:OrganicArmor":36}],"Ring of the Snake":[32]},"card_choices":[{"not_picked":["Well Laid Plans","Calculated Gamble"],"picked":"Skewer","floor":0},{"not_picked":["Prepared","Blade Dance"],"picked":"Leg Sweep","floor":1},{"not_picked":["Calculated Gamble","Flying Knee"],"picked":"Dash","floor":2},{"not_picked":["Prepared","Acrobatics"],"picked":"Deadly Poison","floor":3},{"not_picked":["Flying Knee","Blur"],"picked":"Bouncing Flask","floor":5},{"not_picked":["Slice","Storm of Steel"],"picked":"Poisoned Stab","floor":7},{"not_picked":["Outmaneuver","All Out Attack"],"picked":"Caltrops","floor":8},{"not_picked":["Backflip","Poisoned Stab"],"picked":"Dodge and Roll","floor":11},{"not_picked":["Poisoned Stab","All Out Attack"],"picked":"Masterful Stab","floor":14},{"not_picked":["Burst","Unload"],"picked":"A Thousand Cuts","floor":16},{"not_picked":["Underhanded Strike","Bane"],"picked":"Bouncing Flask","floor":18},{"not_picked":["Dagger Throw","Bane+1"],"picked":"Slice+1","floor":19},{"not_picked":["Deadly Poison+1","Catalyst"],"picked":"Crippling Poison+1","floor":21},{"not_picked":["Finisher","Slice"],"picked":"Terror","floor":24},{"not_picked":["Phantasmal Killer","Flechettes"],"picked":"Outmaneuver+1","floor":29},{"not_picked":["Flying Knee","Endless Agony+1"],"picked":"Footwork","floor":30}],"player_experience":214787,"relics_obtained":[{"floor":9,"key":"aspiration:FrozenJewel"},{"floor":14,"key":"CCEMRelics:OrganicArmor"},{"floor":26,"key":"Potion Belt"},{"floor":27,"key":"Darkstone Periapt"},{"floor":29,"key":"aspiration:HiddenCompartment"}],"event_choices":[{"damage_healed":0,"gold_gain":75,"player_choice":"Gold","damage_taken":11,"max_hp_gain":0,"max_hp_loss":0,"event_name":"betterThird:BetterGoop","floor":12,"gold_loss":0},{"damage_healed":0,"gold_gain":0,"player_choice":"Ignored","damage_taken":0,"max_hp_gain":0,"max_hp_loss":0,"event_name":"Ghosts","floor":22,"gold_loss":0}],"is_beta":false,"boss_relics":[{"not_picked":["energizedSpire:SpiderWeb","CCEMRelics:TransientCore"],"picked":"SlaversCollar"}],"items_purged_floors":[20],"is_endless":false,"potions_floor_spawned":[2,3,8,14,21,29],"killed_by":"Snake Plant","ascension_level":2}}