{"host":"j4g6ia6asvpyu2b0","time":1611147839,"event":{"mods":["BaseMod","Colored Map","Minty Spire (QoL Compilation)","Permanent Neow","Quick Restart","Relic Stats","StSLib","Unceasing Turn Reminder"],"gold_per_floor":[119,119,137,137,149,175,175,194,194,222,233,233,4,35,35,140,140,152,165,165,165,183,183,218,218,298,27,302,337,337,353,353,458,458,472,487,537,549,474,474,507,507,530,549,578,578,578],"floor_reached":46,"language":"ENG","playtime":1846,"items_purged":["Regret"],"score":1078,"play_id":"51c3996f-44d5-4b55-a66d-7384b2db59cf","local_time":"20210120060359","is_ascension_mode":true,"campfire_choices":[{"data":"Genetic Algorithm","floor":7.0,"key":"SMITH"},{"data":"Blizzard","floor":12.0,"key":"SMITH"},{"data":"Capacitor","floor":15.0,"key":"SMITH"},{"floor":23,"key":"REST"},{"data":"Chill","floor":25,"key":"SMITH"},{"floor":30,"key":"REST"},{"data":"Seek","floor":32,"key":"SMITH"},{"data":"Fission","floor":40,"key":"SMITH"},{"floor":42,"key":"RECALL"}],"circlet_count":0,"master_deck":["AscendersBane","Strike_B","Strike_B","Strike_B","Defend_B","Defend_B","Defend_B","Defend_B","Zap","Dualcast","Cold Snap","Genetic Algorithm+1","Cold Snap","Cold Snap","Coolheaded","Blizzard+1","Capacitor+1","Barrage","Steam","Echo Form","Barrage","Chill+1","Necronomicurse","Coolheaded","Coolheaded","Echo Form","Aggregate","Compile Driver","Cold Snap+1","Seek+1","Blizzard","Fission+1","Hologram","Darkness+1","Coolheaded","Redo+1","Barrage","Injury","Compile Driver","Parasite"],"relics":["Cracked Core","Emotion Chip","Bottled Flame","TungstenRod","Gambling Chip","DataDisk","Shuriken","Inserter","Necronomicon","Blood Vial","Centennial Puzzle","HornCleat","Dream Catcher","Cursed Key","Incense Burner","The Courier","Happy Flower"],"acts_visited":["Exordium","TheCity","TheBeyond"],"potions_floor_usage":[24],"damage_taken":[{"damage":2.0,"enemies":"Jaw Worm","floor":1.0,"turns":4.0},{"damage":7.0,"enemies":"Small Slimes","floor":3.0,"turns":3.0},{"damage":2.0,"enemies":"2 Louse","floor":5.0,"turns":2.0},{"damage":7.0,"enemies":"3 Sentries","floor":6.0,"turns":11.0},{"damage":0.0,"enemies":"2 Fungi Beasts","floor":8.0,"turns":4.0},{"damage":17.0,"enemies":"Gremlin Nob","floor":10.0,"turns":5.0},{"damage":0.0,"enemies":"Lots of Slimes","floor":11.0,"turns":1.0},{"damage":0.0,"enemies":"Lagavulin","floor":14.0,"turns":6.0},{"damage":12,"enemies":"The Guardian","floor":16,"turns":10},{"damage":4,"enemies":"Spheric Guardian","floor":18,"turns":4},{"damage":1,"enemies":"Shell Parasite","floor":19,"turns":7},{"damage":9,"enemies":"Centurion and Healer","floor":22,"turns":8},{"damage":11,"enemies":"Gremlin Leader","floor":24,"turns":6},{"damage":41,"enemies":"Slavers","floor":29,"turns":7},{"damage":7,"enemies":"Snecko","floor":31,"turns":7},{"damage":6,"enemies":"Automaton","floor":33,"turns":8},{"damage":9,"enemies":"3 Darklings","floor":35,"turns":5},{"damage":4,"enemies":"Orb Walker","floor":36,"turns":3},{"damage":1,"enemies":"Mind Bloom Boss Battle","floor":37,"turns":6},{"damage":0,"enemies":"3 Darklings","floor":38,"turns":4},{"damage":3,"enemies":"Giant Head","floor":41,"turns":5},{"damage":21,"enemies":"Transient","floor":44,"turns":5},{"damage":29,"enemies":"Nemesis","floor":45,"turns":7},{"damage":22,"enemies":"Writhing Mass","floor":46,"turns":4}],"seed_played":"1010508541511220315","potions_obtained":[{"floor":3.0,"key":"EssenceOfSteel"},{"floor":10.0,"key":"Explosive Potion"},{"floor":11.0,"key":"Strength Potion"},{"floor":24,"key":"Fruit Juice"},{"floor":31,"key":"Explosive Potion"},{"floor":35,"key":"Ancient Potion"},{"floor":38,"key":"FocusPotion"}],"is_trial":false,"path_per_floor":["M","?","M","?","M","E","R","M","T","E","M","R","$","E","R","B",null,"M","M","?","?","M","R","E","R","T","$","?","E","R","M","R","B",null,"M","M","?","M","$","R","E","R","T","M","E","M"],"character_chosen":"DEFECT","items_purchased":["DataDisk","Capacitor","Barrage","Echo Form","Aggregate","Compile Driver"],"campfire_rested":2,"item_purchase_floors":[13,13,13,27,27,27],"current_hp_per_floor":[66,59,52,57,55,48,48,48,48,31,31,31,31,31,31,19,60,56,55,43,43,36,57,53,53,53,53,53,14,37,32,32,28,66,59,57,58,60,60,60,59,59,59,40,13,0,0],"gold":578,"neow_bonus":"ONE_RARE_RELIC","is_daily":false,"chose_seed":false,"campfire_upgraded":6,"win_rate":0.0,"timestamp":1611147839,"path_taken":["M","?","M","?","M","E","R","M","T","E","M","R","$","E","R","BOSS","M","M","?","?","?","R","E","R","T","?","?","E","R","?","R","BOSS","M","M","?","M","$","R","E","R","T","M","E","M"],"items_purchased_type":["Relic","Card","Card","Card","Card","Card"],"build_version":"2020-12-22","purchased_purges":1,"victory":false,"max_hp_per_floor":[68,68,68,73,73,73,73,73,73,73,73,73,73,73,73,73,73,73,73,73,73,73,73,78,78,78,78,78,78,78,78,78,78,78,78,78,78,78,78,78,78,78,78,78,78,78,78],"relic_stats":{"Inserter":[40],"Happy Flower":[1],"counters":[24,132],"Cursed Key":1,"Blood Vial":26,"Emotion Chip":[124,22,98,4,0],"Centennial Puzzle":[30],"Dream Catcher":1,"Shuriken":[31],"Gambling Chip":[27],"Necronomicon":[4],"obtain_stats":[{"Inserter":17,"Happy Flower":45,"The Courier":41,"Incense Burner":37,"Cursed Key":34,"Blood Vial":21,"Emotion Chip":0,"Bottled Flame":6,"DataDisk":13,"Centennial Puzzle":24,"Dream Catcher":29,"HornCleat":26,"Shuriken":14,"Gambling Chip":10,"Necronomicon":20,"Cracked Core":0,"TungstenRod":9},{"Inserter":9,"Happy Flower":23,"The Courier":21,"Incense Burner":19,"Cursed Key":16,"Blood Vial":11,"Emotion Chip":0,"Bottled Flame":4,"DataDisk":7,"Centennial Puzzle":13,"Dream Catcher":14,"HornCleat":13,"Shuriken":8,"Gambling Chip":6,"Necronomicon":11,"Cracked Core":0,"TungstenRod":5},{"Inserter":46,"Happy Flower":128,"The Courier":116,"Incense Burner":107,"Cursed Key":93,"Blood Vial":57,"Emotion Chip":0,"Bottled Flame":20,"DataDisk":30,"Centennial Puzzle":71,"Dream Catcher":78,"HornCleat":71,"Shuriken":36,"Gambling Chip":29,"Necronomicon":57,"Cracked Core":0,"TungstenRod":24}],"TungstenRod":39},"card_choices":[{"not_picked":["Beam Cell","Streamline"],"picked":"Cold Snap","floor":1.0},{"not_picked":["Streamline","Storm"],"picked":"Genetic Algorithm","floor":3.0},{"not_picked":["Hologram","Go for the Eyes"],"picked":"Cold Snap","floor":5.0},{"not_picked":["Lockon","Go for the Eyes"],"picked":"Cold Snap","floor":6.0},{"not_picked":["Steam","Beam Cell"],"picked":"Coolheaded","floor":8.0},{"not_picked":["All For One","Self Repair"],"picked":"Blizzard","floor":10.0},{"not_picked":["Conserve Battery","Steam"],"picked":"Gash","floor":11.0},{"not_picked":["Go for the Eyes","Rebound"],"picked":"Steam","floor":14.0},{"not_picked":["Buffer","Hyperbeam"],"picked":"Echo Form","floor":16},{"not_picked":["Turbo","Steam"],"picked":"Barrage","floor":18},{"not_picked":["Go for the Eyes","Redo"],"picked":"Chill","floor":19},{"not_picked":["Reprogram","Skim"],"picked":"Coolheaded","floor":22},{"not_picked":["Scrape","Streamline"],"picked":"Coolheaded","floor":24},{"not_picked":["Skim","Barrage"],"picked":"Cold Snap+1","floor":29},{"not_picked":["Chaos+1","Darkness"],"picked":"Seek","floor":30},{"not_picked":["Redo+1","Sunder"],"picked":"Blizzard","floor":31},{"not_picked":["Reboot","Meteor Strike"],"picked":"Fission","floor":33},{"not_picked":["Rip and Tear","Stack+1"],"picked":"Hologram","floor":35},{"not_picked":["Force Field","BootSequence"],"picked":"Darkness+1","floor":36},{"not_picked":["Reprogram","Rebound"],"picked":"Coolheaded","floor":37},{"not_picked":["Streamline","Go for the Eyes"],"picked":"Redo+1","floor":38},{"not_picked":["Steam+1","Sweeping Beam+1"],"picked":"Barrage","floor":41},{"not_picked":["Rebound","Beam Cell+1","Ball Lightning"],"picked":"SKIP","floor":44},{"not_picked":["Barrage","Tempest"],"picked":"Compile Driver","floor":45}],"player_experience":877820,"relics_obtained":[{"floor":6.0,"key":"Bottled Flame"},{"floor":9.0,"key":"TungstenRod"},{"floor":10.0,"key":"Gambling Chip"},{"floor":14.0,"key":"Shuriken"},{"floor":20,"key":"Necronomicon"},{"floor":24,"key":"Centennial Puzzle"},{"floor":26,"key":"HornCleat"},{"floor":29,"key":"Dream Catcher"},{"floor":37,"key":"Incense Burner"},{"floor":41,"key":"The Courier"},{"floor":45,"key":"Happy Flower"}],"event_choices":[{"cards_removed":["Strike_B"],"damage_healed":0.0,"max_hp_gain":0.0,"max_hp_loss":0.0,"gold_gain":0.0,"event_name":"Golden Wing","player_choice":"Card Removal","floor":2.0,"gold_loss":0.0,"damage_taken":7.0},{"damage_healed":0.0,"max_hp_gain":5.0,"max_hp_loss":0.0,"gold_gain":0.0,"event_name":"Big Fish","player_choice":"Donut","floor":4.0,"gold_loss":0.0,"damage_taken":0.0},{"damage_healed":0,"gold_gain":0,"player_choice":"Obtained Book","damage_taken":16,"max_hp_gain":0,"max_hp_loss":0,"event_name":"Cursed Tome","floor":20,"gold_loss":0},{"cards_removed":["Gash"],"damage_healed":0,"gold_gain":0,"player_choice":"Gave Card","damage_taken":0,"relics_obtained":["Blood Vial"],"max_hp_gain":0,"max_hp_loss":0,"event_name":"WeMeetAgain","floor":21,"gold_loss":0},{"damage_healed":0,"gold_gain":275,"player_choice":"Desecrate","damage_taken":0,"max_hp_gain":0,"max_hp_loss":0,"event_name":"Golden Shrine","floor":28,"gold_loss":0,"cards_obtained":["Regret"]},{"damage_healed":0,"gold_gain":0,"player_choice":"Fight","damage_taken":0,"max_hp_gain":0,"max_hp_loss":0,"event_name":"MindBloom","floor":37,"gold_loss":0}],"is_beta":false,"boss_relics":[{"not_picked":["Pandora\u0027s Box","Ectoplasm"],"picked":"Inserter"},{"not_picked":["Velvet Choker","FrozenCore"],"picked":"Cursed Key"}],"items_purged_floors":[39],"is_endless":false,"potions_floor_spawned":[3,10,11,24,31,33,35,38],"killed_by":"Writhing Mass","ascension_level":12}}