{"host":"1t7ylsixd2on64xs","time":1611175916,"event":{"mods":["BaseMod","Downfall","Minty Spire (QoL Compilation)","StSLib","SuperFastMode"],"gold_per_floor":[99,118,130,149,167,180,180,192,212,237,249,264,264,282,292,389,439,439,454,121,121,26,36,61,71,65,90,99,118,18,122,151,260,260,160,180,189,214,214,275,302,302,331,357,457,478,478,504,515,515],"floor_reached":51,"language":"ENG","playtime":7208,"items_purged":["champ:Strike","downfall:Icky","downfall:Bewildered"],"score":688,"play_id":"f7ba3bd3-174d-4d9c-a575-d8aac650935f","local_time":"20210121055156","is_ascension_mode":false,"campfire_choices":[{"floor":1.0,"key":"RECALL"},{"floor":13.0,"key":"REST"},{"data":"champ:Improvising","floor":18.0,"key":"SMITH"},{"data":"champ:Taunt","floor":30,"key":"SMITH"},{"data":"champ:IronFortress","floor":35,"key":"SMITH"},{"data":"champ:FanOfKnives","floor":42,"key":"SMITH"},{"floor":47,"key":"REST"}],"circlet_count":0,"master_deck":["champ:Strike","champ:Strike","champ:Strike","champ:Defend","champ:Defend","champ:Defend","champ:Execute","champ:Taunt+1","champ:FlashCut","champ:GutPunch","champ:PerfectedStrike","champ:GutPunch","champ:ArenaPreparation+1","champ:Duel","champ:LastStand","champ:PerfectedStrike","champ:ArenaPreparation","champ:FaceSlap","champ:Improvising+1","champ:BringItOn","champ:BringItOn+1","Dark Shackles","champ:LastStand","champ:Improvising+1","champ:TornadoPunch+1","champ:IronFortress+1","champ:FanOfKnives+1","champ:StanceDance+1","champ:LastStand","champ:FlashCut","champ:IronFortress+1","champ:IgnorePain","champ:BringItOn","Pain","champ:TornadoPunch","champ:FanOfKnives+1","champ:GladiatorForm","champ:TornadoPunch","champ:Haymaker+1","champ:ShieldWall+1"],"relics":["champ:ChampionCrown","Matryoshka","The Courier","Tiny House","Meat on the Bone","Question Card","CeramicFish","sneckomod:BabySnecko","downfall:HeartBlessingRed","DollysMirror","SacredBark","downfall:HeartBlessingGreen","WarpedTongs","CaptainsWheel","Boot","Vajra","downfall:GremlinWheel"],"acts_visited":["Exordium","TheCity","TheBeyond"],"potions_floor_usage":[40,48,49,50],"damage_taken":[{"damage":20.0,"enemies":"Cultist","floor":2.0,"turns":3.0},{"damage":2.0,"enemies":"2 Louse","floor":3.0,"turns":3.0},{"damage":12.0,"enemies":"Small Slimes","floor":4.0,"turns":4.0},{"damage":24.0,"enemies":"Red Slaver","floor":5.0,"turns":3.0},{"damage":10.0,"enemies":"Exordium Wildlife","floor":6.0,"turns":3.0},{"damage":7.0,"enemies":"3 Louse","floor":8.0,"turns":3.0},{"damage":10.0,"enemies":"Exordium Thugs","floor":9.0,"turns":5.0},{"damage":60.0,"enemies":"3 Sentries","floor":10.0,"turns":9.0},{"damage":12.0,"enemies":"Blue Slaver","floor":11.0,"turns":3.0},{"damage":0.0,"enemies":"2 Fungi Beasts","floor":12.0,"turns":3.0},{"damage":0.0,"enemies":"Looter","floor":14.0,"turns":2.0},{"damage":20.0,"enemies":"Lots of Slimes","floor":15.0,"turns":4.0},{"damage":16.0,"enemies":"IC_STATUS_ARCHETYPE","floor":16.0,"turns":5.0},{"damage":49.0,"enemies":"Spheric Guardian","floor":19.0,"turns":4.0},{"damage":20.0,"enemies":"downfall:FleeingMerchant","floor":20.0,"turns":4.0},{"damage":35.0,"enemies":"downfall:FleeingMerchant","floor":22.0,"turns":4.0},{"damage":47.0,"enemies":"Shell Parasite","floor":23.0,"turns":4.0},{"damage":25.0,"enemies":"Centurion and Healer","floor":25.0,"turns":5.0},{"damage":25.0,"enemies":"downfall:FleeingMerchant","floor":26.0,"turns":4.0},{"damage":28,"enemies":"Snake Plant","floor":27,"turns":7},{"damage":39,"enemies":"Snecko","floor":29,"turns":4},{"damage":36,"enemies":"downfall:FleeingMerchant","floor":31,"turns":4},{"damage":5,"enemies":"Centurion and Healer","floor":32,"turns":4},{"damage":44,"enemies":"SI_MIRROR_ARCHETYPE","floor":33,"turns":7},{"damage":0,"enemies":"Orb Walker","floor":36,"turns":2},{"damage":37,"enemies":"3 Darklings","floor":38,"turns":6},{"damage":26,"enemies":"2 Orb Walkers","floor":40,"turns":4},{"damage":24,"enemies":"Jaw Worm Horde","floor":43,"turns":4},{"damage":43,"enemies":"Maw","floor":44,"turns":7},{"damage":8,"enemies":"Maw","floor":45,"turns":3},{"damage":7,"enemies":"Spire Growth","floor":46,"turns":4},{"damage":8,"enemies":"3 Darklings","floor":48,"turns":3},{"damage":20,"enemies":"Transient","floor":49,"turns":5},{"damage":51,"enemies":"DF_ARCHETYPE_ORBS","floor":50,"turns":7}],"seed_played":"-3141110714065028828","potions_obtained":[{"floor":4.0,"key":"BlessingOfTheForge"},{"floor":6.0,"key":"SpeedPotion"},{"floor":9.0,"key":"sneckomod:MuddlingPotion"},{"floor":11.0,"key":"Strength Potion"},{"floor":15.0,"key":"EntropicBrew"},{"floor":16.0,"key":"Explosive Potion"},{"floor":17.0,"key":"Ancient Potion"},{"floor":29,"key":"Strength Potion"},{"floor":40,"key":"DistilledChaos"},{"floor":46,"key":"PowerPotion"},{"floor":49,"key":"Energy Potion"}],"is_trial":false,"path_per_floor":["R","M","M","M","M","M","T","M","M","E","M","M","R","M","M","B",null,"R","M","$","?","$","M","T","M","$","M","?","M","R","$","M","B",null,"R","M","?","M","?","?","T","R","M","M","?","M","R","M","M","B",null],"character_chosen":"THE_CHAMP","items_purchased":["Meat on the Bone","Dark Shackles","DollysMirror","champ:FlashCut"],"campfire_rested":2,"item_purchase_floors":[20,20,31,31],"current_hp_per_floor":[99,99,97,95,81,81,81,74,64,39,37,37,66,66,66,55,104,104,100,100,100,100,98,98,93,93,75,75,63,63,64,64,57,104,104,104,104,92,92,76,76,76,67,56,60,58,89,81,81,52],"gold":515,"neow_bonus":"TEN_PERCENT_HP_BONUS","is_daily":false,"chose_seed":false,"campfire_upgraded":4,"win_rate":0.0,"timestamp":1611175916,"path_taken":["R","M","M","M","?","M","T","M","M","E","M","M","R","?","M","BOSS","R","M","$","?","$","M","T","M","?","M","?","M","R","$","M","BOSS","R","M","?","?","?","?","T","R","M","M","?","M","R","?","M","BOSS"],"items_purchased_type":["Relic","Card","Relic","Card"],"build_version":"2020-12-22","purchased_purges":3,"victory":true,"max_hp_per_floor":[99,99,99,99,99,99,99,99,99,99,99,99,99,99,99,99,104,104,104,104,104,104,104,104,104,104,104,104,104,104,104,104,104,104,104,104,104,104,104,104,104,104,104,104,104,104,104,104,104,104],"card_choices":[{"not_picked":["champ:RisingSlash","champ:Circumvent"],"picked":"champ:FlashCut","floor":2.0},{"not_picked":["champ:RisingSlash","champ:Endure"],"picked":"champ:GutPunch","floor":3.0},{"not_picked":["champ:PreciseThrust","champ:EnragedBash","champ:Parry"],"picked":"SKIP","floor":4.0},{"not_picked":["champ:BladeFlurry","champ:EnGarde"],"picked":"champ:PerfectedStrike","floor":5.0},{"not_picked":["champ:DefensiveShout","champ:FlashCut"],"picked":"champ:GutPunch","floor":6.0},{"not_picked":["champ:FalseCounter","champ:FlashCut"],"picked":"champ:ArenaPreparation","floor":8.0},{"not_picked":["champ:EnragedBash","champ:Duel","champ:DeathBlow"],"picked":"SKIP","floor":9.0},{"not_picked":["champ:EnragedBash","champ:DeathBlow"],"picked":"champ:Duel","floor":9.0},{"not_picked":["champ:FocusedBerserking","champ:Lariat"],"picked":"champ:LastStand","floor":10.0},{"not_picked":["champ:BladeFlurry","champ:EnGarde"],"picked":"champ:PerfectedStrike","floor":11.0},{"not_picked":["champ:StanceDance","champ:FaceSlap"],"picked":"champ:ArenaPreparation","floor":12.0},{"not_picked":["champ:BerserkersShout","champ:CrownThrow","champ:Circumvent"],"picked":"SKIP","floor":14.0},{"not_picked":["champ:SetATrap","champ:FlashCut"],"picked":"champ:FaceSlap","floor":15.0},{"not_picked":["champ:Devastate","champ:DancingMaster"],"picked":"champ:Improvising","floor":16.0},{"not_picked":["champ:StanceDance+1","champ:ShieldWall+1"],"picked":"champ:BringItOn","floor":19.0},{"not_picked":["champ:FlashCut+1","champ:Backstep"],"picked":"champ:BringItOn+1","floor":20.0},{"not_picked":["champ:AdrenalArmor","champ:RecklessLeap"],"picked":"champ:TornadoPunch+1","floor":22.0},{"not_picked":["champ:ShieldWall+1","champ:BladeFlurry+1","champ:RapidStrikes"],"picked":"SKIP","floor":23.0},{"not_picked":["champ:SetATrap","champ:Duel","champ:FlashCut","champ:Backstep"],"picked":"SKIP","floor":25.0},{"not_picked":["champ:GutPunch","champ:DefensiveShout+1","champ:CalledShot"],"picked":"champ:IronFortress+1","floor":26},{"not_picked":["champ:Shatter","champ:BringItOn","champ:StanceDance+1"],"picked":"champ:FanOfKnives+1","floor":27},{"not_picked":["champ:TornadoPunch","champ:BerserkersShout","champ:RapidStrikes"],"picked":"champ:StanceDance+1","floor":29},{"not_picked":["champ:FanOfKnives","champ:GutPunch","champ:MurderStrike","champ:Shatter"],"picked":"SKIP","floor":31},{"not_picked":["champ:CrownThrow+1","champ:BladeFlurry","champ:FocusedBerserking"],"picked":"champ:IronFortress","floor":32},{"not_picked":["champ:HoldFirm","champ:ShieldThrow","champ:Devastate"],"picked":"champ:IgnorePain","floor":33},{"not_picked":["champ:DefensiveShout","champ:Haymaker","champ:RecklessLeap+1"],"picked":"champ:BringItOn","floor":36},{"not_picked":["champ:Encircle+1","champ:SkillfulDodge+1","champ:CrownThrow+1"],"picked":"champ:TornadoPunch","floor":38},{"not_picked":["champ:GladiatorStyle","champ:FocusedBerserking+1","champ:CrownThrow"],"picked":"champ:FanOfKnives","floor":40},{"not_picked":["champ:Encircle+1","champ:RecklessLeap+1","champ:BerserkersShout"],"picked":"champ:GladiatorForm","floor":43},{"not_picked":["champ:Shatter+1","champ:FlashCut+1","champ:AdrenalArmor"],"picked":"champ:TornadoPunch","floor":44},{"not_picked":["champ:PreciseThrust+1","champ:RapidStrikes+1","champ:PerfectedStrike+1"],"picked":"champ:Haymaker+1","floor":46},{"not_picked":["champ:FocusedDefense+1","champ:TornadoPunch","champ:FanOfKnives+1"],"picked":"champ:ShieldWall+1","floor":48},{"not_picked":["champ:FaceSlap","champ:DefensiveShout","champ:GladiatorStyle","champ:EnGarde+1"],"picked":"SKIP","floor":49}],"player_experience":714298,"relics_obtained":[{"floor":7.0,"key":"Matryoshka"},{"floor":10.0,"key":"The Courier"},{"floor":24.0,"key":"Question Card"},{"floor":24.0,"key":"CeramicFish"},{"floor":40,"key":"CaptainsWheel"},{"floor":41,"key":"Boot"},{"floor":41,"key":"Vajra"},{"floor":45,"key":"downfall:GremlinWheel"}],"event_choices":[{"damage_healed":0,"gold_gain":0,"player_choice":"Rummage","damage_taken":0,"relics_obtained":["WarpedTongs"],"max_hp_gain":0,"max_hp_loss":0,"event_name":"Accursed Blacksmith","floor":37,"gold_loss":0,"cards_obtained":["Pain"]},{"cards_removed":["champ:Defend"],"damage_healed":0,"gold_gain":0,"player_choice":"Removed Skill","damage_taken":0,"max_hp_gain":0,"max_hp_loss":0,"event_name":"Falling","floor":39,"gold_loss":0},{"damage_healed":0,"gold_gain":0,"player_choice":"Fight","damage_taken":0,"max_hp_gain":0,"max_hp_loss":0,"event_name":"Mysterious Sphere","floor":40,"gold_loss":0}],"is_beta":false,"boss_relics":[{"not_picked":["Coffee Dripper","Fusion Hammer"],"picked":"Tiny House"},{"not_picked":["Velvet Choker","Runic Dome"],"picked":"SacredBark"}],"items_purged_floors":[20,22,31],"is_endless":false,"potions_floor_spawned":[4,6,9,11,15,16,25,27,29,32,33,36,40,46,49],"ascension_level":0}}