{"host":"qrt7o4dq2qslzw13","time":1611166103,"event":{"mods":["AchievementEnabler","BaseMod","Colored Map","Colored Powertips","Minty Spire (QoL Compilation)","Quick Restart","StSLib","SuperFastMode"],"gold_per_floor":[116,190,190,206,218,218,229,229,229,240,25,25,45,63,63,168,168,178,22,37,37,57,86,36,56,80,96,109,58,106,106,106,106,106],"floor_reached":33,"language":"ENG","playtime":951,"items_purged":["Strike_P"],"score":261,"play_id":"691a2ac5-f600-4a59-904b-a200749518cc","local_time":"20210120130823","is_ascension_mode":false,"campfire_choices":[{"data":"Judgement","floor":6.0,"key":"SMITH"},{"data":"Adaptation","floor":8.0,"key":"SMITH"},{"floor":12.0,"key":"REST"},{"data":"ConjureBlade","floor":15.0,"key":"SMITH"},{"floor":32,"key":"REST"}],"circlet_count":0,"master_deck":["Strike_P","Strike_P","Defend_P","Defend_P","Defend_P","Defend_P","Eruption","Vigilance","Judgement+1","Meditate","InnerPeace","Adaptation+1","Weave","Prostrate","ConjureBlade+1","Wireheading","DeceiveReality","TalkToTheHand","Evaluate","MasterReality","ReachHeaven","BattleHymn+1","ConjureBlade+1","Halt","LikeWater","Protect+1","JustLucky","EmptyBody","ClearTheMind","Writhe","FlyingSleeves"],"relics":["PureWater","Mummified Hand","Dream Catcher","VioletLotus","Sling","Smiling Mask","Happy Flower","Potion Belt","Tiny Chest"],"acts_visited":["Exordium","TheCity"],"potions_floor_usage":[],"damage_taken":[{"damage":0.0,"enemies":"Cultist","floor":1.0,"turns":2.0},{"damage":0.0,"enemies":"Small Slimes","floor":4.0,"turns":3.0},{"damage":1.0,"enemies":"Jaw Worm","floor":5.0,"turns":2.0},{"damage":11.0,"enemies":"Gremlin Gang","floor":7.0,"turns":6.0},{"damage":1.0,"enemies":"Lots of Slimes","floor":10.0,"turns":4.0},{"damage":0.0,"enemies":"Red Slaver","floor":13.0,"turns":1.0},{"damage":0.0,"enemies":"Looter","floor":14.0,"turns":2.0},{"damage":19.0,"enemies":"The Guardian","floor":16.0,"turns":12.0},{"damage":9.0,"enemies":"3 Byrds","floor":18.0,"turns":7.0},{"damage":0.0,"enemies":"Chosen","floor":20.0,"turns":4.0},{"damage":5.0,"enemies":"Snecko","floor":22.0,"turns":3.0},{"damage":33.0,"enemies":"Gremlin Leader","floor":23.0,"turns":4.0},{"damage":7.0,"enemies":"Snake Plant","floor":25.0,"turns":5.0},{"damage":15,"enemies":"Centurion and Healer","floor":27,"turns":5},{"damage":8,"enemies":"Cultist and Chosen","floor":28,"turns":6},{"damage":0,"enemies":"Automaton","floor":33,"turns":1}],"seed_played":"5268026607294920217","potions_obtained":[{"floor":1.0,"key":"EntropicBrew"},{"floor":13.0,"key":"FairyPotion"},{"floor":25.0,"key":"Strength Potion"},{"floor":28,"key":"FearPotion"}],"is_trial":false,"path_per_floor":["M","T","?","M","M","R","M","R","T","M","$","R","M","M","R","B",null,"M","$","M","?","M","E","$","M","T","M","M","$","T","?","R","B"],"character_chosen":"WATCHER","items_purchased":["ConjureBlade","Wireheading","Sling","ClearTheMind"],"campfire_rested":2,"item_purchase_floors":[11,11,19,29],"current_hp_per_floor":[51,51,51,51,50,50,39,39,39,38,38,59,59,59,59,40,72,63,63,63,63,58,25,25,18,18,3,16,16,16,16,37,37,37],"gold":106,"neow_bonus":"THREE_RARE_CARDS","is_daily":false,"chose_seed":false,"campfire_upgraded":3,"win_rate":0.0,"timestamp":1611166103,"path_taken":["M","?","?","M","M","R","M","R","T","?","$","R","M","M","R","BOSS","M","$","M","?","M","E","$","?","T","?","M","$","?","?","R","BOSS"],"items_purchased_type":["Card","Card","Relic","Card"],"build_version":"2020-12-22","purchased_purges":1,"victory":false,"max_hp_per_floor":[72,72,72,72,72,72,72,72,72,72,72,72,72,72,72,72,72,72,72,72,72,72,72,72,72,72,72,72,72,72,72,72,72,72],"card_choices":[{"not_picked":["SpiritShield","Establishment"],"picked":"Judgement","floor":0.0},{"not_picked":["FlurryOfBlows","Conclude"],"picked":"Meditate","floor":1.0},{"not_picked":["ThirdEye","EmptyBody"],"picked":"InnerPeace","floor":4.0},{"not_picked":["DeceiveReality","Consecrate"],"picked":"Adaptation","floor":5.0},{"not_picked":["Vengeance","EmptyBody"],"picked":"Weave","floor":7.0},{"not_picked":["EmptyFist","Crescendo"],"picked":"Prostrate","floor":10.0},{"not_picked":["Wallop","Study"],"picked":"DeceiveReality","floor":12.0},{"not_picked":["SashWhip","Evaluate"],"picked":"TalkToTheHand","floor":13.0},{"not_picked":["TalkToTheHand","CutThroughFate"],"picked":"Evaluate","floor":14.0},{"not_picked":["Blasphemy","Alpha"],"picked":"MasterReality","floor":16.0},{"not_picked":["EmptyFist","Collect+1"],"picked":"ReachHeaven","floor":18.0},{"not_picked":["JustLucky","PathToVictory+1"],"picked":"BattleHymn+1","floor":20.0},{"not_picked":["LikeWater","WheelKick"],"picked":"Halt","floor":22.0},{"not_picked":["Study","Evaluate"],"picked":"LikeWater","floor":23.0},{"not_picked":["EmptyBody","BowlingBash"],"picked":"Protect+1","floor":25.0},{"not_picked":["Wireheading","ThirdEye+1"],"picked":"JustLucky","floor":27},{"not_picked":["FlurryOfBlows","PathToVictory+1"],"picked":"EmptyBody","floor":28},{"not_picked":["ReachHeaven","SpiritShield"],"picked":"FlyingSleeves","floor":32}],"player_experience":570875,"relics_obtained":[{"floor":2.0,"key":"Mummified Hand"},{"floor":9.0,"key":"Dream Catcher"},{"floor":23.0,"key":"Smiling Mask"},{"floor":26.0,"key":"Happy Flower"},{"floor":30,"key":"Potion Belt"}],"event_choices":[{"cards_removed":["Strike_P"],"damage_healed":0.0,"max_hp_gain":0.0,"max_hp_loss":0.0,"gold_gain":0.0,"event_name":"Bonfire Elementals","player_choice":"Offered Basic","floor":3.0,"gold_loss":0.0,"damage_taken":0.0},{"damage_healed":0.0,"max_hp_gain":0.0,"max_hp_loss":0.0,"gold_gain":0.0,"event_name":"Duplicator","player_choice":"Copied","floor":21.0,"gold_loss":0.0,"damage_taken":0.0,"cards_obtained":["ConjureBlade"]},{"damage_healed":0,"gold_gain":0,"player_choice":"Opened","damage_taken":0,"relics_obtained":["Tiny Chest"],"max_hp_gain":0,"max_hp_loss":0,"event_name":"The Mausoleum","floor":31,"gold_loss":0,"cards_obtained":["Writhe"]}],"is_beta":false,"boss_relics":[{"not_picked":["Pandora\u0027s Box","SacredBark"],"picked":"VioletLotus"}],"items_purged_floors":[24],"is_endless":false,"potions_floor_spawned":[1,7,13,23,25,28],"killed_by":"Automaton","ascension_level":0}}