{"host":"3zmssa4s99zhxek5","time":1611108838,"event":{"mods":["AchievementEnabler","BaseMod","Minty Spire (QoL Compilation)","Permanent Neow","Relic Stats"],"gold_per_floor":[113,113,132,145,165,190,190,190,213,213,213,223,255,85,85,85,85],"floor_reached":16,"language":"KOR","playtime":839,"items_purged":["Strike_R"],"score":220,"play_id":"14b84029-c840-436c-8f41-07bb3db49e59","local_time":"20210120111358","is_ascension_mode":true,"campfire_choices":[{"floor":7,"key":"REST"},{"data":"Barricade","floor":10,"key":"SMITH"},{"data":"True Grit","floor":15,"key":"SMITH"}],"circlet_count":0,"master_deck":["AscendersBane","Strike_R","Strike_R","Strike_R","Defend_R","Defend_R+1","Defend_R","Defend_R+1","Bash","True Grit+1","Inflame","Barricade+1","Twin Strike","Shockwave","Body Slam","Impervious","Battle Trance","Shrug It Off"],"relics":["SlaversCollar","Bronze Scales","Ancient Tea Set","Orichalcum","Charon\u0027s Ashes"],"acts_visited":["Exordium"],"potions_floor_usage":[5,6,16],"damage_taken":[{"damage":11,"enemies":"2 Louse","floor":1,"turns":3},{"damage":0,"enemies":"Jaw Worm","floor":3,"turns":6},{"damage":8,"enemies":"Small Slimes","floor":4,"turns":5},{"damage":18,"enemies":"Gremlin Gang","floor":5,"turns":5},{"damage":20,"enemies":"3 Sentries","floor":6,"turns":10},{"damage":0,"enemies":"Large Slime","floor":12,"turns":7},{"damage":3,"enemies":"Lagavulin","floor":13,"turns":8},{"damage":25,"enemies":"Slime Boss","floor":16,"turns":8}],"seed_played":"2643233336368819008","potions_obtained":[{"floor":3,"key":"LiquidBronze"},{"floor":5,"key":"BloodPotion"},{"floor":6,"key":"Explosive Potion"}],"is_trial":false,"path_per_floor":["M","?","M","M","M","E","R","?","T","R","?","M","E","$","R","B"],"character_chosen":"IRONCLAD","items_purchased":["Battle Trance","Shrug It Off"],"campfire_rested":1,"item_purchase_floors":[14,14],"current_hp_per_floor":[57,34,34,26,8,3,25,25,25,25,25,25,22,22,22,0,0],"gold":85,"neow_bonus":"BOSS_RELIC","is_daily":false,"chose_seed":false,"campfire_upgraded":2,"win_rate":0.0,"timestamp":1611108838,"path_taken":["M","?","M","M","M","E","R","?","T","R","?","M","E","$","R","BOSS"],"items_purchased_type":["Card","Card"],"build_version":"2020-12-22","purchased_purges":1,"victory":false,"max_hp_per_floor":[75,75,75,75,75,75,75,75,75,75,75,75,75,75,75,75,75],"relic_stats":{"counters":[8,52],"Bronze Scales":[36],"Charon\u0027s Ashes":[45],"Orichalcum":[24],"obtain_stats":[{"SlaversCollar":0,"Bronze Scales":6,"Charon\u0027s Ashes":13,"Orichalcum":9,"Ancient Tea Set":8,"Burning Blood":0},{"SlaversCollar":0,"Bronze Scales":5,"Charon\u0027s Ashes":7,"Orichalcum":5,"Ancient Tea Set":5,"Burning Blood":0},{"SlaversCollar":0,"Bronze Scales":29,"Charon\u0027s Ashes":44,"Orichalcum":29,"Ancient Tea Set":29,"Burning Blood":0}]},"card_choices":[{"not_picked":["Havoc","Warcry"],"picked":"True Grit","floor":1},{"not_picked":["Feel No Pain","Headbutt"],"picked":"Inflame","floor":3},{"not_picked":["Dual Wield","Anger"],"picked":"Barricade","floor":4},{"not_picked":["Flex","Perfected Strike"],"picked":"Twin Strike","floor":5},{"not_picked":["Clash","Perfected Strike"],"picked":"Shockwave","floor":6},{"not_picked":["Iron Wave","Shrug It Off"],"picked":"Body Slam","floor":12},{"not_picked":["Armaments","Thunderclap"],"picked":"Impervious","floor":13}],"player_experience":1538550,"relics_obtained":[{"floor":6,"key":"Bronze Scales"},{"floor":9,"key":"Orichalcum"},{"floor":13,"key":"Charon\u0027s Ashes"}],"event_choices":[{"damage_healed":0,"gold_gain":0,"player_choice":"Entered Light","damage_taken":23,"max_hp_gain":0,"max_hp_loss":0,"event_name":"Shining Light","floor":2,"gold_loss":0,"cards_upgraded":["Defend_R","Defend_R"]},{"damage_healed":0,"gold_gain":0,"player_choice":"Searched \u00271\u0027 times","damage_taken":0,"relics_obtained":["Ancient Tea Set"],"max_hp_gain":0,"max_hp_loss":0,"event_name":"Dead Adventurer","floor":8,"gold_loss":0},{"cards_removed":["Strike_R"],"damage_healed":0,"gold_gain":0,"player_choice":"Purged","damage_taken":0,"max_hp_gain":0,"max_hp_loss":0,"event_name":"Purifier","floor":11,"gold_loss":0}],"is_beta":false,"boss_relics":[],"items_purged_floors":[14],"is_endless":false,"potions_floor_spawned":[3,5,6],"killed_by":"Slime Boss","ascension_level":20}}