{"host":"Zandorum","time":1611127861,"event":{"mods":["100% Spire Juice","2.2 Compatiblity","Act Like it!","Bard","BaseMod","Hermit","Hubris","Jorbs\u0027s Wanderer Trilogy","Mimic Mod","Minty Spire (QoL Compilation)","Quick Restart","Rare Cards Sparkle","Reorder Act Four","Somnambulant","StSLib","The Cursed","The Disciple","The Hierophant","The Jungle","The Runesmith"],"gold_per_floor":[135,175,175,125,125,168,82,82,141,42,87,87,1,22,22,170,170,189,189,230,53,97,97,97,121,144,169,210,210,90,110,110,235,235,274,127,127,87,100,144,24,0,0,0,38,38,79,98,98,98,98],"floor_reached":50,"language":"ENG","playtime":2074,"items_purged":["Regret","PanicButton"],"score":750,"play_id":"04f0234b-3753-44e3-bf11-a8a231bca6e7","local_time":"20210119233101","is_ascension_mode":false,"campfire_choices":[{"data":"Moonworks:BigBangBell","floor":8,"key":"SMITH"},{"floor":12,"key":"REST"},{"floor":15,"key":"REST"},{"data":"Moonworks:IndiscriminateFireSupport","floor":23,"key":"SMITH"},{"floor":30,"key":"REST"},{"floor":32,"key":"REST"},{"data":"Moonworks:StarBlastingFuse","floor":41,"key":"SMITH"},{"data":"Moonworks:StarBlastingFuse","floor":49,"key":"SMITH"}],"circlet_count":0,"master_deck":["Moonworks:BigBangBell+1","Moonworks:Strike","Moonworks:Strike","Moonworks:Strike","Moonworks:Strike","Moonworks:Defend+1","Moonworks:Defend","Moonworks:Defend","Moonworks:Defend","Moonworks:Ambush","Moonworks:LongDistanceShot","HandOfGreed","Moonworks:NicePresent","Moonworks:WindyEnchantment","Moonworks:Encore+1","Moonworks:NicePresent","Moonworks:NicePresent","Moonworks:NicePresent","Moonworks:CloudOfSeagulls","Moonworks:JonathanRush","Moonworks:JonathanRush","Moonworks:SubspaceTunnel+1","Moonworks:CompletionReward","Moonworks:BigBangBell+1","Moonworks:IndiscriminateFireSupport+1","Moonworks:EvilSpyWorkPreparation","Moonworks:EvilSpyWorkPreparation","Moonworks:EvilSpyWorkPreparation","Moonworks:EvilSpyWorkPreparation+1","Moonworks:StarBlastingFuse+1","Moonworks:ForcedRevival+1","Moonworks:NicePresent","Moonworks:EvilSpyWorkPreparation+1","Moonworks:JonathanRush","Moonworks:AwakeningOfTalent+1","Moonworks:StarBlastingFuse+1","Moonworks:JonathanRush+1"],"relics":["Moonworks:BrokenBomb","Moonworks:Homemark","Golden Idol","Frozen Egg 2","hubris:Spice","Potion Belt","hubris:BlackHole","Enchiridion","Oddly Smooth Stone","WingedGreaves","Runic Pyramid","hubris:Icosahedron","Centennial Puzzle","Blue Candle","Red Mask","War Paint"],"acts_visited":["Exordium","TheCity","TheBeyond"],"potions_floor_usage":[6,16,16,25,33,33,45,47,50,50],"damage_taken":[{"damage":0,"enemies":"2 Louse","floor":1,"turns":2},{"damage":6,"enemies":"Jaw Worm","floor":2,"turns":2},{"damage":21,"enemies":"Gremlin Nob","floor":6,"turns":4},{"damage":10,"enemies":"Small Slimes","floor":7,"turns":3},{"damage":14,"enemies":"Exordium Thugs","floor":9,"turns":5},{"damage":9,"enemies":"Exordium Thugs","floor":11,"turns":4},{"damage":7,"enemies":"Red Slaver","floor":13,"turns":3},{"damage":6,"enemies":"Looter","floor":14,"turns":2},{"damage":26,"enemies":"Slime Boss","floor":16,"turns":7},{"damage":4,"enemies":"Chosen","floor":18,"turns":3},{"damage":4,"enemies":"2 Thieves","floor":20,"turns":2},{"damage":0,"enemies":"3 Cultists","floor":22,"turns":2},{"damage":0,"enemies":"Snecko","floor":25,"turns":2},{"damage":0,"enemies":"Sentry and Sphere","floor":27,"turns":1},{"damage":19,"enemies":"Gremlin Leader","floor":28,"turns":3},{"damage":0,"enemies":"Chosen and Byrds","floor":31,"turns":2},{"damage":18,"enemies":"Champ","floor":33,"turns":6},{"damage":0,"enemies":"3 Shapes","floor":35,"turns":2},{"damage":0,"enemies":"Orb Walker","floor":39,"turns":2},{"damage":10,"enemies":"Giant Head","floor":40,"turns":4},{"damage":0,"enemies":"Reptomancer","floor":45,"turns":2},{"damage":10,"enemies":"Nemesis","floor":47,"turns":3},{"damage":0,"enemies":"Jaw Worm Horde","floor":48,"turns":1},{"damage":97,"enemies":"Time Eater","floor":50,"turns":5}],"seed_played":"214906605886409602","potions_obtained":[{"floor":2,"key":"AttackPotion"},{"floor":11,"key":"Ancient Potion"},{"floor":13,"key":"SkillPotion"},{"floor":16,"key":"Block Potion"},{"floor":25,"key":"LiquidMemories"},{"floor":31,"key":"PowerPotion"},{"floor":33,"key":"SkillPotion"},{"floor":39,"key":"Dexterity Potion"},{"floor":48,"key":"Swift Potion"}],"is_trial":false,"path_per_floor":["M","M","?","?","?","E","M","R","MIM","$","M","R","M","M","R","B",null,"M","?","M","$","M","R","?","M","T","M","E","?","R","M","R","B",null,"M","$","?","?","M","E","R","$","T","?","E","?","E","M","R","B"],"character_chosen":"THE_STARBREAKER","items_purchased":["Moonworks:NicePresent","Moonworks:CloudOfSeagulls","Moonworks:EvilSpyWorkPreparation","Swift Potion","Moonworks:NicePresent","Moonworks:JonathanRush"],"campfire_rested":4,"item_purchase_floors":[10,10,21,21,36,42],"current_hp_per_floor":[60,54,54,54,54,41,31,31,17,17,8,27,20,16,35,9,64,60,60,56,56,56,56,40,40,40,40,21,9,28,28,47,41,60,60,60,60,60,60,53,53,53,53,53,64,64,65,65,65,0,0],"gold":98,"neow_bonus":"RANDOM_COLORLESS_2","is_daily":false,"chose_seed":false,"campfire_upgraded":4,"win_rate":0.0,"timestamp":1611127861,"path_taken":["M","M","?","?","?","E","M","R","MIM","?","M","R","?","M","R","BOSS","M","?","?","$","M","R","?","M","T","M","E","?","R","M","R","BOSS","M","$","?","?","?","E","R","$","T","?","E","?","E","M","R","BOSS"],"items_purchased_type":["Card","Card","Card","Potion","Card","Card"],"build_version":"2020-12-18","purchased_purges":2,"victory":false,"max_hp_per_floor":[60,60,56,56,56,64,64,64,64,64,64,64,64,64,64,64,64,64,64,64,64,64,64,64,64,64,64,64,64,64,64,64,60,60,60,60,60,60,60,60,60,60,60,60,68,68,68,68,68,68,68],"card_choices":[{"not_picked":["Sadistic Nature","Chrysalis"],"picked":"HandOfGreed","floor":0},{"not_picked":["Moonworks:EvilSpyWorkPreparation","Moonworks:FullSpeedAlicianrone"],"picked":"Moonworks:NicePresent","floor":1},{"not_picked":["Moonworks:SakisCookie","Moonworks:DeployBits"],"picked":"Moonworks:WindyEnchantment","floor":2},{"not_picked":["Moonworks:ReflectiveShell+1","Moonworks:ImOnFire"],"picked":"Moonworks:Encore+1","floor":6},{"not_picked":["Moonworks:IndiscriminateFireSupport","Moonworks:SakisCookie"],"picked":"Moonworks:NicePresent","floor":7},{"not_picked":["Moonworks:BigMagnum","Moonworks:LulusLuckyEgg"],"picked":"Moonworks:NicePresent","floor":9},{"not_picked":["Moonworks:BigMagnum","Moonworks:BindingChains"],"picked":"Moonworks:SakisCookie","floor":11},{"not_picked":["Moonworks:RedAndBlue","Moonworks:Dinner"],"picked":"Moonworks:JonathanRush","floor":13},{"not_picked":["Moonworks:ImOnFire","Moonworks:LulusLuckyEgg"],"picked":"Moonworks:JonathanRush","floor":14},{"not_picked":["Moonworks:EvilMastermind","Moonworks:MetallicMonocoque+1"],"picked":"Moonworks:SubspaceTunnel","floor":16},{"not_picked":["Moonworks:AngelHand+1","Moonworks:LulusLuckyEgg"],"picked":"Moonworks:CompletionReward","floor":18},{"not_picked":["Moonworks:DeployBits","Moonworks:Heat300Percent+1"],"picked":"Moonworks:IndiscriminateFireSupport","floor":20},{"not_picked":["Moonworks:LulusLuckyEgg","Moonworks:BigMagnum","Moonworks:IndiscriminateFireSupport"],"picked":"SKIP","floor":22},{"not_picked":["Moonworks:TacticalRetreat","Moonworks:JonathanRush"],"picked":"Moonworks:EvilSpyWorkPreparation","floor":25},{"not_picked":["Moonworks:TacticalRetreat","Moonworks:ImOnFire+1"],"picked":"Moonworks:EvilSpyWorkPreparation","floor":27},{"not_picked":["Moonworks:Poppoformation+1","Moonworks:ImmovableObject","Moonworks:RedAndBlue"],"picked":"SKIP","floor":28},{"not_picked":["Moonworks:IntelligenceOfficer","Moonworks:IndiscriminateFireSupport"],"picked":"Moonworks:EvilSpyWorkPreparation","floor":31},{"not_picked":["Moonworks:Wanted","Moonworks:OutOfAmmo+1"],"picked":"Moonworks:StarBlastingFuse","floor":33},{"not_picked":["Moonworks:WindyEnchantment","Moonworks:UnpaidWork"],"picked":"Moonworks:ForcedRevival+1","floor":35},{"not_picked":["Moonworks:BigMagnum","Moonworks:DeployBits+1"],"picked":"Moonworks:EvilSpyWorkPreparation+1","floor":39},{"not_picked":["Moonworks:MixPhenomenon","Moonworks:ExtendedPhotonRifle+1","Moonworks:ScrambledEve+1"],"picked":"SKIP","floor":40},{"not_picked":["Moonworks:UnluckyCharm","Moonworks:Dash"],"picked":"Moonworks:AwakeningOfTalent+1","floor":45},{"not_picked":["Moonworks:TacticalRetreat+1","Moonworks:DeployBits","Moonworks:BigMagnum"],"picked":"SKIP","floor":47},{"not_picked":["Moonworks:BigMagnum","Moonworks:DeployBits"],"picked":"Moonworks:JonathanRush+1","floor":48}],"player_experience":156934,"relics_obtained":[{"floor":6,"key":"hubris:Spice"},{"floor":9,"key":"Potion Belt"},{"floor":24,"key":"Enchiridion"},{"floor":26,"key":"Oddly Smooth Stone"},{"floor":28,"key":"WingedGreaves"},{"floor":40,"key":"Centennial Puzzle"},{"floor":43,"key":"Blue Candle"},{"floor":45,"key":"hubris:Spice"},{"floor":47,"key":"War Paint"}],"event_choices":[{"damage_healed":0,"gold_gain":0,"player_choice":"Lose Max HP","damage_taken":0,"relics_obtained":["Golden Idol"],"max_hp_gain":0,"max_hp_loss":4,"event_name":"Golden Idol","floor":3,"gold_loss":0},{"cards_removed":["Shame"],"damage_healed":0,"gold_gain":0,"player_choice":"Card Removal","damage_taken":0,"max_hp_gain":0,"max_hp_loss":0,"event_name":"The Cleric","floor":4,"gold_loss":50},{"damage_healed":0,"gold_gain":0,"player_choice":"Box","damage_taken":0,"relics_obtained":["Frozen Egg 2"],"max_hp_gain":0,"max_hp_loss":0,"event_name":"Big Fish","floor":5,"gold_loss":0,"cards_obtained":["Regret"]},{"damage_healed":0,"gold_gain":0,"player_choice":"Copied","damage_taken":0,"max_hp_gain":0,"max_hp_loss":0,"event_name":"Duplicator","floor":19,"gold_loss":0,"cards_obtained":["Moonworks:BigBangBell"]},{"damage_healed":0,"gold_gain":0,"player_choice":"Obtained Book","damage_taken":16,"max_hp_gain":0,"max_hp_loss":0,"event_name":"Cursed Tome","floor":24,"gold_loss":0},{"damage_healed":0,"gold_gain":0,"player_choice":"CARD ","damage_taken":12,"max_hp_gain":0,"max_hp_loss":0,"event_name":"Knowing Skull","floor":29,"potions_obtained":[],"gold_loss":0,"cards_obtained":["PanicButton"]},{"damage_healed":0,"gold_gain":0,"player_choice":"Upgraded Two","damage_taken":0,"max_hp_gain":0,"max_hp_loss":0,"event_name":"Designer","floor":38,"gold_loss":40,"cards_upgraded":["Moonworks:SubspaceTunnel","Moonworks:SakisCookie"]},{"damage_healed":0,"gold_gain":0,"player_choice":"Paid","damage_taken":0,"relics_obtained":["Red Mask"],"max_hp_gain":0,"max_hp_loss":0,"event_name":"Tomb of Lord Red Mask","floor":44,"gold_loss":0},{"cards_removed":["Moonworks:SakisCookie"],"damage_healed":0,"gold_gain":0,"player_choice":"Took Card","damage_taken":0,"max_hp_gain":0,"max_hp_loss":0,"event_name":"NoteForYourself","floor":46,"gold_loss":0,"cards_obtained":["Moonworks:StarBlastingFuse"]}],"is_beta":true,"boss_relics":[{"not_picked":["Runesmith:UraniumAnvil","Astrolabe"],"picked":"hubris:BlackHole"},{"not_picked":["Busted Crown","Pandora\u0027s Box"],"picked":"Runic Pyramid"}],"items_purged_floors":[21,36],"is_endless":false,"potions_floor_spawned":[2,11,13,16,25,31,33,39,48],"killed_by":"Time Eater","ascension_level":0}}