{"host":"9v3x998ddbx8o276","time":1611143576,"event":{"mods":["AchievementEnabler","BaseMod","Colored Map","Colored Powertips","Highlight Path","Minty Spire (QoL Compilation)","Quick Restart","Rare Cards Sparkle"],"gold_per_floor":[111,129,129,129,141,169,188,188,213,213,228,228,254,270,270,342,342,362,243,163,163],"floor_reached":20,"language":"ENG","playtime":644,"items_purged":["Strike_B"],"score":368,"play_id":"1d6ac940-1bca-4ea2-ab6d-ffcb24700307","local_time":"20210120222256","is_ascension_mode":true,"campfire_choices":[{"floor":8,"key":"REST"},{"floor":12,"key":"REST"},{"floor":15,"key":"REST"}],"circlet_count":0,"master_deck":["AscendersBane","Strike_B","Strike_B","Strike_B","Defend_B","Defend_B","Defend_B","Defend_B","Zap","Dualcast","Panacea","Melter+1","Static Discharge","Sweeping Beam","Buffer","Sweeping Beam","Rip and Tear","Conserve Battery","Turbo","Biased Cognition","Cold Snap","Capacitor"],"relics":["Cracked Core","GremlinMask","Anchor","Juzu Bracelet","Pen Nib","Bag of Preparation","Philosopher\u0027s Stone"],"acts_visited":["Exordium","TheCity"],"potions_floor_usage":[16,20],"damage_taken":[{"damage":2,"enemies":"Jaw Worm","floor":1,"turns":4},{"damage":1,"enemies":"Cultist","floor":2,"turns":4},{"damage":11,"enemies":"Small Slimes","floor":5,"turns":3},{"damage":24,"enemies":"Gremlin Nob","floor":6,"turns":4},{"damage":16,"enemies":"Blue Slaver","floor":7,"turns":4},{"damage":5,"enemies":"3 Louse","floor":11,"turns":3},{"damage":20,"enemies":"Lagavulin","floor":13,"turns":6},{"damage":0,"enemies":"Large Slime","floor":14,"turns":4},{"damage":26,"enemies":"Slime Boss","floor":16,"turns":9},{"damage":35,"enemies":"Shell Parasite","floor":18,"turns":4},{"damage":31,"enemies":"2 Thieves","floor":20,"turns":2}],"seed_played":"3227743365465149580","potions_obtained":[{"floor":1,"key":"PowerPotion"},{"floor":5,"key":"Block Potion"},{"floor":6,"key":"PotionOfCapacity"},{"floor":18,"key":"LiquidMemories"}],"is_trial":false,"path_per_floor":["M","M","?","?","M","E","M","R","T","T","M","R","E","M","R","B",null,"M","$","M"],"character_chosen":"DEFECT","items_purchased":["Capacitor"],"campfire_rested":3,"item_purchase_floors":[19],"current_hp_per_floor":[62,61,61,61,50,26,10,31,31,31,26,47,27,27,48,22,59,24,24,0,0],"gold":163,"neow_bonus":"RANDOM_COLORLESS","is_daily":false,"chose_seed":false,"campfire_upgraded":0,"win_rate":0.0,"timestamp":1611143576,"path_taken":["M","M","?","?","?","E","M","R","T","?","M","R","E","M","R","BOSS","M","$","M"],"items_purchased_type":["Card"],"build_version":"2020-12-22","purchased_purges":1,"victory":false,"max_hp_per_floor":[71,71,71,71,71,71,71,71,71,71,71,71,71,71,71,71,71,71,71,71,71],"card_choices":[{"not_picked":["Deep Breath","Dark Shackles"],"picked":"Panacea","floor":0},{"not_picked":["Streamline","Static Discharge"],"picked":"Melter","floor":1},{"not_picked":["Redo","Consume"],"picked":"Static Discharge","floor":2},{"not_picked":["Aggregate","Go for the Eyes"],"picked":"Sweeping Beam","floor":5},{"not_picked":["Rebound","Cold Snap"],"picked":"Buffer","floor":6},{"not_picked":["Compile Driver","Streamline"],"picked":"Sweeping Beam","floor":7},{"not_picked":["Redo","Compile Driver"],"picked":"Rip and Tear","floor":11},{"not_picked":["Rebound","Redo"],"picked":"Conserve Battery","floor":13},{"not_picked":["Rip and Tear","Streamline"],"picked":"Turbo","floor":14},{"not_picked":["Multi-Cast","Rainbow"],"picked":"Biased Cognition","floor":16},{"not_picked":["Go for the Eyes","Static Discharge"],"picked":"Cold Snap","floor":18}],"player_experience":1678310,"relics_obtained":[{"floor":6,"key":"Anchor"},{"floor":9,"key":"Juzu Bracelet"},{"floor":10,"key":"Pen Nib"},{"floor":13,"key":"Bag of Preparation"}],"event_choices":[{"damage_healed":0,"gold_gain":0,"player_choice":"Grow","damage_taken":0,"max_hp_gain":0,"max_hp_loss":0,"event_name":"Living Wall","floor":3,"gold_loss":0,"cards_upgraded":["Melter"]},{"damage_healed":0,"gold_gain":0,"player_choice":"Trade","damage_taken":0,"relics_obtained":["GremlinMask"],"max_hp_gain":0,"max_hp_loss":0,"event_name":"FaceTrader","floor":4,"gold_loss":0}],"is_beta":false,"boss_relics":[{"not_picked":["Fusion Hammer","Coffee Dripper"],"picked":"Philosopher\u0027s Stone"}],"items_purged_floors":[19],"is_endless":false,"potions_floor_spawned":[1,5,6,13,18],"killed_by":"2 Thieves","ascension_level":20}}