{"host":"ndpbn7fqb3wjbd7p","time":1611114767,"event":{"mods":["AchievementEnabler","Act Like it!","AlwaysNeverKeys","BaseMod","Better Vampires","Block Reminder","Colored Powertips","DeckTracker","Defuse TimeMaze Blight","Friendly Minions","Hallownest","Hermit","Highlight Path","MarisaÅiñ∂âJÅ@ñÇóùçπÅj","Minty Spire (QoL Compilation)","Permanent Neow","Shade Mod","StSLib","SuperFastMode","Synergy Search","The Mystic","Unceasing Turn Reminder","Wandering Minibosses","egg"],"gold_per_floor":[113,38,38,61,76,76,76,109,109,127,127,127,171,21,21,119,119,134,9,9,9,24,24,24,24,24,24,24,55,55,55,55,133,183,202,202,227,227,23,23,49,49,100,110,155,155,167,167,167,167],"floor_reached":51,"language":"ENG","playtime":2985,"items_purged":["Hallownest:curseDreamersLament","Strike_G","Defend_G","Survivor"],"score":1484,"play_id":"cf37ead8-bf4b-4086-b5a0-3b7af5f3235c","local_time":"20210120045247","is_ascension_mode":true,"campfire_choices":[{"data":"Deadly Poison","floor":6,"key":"SMITH"},{"data":"Infinite Blades","floor":11,"key":"SMITH"},{"data":"Cloak And Dagger","floor":15,"key":"SMITH"},{"data":"Envenom","floor":23,"key":"SMITH"},{"data":"Infinite Blades","floor":25,"key":"SMITH"},{"data":"Crippling Poison","floor":27,"key":"SMITH"},{"data":"Infinite Blades","floor":32,"key":"SMITH"},{"data":"Cloak And Dagger","floor":40,"key":"SMITH"},{"data":"Deep Breath","floor":42,"key":"SMITH"},{"floor":46,"key":"DIG"},{"floor":49,"key":"DIG"}],"circlet_count":0,"master_deck":["AscendersBane","Defend_G","Defend_G","Defend_G","Neutralize","Leg Sweep","Venomology","Blur","Deadly Poison+1","Infinite Blades+1","Crippling Poison+1","Envenom+1","Cloak And Dagger+1","Dodge and Roll+1","Infinite Blades+1","Infinite Blades+1","Storm of Steel+1","Flechettes","Necronomicurse","After Image","Predator+1","Footwork","Deep Breath+1","Blur","Madness","Madness","Cloak And Dagger+1","Accuracy","Catalyst","Backflip"],"relics":["Ring of the Snake","Bloody Idol","Kunai","Ornamental Fan","Mummified Hand","Philosopher\u0027s Stone","Thread and Needle","Lantern","Necronomicon","Tiny House","Bird Faced Urn","CaptainsWheel","Boot","Shovel","Vajra","Frozen Egg 2","Pocketwatch"],"acts_visited":["Exordium","TheCity","TheBeyond"],"potions_floor_usage":[1,4,8,8,10,13,13,16,18,22,29,33,33,35,37,41,50,50,50],"damage_taken":[{"damage":5,"enemies":"Small Slimes","floor":1,"turns":4},{"damage":4,"enemies":"Cultist","floor":4,"turns":4},{"damage":5,"enemies":"2 Louse","floor":5,"turns":5},{"damage":13,"enemies":"Lagavulin","floor":8,"turns":9},{"damage":14,"enemies":"2 Fungi Beasts","floor":10,"turns":6},{"damage":8,"enemies":"3 Sentries","floor":13,"turns":7},{"damage":0,"enemies":"Hexaghost","floor":16,"turns":9},{"damage":39,"enemies":"3 Byrds","floor":18,"turns":6},{"damage":7,"enemies":"Spheric Guardian","floor":22,"turns":6},{"damage":0,"enemies":"Book of Stabbing","floor":29,"turns":6},{"damage":5,"enemies":"Collector","floor":33,"turns":8},{"damage":0,"enemies":"3 Shapes","floor":35,"turns":4},{"damage":0,"enemies":"Mind Bloom Boss Battle","floor":37,"turns":6},{"damage":28,"enemies":"Nemesis","floor":41,"turns":9},{"damage":1,"enemies":"Orb Walker","floor":44,"turns":3},{"damage":13,"enemies":"2 Orb Walkers","floor":45,"turns":4},{"damage":23,"enemies":"3 Darklings","floor":47,"turns":5},{"damage":0,"enemies":"Donu and Deca","floor":50,"turns":9}],"seed_played":"2049942530232217728","potions_obtained":[{"floor":8,"key":"LiquidMemories"},{"floor":10,"key":"Strength Potion"},{"floor":13,"key":"Weak Potion"},{"floor":34,"key":"Fire Potion"},{"floor":35,"key":"Regen Potion"},{"floor":47,"key":"Swift Potion"}],"is_trial":false,"path_per_floor":["M","$","?","M","M","R","?","E","T","M","R","?","E","$","R","B",null,"M","$","?","$","M","R","?","R","T","R","?","E","$","?","R","B",null,"M","?","?","?","$","R","E","R","T","M","?","R","M","T","R","B",null],"character_chosen":"THE_SILENT","items_purchased":["Cloak And Dagger","Cloak And Dagger"],"campfire_rested":0,"item_purchase_floors":[14,39],"current_hp_per_floor":[54,54,54,50,45,45,50,37,37,23,23,23,15,15,15,15,53,14,14,14,14,12,12,12,12,12,12,12,17,17,19,19,19,60,65,55,60,47,47,47,51,51,56,70,66,66,58,58,58,70],"gold":167,"neow_bonus":"TRANSFORM_TWO_CARDS","is_daily":false,"chose_seed":false,"campfire_upgraded":9,"win_rate":0.0,"timestamp":1611114767,"path_taken":["M","$","?","M","M","R","?","E","T","M","R","?","E","$","R","BOSS","M","?","?","$","M","R","?","R","T","R","?","E","$","?","R","BOSS","M","?","?","?","$","R","E","R","T","M","?","R","?","?","R","BOSS"],"items_purchased_type":["Card","Card"],"build_version":"2020-12-22","purchased_purges":4,"victory":true,"max_hp_per_floor":[66,66,60,60,60,60,65,65,65,65,65,65,65,65,65,65,65,65,65,65,65,65,65,65,65,65,65,65,65,65,65,65,65,70,70,70,70,70,70,70,70,70,70,70,70,70,70,70,70,70],"card_choices":[{"not_picked":["Expertise","Poisoned Stab"],"picked":"Blur","floor":1},{"not_picked":["Backstab","Acrobatics"],"picked":"Deadly Poison","floor":4},{"not_picked":["Backflip","Terror"],"picked":"Infinite Blades","floor":5},{"not_picked":["Sucker Punch","Dagger Throw"],"picked":"Crippling Poison","floor":8},{"not_picked":["Calculated Gamble","Flechettes","PiercingWail"],"picked":"SKIP","floor":10},{"not_picked":["Dagger Throw","Deadly Poison"],"picked":"Envenom","floor":13},{"not_picked":["Quick Slash","Sucker Punch","Distraction"],"picked":"SKIP","floor":18},{"not_picked":["Crippling Poison+1","Outmaneuver"],"picked":"Dodge and Roll+1","floor":22},{"not_picked":["Deadly Poison","Night Terror"],"picked":"Flechettes","floor":29},{"not_picked":["Malaise","Unload"],"picked":"After Image","floor":33},{"not_picked":["Setup","Well Laid Plans"],"picked":"Predator+1","floor":34},{"not_picked":["Slice+1","Endless Agony+1"],"picked":"Footwork","floor":35},{"not_picked":["Dark Shackles","Mind Blast"],"picked":"Deep Breath","floor":36},{"not_picked":["Acrobatics","Dagger Spray"],"picked":"Blur","floor":37},{"not_picked":["Blur","Noxious Fumes"],"picked":"Accuracy","floor":41},{"not_picked":["Acrobatics","Slice+1"],"picked":"Catalyst","floor":44},{"not_picked":["Flying Knee","Dodge and Roll"],"picked":"Backflip","floor":47}],"player_experience":1154312,"relics_obtained":[{"floor":8,"key":"Kunai"},{"floor":9,"key":"Ornamental Fan"},{"floor":13,"key":"Mummified Hand"},{"floor":26,"key":"Thread and Needle"},{"floor":29,"key":"Lantern"},{"floor":31,"key":"Necronomicon"},{"floor":37,"key":"Bird Faced Urn"},{"floor":41,"key":"CaptainsWheel"},{"floor":43,"key":"Boot"},{"floor":45,"key":"Shovel"},{"floor":46,"key":"Vajra"},{"floor":48,"key":"Frozen Egg 2"},{"floor":49,"key":"Pocketwatch"}],"event_choices":[{"damage_healed":0,"gold_gain":0,"player_choice":"Lose Max HP","damage_taken":0,"relics_obtained":["Golden Idol"],"max_hp_gain":0,"max_hp_loss":6,"event_name":"Golden Idol","floor":3,"gold_loss":0},{"damage_healed":0,"gold_gain":0,"player_choice":"Donut","damage_taken":0,"max_hp_gain":5,"max_hp_loss":0,"event_name":"Big Fish","floor":7,"gold_loss":0},{"cards_removed":["Strike_G"],"damage_healed":0,"gold_gain":0,"player_choice":"Purged","damage_taken":0,"max_hp_gain":0,"max_hp_loss":0,"event_name":"Purifier","floor":12,"gold_loss":0},{"damage_healed":0,"gold_gain":0,"player_choice":"Gave Idol","damage_taken":0,"relics_obtained":["Bloody Idol"],"max_hp_gain":0,"max_hp_loss":0,"event_name":"Forgotten Altar","floor":20,"relics_lost":["Golden Idol"],"gold_loss":0},{"damage_healed":0,"gold_gain":0,"player_choice":"Read","damage_taken":0,"max_hp_gain":0,"max_hp_loss":0,"event_name":"The Library","floor":24,"gold_loss":0,"cards_obtained":["Infinite Blades"]},{"damage_healed":0,"gold_gain":0,"cards_transformed":["Strike_G","Strike_G"],"player_choice":"Became Test Subject","damage_taken":0,"max_hp_gain":0,"max_hp_loss":0,"event_name":"Drug Dealer","floor":28,"gold_loss":0,"cards_obtained":["Infinite Blades","Storm of Steel"]},{"damage_healed":0,"gold_gain":0,"player_choice":"Obtained Book","damage_taken":21,"max_hp_gain":0,"max_hp_loss":0,"event_name":"Cursed Tome","floor":31,"gold_loss":0},{"damage_healed":0,"gold_gain":0,"player_choice":"Memory 3","damage_taken":10,"max_hp_gain":0,"max_hp_loss":0,"event_name":"SensoryStone","floor":36,"gold_loss":0},{"damage_healed":0,"gold_gain":0,"player_choice":"Fight","damage_taken":0,"max_hp_gain":0,"max_hp_loss":0,"event_name":"MindBloom","floor":37,"gold_loss":0},{"damage_healed":0,"gold_gain":0,"player_choice":"Embrace Madness","damage_taken":13,"max_hp_gain":0,"max_hp_loss":0,"event_name":"Winding Halls","floor":38,"gold_loss":0,"cards_obtained":["Madness","Madness"]},{"damage_healed":0,"gold_gain":0,"player_choice":"Fight","damage_taken":0,"max_hp_gain":0,"max_hp_loss":0,"event_name":"Mysterious Sphere","floor":45,"gold_loss":0}],"is_beta":false,"boss_relics":[{"not_picked":["Fusion Hammer","Snecko Eye"],"picked":"Philosopher\u0027s Stone"},{"not_picked":["Velvet Choker","Pandora\u0027s Box"],"picked":"Tiny House"}],"items_purged_floors":[2,14,19,39],"is_endless":false,"potions_floor_spawned":[8,10,13,18,35,44,47],"ascension_level":18}}