{"host":"7v9t59ze4jbx2rzq","time":1611154848,"event":{"mods":["Aspiration","BaseMod","Better Silent Start","Block Reminder","Challenge The Spire","Colored Powertips","Dark Map","Fox Events","Googly Eyes","Halation","Highlight Path","Hubris","Infinite Spire","Jedi Mod","Minty Spire (QoL Compilation)","Optimize The Spire","Poem Panic","Poor People Problems","Quarter Circle Forward PUNCH!","Replay The Spire","Spire Arcade","StSLib","The Factory","The Jungle","Wandering Minibosses","Wide Potions"],"gold_per_floor":[109,13,31,31,49,83,96,96,96,96,75,86,86,116,116,116,116],"floor_reached":16,"language":"ENG","playtime":1105,"items_purged":[],"score":274,"play_id":"e5e37844-7264-4b2f-8b0e-3935f8848874","local_time":"20210120100048","is_ascension_mode":true,"campfire_choices":[{"floor":8,"key":"REST"},{"floor":13,"key":"REST"},{"floor":15,"key":"REST"}],"circlet_count":0,"master_deck":["AscendersBane","Strike_R","Strike_R","Strike_R","Strike_R","Strike_R","Defend_R","Defend_R","Defend_R","Defend_R","Bash","Clothesline","jedi:fear","Shrug It Off","Headbutt","Disarm","Injury","jedi:hate","Intimidate+1"],"relics":["Burning Blood","aspiration:DSix","Sundial","Toxic Egg 2","aspiration:FrozenJewel"],"acts_visited":["Exordium"],"potions_floor_usage":[6,14,16],"damage_taken":[{"damage":8,"enemies":"2 Louse","floor":1,"turns":3},{"damage":4,"enemies":"Cultist","floor":3,"turns":3},{"damage":4,"enemies":"Jaw Worm","floor":5,"turns":3},{"damage":40,"enemies":"Lagavulin","floor":6,"turns":1},{"damage":18,"enemies":"3 Louse","floor":7,"turns":3},{"damage":12,"enemies":"Exordium Thugs","floor":11,"turns":4},{"damage":10,"enemies":"Looter","floor":12,"turns":5},{"damage":50,"enemies":"3 Sentries","floor":14,"turns":11},{"damage":36,"enemies":"The Guardian","floor":16,"turns":17}],"seed_played":"-8679831215154677737","potions_obtained":[{"floor":1,"key":"Elixir"},{"floor":3,"key":"AttackPotion"},{"floor":4,"key":"DuplicationPotion"},{"floor":7,"key":"jedi:tentaclejuice"},{"floor":12,"key":"Adrenaline Potion"}],"is_trial":false,"path_per_floor":["M","$","M","?","M","E","M","R","T","?","M","M","R","E","R","B"],"character_chosen":"IRONCLAD","items_purchased":["jedi:fear","Elixir"],"campfire_rested":3,"item_purchase_floors":[2,2],"current_hp_per_floor":[66,66,68,68,70,36,24,46,46,46,40,36,58,14,36,0,0],"gold":116,"neow_bonus":"DSIX","is_daily":false,"chose_seed":false,"campfire_upgraded":0,"win_rate":0.0,"timestamp":1611154848,"path_taken":["M","$","M","?","M","E","?","R","T","?","M","M","R","E","R","BOSS"],"items_purchased_type":["Card","Potion"],"build_version":"2020-12-22","purchased_purges":0,"victory":false,"max_hp_per_floor":[75,75,75,75,75,75,75,75,75,75,75,75,75,75,75,75,75],"card_choices":[{"not_picked":["Armaments","Massacre"],"picked":"Clothesline","floor":1},{"not_picked":["ReplayTheSpireMod:Strike From Hell","Blood for Blood"],"picked":"Shrug It Off","floor":3},{"not_picked":["ReplayTheSpireMod:Corrosion Curse","hubris:CleavingFinish"],"picked":"Headbutt","floor":5},{"not_picked":["Replay:Undeath\u0027s Touch","Fiend Fire","Clash"],"picked":"SKIP","floor":6},{"not_picked":["Power Through","Rupture"],"picked":"Disarm","floor":7},{"not_picked":["Sword Boomerang","Pommel Strike"],"picked":"jedi:hate","floor":11},{"not_picked":["jedi:collectorstrike","Clothesline"],"picked":"Intimidate+1","floor":12},{"not_picked":["Rampage","Corruption","Thunderclap"],"picked":"SKIP","floor":14}],"player_experience":2156000,"relics_obtained":[{"floor":6,"key":"Sundial"},{"floor":14,"key":"aspiration:FrozenJewel"}],"event_choices":[{"damage_healed":0,"gold_gain":0,"player_choice":"Got Potions","damage_taken":0,"max_hp_gain":0,"max_hp_loss":0,"event_name":"Lab","floor":4,"gold_loss":0}],"is_beta":false,"boss_relics":[],"items_purged_floors":[],"is_endless":false,"potions_floor_spawned":[1,3,7,12],"killed_by":"The Guardian","ascension_level":20}}