{"host":"6jrnojxwearbrjzo","time":1611154905,"event":{"mods":["BaseMod","Conspire","Downfall","Highlight Path","Marisa（F雨　魔理沙）","Minty Spire (QoL Compilation)","Quick Restart","Random Character Button","Shop Mod","Spicy Shops","StSLib","The Construct","The Servant 0.9.4","Yuyuko","[功能]功能增强和修复MOD","vexMod"],"gold_per_floor":[115,115,69,69,69,69,69,41,41,41,41,67,80,70,70,171,171,181,181,49,49,49,49,100,100,126,126,143,143,143],"floor_reached":29,"language":"ZHS","playtime":807,"items_purged":["Defend_B","Strike_B","Defend_B","Strike_B","Parasite","Strike_B","Strike_B"],"score":316,"play_id":"91c37658-74d0-479a-846f-2bfc1e7557da","local_time":"20210120230145","is_ascension_mode":true,"campfire_choices":[{"data":"Dualcast","floor":6.0,"key":"SMITH"},{"data":"Cold Snap","floor":10.0,"key":"SMITH"},{"data":"Ball Lightning","floor":15.0,"key":"SMITH"},{"data":"Enlightenment","floor":23,"key":"SMITH"}],"circlet_count":0,"master_deck":["Defend_B+1","Zap+1","Dualcast+1","Double Energy+1","Go for the Eyes","Cold Snap+1","Coolheaded","Static Discharge","Ball Lightning+1","Creative AI","Turbo+1","Skim","Enlightenment+1","Thunder Strike","Heatsinks","Glacier","Slimebound:CheckThePlaybook","Coolheaded+1"],"relics":["Cracked Core"],"acts_visited":["Exordium","TheCity"],"potions_floor_usage":[28,28],"damage_taken":[{"damage":0.0,"enemies":"2 Louse","floor":1.0,"turns":1.0},{"damage":14.0,"enemies":"3 Sentries","floor":12.0,"turns":7.0},{"damage":3.0,"enemies":"conspire:RoseBush","floor":13.0,"turns":2.0},{"damage":0.0,"enemies":"Hexaghost","floor":16.0,"turns":8.0},{"damage":2.0,"enemies":"Chosen","floor":18.0,"turns":4.0},{"damage":16,"enemies":"2 Thieves","floor":28,"turns":4},{"damage":23,"enemies":"Colosseum Slavers","floor":29,"turns":3},{"damage":19,"enemies":"Colosseum Nobs","floor":29,"turns":3}],"seed_played":"-586480272861928396","potions_obtained":[{"floor":1.0,"key":"Block Potion"},{"floor":1.0,"key":"AttackPotion"},{"floor":12.0,"key":"Fire Potion"},{"floor":18.0,"key":"Regen Potion"},{"floor":28,"key":"BlessingOfTheForge"}],"is_trial":false,"path_per_floor":["M","?","$","?","?","R","?","$","T","R","?","E","M","$","R","B",null,"M","?","$","?","$","R","T","$","T","?","M","?"],"character_chosen":"DEFECT","items_purchased":["Block Potion","Go for the Eyes","Cold Snap","Coolheaded","Skim","Enlightenment","Thunder Strike","Heatsinks","construct:ShiftPotion"],"campfire_rested":0,"item_purchase_floors":[3,3,8,8,20,20,20,20,20],"current_hp_per_floor":[75,75,75,60,65,65,80,77,77,77,77,63,60,60,60,60,77,75,75,75,75,75,75,75,75,75,49,42,0,0],"gold":143,"neow_bonus":"REMOVE_CARD","is_daily":false,"chose_seed":false,"campfire_upgraded":4,"win_rate":0.0,"timestamp":1611154905,"path_taken":["M","?","$","?","?","R","?","?","T","R","?","E","?","$","R","BOSS","M","?","$","?","$","R","?","?","T","?","?","?"],"items_purchased_type":["Potion","Card","Card","Card","Card","Card","Card","Card","Potion"],"build_version":"2020-12-22","purchased_purges":7,"victory":false,"max_hp_per_floor":[75,75,75,75,80,80,80,77,77,77,77,77,77,77,77,77,77,77,77,77,77,77,77,77,77,77,77,77,77,77],"card_choices":[{"not_picked":["conspire:SharedLibrary","Steam"],"picked":"Double Energy","floor":1.0},{"not_picked":["Steam","Double Energy"],"picked":"Static Discharge","floor":12.0},{"not_picked":["Cold Snap","Redo"],"picked":"Ball Lightning","floor":13.0},{"not_picked":["Reboot","Seek"],"picked":"Creative AI","floor":16.0},{"not_picked":["Barrage","Steam"],"picked":"Turbo+1","floor":18.0},{"not_picked":["Darkness","Beam Cell"],"picked":"Coolheaded+1","floor":28}],"player_experience":88710,"relics_obtained":[],"event_choices":[{"damage_healed":0.0,"max_hp_gain":0.0,"max_hp_loss":0.0,"gold_gain":0.0,"event_name":"Living Wall","player_choice":"Grow","floor":2.0,"gold_loss":0.0,"damage_taken":0.0,"cards_upgraded":["Double Energy"]},{"damage_healed":0.0,"max_hp_gain":0.0,"max_hp_loss":0.0,"gold_gain":0.0,"event_name":"Shining Light","player_choice":"Entered Light","floor":4.0,"gold_loss":0.0,"damage_taken":15.0,"cards_upgraded":["Defend_B","Zap"]},{"damage_healed":0.0,"max_hp_gain":5.0,"max_hp_loss":0.0,"gold_gain":0.0,"event_name":"Big Fish","player_choice":"Donut","floor":5.0,"gold_loss":0.0,"damage_taken":0.0},{"damage_healed":20.0,"max_hp_gain":0.0,"max_hp_loss":0.0,"gold_gain":0.0,"event_name":"Mushrooms","player_choice":"Healed and dodged fight","floor":7.0,"gold_loss":0.0,"damage_taken":0.0,"cards_obtained":["Parasite"]},{"damage_healed":0.0,"max_hp_gain":0.0,"max_hp_loss":0.0,"gold_gain":0.0,"event_name":"The Library","player_choice":"Read","floor":21.0,"gold_loss":0.0,"damage_taken":0.0,"cards_obtained":["Glacier"]},{"damage_healed":0,"gold_gain":0,"player_choice":"Fight","damage_taken":0,"max_hp_gain":0,"max_hp_loss":0,"event_name":"Colosseum","floor":29,"gold_loss":0},{"damage_healed":0,"gold_gain":0,"player_choice":"Fought Nobs","damage_taken":0,"max_hp_gain":0,"max_hp_loss":0,"event_name":"Colosseum","floor":29,"gold_loss":0}],"is_beta":false,"boss_relics":[{"not_picked":["construct:WeddingRing","Sozu","vexMod:EndlessSickness"]}],"items_purged_floors":[3,3,3,3,8,14,14],"is_endless":false,"potions_floor_spawned":[1,1,12,18,28,29],"killed_by":"Colosseum Nobs","ascension_level":4}}