{"host":"exlsoi54q6pc3sri","time":1611154453,"event":{"mods":["2.2 Compatiblity","AchievementEnabler","Act Like it!","BaseMod","Colored Map","Colored Powertips","Downfall","Friendly Minions","GifTheSpireLib","Highlight Path","Jorbs\u0027s Wanderer Trilogy","Minty Spire (QoL Compilation)","Permanent Neow","Rare Cards Sparkle","StSLib"],"gold_per_floor":[99,110,126,136,136,36,36,51,51,51,82,82,101,126,136,231,231,231,243,257,9,23,40,92,104,116,136,136,470,470,470,470,470],"floor_reached":31,"language":"ENG","playtime":2346,"items_purged":[],"score":310,"play_id":"f723dd19-da1f-49fd-ab75-319f781f05e9","local_time":"20210120145413","is_ascension_mode":true,"campfire_choices":[{"floor":1,"key":"RECALL"},{"data":"Guardian:ShieldCharger","floor":6,"key":"SMITH"},{"data":"Guardian:FuturePlans","floor":12,"key":"SMITH"},{"data":"Guardian:CompilePackage","floor":18,"key":"SMITH"}],"circlet_count":0,"master_deck":["Guardian:Strike_Guardian+1","Guardian:Strike_Guardian","Guardian:Strike_Guardian","Guardian:Strike_Guardian","Guardian:Defend_Guardian","Guardian:Defend_Guardian","Guardian:Defend_Guardian+1","Guardian:Defend_Guardian+1","Guardian:CurlUp+1","Guardian:TwinSlam+1","Guardian:BronzeOrb","Guardian:PrimingBeam+1","Guardian:ShieldCharger+1","downfall:Malfunctioning","Pain","Guardian:FuturePlans+1","Guardian:FloatingOrbs","Guardian:CompilePackage+1","Guardian:StasisStrike+1","Guardian:PrimingBeam+1","Guardian:RevengeProtocol","Guardian:TemporalStrike+1","Guardian:Gem_Red","Guardian:Gem_Yellow","Guardian:BodySlam+1","Guardian:TemporalStrike+1","Guardian:ChargeCore+1","Guardian:PrimingBeam+1","Guardian:Gem_Synthetic"],"relics":["Guardian:ModeShifter","downfall:HeartBlessingRed","Molten Egg 2","WarpedTongs","Pear","Runic Dome","Bronze Scales","downfall:RedIOU","Old Coin"],"acts_visited":["Exordium","TheCity"],"potions_floor_usage":[11,11,13,16,16,23],"damage_taken":[{"damage":1,"enemies":"Jaw Worm","floor":2,"turns":5},{"damage":6,"enemies":"2 Louse","floor":3,"turns":3},{"damage":0,"enemies":"Cultist","floor":4,"turns":3},{"damage":12,"enemies":"Blue Slaver","floor":8,"turns":3},{"damage":18,"enemies":"3 Sentries","floor":11,"turns":5},{"damage":2,"enemies":"Exordium Wildlife","floor":13,"turns":3},{"damage":29,"enemies":"Lagavulin","floor":14,"turns":6},{"damage":13,"enemies":"Exordium Thugs","floor":15,"turns":4},{"damage":6,"enemies":"SI_SHIV_ARCHETYPE","floor":16,"turns":5},{"damage":5,"enemies":"Shell Parasite","floor":19,"turns":5},{"damage":12,"enemies":"Snecko","floor":20,"turns":5},{"damage":0,"enemies":"downfall:FleeingMerchant","floor":21,"turns":4},{"damage":20,"enemies":"Snake Plant","floor":22,"turns":3},{"damage":13,"enemies":"Shelled Parasite and Fungi","floor":23,"turns":5},{"damage":13,"enemies":"3 Cultists","floor":25,"turns":4},{"damage":0,"enemies":"Snecko","floor":26,"turns":4},{"damage":11,"enemies":"Cultist and Chosen","floor":27,"turns":5},{"damage":11,"enemies":"Book of Stabbing","floor":29,"turns":4},{"damage":10,"enemies":"Gremlin Leader","floor":31,"turns":5}],"seed_played":"-4526368326268487978","potions_obtained":[{"floor":2,"key":"Guardian:StasisDiscoveryPotion"},{"floor":8,"key":"champ:CounterPotion"},{"floor":11,"key":"DuplicationPotion"},{"floor":14,"key":"SteroidPotion"},{"floor":15,"key":"LiquidBronze"},{"floor":16,"key":"bronze:BurnAndBuffPotion"},{"floor":19,"key":"Guardian:BlockOnCardUsePotion"},{"floor":22,"key":"Guardian:AcceleratePotion"},{"floor":25,"key":"hexamod:SoulburnPotion"},{"floor":29,"key":"Fire Potion"}],"is_trial":false,"path_per_floor":["R","M","M","M","?","R","T","M","?","?","E","R","M","E","M","B",null,"R","M","M","$","M","M","T","M","M","M","?","E","?","E"],"character_chosen":"GUARDIAN","items_purchased":["Guardian:TemporalStrike+1","Bronze Scales","Guardian:Gem_Red"],"campfire_rested":0,"item_purchase_floors":[21,21,21],"current_hp_per_floor":[80,79,73,73,73,73,73,61,66,66,48,48,46,27,14,8,95,95,90,78,78,58,45,45,32,32,21,21,10,10,0,0,0],"gold":470,"neow_bonus":"UPGRADE_CARD","is_daily":false,"chose_seed":false,"campfire_upgraded":3,"win_rate":0.0,"timestamp":1611154453,"path_taken":["R","M","M","M","?","R","T","M","?","?","E","R","?","E","M","BOSS","R","M","M","$","M","M","T","M","M","M","?","E","?","E"],"items_purchased_type":["Card","Relic","Card"],"build_version":"2020-12-22","purchased_purges":0,"victory":false,"max_hp_per_floor":[80,80,80,80,80,80,80,80,85,85,85,85,85,95,95,95,95,95,95,95,95,95,95,95,95,95,95,95,95,95,95,95,95],"card_choices":[{"not_picked":["Guardian:Repulse","Guardian:Incinerate"],"picked":"Guardian:BronzeOrb","floor":2},{"not_picked":["Guardian:DecasProtection","Guardian:TemporalShield"],"picked":"Guardian:PrimingBeam","floor":3},{"not_picked":["Guardian:Gem_Cyan","Guardian:Gem_Lightblue"],"picked":"Guardian:ShieldCharger","floor":4},{"not_picked":["Guardian:MultiBeam+1","Guardian:TimeBomb"],"picked":"Guardian:Gem_Orange","floor":8},{"not_picked":["Guardian:Harden","Guardian:CompilePackage"],"picked":"Guardian:FuturePlans","floor":11},{"not_picked":["Guardian:ChargeCore+1","Guardian:WalkerClaw+1"],"picked":"Guardian:Gem_Cyan","floor":13},{"not_picked":["Guardian:Gem_Yellow","Guardian:Planning"],"picked":"Guardian:FloatingOrbs","floor":14},{"not_picked":["Guardian:RollAttack+1","Guardian:PrismaticBarrier"],"picked":"Guardian:CompilePackage","floor":15},{"not_picked":["Guardian:AncientConstruct","Guardian:FierceBash+1"],"picked":"Guardian:StasisStrike+1","floor":16},{"not_picked":["Guardian:Repulse","Guardian:WalkerClaw+1","Guardian:CrystalBeam+1"],"picked":"SKIP","floor":19},{"not_picked":["Guardian:Suspension","Guardian:Gem_Cyan"],"picked":"Guardian:PrimingBeam+1","floor":20},{"not_picked":["Guardian:Gem_Red","Guardian:CrystalBeam+1"],"picked":"Guardian:RevengeProtocol","floor":21},{"not_picked":["Guardian:TemporalShield","Guardian:Incinerate+1"],"picked":"Guardian:Gem_Yellow","floor":22},{"not_picked":["Guardian:RefractedBeam+1","Guardian:Recover"],"picked":"Guardian:BodySlam+1","floor":23},{"not_picked":["Guardian:Reroute+1","Guardian:BaubleBeam+1"],"picked":"Guardian:TemporalStrike+1","floor":25},{"not_picked":["Guardian:WalkerClaw+1","Guardian:Recover"],"picked":"Guardian:ChargeCore+1","floor":26},{"not_picked":["Guardian:Reroute+1","Guardian:Gem_Lightblue"],"picked":"Guardian:PrimingBeam+1","floor":27},{"not_picked":["Guardian:Gem_Lightblue","Guardian:PrimingBeam+1"],"picked":"Guardian:Gem_Synthetic","floor":29}],"player_experience":105387,"relics_obtained":[{"floor":7,"key":"Molten Egg 2"},{"floor":11,"key":"Whetstone"},{"floor":14,"key":"Pear"},{"floor":29,"key":"Old Coin"}],"event_choices":[{"damage_healed":0,"gold_gain":0,"player_choice":"Donut","damage_taken":0,"max_hp_gain":5,"max_hp_loss":0,"event_name":"Big Fish","floor":9,"gold_loss":0},{"damage_healed":0,"gold_gain":0,"player_choice":"Ignored","damage_taken":0,"max_hp_gain":0,"max_hp_loss":0,"event_name":"NoteForYourself","floor":30,"gold_loss":0}],"is_beta":false,"boss_relics":[{"not_picked":["Guardian:StasisSlotReductionRelic","Tiny House"],"picked":"Runic Dome"}],"items_purged_floors":[],"is_endless":false,"potions_floor_spawned":[2,8,11,14,15,16,19,22,25,29],"killed_by":"Gremlin Leader","ascension_level":1}}