{"host":"18wi9kpcl4eah7pe","time":1611122290,"event":{"mods":["BaseMod","Colored Powertips","Downfall","Minty Spire (QoL Compilation)","StSLib"],"gold_per_floor":[99,109,109,209,12,24,69,69,69,69,69],"floor_reached":9,"language":"ENG","playtime":239,"items_purged":[],"score":54,"play_id":"dbb6b1fd-914b-4f8d-8a5c-9a3304e74358","local_time":"20210119235810","is_ascension_mode":true,"campfire_choices":[{"floor":1,"key":"RECALL"}],"circlet_count":0,"master_deck":["bronze:Strike","bronze:Strike","bronze:Strike","bronze:Defend","bronze:Defend","bronze:Defend","bronze:Defend","bronze:Replicate","bronze:Goto","bronze:BuggyMess","bronze:Separator","bronze:ChosenStrike","bronze:Constructor","bronze:Invalidate"],"relics":["bronze:BronzeCore","bronze:ProtectiveGoggles","Tiny Chest","Happy Flower"],"acts_visited":["Exordium"],"potions_floor_usage":[],"damage_taken":[{"damage":8,"enemies":"2 Louse","floor":2,"turns":3},{"damage":1,"enemies":"downfall:FleeingMerchant","floor":5,"turns":4},{"damage":0,"enemies":"Small Slimes","floor":6,"turns":2},{"damage":52,"enemies":"3 Sentries","floor":9,"turns":10}],"seed_played":"4447762120462686260","potions_obtained":[{"floor":6,"key":"sneckomod:MuddlingPotion"}],"is_trial":false,"path_per_floor":["R","M","?","?","$","M","T","?","E"],"character_chosen":"THE_AUTOMATON","items_purchased":["Tiny Chest","bronze:ChosenStrike"],"campfire_rested":0,"item_purchase_floors":[5,5],"current_hp_per_floor":[63,55,48,48,47,47,47,47,0,0,0],"gold":69,"neow_bonus":"TWENTY_PERCENT_HP_BONUS","is_daily":false,"chose_seed":false,"campfire_upgraded":0,"win_rate":0.0,"timestamp":1611122290,"path_taken":["R","M","?","?","$","?","T","?","E"],"items_purchased_type":["Relic","Card"],"build_version":"2020-12-22","purchased_purges":0,"victory":false,"max_hp_per_floor":[84,84,84,84,84,84,84,84,84,84,84],"card_choices":[{"not_picked":["bronze:Turbo","bronze:ForceShield"],"picked":"bronze:BuggyMess","floor":2},{"not_picked":["bronze:Verify","bronze:Overload"],"picked":"bronze:Separator","floor":5},{"not_picked":["bronze:BitShift","bronze:BugBarrage"],"picked":"bronze:Constructor","floor":6}],"player_experience":928877,"relics_obtained":[{"floor":7,"key":"Happy Flower"}],"event_choices":[{"damage_healed":0,"gold_gain":0,"player_choice":"Success","damage_taken":7,"relics_obtained":["bronze:ProtectiveGoggles"],"max_hp_gain":0,"max_hp_loss":0,"event_name":"Scrap Ooze","floor":3,"gold_loss":0}],"is_beta":false,"boss_relics":[],"items_purged_floors":[],"is_endless":false,"potions_floor_spawned":[6],"killed_by":"3 Sentries","ascension_level":2}}