{"host":"2yhbarjh4s9lrrzt","time":1611112484,"event":{"mods":["BaseMod","Better Third Choice","Minty Spire (QoL Compilation)","Replay The Spire","StSLib"],"gold_per_floor":[116,116,116,1,19,62,62,80,154,154,177,177,30,30,30,30,30],"floor_reached":16,"language":"ENG","playtime":901,"items_purged":[],"score":98,"play_id":"011c6244-8786-4fbc-abe5-24a7cd5a571d","local_time":"20210119221444","is_ascension_mode":false,"campfire_choices":[{"floor":7,"key":"REST"},{"floor":10,"key":"REST"},{"floor":12,"key":"REST"},{"floor":15,"key":"RECALL"}],"circlet_count":0,"master_deck":["Strike_P","Strike_P","Strike_P","Defend_P","Defend_P","Defend_P","Defend_P","Eruption","Vigilance","Replay:Hum","Injury","Evaluate","Ragnarok","Ragnarok","EmptyFist","ClearTheMind","InnerPeace+1","LessonLearned"],"relics":["PureWater","Golden Idol","Centennial Puzzle","Garlic","Blue Doll"],"acts_visited":["Exordium"],"potions_floor_usage":[6,16,16,16,16,16],"damage_taken":[{"damage":3,"enemies":"2 Louse","floor":1,"turns":3},{"damage":1,"enemies":"Cultist","floor":5,"turns":3},{"damage":51,"enemies":"Lagavulin","floor":6,"turns":11},{"damage":11,"enemies":"Small Slimes","floor":8,"turns":4},{"damage":7,"enemies":"3 Louse","floor":11,"turns":4},{"damage":103,"enemies":"Slime Boss","floor":16,"turns":14}],"seed_played":"-3245161026620733727","potions_obtained":[{"floor":0,"key":"EntropicBrew"},{"floor":0,"key":"FairyPotion"},{"floor":0,"key":"FearPotion"},{"floor":6,"key":"PowerPotion"}],"is_trial":false,"path_per_floor":["M","?","?","$","M","E","R","M","T","R","M","R","$","?","R","B"],"character_chosen":"WATCHER","items_purchased":["Ragnarok","Blue Doll"],"campfire_rested":3,"item_purchase_floors":[4,13],"current_hp_per_floor":[69,69,69,69,68,17,38,27,27,48,41,62,62,62,62,0,0],"gold":30,"neow_bonus":"THREE_SMALL_POTIONS","is_daily":false,"chose_seed":false,"campfire_upgraded":0,"win_rate":0.0,"timestamp":1611112484,"path_taken":["M","?","?","$","M","E","R","M","T","R","?","R","$","?","R","BOSS"],"items_purchased_type":["Card","Relic"],"build_version":"2020-12-22","purchased_purges":0,"victory":false,"max_hp_per_floor":[72,72,72,72,72,72,72,72,72,72,72,72,72,72,72,72,72],"card_choices":[{"not_picked":["SignatureMove","Crescendo"],"picked":"Replay:Hum","floor":1},{"not_picked":["Crescendo","Halt"],"picked":"EmptyFist","floor":5},{"not_picked":["Halt","WheelKick"],"picked":"ClearTheMind","floor":6},{"not_picked":["SashWhip","EmptyBody"],"picked":"InnerPeace","floor":8},{"not_picked":["ClearTheMind","BowlingBash"],"picked":"LessonLearned","floor":11}],"player_experience":227830,"relics_obtained":[{"floor":6,"key":"Centennial Puzzle"},{"floor":9,"key":"Garlic"}],"event_choices":[{"damage_healed":0,"gold_gain":0,"player_choice":"Take Wound","damage_taken":0,"relics_obtained":["Golden Idol"],"max_hp_gain":0,"max_hp_loss":0,"event_name":"Golden Idol","floor":2,"gold_loss":0,"cards_obtained":["Injury"]},{"damage_healed":0,"gold_gain":0,"cards_transformed":["Strike_P"],"player_choice":"Transformed","damage_taken":0,"max_hp_gain":0,"max_hp_loss":0,"event_name":"Transmorgrifier","floor":3,"gold_loss":0,"cards_obtained":["Evaluate"]}],"is_beta":false,"boss_relics":[],"items_purged_floors":[],"is_endless":false,"potions_floor_spawned":[6,11],"killed_by":"Slime Boss","ascension_level":0}}