{"host":"adm2q5bvgv1mb6tu","time":1611180757,"event":{"mods":["AchievementEnabler","BaseMod","Bestiary","BetterRewards","Block Reminder","Colored Map","Colored Powertips","DeckTracker","Downfall","Highlight Path","Jorbs\u0027s Wanderer Trilogy","Minty Spire (QoL Compilation)","Quick Restart","Random Character Button","Random Character Mod","Rare Cards Sparkle","Relic Stats","Shop Mod","StSLib","Transform Curses"],"gold_per_floor":[110,121,121,121,121,121,86,86,109,109,143,160,190,190,190,288,288,298,324,193,193,157,157,184,201,201,201,212,232,246,345,345,441,441,459,476,488,448,25,25,43,76,76,0,17,28,28,43,43,43],"floor_reached":51,"language":"ENG","playtime":4347,"items_purged":[],"score":680,"play_id":"1f7a0a59-d7b2-4f2f-8af3-e9d83b52a758","local_time":"20210120161237","is_ascension_mode":false,"campfire_choices":[{"floor":6.0,"key":"REST"},{"data":"Terror","floor":8.0,"key":"SMITH"},{"data":"Neutralize","floor":10.0,"key":"SMITH"},{"data":"Crippling Poison","floor":15.0,"key":"SMITH"},{"data":"A Thousand Cuts","floor":23.0,"key":"SMITH"},{"data":"Caltrops","floor":27.0,"key":"SMITH"},{"data":"Catalyst","floor":32.0,"key":"SMITH"},{"data":"Bandage Up","floor":40,"key":"SMITH"},{"data":"PiercingWail","floor":47,"key":"SMITH"},{"floor":49,"key":"REST"}],"circlet_count":0,"master_deck":["Defend_G","Defend_G","Defend_G","Defend_G","Defend_G","Survivor","Neutralize+1","Deadly Poison","Backflip","Terror+1","PiercingWail+1","Crippling Poison+1","Riddle With Holes","A Thousand Cuts+1","Acrobatics","Slimebound:Tackle+1","Slimebound:Tackle+1","Slimebound:Tackle+1","Caltrops+1","PiercingWail+1","Dagger Throw+1","Catalyst+1","Adrenaline","After Image+1","Blade Dance+1","Deflect+1","Blur","Bandage Up+1","Terror","Well Laid Plans+1","Backstab+1","Underhanded Strike+1","Crippling Poison+1"],"relics":["bronze:MakeshiftBattery","Nunchaku","Happy Flower","FossilizedHelix","Letter Opener","HoveringKite","MawBank","TwistedFunnel","Orichalcum","Bottled Tornado","WristBlade","Vajra","Snake Skull","Bronze Scales","Gremlin Horn","Red Mask"],"acts_visited":["Exordium","TheCity","TheBeyond"],"potions_floor_usage":[50],"damage_taken":[{"damage":0.0,"enemies":"Small Slimes","floor":1.0,"turns":5.0},{"damage":11.0,"enemies":"Jaw Worm","floor":2.0,"turns":5.0},{"damage":4.0,"enemies":"Gremlin Nob","floor":11.0,"turns":5.0},{"damage":0.0,"enemies":"Cultist","floor":12.0,"turns":3.0},{"damage":5.0,"enemies":"Lagavulin","floor":13.0,"turns":7.0},{"damage":17.0,"enemies":"The Guardian","floor":16.0,"turns":7.0},{"damage":2.0,"enemies":"Shell Parasite","floor":18.0,"turns":5.0},{"damage":1.0,"enemies":"Book of Stabbing","floor":24.0,"turns":5.0},{"damage":3.0,"enemies":"2 Thieves","floor":25.0,"turns":3.0},{"damage":0.0,"enemies":"Cultist and Chosen","floor":28.0,"turns":4.0},{"damage":11.0,"enemies":"Sentry and Sphere","floor":29.0,"turns":5.0},{"damage":0.0,"enemies":"Snake Plant","floor":30.0,"turns":2.0},{"damage":28.0,"enemies":"Automaton","floor":33.0,"turns":6.0},{"damage":0,"enemies":"3 Darklings","floor":35,"turns":3},{"damage":0,"enemies":"Orb Walker","floor":36,"turns":3},{"damage":12,"enemies":"Spire Growth","floor":37,"turns":3},{"damage":0,"enemies":"4 Shapes","floor":41,"turns":3},{"damage":0,"enemies":"Nemesis","floor":42,"turns":5},{"damage":4,"enemies":"Sphere and 2 Shapes","floor":45,"turns":3},{"damage":0,"enemies":"Maw","floor":46,"turns":5},{"damage":21,"enemies":"Writhing Mass","floor":48,"turns":3},{"damage":42,"enemies":"Donu and Deca","floor":50,"turns":6}],"seed_played":"4217309483678218200","potions_obtained":[{"floor":2.0,"key":"SteroidPotion"},{"floor":5.0,"key":"DuplicationPotion"},{"floor":5.0,"key":"sneckomod:MuddlingPotion"},{"floor":16.0,"key":"Energy Potion"},{"floor":18.0,"key":"Fire Potion"},{"floor":24.0,"key":"hexamod:SoulburnPotion"},{"floor":29.0,"key":"champ:CounterPotion"},{"floor":30.0,"key":"SpeedPotion"},{"floor":37,"key":"BlessingOfTheForge"},{"floor":41,"key":"Swift Potion"},{"floor":45,"key":"FairyPotion"},{"floor":46,"key":"SteroidPotion"}],"is_trial":false,"path_per_floor":["M","M","$","?","?","R","$","R","T","R","E","M","E","?","R","B",null,"M","T","$","?","$","R","E","M","T","R","M","M","M","?","R","B",null,"M","M","M","?","$","R","M","E","T","?","M","M","R","M","R","B",null],"character_chosen":"THE_SILENT","items_purchased":["Terror","TwistedFunnel","Caltrops","Vajra","Snake Skull","Blur","Bandage Up"],"campfire_rested":2,"item_purchase_floors":[7,20,22,39,39,39,39],"current_hp_per_floor":[70,59,59,52,52,70,70,70,70,70,66,66,61,61,61,44,70,68,68,68,68,68,68,67,64,64,64,64,53,53,53,53,25,70,70,70,58,58,58,58,58,64,64,64,66,70,70,55,70,34],"gold":43,"neow_bonus":"BOSS_RELIC","is_daily":false,"chose_seed":false,"campfire_upgraded":8,"win_rate":0.0,"timestamp":1611180757,"path_taken":["M","M","$","?","?","R","$","R","T","R","E","?","E","?","R","BOSS","M","?","$","?","$","R","E","M","T","R","M","?","M","?","R","BOSS","M","M","M","?","$","R","?","E","T","?","M","M","R","M","R","BOSS"],"items_purchased_type":["Card","Relic","Card","Relic","Relic","Card","Card"],"build_version":"2020-12-22","purchased_purges":0,"victory":true,"max_hp_per_floor":[70,70,70,70,70,70,70,70,70,70,70,70,70,70,70,70,70,70,70,70,70,70,70,70,70,70,70,70,70,70,70,70,70,70,70,70,70,70,70,70,70,70,70,70,70,70,70,70,70,70],"relic_stats":{"Nunchaku":[12],"Happy Flower":[28],"Gremlin Horn":[3,3],"counters":[22,96],"Bronze Scales":[44],"HoveringKite":[22],"Snake Skull":[33],"Letter Opener":[180],"Orichalcum":[54],"MawBank":12,"obtain_stats":[{"TwistedFunnel":20,"Happy Flower":9,"Gremlin Horn":43,"HoveringKite":17,"Vajra":39,"Snake Skull":39,"Letter Opener":13,"Orichalcum":24,"Bottled Tornado":26,"MawBank":19,"Nunchaku":4,"WristBlade":34,"Bronze Scales":42,"Red Mask":44,"bronze:MakeshiftBattery":0,"FossilizedHelix":11,"Ring of the Snake":0},{"TwistedFunnel":7,"Happy Flower":2,"Gremlin Horn":18,"HoveringKite":6,"Vajra":16,"Snake Skull":16,"Letter Opener":5,"Orichalcum":8,"Bottled Tornado":9,"MawBank":7,"Nunchaku":2,"WristBlade":13,"Bronze Scales":18,"Red Mask":18,"bronze:MakeshiftBattery":0,"FossilizedHelix":3,"Ring of the Snake":0},{"TwistedFunnel":37,"Happy Flower":10,"Gremlin Horn":79,"HoveringKite":32,"Vajra":71,"Snake Skull":71,"Letter Opener":25,"Orichalcum":42,"Bottled Tornado":45,"MawBank":37,"Nunchaku":10,"WristBlade":62,"Bronze Scales":79,"Red Mask":79,"bronze:MakeshiftBattery":0,"FossilizedHelix":15,"Ring of the Snake":0}]},"card_choices":[{"not_picked":["Outmaneuver","Bane"],"picked":"Deadly Poison","floor":1.0},{"not_picked":["Prepared","Slice"],"picked":"Backflip","floor":2.0},{"not_picked":["Dodge and Roll","Finisher"],"picked":"PiercingWail","floor":11.0},{"not_picked":["Poisoned Stab","PiercingWail"],"picked":"Crippling Poison","floor":12.0},{"not_picked":["Expertise","Outmaneuver"],"picked":"Riddle With Holes","floor":13.0},{"not_picked":["Glass Knife","Die Die Die"],"picked":"A Thousand Cuts","floor":16.0},{"not_picked":["Deadly Poison","Bouncing Flask+1"],"picked":"Acrobatics","floor":18.0},{"not_picked":["Sucker Punch","Expertise"],"picked":"PiercingWail+1","floor":24.0},{"not_picked":["Deadly Poison","Acrobatics"],"picked":"Dagger Throw+1","floor":25.0},{"not_picked":["Sucker Punch+1","Backflip"],"picked":"Catalyst","floor":28.0},{"not_picked":["Deflect","Outmaneuver","Dagger Throw"],"picked":"SKIP","floor":29.0},{"not_picked":["Finisher","Crippling Poison"],"picked":"Adrenaline","floor":30.0},{"not_picked":["Envenom","Wraith Form v2"],"picked":"After Image","floor":33.0},{"not_picked":["Finisher","Prepared","Reflex+1"],"picked":"SKIP","floor":35},{"not_picked":["Backflip+1","Sucker Punch"],"picked":"Blade Dance+1","floor":36},{"not_picked":["Quick Slash+1","Envenom"],"picked":"Deflect+1","floor":37},{"not_picked":["Flying Knee+1","Escape Plan"],"picked":"Terror","floor":41},{"not_picked":["Slice+1","Tactician+1"],"picked":"Well Laid Plans+1","floor":42},{"not_picked":["Outmaneuver","Footwork"],"picked":"Backstab+1","floor":45},{"not_picked":["Dagger Spray","Slice+1"],"picked":"Underhanded Strike+1","floor":46},{"not_picked":["Bane","Burst"],"picked":"Crippling Poison+1","floor":48}],"player_experience":111621,"relics_obtained":[{"floor":9.0,"key":"Happy Flower"},{"floor":11.0,"key":"FossilizedHelix"},{"floor":13.0,"key":"Letter Opener"},{"floor":19.0,"key":"MawBank"},{"floor":24.0,"key":"Orichalcum"},{"floor":26.0,"key":"Bottled Tornado"},{"floor":42,"key":"Bronze Scales"},{"floor":43,"key":"Gremlin Horn"}],"event_choices":[{"damage_healed":0.0,"max_hp_gain":0.0,"max_hp_loss":0.0,"gold_gain":0.0,"event_name":"Scrap Ooze","player_choice":"Success","floor":4.0,"gold_loss":0.0,"damage_taken":7.0,"relics_obtained":["Nunchaku"]},{"damage_healed":0.0,"max_hp_gain":0.0,"max_hp_loss":0.0,"gold_gain":0.0,"event_name":"Lab","player_choice":"Got Potions","floor":5.0,"gold_loss":0.0,"damage_taken":0.0},{"cards_removed":["Strike_G"],"damage_healed":0.0,"max_hp_gain":0.0,"max_hp_loss":0.0,"gold_gain":0.0,"event_name":"Bonfire Elementals","player_choice":"Offered Basic","floor":14.0,"gold_loss":0.0,"damage_taken":0.0},{"damage_healed":0.0,"max_hp_gain":0.0,"max_hp_loss":0.0,"gold_gain":99.0,"event_name":"Nest","player_choice":"Stole From Cult","floor":31.0,"gold_loss":0.0,"damage_taken":0.0},{"damage_healed":0,"gold_gain":0,"player_choice":"Upgrade","damage_taken":0,"max_hp_gain":0,"max_hp_loss":0,"event_name":"Designer","floor":38,"gold_loss":40,"cards_upgraded":["After Image"]},{"damage_healed":0,"gold_gain":0,"player_choice":"Paid","damage_taken":0,"relics_obtained":["Red Mask"],"max_hp_gain":0,"max_hp_loss":0,"event_name":"Tomb of Lord Red Mask","floor":44,"gold_loss":76}],"is_beta":false,"boss_relics":[{"not_picked":["Tiny House","SlaversCollar"],"picked":"HoveringKite"},{"not_picked":["Empty Cage","Fusion Hammer"],"picked":"WristBlade"}],"items_purged_floors":[],"is_endless":false,"potions_floor_spawned":[2,16,18,24,29,30,37,41,45,46,48],"ascension_level":0}}