{"host":"2n2g1vowfllvjtvi","time":1611177486,"event":{"mods":["AchievementEnabler","BaseMod","Custom Start","GifTheSpireLib","Keyboard Shortcuts","Minty Spire (QoL Compilation)","Quick Restart","Rare Cards Sparkle","StSLib","SuperFastMode"],"gold_per_floor":[113,125,125,137,156,185,199,234,234,234,234,261,261,275,275,372,372,389,401,35,48,48,76,25,57,84,111,111,128,128,144,144,246,246,266,266,285,295,307,336,45,0,0,33,47,78,123,142,142,142,142,142,26,56,56],"floor_reached":56,"language":"KOR","playtime":1624,"items_purged":["Combust"],"score":1858,"play_id":"99aa6f51-e47c-4aff-8365-86c83126e949","local_time":"20210121061806","is_ascension_mode":true,"campfire_choices":[{"data":"Seeing Red","floor":11.0,"key":"SMITH"},{"data":"Dark Embrace","floor":13.0,"key":"SMITH"},{"data":"Immolate","floor":15.0,"key":"SMITH"},{"data":"Offering","floor":28.0,"key":"SMITH"},{"data":"Body Slam","floor":32.0,"key":"SMITH"},{"floor":49.0,"key":"RECALL"},{"data":"Offering","floor":52.0,"key":"SMITH"}],"circlet_count":0,"master_deck":["Bash+1","Pommel Strike","Immolate+1","Seeing Red+1","Feel No Pain","Shrug It Off","Dark Embrace+1","Offering+1","Intimidate","Barricade","Reckless Charge","Exhume","Carnage+1","Warcry+1","Body Slam+1","Offering+1","Entrench+1","Sever Soul+1","Juggernaut+1","Havoc+1","Power Through","Offering+1","Feel No Pain","Dark Embrace","Bloodletting+1","Armaments+1","Offering"],"relics":["Burning Blood","Nunchaku","Bottled Lightning","Blood Vial","Incense Burner","Anchor","Pandora\u0027s Box","Charon\u0027s Ashes","Matryoshka","Darkstone Periapt","Lantern","Meat on the Bone","Astrolabe","The Courier","DollysMirror","Red Mask","Omamori","Sundial","InkBottle","Art of War","Torii","Bird Faced Urn"],"acts_visited":["Exordium","TheCity","TheBeyond","TheEnding"],"potions_floor_usage":[55],"damage_taken":[{"damage":11.0,"enemies":"Jaw Worm","floor":1.0,"turns":4.0},{"damage":9.0,"enemies":"2 Louse","floor":2.0,"turns":3.0},{"damage":12.0,"enemies":"Small Slimes","floor":4.0,"turns":3.0},{"damage":0.0,"enemies":"2 Fungi Beasts","floor":5.0,"turns":2.0},{"damage":8.0,"enemies":"3 Sentries","floor":6.0,"turns":3.0},{"damage":7.0,"enemies":"Looter","floor":7.0,"turns":3.0},{"damage":20.0,"enemies":"Gremlin Nob","floor":8.0,"turns":4.0},{"damage":13.0,"enemies":"Lagavulin","floor":12.0,"turns":6.0},{"damage":0.0,"enemies":"Exordium Wildlife","floor":14.0,"turns":2.0},{"damage":54.0,"enemies":"The Guardian","floor":16.0,"turns":10.0},{"damage":6.0,"enemies":"Chosen","floor":18.0,"turns":2.0},{"damage":8.0,"enemies":"2 Thieves","floor":19.0,"turns":3.0},{"damage":1.0,"enemies":"Centurion and Healer","floor":21.0,"turns":3.0},{"damage":6.0,"enemies":"Gremlin Leader","floor":23.0,"turns":4.0},{"damage":12.0,"enemies":"Book of Stabbing","floor":25.0,"turns":4.0},{"damage":15.0,"enemies":"Gremlin Leader","floor":27.0,"turns":3.0},{"damage":8.0,"enemies":"Chosen and Byrds","floor":29.0,"turns":3.0},{"damage":6.0,"enemies":"Snecko","floor":31.0,"turns":4.0},{"damage":12.0,"enemies":"Automaton","floor":33.0,"turns":6.0},{"damage":6.0,"enemies":"3 Shapes","floor":35.0,"turns":1.0},{"damage":6.0,"enemies":"Orb Walker","floor":37.0,"turns":2.0},{"damage":3.0,"enemies":"Spire Growth","floor":38.0,"turns":2.0},{"damage":18.0,"enemies":"Transient","floor":39.0,"turns":3.0},{"damage":6.0,"enemies":"Nemesis","floor":40.0,"turns":3.0},{"damage":6.0,"enemies":"Reptomancer","floor":44.0,"turns":4.0},{"damage":1.0,"enemies":"4 Shapes","floor":45.0,"turns":2.0},{"damage":6.0,"enemies":"Nemesis","floor":46.0,"turns":5.0},{"damage":24.0,"enemies":"2 Orb Walkers","floor":47.0,"turns":1.0},{"damage":12.0,"enemies":"Jaw Worm Horde","floor":48.0,"turns":1.0},{"damage":36.0,"enemies":"Awakened One","floor":50.0,"turns":15.0},{"damage":7.0,"enemies":"Shield and Spear","floor":54.0,"turns":1.0},{"damage":39,"enemies":"The Heart","floor":55,"turns":5}],"seed_played":"1328579673724475299","potions_obtained":[{"floor":2.0,"key":"Dexterity Potion"},{"floor":5.0,"key":"Energy Potion"},{"floor":14.0,"key":"DuplicationPotion"},{"floor":16.0,"key":"Weak Potion"},{"floor":18.0,"key":"SkillPotion"},{"floor":21.0,"key":"AttackPotion"},{"floor":29.0,"key":"Block Potion"},{"floor":39.0,"key":"Regen Potion"},{"floor":40.0,"key":"SpeedPotion"},{"floor":45.0,"key":"Regen Potion"}],"is_trial":false,"path_per_floor":["M","M","?","M","M","E","M","E","T","T","R","E","R","M","R","B",null,"M","M","$","M","?","E","$","E","T","E","R","M","?","M","R","B",null,"M","$","M","M","M","E","$","?","T","E","M","E","?","M","R","B",null,"R","$","E","B",null],"character_chosen":"IRONCLAD","items_purchased":["Charon\u0027s Ashes","Body Slam","Power Through","DollysMirror","Feel No Pain","Dark Embrace","Offering"],"campfire_rested":0,"item_purchase_floors":[20,24,41,41,41,41,53],"current_hp_per_floor":[75,72,77,71,77,75,74,60,60,60,60,55,55,63,63,17,85,85,83,83,85,69,71,71,67,67,60,60,60,60,62,62,58,90,90,90,90,90,78,80,80,80,80,82,89,90,72,68,68,52,90,90,90,89,69],"gold":56,"neow_bonus":"UPGRADE_CARD","is_daily":false,"chose_seed":false,"campfire_upgraded":6,"win_rate":0.0,"timestamp":1611177486,"path_taken":["M","M","?","M","M","E","M","E","T","?","R","E","R","M","R","BOSS","M","M","$","M","?","E","$","E","T","E","R","M","?","M","R","BOSS","M","$","M","M","M","E","$","?","T","E","M","E","?","M","R","BOSS","R","$","E","BOSS"],"items_purchased_type":["Relic","Card","Card","Relic","Card","Card","Card"],"build_version":"2020-12-22","purchased_purges":1,"victory":true,"max_hp_per_floor":[80,80,85,85,85,85,85,85,85,85,85,85,85,85,85,85,85,85,85,85,85,90,90,90,90,90,90,90,90,90,90,90,90,90,90,90,90,90,90,90,90,90,90,90,90,90,90,90,90,90,90,90,90,90,90],"card_choices":[{"not_picked":["Sword Boomerang","Flex","Cleave"],"picked":"SKIP","floor":1.0},{"not_picked":["Shrug It Off","Headbutt"],"picked":"Pommel Strike","floor":2.0},{"not_picked":["Spot Weakness","Armaments"],"picked":"Immolate","floor":4.0},{"not_picked":["Clothesline","Cleave"],"picked":"Seeing Red","floor":5.0},{"not_picked":["Sword Boomerang","Intimidate"],"picked":"Feel No Pain","floor":6.0},{"not_picked":["Cleave","Thunderclap","Clothesline"],"picked":"SKIP","floor":7.0},{"not_picked":["Heavy Blade","Iron Wave"],"picked":"Shrug It Off","floor":8.0},{"not_picked":["Pummel","Evolve"],"picked":"Dark Embrace","floor":12.0},{"not_picked":["Headbutt","Pommel Strike","Searing Blow"],"picked":"SKIP","floor":14.0},{"not_picked":["Fiend Fire","Double Tap"],"picked":"Offering","floor":16.0},{"not_picked":["Thunderclap+1","Clash"],"picked":"Carnage+1","floor":18.0},{"not_picked":["Flex","Armaments","Thunderclap"],"picked":"SKIP","floor":19.0},{"not_picked":["Heavy Blade","Blood for Blood+1"],"picked":"Warcry+1","floor":21.0},{"not_picked":["Perfected Strike","Double Tap","Rage"],"picked":"SKIP","floor":23.0},{"not_picked":["Carnage","Clash","Rupture"],"picked":"SKIP","floor":25.0},{"not_picked":["Whirlwind","Spot Weakness","Flex"],"picked":"SKIP","floor":27.0},{"not_picked":["Whirlwind+1","Shrug It Off","Heavy Blade"],"picked":"SKIP","floor":29.0},{"not_picked":["Cleave","Twin Strike","Iron Wave"],"picked":"SKIP","floor":31.0},{"not_picked":["Feed","Berserk"],"picked":"Offering","floor":33.0},{"not_picked":["Armaments","Clash+1","Twin Strike+1"],"picked":"SKIP","floor":35.0},{"not_picked":["Havoc","Clothesline+1","Cleave"],"picked":"SKIP","floor":37.0},{"not_picked":["Perfected Strike+1","Carnage+1","Body Slam"],"picked":"SKIP","floor":38.0},{"not_picked":["Seeing Red","Searing Blow"],"picked":"Havoc+1","floor":39.0},{"not_picked":["Fire Breathing+1","Clash","Feed"],"picked":"SKIP","floor":40.0},{"not_picked":["Power Through","Ghostly Armor","Hemokinesis+1"],"picked":"SKIP","floor":44.0},{"not_picked":["Iron Wave","Flex+1","True Grit"],"picked":"SKIP","floor":45.0},{"not_picked":["Body Slam","Heavy Blade+1","Sword Boomerang"],"picked":"SKIP","floor":46.0},{"not_picked":["Sword Boomerang","Pummel"],"picked":"Bloodletting+1","floor":47.0},{"not_picked":["Infernal Blade","Pummel+1"],"picked":"Armaments+1","floor":48.0},{"not_picked":["Flex","Cleave","Intimidate"],"picked":"SKIP","floor":54}],"player_experience":219221,"relics_obtained":[{"floor":6.0,"key":"Nunchaku"},{"floor":8.0,"key":"Bottled Lightning"},{"floor":9.0,"key":"Blood Vial"},{"floor":10.0,"key":"Incense Burner"},{"floor":12.0,"key":"Anchor"},{"floor":23.0,"key":"Matryoshka"},{"floor":25.0,"key":"Darkstone Periapt"},{"floor":26.0,"key":"Lantern"},{"floor":27.0,"key":"Meat on the Bone"},{"floor":40.0,"key":"The Courier"},{"floor":43.0,"key":"Omamori"},{"floor":43.0,"key":"Sundial"},{"floor":44.0,"key":"InkBottle"},{"floor":46.0,"key":"Art of War"},{"floor":47.0,"key":"Torii"},{"floor":54,"key":"Bird Faced Urn"}],"event_choices":[{"damage_healed":0.0,"max_hp_gain":5.0,"max_hp_loss":0.0,"gold_gain":0.0,"event_name":"Big Fish","player_choice":"Donut","floor":3.0,"gold_loss":0.0,"damage_taken":0.0},{"damage_healed":0.0,"max_hp_gain":5.0,"max_hp_loss":0.0,"gold_gain":0.0,"event_name":"Forgotten Altar","player_choice":"Shed Blood","floor":22.0,"gold_loss":0.0,"damage_taken":21.0},{"cards_removed":["Limit Break"],"damage_healed":0.0,"max_hp_gain":0.0,"max_hp_loss":0.0,"gold_gain":0.0,"event_name":"Back to Basics","player_choice":"Elegance","floor":30.0,"gold_loss":0.0,"damage_taken":0.0},{"damage_healed":0.0,"max_hp_gain":0.0,"max_hp_loss":0.0,"gold_gain":0.0,"event_name":"Tomb of Lord Red Mask","player_choice":"Paid","floor":42.0,"gold_loss":45.0,"damage_taken":0.0,"relics_obtained":["Red Mask"]},{"damage_healed":0.0,"max_hp_gain":0.0,"max_hp_loss":0.0,"gold_gain":0.0,"event_name":"Mysterious Sphere","player_choice":"Fight","floor":47.0,"gold_loss":0.0,"damage_taken":0.0}],"is_beta":false,"boss_relics":[{"not_picked":["Ectoplasm","Runic Dome"],"picked":"Pandora\u0027s Box"},{"not_picked":["Snecko Eye","Empty Cage"],"picked":"Astrolabe"}],"items_purged_floors":[20],"is_endless":false,"potions_floor_spawned":[2,5,14,16,18,21,23,29,38,39,40,45,47],"ascension_level":2}}