{"host":"2tgyrzvaa7l04o2e","time":1611161900,"event":{"mods":["BaseMod","Highlight Path","Minty Spire (QoL Compilation)","Permanent Neow","Relic Stats"],"gold_per_floor":[115,132,132,151,166,166,198,198,223,223,78,111,123,123,123,123,123],"floor_reached":16,"language":"ENG","playtime":495,"items_purged":["Strike_B"],"score":182,"play_id":"ea4a0fdc-bf2b-4289-8fe2-18d1b937037f","local_time":"20210120175820","is_ascension_mode":true,"campfire_choices":[{"data":"Zap","floor":6,"key":"SMITH"},{"data":"Coolheaded","floor":8,"key":"SMITH"},{"floor":15,"key":"REST"}],"circlet_count":0,"master_deck":["AscendersBane","Strike_B","Defend_B","Defend_B","Defend_B","Zap+1","Coolheaded+1","Compile Driver","Cold Snap","Cold Snap","Ball Lightning","Consume","Compile Driver","Static Discharge"],"relics":["Empty Cage","MealTicket","Toy Ornithopter","Mummified Hand","Potion Belt"],"acts_visited":["Exordium"],"potions_floor_usage":[7,7,13],"damage_taken":[{"damage":5,"enemies":"Small Slimes","floor":1,"turns":4},{"damage":7,"enemies":"Jaw Worm","floor":2,"turns":6},{"damage":3,"enemies":"2 Louse","floor":4,"turns":3},{"damage":15,"enemies":"Exordium Thugs","floor":5,"turns":5},{"damage":15,"enemies":"Lagavulin","floor":7,"turns":7},{"damage":14,"enemies":"Gremlin Nob","floor":12,"turns":4},{"damage":14,"enemies":"Lots of Slimes","floor":13,"turns":3},{"damage":34,"enemies":"Slime Boss","floor":16,"turns":5}],"seed_played":"3694087932924749042","potions_obtained":[{"floor":1,"key":"Swift Potion"},{"floor":5,"key":"Energy Potion"},{"floor":12,"key":"Fire Potion"}],"is_trial":false,"path_per_floor":["M","M","?","M","M","R","E","R","T","T","$","E","M","?","R","B"],"character_chosen":"DEFECT","items_purchased":["Consume"],"campfire_rested":1,"item_purchase_floors":[11],"current_hp_per_floor":[63,56,49,46,31,31,16,16,16,16,31,17,8,8,30,0,0],"gold":123,"neow_bonus":"BOSS_RELIC","is_daily":false,"chose_seed":false,"campfire_upgraded":2,"win_rate":0.0,"timestamp":1611161900,"path_taken":["M","M","?","M","M","R","E","R","T","?","$","E","M","?","R","BOSS"],"items_purchased_type":["Card"],"build_version":"2020-12-22","purchased_purges":1,"victory":false,"max_hp_per_floor":[75,75,75,75,75,75,75,75,75,75,75,75,75,75,75,75,75],"relic_stats":{"counters":[8,37],"Mummified Hand":[0],"MealTicket":15,"obtain_stats":[{"Potion Belt":12,"Mummified Hand":10,"MealTicket":7,"Cracked Core":0,"Empty Cage":0,"Toy Ornithopter":9},{"Potion Belt":6,"Mummified Hand":5,"MealTicket":5,"Cracked Core":0,"Empty Cage":0,"Toy Ornithopter":5},{"Potion Belt":29,"Mummified Hand":25,"MealTicket":25,"Cracked Core":0,"Empty Cage":0,"Toy Ornithopter":25}],"Toy Ornithopter":5},"card_choices":[{"not_picked":["Go for the Eyes","Genetic Algorithm"],"picked":"Coolheaded","floor":1},{"not_picked":["Cold Snap","Coolheaded"],"picked":"Compile Driver","floor":2},{"not_picked":["Skim","Go for the Eyes"],"picked":"Cold Snap","floor":4},{"not_picked":["Steam Power","Leap"],"picked":"Cold Snap","floor":5},{"not_picked":["Self Repair","Cold Snap"],"picked":"Ball Lightning","floor":7},{"not_picked":["Redo","Stack"],"picked":"Compile Driver","floor":12},{"not_picked":["Undo","Compile Driver"],"picked":"Static Discharge","floor":13}],"player_experience":639932,"relics_obtained":[{"floor":7,"key":"MealTicket"},{"floor":9,"key":"Toy Ornithopter"},{"floor":10,"key":"Mummified Hand"},{"floor":12,"key":"Potion Belt"}],"event_choices":[{"cards_removed":["Dualcast"],"damage_healed":0,"gold_gain":0,"player_choice":"Card Removal","damage_taken":7,"max_hp_gain":0,"max_hp_loss":0,"event_name":"Golden Wing","floor":3,"gold_loss":0},{"cards_removed":["Strike_B"],"damage_healed":0,"gold_gain":0,"player_choice":"Purged","damage_taken":0,"max_hp_gain":0,"max_hp_loss":0,"event_name":"Purifier","floor":14,"gold_loss":0}],"is_beta":false,"boss_relics":[],"items_purged_floors":[11],"is_endless":false,"potions_floor_spawned":[1,5,12],"killed_by":"Slime Boss","ascension_level":13}}