{"host":"reugk9pd1uotrglt","time":1611181252,"event":{"mods":["AchievementEnabler","BaseMod","BetterRewards","Colored Map","Custom Start","DeckTracker","Minty Spire (QoL Compilation)","Permanent Neow","Quick Restart","SuperFastMode"],"gold_per_floor":[118,83,93,105,105,133,133,160,160,160,160],"floor_reached":10,"language":"ENG","playtime":496,"items_purged":[],"score":152,"play_id":"a039c581-c5ed-4c7c-b742-6c9e0a448e60","local_time":"20210120232052","is_ascension_mode":true,"campfire_choices":[{"data":"Neutralize","floor":7.0,"key":"SMITH"}],"circlet_count":0,"master_deck":["AscendersBane","Strike_G","Strike_G","Strike_G","Strike_G","Strike_G","Defend_G","Defend_G+1","Defend_G","Defend_G","Survivor+1","Neutralize+1","PiercingWail","Quick Slash","Blade Dance","Well Laid Plans","Noxious Fumes","Backflip","Accuracy","Terror"],"relics":["Ring of the Snake","War Paint","Thread and Needle","HornCleat","Darkstone Periapt","Shuriken"],"acts_visited":["Exordium"],"potions_floor_usage":[],"damage_taken":[{"damage":0.0,"enemies":"Small Slimes","floor":1.0,"turns":3.0},{"damage":0.0,"enemies":"2 Louse","floor":3.0,"turns":4.0},{"damage":0.0,"enemies":"Jaw Worm","floor":4.0,"turns":4.0},{"damage":13.0,"enemies":"3 Sentries","floor":6.0,"turns":7.0},{"damage":27,"enemies":"Gremlin Nob","floor":8,"turns":5},{"damage":6,"enemies":"Lagavulin","floor":10,"turns":4}],"seed_played":"480281216832059129","potions_obtained":[{"floor":1.0,"key":"PowerPotion"},{"floor":3.0,"key":"Fruit Juice"}],"is_trial":false,"path_per_floor":["M","?","M","M","?","E","R","E","T","E"],"character_chosen":"THE_SILENT","items_purchased":["PiercingWail","War Paint","Thread and Needle","Quick Slash","Blade Dance"],"campfire_rested":0,"item_purchase_floors":[0,0,0,0,0],"current_hp_per_floor":[39,55,60,60,53,40,40,13,13,7,7],"gold":160,"neow_bonus":"","is_daily":false,"chose_seed":false,"campfire_upgraded":1,"win_rate":0.0,"timestamp":1611181252,"path_taken":["M","?","M","M","?","E","R","E","T","E"],"items_purchased_type":["Card","Relic","Relic","Card","Card"],"build_version":"2020-12-22","purchased_purges":0,"victory":false,"max_hp_per_floor":[66,66,71,71,71,71,71,71,71,71,71],"card_choices":[{"not_picked":["Poisoned Stab","Dagger Throw"],"picked":"Well Laid Plans","floor":1.0},{"not_picked":["PiercingWail","Distraction"],"picked":"Noxious Fumes","floor":3.0},{"not_picked":["Cloak And Dagger","Slice"],"picked":"Backflip","floor":4.0},{"not_picked":["Reflex","Bane"],"picked":"Accuracy","floor":6.0},{"not_picked":["Tactician","Cloak And Dagger"],"picked":"Terror","floor":8}],"player_experience":1499829,"relics_obtained":[{"floor":6.0,"key":"HornCleat"},{"floor":8,"key":"Darkstone Periapt"},{"floor":9,"key":"Shuriken"}],"event_choices":[{"damage_healed":16.0,"max_hp_gain":0.0,"max_hp_loss":0.0,"gold_gain":0.0,"event_name":"The Cleric","player_choice":"Healed","floor":2.0,"gold_loss":35.0,"damage_taken":0.0},{"cards_removed":["Defend_G"],"damage_healed":0.0,"max_hp_gain":0.0,"max_hp_loss":0.0,"gold_gain":0.0,"event_name":"Golden Wing","player_choice":"Card Removal","floor":5.0,"gold_loss":0.0,"damage_taken":7.0}],"is_beta":false,"boss_relics":[],"items_purged_floors":[],"is_endless":false,"potions_floor_spawned":[1,3],"killed_by":"Lagavulin","ascension_level":20}}