{"host":"xetj7e4h1njmphhb","time":1611169537,"event":{"mods":["BaseMod","Minty Spire (QoL Compilation)","SuperFastMode"],"gold_per_floor":[117,192,292,312,326,326,354,354,354,56,56,131,150,167,167,265,265,281,281,25,41,41,41,68,68,68,68,68],"floor_reached":27,"language":"ENG","playtime":898,"items_purged":["Defend_B"],"score":229,"play_id":"3aabc4c6-4b7f-46fd-9b68-463a263be416","local_time":"20210120140537","is_ascension_mode":false,"campfire_choices":[{"floor":6,"key":"REST"},{"floor":8,"key":"REST"},{"floor":15,"key":"REST"},{"floor":23,"key":"REST"},{"floor":25,"key":"REST"}],"circlet_count":0,"master_deck":["Strike_B","Strike_B","Strike_B","Strike_B","Defend_B","Defend_B","Defend_B","Zap","Dualcast","Sunder","Sweeping Beam","Rip and Tear","Rebound","Tempest","Conserve Battery","Barrage","Creative AI","Chaos+1","Skim","RitualDagger","Hello World+1"],"relics":["Cracked Core","Pantograph","Centennial Puzzle","PreservedInsect","White Beast Statue","Runic Dome","Frozen Egg 2","Incense Burner","Ice Cream"],"acts_visited":["Exordium","TheCity"],"potions_floor_usage":[16,16,16],"damage_taken":[{"damage":0,"enemies":"2 Louse","floor":1,"turns":1},{"damage":16,"enemies":"Jaw Worm","floor":4,"turns":4},{"damage":1,"enemies":"Cultist","floor":5,"turns":3},{"damage":44,"enemies":"Lagavulin","floor":7,"turns":7},{"damage":3,"enemies":"Exordium Thugs","floor":13,"turns":3},{"damage":12,"enemies":"Blue Slaver","floor":14,"turns":3},{"damage":58,"enemies":"Hexaghost","floor":16,"turns":11},{"damage":5,"enemies":"Chosen","floor":18,"turns":4},{"damage":31,"enemies":"Shell Parasite","floor":21,"turns":4},{"damage":39,"enemies":"Book of Stabbing","floor":24,"turns":4},{"damage":31,"enemies":"3 Cultists","floor":27,"turns":4}],"seed_played":"-7521035283950800518","potions_obtained":[{"floor":1,"key":"Dexterity Potion"},{"floor":5,"key":"PotionOfCapacity"},{"floor":13,"key":"SteroidPotion"},{"floor":16,"key":"ColorlessPotion"},{"floor":18,"key":"SpeedPotion"},{"floor":21,"key":"PowerPotion"},{"floor":24,"key":"AttackPotion"}],"is_trial":false,"path_per_floor":["M","?","?","M","M","R","E","R","T","$","?","T","M","M","R","B",null,"M","?","$","M","?","R","E","R","T","M"],"character_chosen":"DEFECT","items_purchased":["Tempest","PreservedInsect","Frozen Egg 2"],"campfire_rested":5,"item_purchase_floors":[10,10,20],"current_hp_per_floor":[75,64,64,48,47,69,25,47,47,47,47,47,44,32,54,17,75,70,63,63,32,26,48,9,31,31,0,0],"gold":68,"neow_bonus":"THREE_CARDS","is_daily":false,"chose_seed":false,"campfire_upgraded":0,"win_rate":0.0,"timestamp":1611169537,"path_taken":["M","?","?","M","?","R","E","R","T","$","?","?","?","M","R","BOSS","M","?","$","?","?","R","E","R","T","M"],"items_purchased_type":["Card","Relic","Relic"],"build_version":"2020-12-22","purchased_purges":1,"victory":false,"max_hp_per_floor":[75,75,75,75,75,75,75,75,75,75,75,75,75,75,75,75,75,75,75,75,75,75,75,75,75,75,75,75],"card_choices":[{"not_picked":["BootSequence","White Noise"],"picked":"Sunder","floor":1},{"not_picked":["Stack","Chill"],"picked":"Sweeping Beam","floor":4},{"not_picked":["Lockon","Heatsinks"],"picked":"Rip and Tear","floor":5},{"not_picked":["Stack","Steam Power"],"picked":"Rebound","floor":7},{"not_picked":["Consume","Gash"],"picked":"Conserve Battery","floor":13},{"not_picked":["Glacier","Auto Shields"],"picked":"Barrage","floor":14},{"not_picked":["Thunder Strike","Amplify"],"picked":"Creative AI","floor":16},{"not_picked":["White Noise","Sweeping Beam"],"picked":"Chaos+1","floor":18},{"not_picked":["Go for the Eyes","Capacitor+1"],"picked":"Skim","floor":21},{"not_picked":["All For One","Coolheaded+1"],"picked":"Hello World+1","floor":24}],"player_experience":20937,"relics_obtained":[{"floor":7,"key":"Pantograph"},{"floor":9,"key":"Centennial Puzzle"},{"floor":12,"key":"White Beast Statue"},{"floor":24,"key":"Incense Burner"},{"floor":26,"key":"Ice Cream"}],"event_choices":[{"damage_healed":0,"gold_gain":75,"player_choice":"Gather Gold","damage_taken":11,"max_hp_gain":0,"max_hp_loss":0,"event_name":"World of Goop","floor":2,"gold_loss":0},{"damage_healed":0,"gold_gain":100,"player_choice":"Gold","damage_taken":0,"max_hp_gain":0,"max_hp_loss":0,"event_name":"Wheel of Change","floor":3,"gold_loss":0},{"damage_healed":0,"gold_gain":0,"player_choice":"Fled","damage_taken":0,"max_hp_gain":0,"max_hp_loss":0,"event_name":"Scrap Ooze","floor":11,"gold_loss":0},{"damage_healed":0,"gold_gain":0,"player_choice":"Damaged","damage_taken":7,"max_hp_gain":0,"max_hp_loss":0,"event_name":"Wheel of Change","floor":19,"gold_loss":0},{"damage_healed":0,"gold_gain":0,"player_choice":"Joined the Cult","damage_taken":6,"max_hp_gain":0,"max_hp_loss":0,"event_name":"Nest","floor":22,"gold_loss":0,"cards_obtained":["RitualDagger"]}],"is_beta":false,"boss_relics":[{"not_picked":["Coffee Dripper","Snecko Eye"],"picked":"Runic Dome"}],"items_purged_floors":[10],"is_endless":false,"potions_floor_spawned":[1,5,13,14,16,18,21,24],"killed_by":"3 Cultists","ascension_level":0}}