{"host":"fa35vd3kig5td25x","time":1611160673,"event":{"mods":["BaseMod","Colored Powertips","Minty Spire (QoL Compilation)","Relic Stats","Slay the Relics Exporter"],"gold_per_floor":[110,128,143,154,1,31,31,42,122,154,154,185,185,195,195,272,272,289,305,305,317,327,327,242,79,79,79,79,97,132,144,144,221,221,239,239,254,254,579,612,612,612,684,225,239,239,271,284,284,284,284],"floor_reached":50,"language":"ENG","playtime":3122,"items_purged":["Strike_G","Strike_G+1"],"score":1209,"play_id":"0b5fde7c-185c-42e3-9a13-c28345ed751a","local_time":"20210120173753","is_ascension_mode":true,"campfire_choices":[{"floor":7.0,"key":"REST"},{"data":"Noxious Fumes","floor":13.0,"key":"SMITH"},{"data":"Burst","floor":15.0,"key":"SMITH"},{"floor":23.0,"key":"REST"},{"floor":27.0,"key":"REST"},{"data":"Footwork","floor":32.0,"key":"SMITH"},{"data":"Acrobatics","floor":41.0,"key":"SMITH"},{"floor":46.0,"key":"RECALL"},{"floor":49.0,"key":"REST"}],"circlet_count":0,"master_deck":["AscendersBane","Strike_G+1","Strike_G+1","Defend_G+1","Defend_G+1","Defend_G+1","Defend_G+1","Defend_G+1","Survivor","Neutralize","Flying Knee","Noxious Fumes+1","Crippling Poison","Blade Dance","Burst+1","Acrobatics","Backflip","Leg Sweep","Flechettes","Adrenaline","Footwork+1","Underhanded Strike","Cloak And Dagger+1","Leg Sweep","After Image+1","Terror","After Image+1","Dodge and Roll","Acrobatics+1","Well Laid Plans+1","Predator","Thinking Ahead","Finesse","Mayhem+1","Dodge and Roll","Acrobatics+1","Finisher+1","Dagger Throw+1"],"relics":["SlaversCollar","Strawberry","Pear","Mango","Pen Nib","WristBlade","Blood Vial","Oddly Smooth Stone","Paper Crane","Frozen Egg 2","Philosopher\u0027s Stone","Old Coin","Bronze Scales","Lee\u0027s Waffle","Nunchaku"],"acts_visited":[],"potions_floor_usage":[],"damage_taken":[{"damage":9.0,"enemies":"Cultist","floor":1.0,"turns":4.0},{"damage":2.0,"enemies":"Jaw Worm","floor":2.0,"turns":5.0},{"damage":0.0,"enemies":"Small Slimes","floor":3.0,"turns":6.0},{"damage":14.0,"enemies":"Exordium Wildlife","floor":4.0,"turns":5.0},{"damage":21.0,"enemies":"Gremlin Nob","floor":6.0,"turns":4.0},{"damage":8.0,"enemies":"Large Slime","floor":8.0,"turns":8.0},{"damage":19.0,"enemies":"3 Sentries","floor":10.0,"turns":5.0},{"damage":5.0,"enemies":"Lagavulin","floor":12.0,"turns":7.0},{"damage":11.0,"enemies":"3 Louse","floor":14.0,"turns":6.0},{"damage":8.0,"enemies":"The Guardian","floor":16.0,"turns":12.0},{"damage":29.0,"enemies":"Spheric Guardian","floor":18.0,"turns":10.0},{"damage":23.0,"enemies":"2 Thieves","floor":19.0,"turns":4.0},{"damage":2.0,"enemies":"Chosen and Byrds","floor":21.0,"turns":5.0},{"damage":15.0,"enemies":"Cultist and Chosen","floor":22.0,"turns":7.0},{"damage":1.0,"enemies":"Snake Plant","floor":29.0,"turns":7.0},{"damage":2.0,"enemies":"Gremlin Leader","floor":30.0,"turns":7.0},{"damage":13.0,"enemies":"Centurion and Healer","floor":31.0,"turns":7.0},{"damage":8.0,"enemies":"Champ","floor":33.0,"turns":15.0},{"damage":20.0,"enemies":"3 Darklings","floor":35.0,"turns":8.0},{"damage":0.0,"enemies":"Orb Walker","floor":37.0,"turns":4.0},{"damage":0.0,"enemies":"Mind Bloom Boss Battle","floor":39.0,"turns":5.0},{"damage":0.0,"enemies":"Giant Head","floor":40.0,"turns":9.0},{"damage":11.0,"enemies":"3 Darklings","floor":45.0,"turns":7.0},{"damage":62.0,"enemies":"Reptomancer","floor":47.0,"turns":7.0},{"damage":7.0,"enemies":"Sphere and 2 Shapes","floor":48.0,"turns":6.0},{"damage":0,"enemies":"Time Eater","floor":50,"turns":1}],"seed_played":"-3838558421432253216","potions_obtained":[{"floor":1.0,"key":"AttackPotion"},{"floor":3.0,"key":"Ancient Potion"},{"floor":4.0,"key":"Explosive Potion"},{"floor":10.0,"key":"Strength Potion"},{"floor":14.0,"key":"Dexterity Potion"},{"floor":19.0,"key":"DuplicationPotion"},{"floor":21.0,"key":"PowerPotion"},{"floor":31.0,"key":"Energy Potion"},{"floor":33.0,"key":"SkillPotion"},{"floor":37.0,"key":"LiquidBronze"}],"is_trial":false,"path_per_floor":["M","M","M","M","$","E","R","M","T","E","?","E","R","M","R","B",null,"M","M","?","M","M","R","?","$","T","R","?","M","E","M","R","B",null,"M","?","M","?","?","E","R","?","T","$","M","R","E","M","R","B"],"character_chosen":"THE_SILENT","items_purchased":["Blade Dance","FearPotion","Oddly Smooth Stone","Lee\u0027s Waffle","Ancient Potion","SpeedPotion","Dodge and Roll"],"campfire_rested":4,"item_purchase_floors":[5,5,25,44,44,44,44],"current_hp_per_floor":[50,48,48,34,34,20,41,33,43,38,38,33,33,22,22,14,76,47,24,24,22,7,36,36,36,36,65,65,66,66,55,55,49,85,67,67,69,69,71,73,73,63,63,99,88,88,28,23,52,54,54],"gold":284,"neow_bonus":"BOSS_RELIC","is_daily":false,"chose_seed":false,"campfire_upgraded":4,"win_rate":0.0,"timestamp":1611160673,"path_taken":["M","M","?","M","$","E","R","M","T","E","?","E","R","M","R","BOSS","M","?","?","M","M","R","?","$","T","R","?","?","E","M","R","BOSS","M","?","M","?","?","E","R","?","T","$","M","R","E","M","R","BOSS"],"items_purchased_type":["Card","Potion","Relic","Relic","Potion","Potion","Card"],"build_version":"2020-12-22","purchased_purges":2,"victory":false,"max_hp_per_floor":[66,66,66,66,66,73,73,73,83,97,97,97,97,97,97,97,97,97,97,97,97,97,97,97,97,97,97,97,97,97,97,97,97,97,97,92,92,92,92,92,92,92,92,99,99,99,99,99,99,99,99],"relic_stats":{"Blood Vial":2,"Lee\u0027s Waffle":0,"Nunchaku":[0],"counters":[1,1],"Bronze Scales":[0],"Pen Nib":[0],"obtain_stats":[{"Lee\u0027s Waffle":0,"Pear":0,"Oddly Smooth Stone":0,"Mango":0,"Pen Nib":0,"Paper Crane":0,"Frozen Egg 2":0,"Old Coin":0,"Blood Vial":0,"SlaversCollar":0,"Nunchaku":0,"WristBlade":0,"Strawberry":0,"Bronze Scales":0,"Philosopher\u0027s Stone":0},{"Lee\u0027s Waffle":0,"Pear":0,"Oddly Smooth Stone":0,"Mango":0,"Pen Nib":0,"Paper Crane":0,"Frozen Egg 2":0,"Old Coin":0,"Blood Vial":0,"SlaversCollar":0,"Nunchaku":0,"WristBlade":0,"Strawberry":0,"Bronze Scales":0,"Philosopher\u0027s Stone":0},{"Lee\u0027s Waffle":0,"Pear":0,"Oddly Smooth Stone":0,"Mango":0,"Pen Nib":0,"Paper Crane":0,"Frozen Egg 2":0,"Old Coin":0,"Blood Vial":0,"SlaversCollar":0,"Nunchaku":0,"WristBlade":0,"Strawberry":0,"Bronze Scales":0,"Philosopher\u0027s Stone":0}]},"card_choices":[{"not_picked":["Cloak And Dagger","Slice"],"picked":"Flying Knee","floor":1.0},{"not_picked":["Skewer","Bane"],"picked":"Noxious Fumes","floor":2.0},{"not_picked":["Setup","Deflect","Prepared"],"picked":"SKIP","floor":3.0},{"not_picked":["Blade Dance","Underhanded Strike"],"picked":"Crippling Poison","floor":4.0},{"not_picked":["Blade Dance","Eviscerate"],"picked":"Burst","floor":6.0},{"not_picked":["Dodge and Roll","Setup"],"picked":"Acrobatics","floor":8.0},{"not_picked":["Poisoned Stab","Flying Knee"],"picked":"Backflip","floor":10.0},{"not_picked":["Dagger Throw","Cloak And Dagger"],"picked":"Leg Sweep","floor":12.0},{"not_picked":["Terror","Prepared"],"picked":"Flechettes","floor":14.0},{"not_picked":["Glass Knife","Tools of the Trade"],"picked":"Adrenaline","floor":16.0},{"not_picked":["Outmaneuver","Acrobatics"],"picked":"Footwork","floor":18.0},{"not_picked":["Cloak And Dagger","Slice"],"picked":"Underhanded Strike","floor":19.0},{"not_picked":["Deflect","Expertise+1","Skewer"],"picked":"SKIP","floor":21.0},{"not_picked":["Bouncing Flask","Sucker Punch"],"picked":"Cloak And Dagger+1","floor":22.0},{"not_picked":["Outmaneuver","Cloak And Dagger+1"],"picked":"Leg Sweep","floor":29.0},{"not_picked":["Dagger Throw","Infinite Blades+1"],"picked":"After Image+1","floor":30.0},{"not_picked":["Deadly Poison","Backflip"],"picked":"Terror","floor":31.0},{"not_picked":["Burst","Bullet Time"],"picked":"After Image+1","floor":33.0},{"not_picked":["Predator","Flechettes"],"picked":"Dodge and Roll","floor":35.0},{"not_picked":["Dagger Spray","Poisoned Stab"],"picked":"Acrobatics","floor":37.0},{"not_picked":["Calculated Gamble+1","Deadly Poison"],"picked":"Well Laid Plans+1","floor":39.0},{"not_picked":["Deflect+1","Heel Hook"],"picked":"Predator","floor":40.0},{"not_picked":["Enlightenment","Dramatic Entrance"],"picked":"Thinking Ahead","floor":42.0},{"not_picked":["Swift Strike","Mind Blast"],"picked":"Finesse","floor":42.0},{"not_picked":["Impatience","Flash of Steel"],"picked":"Mayhem+1","floor":42.0},{"not_picked":["Underhanded Strike","Deflect"],"picked":"Acrobatics+1","floor":45.0},{"not_picked":["Calculated Gamble","Setup+1"],"picked":"Finisher+1","floor":47.0},{"not_picked":["Prepared+1","Finisher"],"picked":"Dagger Throw+1","floor":48.0}],"player_experience":2960338,"relics_obtained":[{"floor":6.0,"key":"Strawberry"},{"floor":9.0,"key":"Pear"},{"floor":10.0,"key":"Mango"},{"floor":12.0,"key":"Pen Nib"},{"floor":26.0,"key":"Paper Crane"},{"floor":30.0,"key":"Frozen Egg 2"},{"floor":39.0,"key":"Old Coin"},{"floor":40.0,"key":"Bronze Scales"},{"floor":47.0,"key":"Nunchaku"}],"event_choices":[{"cards_removed":["Strike_G"],"damage_healed":0.0,"max_hp_gain":0.0,"max_hp_loss":0.0,"gold_gain":0.0,"event_name":"Purifier","player_choice":"Purged","floor":11.0,"gold_loss":0.0,"damage_taken":0.0},{"damage_healed":0.0,"max_hp_gain":0.0,"max_hp_loss":0.0,"gold_gain":0.0,"event_name":"Back to Basics","player_choice":"Simplicity","floor":20.0,"gold_loss":0.0,"damage_taken":0.0,"cards_upgraded":["Strike_G","Strike_G","Strike_G","Defend_G","Defend_G","Defend_G","Defend_G","Defend_G"]},{"damage_healed":0.0,"max_hp_gain":0.0,"max_hp_loss":0.0,"gold_gain":0.0,"event_name":"Addict","player_choice":"Obtained Relic","floor":24.0,"gold_loss":85.0,"damage_taken":0.0,"relics_obtained":["Blood Vial"]},{"damage_healed":0.0,"max_hp_gain":0.0,"max_hp_loss":0.0,"gold_gain":0.0,"event_name":"The Mausoleum","player_choice":"Ignored","floor":28.0,"gold_loss":0.0,"damage_taken":0.0},{"damage_healed":0.0,"max_hp_gain":0.0,"max_hp_loss":5.0,"gold_gain":0.0,"event_name":"Winding Halls","player_choice":"Max HP","floor":36.0,"gold_loss":0.0,"damage_taken":0.0},{"damage_healed":0.0,"max_hp_gain":0.0,"max_hp_loss":0.0,"gold_gain":0.0,"event_name":"Tomb of Lord Red Mask","player_choice":"Ignored","floor":38.0,"gold_loss":0.0,"damage_taken":0.0},{"damage_healed":0.0,"max_hp_gain":0.0,"max_hp_loss":0.0,"gold_gain":0.0,"event_name":"MindBloom","player_choice":"Fight","floor":39.0,"gold_loss":0.0,"damage_taken":0.0},{"damage_healed":0.0,"max_hp_gain":0.0,"max_hp_loss":0.0,"gold_gain":0.0,"event_name":"SensoryStone","player_choice":"Memory 3","floor":42.0,"gold_loss":0.0,"damage_taken":10.0}],"is_beta":false,"boss_relics":[{"not_picked":["Astrolabe","Busted Crown"],"picked":"WristBlade"},{"not_picked":["Calling Bell","Pandora\u0027s Box"],"picked":"Philosopher\u0027s Stone"}],"items_purged_floors":[5,44],"is_endless":false,"potions_floor_spawned":[1,3,4,10,14,19,21,31,33,37,45,47,48],"killed_by":"Time Eater","ascension_level":20}}