{"host":"yit83h4eit4n91s5","time":1611152518,"event":{"mods":["AchievementEnabler","BaseMod","Colored Map","Minty Spire (QoL Compilation)"],"gold_per_floor":[115,131,131,131,143,169,169,169,249,266,45,77,91,109,109,208,208,219,235,86,101,117,117,146,146,196,196,196,228,260,117,117,220,220,238,238,238,257,203,232,232,252,277,277,303,343,65,81,81,81],"floor_reached":51,"language":"ENG","playtime":2296,"items_purged":["Eviscerate"],"score":878,"play_id":"1215ccb6-4d2b-4bc8-8417-824457549b68","local_time":"20210120092158","is_ascension_mode":true,"campfire_choices":[{"data":"Leg Sweep","floor":7,"key":"SMITH"},{"floor":15,"key":"REST"},{"data":"Envenom","floor":23,"key":"SMITH"},{"floor":25,"key":"REST"},{"data":"Infinite Blades","floor":27,"key":"SMITH"},{"data":"Dash","floor":32,"key":"SMITH"},{"data":"Outmaneuver","floor":41,"key":"SMITH"},{"data":"Adrenaline","floor":44,"key":"SMITH"},{"data":"Accuracy","floor":49,"key":"SMITH"}],"circlet_count":0,"master_deck":["Survivor","Neutralize+1","Leg Sweep+1","Blade Dance","Sucker Punch","Blade Dance","Accuracy","Backstab+1","Backstab+1","Bane","Dash+1","Cloak And Dagger","A Thousand Cuts","Adrenaline","Blade Dance","Blur","Accuracy+1","After Image","Bouncing Flask","Dodge and Roll","Envenom+1","Poisoned Stab+1","Cloak And Dagger","Escape Plan","Catalyst","Backflip","Infinite Blades+1","Infinite Blades+1","Outmaneuver+1","Adrenaline+1","Terror+1","Outmaneuver+1","Dodge and Roll","Bane+1"],"relics":["Sozu","Dream Catcher","Ice Cream","Blue Candle","TwistedFunnel","Centennial Puzzle","Pandora\u0027s Box","Regal Pillow","Matryoshka","MealTicket","Ancient Tea Set","Red Mask","Anchor","WristBlade","FossilizedHelix","Oddly Smooth Stone","Whetstone","MawBank","Tough Bandages","PreservedInsect","HandDrill"],"acts_visited":["Exordium","TheCity","TheBeyond"],"potions_floor_usage":[],"damage_taken":[{"damage":0,"enemies":"Cultist","floor":1,"turns":4},{"damage":0,"enemies":"Jaw Worm","floor":2,"turns":5},{"damage":0,"enemies":"2 Louse","floor":5,"turns":2},{"damage":10,"enemies":"Lagavulin","floor":6,"turns":9},{"damage":8,"enemies":"Lots of Slimes","floor":10,"turns":4},{"damage":1,"enemies":"3 Sentries","floor":12,"turns":7},{"damage":0,"enemies":"3 Louse","floor":13,"turns":1},{"damage":1,"enemies":"Blue Slaver","floor":14,"turns":2},{"damage":18,"enemies":"Slime Boss","floor":16,"turns":4},{"damage":0,"enemies":"Chosen","floor":18,"turns":4},{"damage":0,"enemies":"Spheric Guardian","floor":19,"turns":3},{"damage":20,"enemies":"Shelled Parasite and Fungi","floor":21,"turns":3},{"damage":0,"enemies":"Chosen and Byrds","floor":22,"turns":3},{"damage":10,"enemies":"Book of Stabbing","floor":24,"turns":4},{"damage":12,"enemies":"Masked Bandits","floor":29,"turns":3},{"damage":21,"enemies":"Slavers","floor":30,"turns":4},{"damage":5,"enemies":"Champ","floor":33,"turns":6},{"damage":1,"enemies":"3 Darklings","floor":35,"turns":3},{"damage":10,"enemies":"3 Shapes","floor":38,"turns":2},{"damage":0,"enemies":"Giant Head","floor":40,"turns":5},{"damage":0,"enemies":"3 Darklings","floor":42,"turns":3},{"damage":0,"enemies":"Reptomancer","floor":46,"turns":4},{"damage":0,"enemies":"Maw","floor":48,"turns":4},{"damage":18,"enemies":"Donu and Deca","floor":50,"turns":6}],"seed_played":"137833930353073823","potions_obtained":[],"is_trial":false,"path_per_floor":["M","M","?","?","M","E","R","?","T","M","$","E","M","M","R","B",null,"M","M","$","M","M","R","E","R","T","R","?","?","E","$","R","B",null,"M","?","$","M","$","E","R","M","T","R","T","E","$","M","R","B",null],"character_chosen":"THE_SILENT","items_purchased":["TwistedFunnel","Backstab","Regal Pillow","Adrenaline","Dodge and Roll","PreservedInsect","HandDrill"],"campfire_rested":2,"item_purchase_floors":[11,11,20,31,39,47,47],"current_hp_per_floor":[70,70,67,67,67,57,57,57,57,49,49,48,48,47,68,50,70,70,70,70,50,50,50,40,70,70,70,70,58,37,52,52,47,70,69,69,70,60,70,70,70,70,70,70,70,70,70,70,70,52],"gold":81,"neow_bonus":"BOSS_RELIC","is_daily":false,"chose_seed":false,"campfire_upgraded":7,"win_rate":0.0,"timestamp":1611152518,"path_taken":["M","M","?","?","?","E","R","?","T","M","$","E","M","M","R","BOSS","M","?","$","?","M","R","E","R","T","R","?","?","E","$","R","BOSS","M","?","$","M","?","E","R","?","T","R","?","E","$","M","R","BOSS"],"items_purchased_type":["Relic","Card","Relic","Card","Card","Relic","Relic"],"build_version":"2020-12-22","purchased_purges":1,"victory":true,"max_hp_per_floor":[70,70,70,70,70,70,70,70,70,70,70,70,70,70,70,70,70,70,70,70,70,70,70,70,70,70,70,70,70,70,70,70,70,70,70,70,70,70,70,70,70,70,70,70,70,70,70,70,70,70],"card_choices":[{"not_picked":["Acrobatics","Deflect"],"picked":"Leg Sweep","floor":1},{"not_picked":["Underhanded Strike","Outmaneuver"],"picked":"Blade Dance","floor":2},{"not_picked":["Dagger Spray","Underhanded Strike"],"picked":"Sucker Punch","floor":5},{"not_picked":["After Image","Dagger Throw"],"picked":"Blade Dance","floor":6},{"not_picked":["PiercingWail","Dagger Spray"],"picked":"Accuracy","floor":10},{"not_picked":["Endless Agony","Prepared"],"picked":"Backstab","floor":12},{"not_picked":["Deadly Poison","Quick Slash"],"picked":"Bane","floor":13},{"not_picked":["Dodge and Roll","Eviscerate"],"picked":"Dash","floor":14},{"not_picked":["Die Die Die","Endless Agony"],"picked":"Cloak And Dagger","floor":15},{"not_picked":["Bullet Time","Malaise"],"picked":"A Thousand Cuts","floor":16},{"not_picked":["Dagger Spray","Dodge and Roll"],"picked":"Cloak And Dagger","floor":18},{"not_picked":["Flechettes","Quick Slash+1"],"picked":"Escape Plan","floor":19},{"not_picked":["Acrobatics","Slice+1"],"picked":"Catalyst","floor":21},{"not_picked":["Deadly Poison","Acrobatics"],"picked":"Backflip","floor":22},{"not_picked":["Outmaneuver+1","Crippling Poison"],"picked":"Infinite Blades+1","floor":24},{"not_picked":["Bouncing Flask","Flying Knee"],"picked":"Infinite Blades","floor":25},{"not_picked":["PiercingWail","Deflect"],"picked":"Outmaneuver","floor":29},{"not_picked":["Heel Hook","Reflex+1","Underhanded Strike"],"picked":"SKIP","floor":30},{"not_picked":["Bane","Underhanded Strike+1"],"picked":"Terror+1","floor":35},{"not_picked":["Poisoned Stab","Deadly Poison"],"picked":"Outmaneuver+1","floor":38},{"not_picked":["Choke","Setup","Poisoned Stab+1"],"picked":"SKIP","floor":40},{"not_picked":["Slice+1","Calculated Gamble+1"],"picked":"Bane+1","floor":42},{"not_picked":["Night Terror","Bullet Time","PiercingWail+1"],"picked":"SKIP","floor":46},{"not_picked":["Flying Knee+1","Deflect","Bane+1"],"picked":"SKIP","floor":48}],"player_experience":159720,"relics_obtained":[{"floor":6,"key":"Ice Cream"},{"floor":9,"key":"Blue Candle"},{"floor":12,"key":"Centennial Puzzle"},{"floor":24,"key":"Matryoshka"},{"floor":26,"key":"MealTicket"},{"floor":26,"key":"Ancient Tea Set"},{"floor":29,"key":"Red Mask"},{"floor":30,"key":"Anchor"},{"floor":40,"key":"FossilizedHelix"},{"floor":43,"key":"Oddly Smooth Stone"},{"floor":43,"key":"Whetstone"},{"floor":45,"key":"MawBank"},{"floor":46,"key":"Tough Bandages"}],"event_choices":[{"damage_healed":0,"gold_gain":0,"player_choice":"Success","damage_taken":3,"relics_obtained":["Dream Catcher"],"max_hp_gain":0,"max_hp_loss":0,"event_name":"Scrap Ooze","floor":3,"gold_loss":0},{"damage_healed":0,"gold_gain":0,"player_choice":"Upgraded","damage_taken":0,"max_hp_gain":0,"max_hp_loss":0,"event_name":"Upgrade Shrine","floor":4,"gold_loss":0,"cards_upgraded":["Neutralize"]},{"damage_healed":0,"gold_gain":0,"player_choice":"Bought 0 Potions","damage_taken":0,"max_hp_gain":0,"max_hp_loss":0,"event_name":"The Woman in Blue","floor":8,"gold_loss":0},{"damage_healed":0,"gold_gain":0,"player_choice":"Ignored","damage_taken":0,"max_hp_gain":0,"max_hp_loss":0,"event_name":"Ghosts","floor":28,"gold_loss":0},{"damage_healed":0,"gold_gain":0,"player_choice":"Fought Bandits","damage_taken":0,"max_hp_gain":0,"max_hp_loss":0,"event_name":"Masked Bandits","floor":29,"gold_loss":0},{"damage_healed":0,"gold_gain":0,"player_choice":"Upgraded","damage_taken":0,"max_hp_gain":0,"max_hp_loss":0,"event_name":"Upgrade Shrine","floor":36,"gold_loss":0,"cards_upgraded":["Backstab"]}],"is_beta":false,"boss_relics":[{"not_picked":["Fusion Hammer","Tiny House"],"picked":"Pandora\u0027s Box"},{"not_picked":["Cursed Key","Black Star"],"picked":"WristBlade"}],"items_purged_floors":[31],"is_endless":false,"potions_floor_spawned":[1,5,12,14,21,30,35,38,42],"ascension_level":2}}