{"host":"7qmclr78zvlntuh5","time":1611174011,"event":{"mods":["BaseMod","Downfall","Minty Spire (QoL Compilation)","StSLib"],"gold_per_floor":[99,111,211,227,240,274,300,319,8,43,43,56,206,225,241,241,241,241],"floor_reached":16,"language":"ENG","playtime":1445,"items_purged":["bronze:Strike"],"score":153,"play_id":"14893ca8-2213-4b61-878e-9cc73cf12fb4","local_time":"20210120152011","is_ascension_mode":true,"campfire_choices":[{"floor":1,"key":"RECALL"},{"data":"bronze:CleanCode","floor":11,"key":"SMITH"}],"circlet_count":0,"master_deck":["bronze:Strike+1","bronze:Strike","bronze:Strike","bronze:Defend","bronze:Defend","bronze:Defend","bronze:Defend","bronze:Replicate+1","bronze:Goto+1","bronze:Optimize","bronze:CutThrough+1","bronze:Safeguard","bronze:GetLatest+1","bronze:CleanCode+1","bronze:Safeguard","bronze:Separator","bronze:RecursiveStrike","downfall:Icky","bronze:Overheat"],"relics":["bronze:BronzeCore","Potion Belt","War Paint","Membership Card","bronze:SilverBullet","Whetstone"],"acts_visited":["Exordium"],"potions_floor_usage":[16,16,16],"damage_taken":[{"damage":1,"enemies":"Cultist","floor":2,"turns":3},{"damage":2,"enemies":"Small Slimes","floor":4,"turns":4},{"damage":2,"enemies":"Jaw Worm","floor":5,"turns":3},{"damage":16,"enemies":"3 Sentries","floor":6,"turns":9},{"damage":18,"enemies":"Exordium Wildlife","floor":8,"turns":5},{"damage":0,"enemies":"downfall:FleeingMerchant","floor":9,"turns":4},{"damage":0,"enemies":"Lagavulin","floor":10,"turns":7},{"damage":0,"enemies":"3 Louse","floor":12,"turns":1},{"damage":0,"enemies":"Large Slime","floor":14,"turns":4},{"damage":9,"enemies":"2 Fungi Beasts","floor":15,"turns":2},{"damage":51,"enemies":"WA_ARCHETYPE_RETAIN","floor":16,"turns":7}],"seed_played":"7410612588297734807","potions_obtained":[{"floor":4,"key":"Regen Potion"},{"floor":5,"key":"bronze:FreeFunctionsPotion"},{"floor":12,"key":"Energy Potion"}],"is_trial":false,"path_per_floor":["R","M","?","M","M","E","T","M","$","E","R","M","?","M","M","B"],"character_chosen":"THE_AUTOMATON","items_purchased":["Membership Card","bronze:Safeguard","bronze:SilverBullet"],"campfire_rested":0,"item_purchase_floors":[9,9,9],"current_hp_per_floor":[70,69,69,67,65,49,49,31,31,31,31,31,31,31,22,0,0,0],"gold":241,"neow_bonus":"UPGRADE_CARD","is_daily":false,"chose_seed":false,"campfire_upgraded":1,"win_rate":0.0,"timestamp":1611174011,"path_taken":["R","M","?","M","M","E","T","M","$","E","R","M","?","M","M","BOSS"],"items_purchased_type":["Relic","Card","Relic"],"build_version":"2020-12-22","purchased_purges":1,"victory":false,"max_hp_per_floor":[70,70,70,70,70,70,70,70,70,70,70,70,70,70,70,70,70,70],"card_choices":[{"not_picked":["bronze:WildBeam","bronze:FineTuning"],"picked":"bronze:Optimize","floor":2},{"not_picked":["bronze:BugBarrage","bronze:Iterate"],"picked":"bronze:CutThrough","floor":4},{"not_picked":["bronze:NullPointer","bronze:Return"],"picked":"bronze:Safeguard","floor":5},{"not_picked":["bronze:Hardcode","bronze:Shield"],"picked":"bronze:GetLatest","floor":6},{"not_picked":["bronze:BugBarrage","bronze:FineTuning","bronze:WhirlingStrike"],"picked":"SKIP","floor":8},{"not_picked":["bronze:BugBarrage","bronze:BronzeOrb"],"picked":"bronze:CleanCode","floor":9},{"not_picked":["bronze:Iterate","bronze:WhirlingStrike"],"picked":"bronze:Separator","floor":10},{"not_picked":["bronze:Turbo","bronze:Iterate"],"picked":"bronze:RecursiveStrike","floor":12},{"not_picked":["bronze:Separator","bronze:DelayedSlice"],"picked":"bronze:Overheat","floor":14},{"not_picked":["bronze:DelayedGuard","bronze:Shield","bronze:Return"],"picked":"SKIP","floor":15}],"player_experience":230408,"relics_obtained":[{"floor":6,"key":"Potion Belt"},{"floor":7,"key":"War Paint"},{"floor":10,"key":"Whetstone"}],"event_choices":[],"is_beta":false,"boss_relics":[],"items_purged_floors":[9],"is_endless":false,"potions_floor_spawned":[4,5,12],"killed_by":"WA_ARCHETYPE_RETAIN","ascension_level":2}}