{"host":"8acv0qhwpm62j8pm","time":1611155527,"event":{"mods":["BaseMod","Downfall","Hermit","Minty Spire (QoL Compilation)","StSLib"],"gold_per_floor":[99,113,8,20,20,55,55,55,505,505,19,38,38,68,82,82,82,82],"floor_reached":16,"language":"ENG","playtime":1029,"items_purged":["downfall:Icky"],"score":108,"play_id":"844f142a-4fe2-4ee2-a297-f69a967a802f","local_time":"20210120121207","is_ascension_mode":false,"campfire_choices":[{"floor":1,"key":"RECALL"},{"floor":8,"key":"REST"}],"circlet_count":0,"master_deck":["Guardian:Strike_Guardian","Guardian:Strike_Guardian","Guardian:Strike_Guardian","Guardian:Defend_Guardian","Guardian:Defend_Guardian","Guardian:Defend_Guardian","Guardian:Defend_Guardian","Guardian:CurlUp","Guardian:TwinSlam","Guardian:PolyBeam","Guardian:Emergency","Guardian:GuardianWhirl","Guardian:Clone","Guardian:BronzeArmor","downfall:Icky","downfall:Icky","Guardian:ConstructionForm","Guardian:Reroute","Regret","Guardian:GemFinder","Guardian:Gem_Cyan","Guardian:DecasProtection"],"relics":["Guardian:ModeShifter","Orichalcum","Bronze Scales","Vajra","Bag of Preparation","Potion Belt"],"acts_visited":["Exordium"],"potions_floor_usage":[6,16,16],"damage_taken":[{"damage":2,"enemies":"Small Slimes","floor":2,"turns":4},{"damage":0,"enemies":"downfall:FleeingMerchant","floor":3,"turns":4},{"damage":7,"enemies":"2 Louse","floor":4,"turns":4},{"damage":56,"enemies":"Lagavulin","floor":6,"turns":14},{"damage":10,"enemies":"downfall:FleeingMerchant","floor":11,"turns":4},{"damage":6,"enemies":"Jaw Worm","floor":12,"turns":3},{"damage":28,"enemies":"3 Sentries","floor":14,"turns":10},{"damage":11,"enemies":"Gremlin Gang","floor":15,"turns":6},{"damage":18,"enemies":"IC_STATUS_ARCHETYPE","floor":16,"turns":4}],"seed_played":"-464046022401344325","potions_obtained":[{"floor":2,"key":"champ:CounterPotion"},{"floor":4,"key":"SteroidPotion"},{"floor":14,"key":"SkillPotion"},{"floor":15,"key":"Ancient Potion"}],"is_trial":false,"path_per_floor":["R","M","$","M","?","E","T","R","?","?","$","M","?","E","M","B"],"character_chosen":"GUARDIAN","items_purchased":["Guardian:GuardianWhirl","Guardian:Gem_Red","Bronze Scales","Vajra","FairyPotion"],"campfire_rested":1,"item_purchase_floors":[3,3,11,11,11],"current_hp_per_floor":[80,78,78,71,71,15,15,39,39,39,29,23,23,21,10,0,0,0],"gold":82,"neow_bonus":"THREE_CARDS","is_daily":false,"chose_seed":false,"campfire_upgraded":0,"win_rate":0.0,"timestamp":1611155527,"path_taken":["R","M","$","M","?","E","T","R","?","?","?","?","?","E","M","BOSS"],"items_purchased_type":["Card","Card","Relic","Relic","Potion"],"build_version":"2020-12-22","purchased_purges":1,"victory":false,"max_hp_per_floor":[80,80,80,80,80,80,80,80,80,80,80,80,80,80,80,80,80,80],"card_choices":[{"not_picked":["Guardian:WalkerClaw","Guardian:Planning"],"picked":"Guardian:Gem_Red","floor":0},{"not_picked":["Guardian:Emergency","Guardian:PrimingBeam"],"picked":"Guardian:PolyBeam","floor":2},{"not_picked":["Guardian:ShieldCharger","Guardian:PrismaticBeam"],"picked":"Guardian:Emergency","floor":3},{"not_picked":["Guardian:Suspension","Guardian:BronzeOrb"],"picked":"Guardian:Clone","floor":4},{"not_picked":["Guardian:Gem_Red","Guardian:WalkerClaw"],"picked":"Guardian:BronzeArmor","floor":6},{"not_picked":["Guardian:BronzeArmor","Guardian:SphericShield"],"picked":"Guardian:ConstructionForm","floor":11},{"not_picked":["Guardian:Incinerate","Guardian:VentSteam"],"picked":"Guardian:Reroute","floor":12},{"not_picked":["Guardian:Gem_Green","Guardian:Incinerate"],"picked":"Guardian:GemFinder","floor":14},{"not_picked":["Guardian:Gem_Red","Guardian:Gem_Green"],"picked":"Guardian:Gem_Cyan","floor":15},{"not_picked":["Guardian:Gem_Red","Guardian:Incinerate"],"picked":"Guardian:DecasProtection","floor":15}],"player_experience":116217,"relics_obtained":[{"floor":6,"key":"Orichalcum"},{"floor":14,"key":"Potion Belt"}],"event_choices":[{"damage_healed":0,"gold_gain":0,"player_choice":"Box","damage_taken":0,"relics_obtained":["Bag of Preparation"],"max_hp_gain":0,"max_hp_loss":0,"event_name":"Big Fish","floor":13,"gold_loss":0,"cards_obtained":["Regret"]}],"is_beta":false,"boss_relics":[],"items_purged_floors":[11],"is_endless":false,"potions_floor_spawned":[2,4,14,15],"killed_by":"IC_STATUS_ARCHETYPE","ascension_level":0}}