{"host":"1z4hbl9vfqrhg136","time":1611181426,"event":{"mods":["BaseMod","Minty Spire (QoL Compilation)"],"gold_per_floor":[116,191,191,202,213,247,247,268,344,40,69,69,69,69],"floor_reached":13,"language":"ENG","playtime":941,"items_purged":[],"score":182,"play_id":"9a145e4f-b571-4f75-9205-425598ab6c16","local_time":"20210120222346","is_ascension_mode":true,"campfire_choices":[{"data":"Bash","floor":7,"key":"SMITH"}],"circlet_count":0,"master_deck":["AscendersBane","Strike_R","Strike_R","Strike_R","Strike_R","Defend_R","Defend_R","Defend_R","Defend_R","Bash+1","Juggernaut","Heavy Blade","Rage","Demon Form","Uppercut","Thunderclap","Shrug It Off"],"relics":["Burning Blood","MealTicket","Odd Mushroom","Pear","Paper Frog","Bottled Lightning"],"acts_visited":["Exordium"],"potions_floor_usage":[6,6,11,13],"damage_taken":[{"damage":3,"enemies":"2 Louse","floor":1,"turns":4},{"damage":7,"enemies":"Cultist","floor":4,"turns":4},{"damage":10,"enemies":"Small Slimes","floor":5,"turns":5},{"damage":27,"enemies":"3 Sentries","floor":6,"turns":8},{"damage":33,"enemies":"The Mushroom Lair","floor":8,"turns":6},{"damage":23,"enemies":"Gremlin Nob","floor":11,"turns":4},{"damage":50,"enemies":"3 Sentries","floor":13,"turns":8}],"seed_played":"6212700018741999349","potions_obtained":[{"floor":4,"key":"LiquidMemories"},{"floor":5,"key":"ColorlessPotion"},{"floor":8,"key":"GamblersBrew"},{"floor":11,"key":"BloodPotion"}],"is_trial":false,"path_per_floor":["M","?","?","M","M","E","R","?","T","$","E","$","E"],"character_chosen":"IRONCLAD","items_purchased":["Paper Frog","Thunderclap"],"campfire_rested":0,"item_purchase_floors":[10,10],"current_hp_per_floor":[71,60,60,59,55,34,34,7,17,32,15,30,0,0],"gold":69,"neow_bonus":"ONE_RANDOM_RARE_CARD","is_daily":false,"chose_seed":false,"campfire_upgraded":1,"win_rate":0.0,"timestamp":1611181426,"path_taken":["M","?","?","M","?","E","R","?","T","$","E","?","E"],"items_purchased_type":["Relic","Card"],"build_version":"2020-12-22","purchased_purges":0,"victory":false,"max_hp_per_floor":[75,75,75,75,75,75,75,75,85,85,85,85,85,85],"card_choices":[{"not_picked":["Warcry","Flex"],"picked":"Heavy Blade","floor":1},{"not_picked":["Rupture","Havoc","Dual Wield"],"picked":"SKIP","floor":4},{"not_picked":["Dual Wield","Rupture"],"picked":"Rage","floor":5},{"not_picked":["Infernal Blade","Flex"],"picked":"Demon Form","floor":6},{"not_picked":["Shrug It Off","True Grit"],"picked":"Uppercut","floor":8},{"not_picked":["Twin Strike","Body Slam"],"picked":"Shrug It Off","floor":11}],"player_experience":1905131,"relics_obtained":[{"floor":6,"key":"MealTicket"},{"floor":8,"key":"Odd Mushroom"},{"floor":9,"key":"Pear"},{"floor":11,"key":"Bottled Lightning"}],"event_choices":[{"damage_healed":0,"gold_gain":75,"player_choice":"Gather Gold","damage_taken":11,"max_hp_gain":0,"max_hp_loss":0,"event_name":"World of Goop","floor":2,"gold_loss":0},{"cards_removed":["Strike_R"],"damage_healed":0,"gold_gain":0,"player_choice":"Purged","damage_taken":0,"max_hp_gain":0,"max_hp_loss":0,"event_name":"Purifier","floor":3,"gold_loss":0},{"damage_healed":0,"gold_gain":0,"player_choice":"Fought Mushrooms","damage_taken":0,"max_hp_gain":0,"max_hp_loss":0,"event_name":"Mushrooms","floor":8,"gold_loss":0}],"is_beta":false,"boss_relics":[],"items_purged_floors":[],"is_endless":false,"potions_floor_spawned":[4,5,8,11],"killed_by":"3 Sentries","ascension_level":20}}