{"host":"9l1knhxfturzliqa","time":1611137374,"event":{"mods":["BaseMod","Colored Map","Colored Powertips","DeckTracker","Highlight Path","Keyboard Shortcuts","Minty Spire (QoL Compilation)","Random Character Button"],"gold_per_floor":[14,30,30,51,74,115,115,129,154,168,168,168,193,213,213,312,312,325,325,372,372,389,419,436,12,89,89,120,120,120,139,139,139,139],"floor_reached":33,"language":"KOR","playtime":1430,"items_purged":["Defend_G"],"score":564,"play_id":"553aa17b-aae4-41c6-9ca6-b90c40858d6e","local_time":"20210120190934","is_ascension_mode":true,"campfire_choices":[{"floor":7.0,"key":"REST"},{"data":"Flechettes","floor":11.0,"key":"SMITH"},{"floor":15.0,"key":"REST"},{"data":"Phantasmal Killer","floor":27.0,"key":"SMITH"},{"data":"Well Laid Plans","floor":30.0,"key":"SMITH"},{"floor":32.0,"key":"REST"}],"circlet_count":0,"master_deck":["AscendersBane","Strike_G","Strike_G","Defend_G","Defend_G","Survivor","Neutralize","Infinite Blades+1","Riddle With Holes","Backstab","Dagger Spray","Calculated Gamble","PiercingWail","PiercingWail","Unload","Flechettes+1","Well Laid Plans+1","Phantasmal Killer+1","Cloak And Dagger+1","Flying Knee+1","Acrobatics","Accuracy","Setup+1"],"relics":["Ring of the Snake","Bloody Idol","Ancient Tea Set","Vajra","Empty Cage","Centennial Puzzle","PreservedInsect","Mummified Hand","Paper Crane","Oddly Smooth Stone"],"acts_visited":["Exordium","TheCity"],"potions_floor_usage":[],"damage_taken":[{"damage":0.0,"enemies":"Jaw Worm","floor":1.0,"turns":4.0},{"damage":1.0,"enemies":"Small Slimes","floor":2.0,"turns":3.0},{"damage":0.0,"enemies":"Cultist","floor":4.0,"turns":3.0},{"damage":3.0,"enemies":"Blue Slaver","floor":5.0,"turns":4.0},{"damage":64.0,"enemies":"Lagavulin","floor":6.0,"turns":8.0},{"damage":1.0,"enemies":"Exordium Thugs","floor":8.0,"turns":2.0},{"damage":9.0,"enemies":"Large Slime","floor":10.0,"turns":6.0},{"damage":0.0,"enemies":"Blue Slaver","floor":13.0,"turns":2.0},{"damage":0.0,"enemies":"Exordium Wildlife","floor":14.0,"turns":2.0},{"damage":31.0,"enemies":"Hexaghost","floor":16.0,"turns":12.0},{"damage":14.0,"enemies":"2 Thieves","floor":18.0,"turns":3.0},{"damage":6.0,"enemies":"Spheric Guardian","floor":22.0,"turns":3.0},{"damage":12.0,"enemies":"Gremlin Leader","floor":23.0,"turns":6.0},{"damage":7.0,"enemies":"Snake Plant","floor":24.0,"turns":4.0},{"damage":13.0,"enemies":"Book of Stabbing","floor":28.0,"turns":2.0},{"damage":16.0,"enemies":"Sentry and Sphere","floor":31.0,"turns":4.0},{"damage":65,"enemies":"Collector","floor":33,"turns":7}],"seed_played":"-1120071321764620370","potions_obtained":[{"floor":2.0,"key":"Regen Potion"},{"floor":4.0,"key":"Explosive Potion"},{"floor":6.0,"key":"Explosive Potion"},{"floor":14.0,"key":"GamblersBrew"},{"floor":16.0,"key":"Energy Potion"},{"floor":22.0,"key":"AttackPotion"},{"floor":24.0,"key":"SpeedPotion"}],"is_trial":false,"path_per_floor":["M","M","?","M","M","E","R","M","T","M","R","?","M","M","R","B",null,"M","?","T","?","M","E","M","$","T","R","E","?","R","M","R","B"],"character_chosen":"THE_SILENT","items_purchased":["Mummified Hand","Accuracy"],"campfire_rested":3,"item_purchase_floors":[25,25],"current_hp_per_floor":[59,58,58,58,55,6,24,23,23,14,14,14,14,14,32,1,45,31,31,36,48,47,40,38,38,43,43,35,35,35,24,42,0,0],"gold":139,"neow_bonus":"TRANSFORM_TWO_CARDS","is_daily":false,"chose_seed":false,"campfire_upgraded":3,"win_rate":0.0,"timestamp":1611137374,"path_taken":["M","M","?","M","M","E","R","M","T","M","R","?","?","M","R","BOSS","M","?","?","?","M","E","M","$","T","R","E","?","R","?","R","BOSS"],"items_purchased_type":["Relic","Card"],"build_version":"2020-12-22","purchased_purges":1,"victory":false,"max_hp_per_floor":[66,66,60,60,60,60,60,60,60,60,60,60,60,60,60,60,60,60,60,60,60,60,60,60,60,60,60,60,60,60,60,60,60,60],"card_choices":[{"not_picked":["Quick Slash","Bane"],"picked":"Backstab","floor":1.0},{"not_picked":["Riddle With Holes","Skewer"],"picked":"Dagger Spray","floor":2.0},{"not_picked":["Quick Slash","All Out Attack"],"picked":"Calculated Gamble","floor":4.0},{"not_picked":["Prepared","Masterful Stab"],"picked":"PiercingWail","floor":5.0},{"not_picked":["Dagger Spray","Flying Knee"],"picked":"PiercingWail","floor":6.0},{"not_picked":["Poisoned Stab","Dodge and Roll"],"picked":"Unload","floor":8.0},{"not_picked":["Riddle With Holes","PiercingWail"],"picked":"Flechettes","floor":10.0},{"not_picked":["Prepared","Dash"],"picked":"Well Laid Plans","floor":13.0},{"not_picked":["Sucker Punch","Endless Agony","Underhanded Strike"],"picked":"SKIP","floor":14.0},{"not_picked":["Venomology","Tools of the Trade"],"picked":"Phantasmal Killer","floor":16.0},{"not_picked":["Outmaneuver","Masterful Stab"],"picked":"Cloak And Dagger+1","floor":18.0},{"not_picked":["Bane+1","Deadly Poison"],"picked":"Flying Knee+1","floor":22.0},{"not_picked":["Cloak And Dagger","Underhanded Strike"],"picked":"Acrobatics","floor":23.0},{"not_picked":["Infinite Blades","All Out Attack","Backflip"],"picked":"SKIP","floor":24.0},{"not_picked":["All Out Attack","Backstab","Dagger Throw"],"picked":"SKIP","floor":28.0},{"not_picked":["Reflex","Bane"],"picked":"Setup+1","floor":31.0}],"player_experience":502554,"relics_obtained":[{"floor":6.0,"key":"Ancient Tea Set"},{"floor":9.0,"key":"Vajra"},{"floor":20.0,"key":"Centennial Puzzle"},{"floor":23.0,"key":"PreservedInsect"},{"floor":26.0,"key":"Paper Crane"},{"floor":28.0,"key":"Oddly Smooth Stone"}],"event_choices":[{"damage_healed":0.0,"max_hp_gain":0.0,"max_hp_loss":6.0,"gold_gain":0.0,"event_name":"Golden Idol","player_choice":"Lose Max HP","floor":3.0,"gold_loss":0.0,"damage_taken":0.0,"relics_obtained":["Golden Idol"]},{"damage_healed":0.0,"max_hp_gain":0.0,"max_hp_loss":0.0,"gold_gain":0.0,"event_name":"Upgrade Shrine","player_choice":"Upgraded","floor":12.0,"gold_loss":0.0,"damage_taken":0.0,"cards_upgraded":["Infinite Blades"]},{"damage_healed":0.0,"max_hp_gain":0.0,"max_hp_loss":0.0,"gold_gain":0.0,"event_name":"Forgotten Altar","player_choice":"Gave Idol","floor":19.0,"relics_lost":["Golden Idol"],"gold_loss":0.0,"damage_taken":0.0,"relics_obtained":["Bloody Idol"]},{"damage_healed":12.0,"max_hp_gain":0.0,"max_hp_loss":0.0,"gold_gain":0.0,"event_name":"The Library","player_choice":"Heal","floor":21.0,"gold_loss":0.0,"damage_taken":0.0},{"cards_removed":["Defend_G"],"damage_healed":0.0,"max_hp_gain":0.0,"max_hp_loss":0.0,"gold_gain":0.0,"event_name":"Back to Basics","player_choice":"Elegance","floor":29.0,"gold_loss":0.0,"damage_taken":0.0}],"is_beta":false,"boss_relics":[{"not_picked":["Tiny House","Ectoplasm"],"picked":"Empty Cage"}],"items_purged_floors":[25],"is_endless":false,"potions_floor_spawned":[2,4,5,6,14,16,22,24],"killed_by":"Collector","ascension_level":19}}