{"host":"wonp23fsqqcu31ie","time":1611107140,"event":{"mods":["2.2 Compatiblity","AchievementEnabler","Aspiration","BaseMod","Bestiary","Better Altar","Better Match","Better Sensory Stone","Better Skull","Better Third Choice","BetterRewards","Block Reminder","Colored Map","Colored Powertips","Conspire","Curses Come First","DeckTracker","Displayed Cursed Tome","Downfall","Energized Spire","Evolution","Hermit","Highlight Path","Hubris","Infinite Spire","Marisa????????","Minty Spire (QoL Compilation)","Permanent Neow","Prisma Mod","Quick Restart","Rare Cards Sparkle","Relic Stats","Robot Space Explorer","Shade Mod","Shop Mod","StSLib","SuperFastMode","The Animator","The Bug Knight","The Construct","The Cursed","The Disciple","The Dragon Tamer","The Gatherer","The Hierophant","The Marked","The Necromancer","The Poker Player","The Runesmith","The Saiyan","The Servant 0.9.4","TheBandit"],"gold_per_floor":[129,160,160,15,15,15,35,60,83,100,100,134,134,178,178,278,303,323,323,323,385,402,402,470,481,552,552,552,577,602,638,638,740,765,776,152,188,213,225,225,248,322,347,366,366,425,443,443,443,455,455,455,45,110,122],"floor_reached":56,"language":"ENG","playtime":1800,"items_purged":[],"score":1739,"play_id":"e33ad064-d97d-439b-96c3-bb3b18501409","local_time":"20210120124540","is_ascension_mode":true,"campfire_choices":[{"floor":6,"key":"RECALL"},{"data":"animator:Shalltear","floor":11,"key":"SMITH"},{"floor":15,"key":"REST"},{"data":"animator:Sebas","floor":23,"key":"SMITH"},{"floor":28,"key":"REST"},{"data":"animator:SirTouchMe","floor":45,"key":"SMITH"},{"floor":49,"key":"REST"},{"data":"animator:Akatsuki","floor":49,"key":"SMITH"},{"data":"animator:Shiro","floor":52,"key":"SMITH"}],"circlet_count":0,"master_deck":["animator:ReimuHakurei","animator:Minori","animator:ReimuHakurei","animator:ReimuHakurei","animator:ReimuHakurei","animator:Defend","animator:Defend","animator:DolaSchwi+1","animator:DolaCouronne","animator:Cirno","animator:Emonzaemon","animator:SakuraMatou","animator:Cocytus","animator:Genos","animator:Lancer","animator:Alexander","animator:Shalltear+1","animator:Gilgamesh+13","animator:Archer","animator:HigakiRinne+1","animator:Berserker","animator:Sebas+1","animator:PandorasActor","animator:IzunaHatsuse","animator:MumenRider","animator:SirTouchMe+1","animator:Shiro+1","animator:Sonic+1","animator:Entoma","animator:FielNirvalen+1","animator:Akatsuki+1","animator:Chris+1","animator:DolaSchwi+1","animator:NarberalGamma","animator:Shichika+1","animator:MumenRider+1","animator:IchigoKurosaki+1","animator:FielNirvalen+1","animator:SakuraMatou+1","animator:Konayuki"],"relics":["animator:LivingPicture","animator:TheMissingPiece","EVO:Axolotl","HollowMod:JonisBlessing","hubris:OldNail","Oddly Smooth Stone","HollowMod:StagPassRelic","energizedSpire:NeverEndingSparkler","Red Mask","aspiration:ArtOfWarUpgrade","Vajra","infinitespire:Beetle Shell","animator:AlchemistGlove","animator:CursedGlyph","aspiration:PoetsPen_weak","MerchantsRug","hubris:TenFootPole","HandDrill","Frozen Egg 2","animator:WornHelmet","infinitespire:Magic Flask","hexamod:CandleOfCauterizing","aspiration:HummingbirdHeart","aspiration:KaomsHeart"],"acts_visited":["Exordium","TheCity","TheBeyond","TheEnding"],"potions_floor_usage":[14,18,21,25,33,50,50,50],"damage_taken":[{"damage":7,"enemies":"Jaw Worm","floor":1,"turns":3},{"damage":2,"enemies":"Cultist","floor":2,"turns":4},{"damage":0,"enemies":"Small Slimes","floor":7,"turns":2},{"damage":0,"enemies":"3 Louse","floor":8,"turns":2},{"damage":12,"enemies":"Lots of Slimes","floor":10,"turns":4},{"damage":0,"enemies":"Lagavulin","floor":12,"turns":6},{"damage":1,"enemies":"Exordium Wildlife","floor":14,"turns":5},{"damage":8,"enemies":"Hexaghost","floor":16,"turns":10},{"damage":0,"enemies":"3 Byrds","floor":18,"turns":4},{"damage":0,"enemies":"Masked Bandits","floor":21,"turns":3},{"damage":0,"enemies":"Chosen","floor":22,"turns":4},{"damage":46,"enemies":"animator:HornedBat","floor":24,"turns":9},{"damage":0,"enemies":"Snecko","floor":25,"turns":5},{"damage":0,"enemies":"Sentry and Sphere","floor":31,"turns":4},{"damage":44,"enemies":"Collector","floor":33,"turns":7},{"damage":0,"enemies":"Orb Walker","floor":35,"turns":2},{"damage":0,"enemies":"3 Shapes","floor":37,"turns":3},{"damage":0,"enemies":"Transient","floor":39,"turns":5},{"damage":0,"enemies":"Sphere and 2 Shapes","floor":41,"turns":4},{"damage":0,"enemies":"2 Orb Walkers","floor":42,"turns":3},{"damage":0,"enemies":"3 Darklings","floor":44,"turns":3},{"damage":7,"enemies":"Reptomancer","floor":46,"turns":4},{"damage":42,"enemies":"Writhing Mass","floor":47,"turns":4},{"damage":10,"enemies":"Awakened One","floor":50,"turns":8},{"damage":0,"enemies":"Shield and Spear","floor":54,"turns":5},{"damage":85,"enemies":"The Heart","floor":55,"turns":7}],"seed_played":"4078793921925619050","potions_obtained":[{"floor":8,"key":"animator:FalseLifePotion"},{"floor":14,"key":"Explosive Potion"},{"floor":16,"key":"champ:CounterPotion"},{"floor":24,"key":"Block Potion"},{"floor":25,"key":"Block Potion"},{"floor":37,"key":"BlessingOfTheForge"},{"floor":39,"key":"infinitespire:BlackPotion"},{"floor":46,"key":"EssenceOfSteel"}],"is_trial":false,"path_per_floor":["M","M","?","$","?","R","M","M","T","M","R","E","?","M","R","B",null,"M","?","?","?","M","R","E","M","T","?","R","?","T","M","R","B",null,"M","$","M","?","M","R","M","?","T","M","R","E","M","AVR","R","B",null,"R","$","E","B",null],"character_chosen":"THE_ANIMATOR","items_purchased":["aspiration:Nostalgia","Matryoshka","animator:Cirno","HollowMod:JonisBlessing","MerchantsRug","hubris:TenFootPole","HandDrill","Frozen Egg 2","CultistPotion","aspiration:KMNothing","aspiration:KMNothing","aspiration:KMNothing","animator:Shichika","animator:MumenRider","animator:IchigoKurosaki","animator:FielNirvalen+1","animator:SakuraMatou","DuplicationPotion"],"campfire_rested":3,"item_purchase_floors":[0,0,0,4,36,36,36,36,36,53,53,53,53,53,53,53,53,53],"current_hp_per_floor":[42,40,40,40,40,40,41,41,41,30,30,31,31,30,50,42,69,71,71,71,71,72,72,26,26,26,26,47,47,47,47,47,4,69,69,69,69,69,69,69,69,69,69,69,69,62,22,122,171,161,171,171,171,171,86],"gold":122,"neow_bonus":"","is_daily":false,"chose_seed":false,"campfire_upgraded":5,"win_rate":0.0,"timestamp":1611107140,"path_taken":["M","M","?","?","?","R","M","?","T","M","R","E","?","M","R","BOSS","M","?","?","?","M","R","E","M","T","?","R","?","?","M","R","BOSS","M","?","M","?","?","R","M","?","T","M","R","E","M","AVR","R","BOSS","R","$","E","BOSS"],"items_purchased_type":["Relic","Relic","Card","Relic","Relic","Relic","Relic","Relic","Potion","Relic","Relic","Relic","Card","Card","Card","Card","Card","Potion"],"build_version":"2020-12-22","purchased_purges":0,"victory":true,"max_hp_per_floor":[66,66,66,66,66,66,67,67,67,68,68,69,69,69,69,69,69,71,71,71,71,72,72,72,72,72,72,72,72,72,68,68,69,69,69,69,69,69,69,69,69,69,69,69,69,69,71,171,171,171,171,171,171,171,171],"relic_stats":{"counters":[48,218],"HandDrill":[38],"obtain_stats":[{"animator:CursedGlyph":31,"infinitespire:BottledMercury":24,"Tiny House":20,"Gremlin Horn":26,"animator:TheMissingPiece":0,"Vajra":7,"aspiration:PoetsPen_weak":34,"EVO:Axolotl":0,"hubris:RunicObelisk":34,"Sling":38,"HollowMod:StagPassRelic":12,"aspiration:RitualStick":27,"Matryoshka":0,"animator:PurgingStone":0,"Strawberry":29,"aspiration:ArtOfWarUpgrade":40,"Replay:Bottled Flurry":12,"HandDrill":29,"Red Mask":21,"MerchantsRug":38,"hexamod:CandleOfCauterizing":43,"aspiration:Nostalgia":0,"hubris:SphereOfDissonance":7,"HollowMod:JonisBlessing":4,"Oddly Smooth Stone":9,"Thread and Needle":36,"infinitespire:Beetle Shell":20,"Guardian:PocketSentry":4,"aspiration:HummingbirdHeart":46,"infinitespire:Magic Flask":42,"hubris:Towel":2,"Paper Crane":28,"Frozen Egg 2":36,"animator:WornHelmet":38,"White Beast Statue":21,"Bottled Flame":29,"hubris:BottledHeart":19,"energizedSpire:NeverEndingSparkler":17,"ReplayTheSpireMod:Ring of Collecting":13,"aspiration:KaomsHeart":48,"animator:LivingPicture":0,"energizedSpire:MagnifyingGlass":17,"Art of War":24,"hubris:TenFootPole":36,"Runesmith:AutoHammer":10,"ReplayTheSpireMod:Ring of Challenge":13,"animator:AlchemistGlove":30,"hubris:OldNail":9},{"animator:CursedGlyph":36,"infinitespire:BottledMercury":17,"Tiny House":15,"Gremlin Horn":17,"animator:TheMissingPiece":0,"Vajra":10,"aspiration:PoetsPen_weak":37,"EVO:Axolotl":0,"hubris:RunicObelisk":18,"Sling":21,"HollowMod:StagPassRelic":28,"aspiration:RitualStick":17,"Matryoshka":22,"animator:PurgingStone":22,"Strawberry":17,"aspiration:ArtOfWarUpgrade":40,"Replay:Bottled Flurry":7,"HandDrill":17,"Red Mask":32,"MerchantsRug":21,"hexamod:CandleOfCauterizing":42,"aspiration:Nostalgia":0,"hubris:SphereOfDissonance":4,"HollowMod:JonisBlessing":24,"Oddly Smooth Stone":26,"Thread and Needle":20,"infinitespire:Beetle Shell":15,"Guardian:PocketSentry":2,"aspiration:HummingbirdHeart":44,"infinitespire:Magic Flask":42,"hubris:Towel":9,"Paper Crane":17,"Frozen Egg 2":38,"animator:WornHelmet":39,"White Beast Statue":15,"Bottled Flame":17,"hubris:BottledHeart":15,"energizedSpire:NeverEndingSparkler":30,"ReplayTheSpireMod:Ring of Collecting":7,"aspiration:KaomsHeart":45,"animator:LivingPicture":0,"energizedSpire:MagnifyingGlass":14,"Art of War":34,"hubris:TenFootPole":38,"Runesmith:AutoHammer":5,"ReplayTheSpireMod:Ring of Challenge":7,"animator:AlchemistGlove":35,"hubris:OldNail":26},{"animator:CursedGlyph":163,"infinitespire:BottledMercury":67,"Tiny House":59,"Gremlin Horn":67,"animator:TheMissingPiece":0,"Vajra":38,"aspiration:PoetsPen_weak":170,"EVO:Axolotl":0,"hubris:RunicObelisk":77,"Sling":92,"HollowMod:StagPassRelic":120,"aspiration:RitualStick":67,"Matryoshka":99,"animator:PurgingStone":99,"Strawberry":67,"aspiration:ArtOfWarUpgrade":180,"Replay:Bottled Flurry":28,"HandDrill":67,"Red Mask":141,"MerchantsRug":92,"hexamod:CandleOfCauterizing":187,"aspiration:Nostalgia":0,"hubris:SphereOfDissonance":14,"HollowMod:JonisBlessing":106,"Oddly Smooth Stone":110,"Thread and Needle":88,"infinitespire:Beetle Shell":59,"Guardian:PocketSentry":8,"aspiration:HummingbirdHeart":194,"infinitespire:Magic Flask":187,"hubris:Towel":36,"Paper Crane":67,"Frozen Egg 2":172,"animator:WornHelmet":175,"White Beast Statue":59,"Bottled Flame":67,"hubris:BottledHeart":59,"energizedSpire:NeverEndingSparkler":135,"ReplayTheSpireMod:Ring of Collecting":28,"aspiration:KaomsHeart":198,"animator:LivingPicture":0,"energizedSpire:MagnifyingGlass":53,"Art of War":154,"hubris:TenFootPole":172,"Runesmith:AutoHammer":18,"ReplayTheSpireMod:Ring of Challenge":28,"animator:AlchemistGlove":159,"hubris:OldNail":110}]},"card_choices":[{"not_picked":["animator:Minori","animator:UneriGinkaku"],"picked":"animator:SakuraMatou","floor":1},{"not_picked":["animator:Rider","animator:Alexander"],"picked":"animator:Cocytus","floor":2},{"not_picked":["animator:Nanami","animator:Tet"],"picked":"animator:Lancer","floor":7},{"not_picked":["animator:ShinjiMatou","animator:Assassin"],"picked":"animator:Alexander","floor":8},{"not_picked":["animator:Sonic","animator:Marielle"],"picked":"animator:Shalltear","floor":10},{"not_picked":["animator:Azekura","animator:Evileye"],"picked":"animator:Gilgamesh","floor":12},{"not_picked":["animator:ChlammyZell","animator:Illya"],"picked":"animator:Archer","floor":14},{"not_picked":["animator:Eris","animator:Boros"],"picked":"animator:HigakiRinne","floor":16},{"not_picked":["animator:Archer","animator:Illya"],"picked":"animator:Berserker","floor":18},{"not_picked":["animator:Azekura","animator:Cocytus"],"picked":"animator:Sebas","floor":21},{"not_picked":["animator:SakuraMatou","animator:RundelhausCode"],"picked":"animator:PandorasActor","floor":22},{"not_picked":["animator:Sonic","animator:Megumin"],"picked":"animator:IzunaHatsuse","floor":24},{"not_picked":["animator:Rider","animator:Vanir"],"picked":"animator:MumenRider","floor":25},{"not_picked":["animator:Sebas","animator:PandorasActor"],"picked":"animator:SirTouchMe","floor":31},{"not_picked":["animator:Akatsuki","animator:Shiroe"],"picked":"animator:Shiro","floor":33},{"not_picked":["animator:Minori","animator:MetalKnight"],"picked":"animator:Sonic+1","floor":35},{"not_picked":["animator:Isuzu","animator:Vanir+1"],"picked":"animator:Entoma","floor":37},{"not_picked":["animator:Berserker+1","animator:Minori","animator:Caster"],"picked":"SKIP","floor":39},{"not_picked":["animator:Jibril","animator:ChlammyZell"],"picked":"animator:FielNirvalen+1","floor":41},{"not_picked":["animator:ShinjiMatou","animator:Isuzu"],"picked":"animator:Akatsuki","floor":42},{"not_picked":["animator:ZankiKiguchi+1","animator:Hitei+1"],"picked":"animator:Chris+1","floor":44},{"not_picked":["animator:Cocytus","animator:Wiz"],"picked":"animator:DolaSchwi+1","floor":46},{"not_picked":["animator:Naotsugu","animator:Nanami+1"],"picked":"animator:NarberalGamma","floor":47},{"not_picked":["animator:Azekura","animator:Hitei+1"],"picked":"animator:Konayuki","floor":54}],"player_experience":560516,"relics_obtained":[{"floor":9,"key":"hubris:OldNail"},{"floor":9,"key":"Oddly Smooth Stone"},{"floor":12,"key":"HollowMod:StagPassRelic"},{"floor":21,"key":"Red Mask"},{"floor":24,"key":"Art of War"},{"floor":26,"key":"Vajra"},{"floor":30,"key":"animator:AlchemistGlove"},{"floor":31,"key":"animator:CursedGlyph"},{"floor":42,"key":"infinitespire:Magic Flask"},{"floor":43,"key":"hexamod:CandleOfCauterizing"},{"floor":46,"key":"aspiration:HummingbirdHeart"},{"floor":54,"key":"aspiration:KMNothing"}],"event_choices":[{"damage_healed":0,"gold_gain":0,"cards_transformed":["animator:Defend"],"player_choice":"Transformed","damage_taken":0,"max_hp_gain":0,"max_hp_loss":0,"event_name":"Transmorgrifier","floor":3,"gold_loss":0,"cards_obtained":["animator:Genos"]},{"damage_healed":0,"gold_gain":0,"player_choice":"Grow","damage_taken":0,"max_hp_gain":0,"max_hp_loss":0,"event_name":"Living Wall","floor":5,"gold_loss":0,"cards_upgraded":["animator:DolaSchwi"]},{"damage_healed":0,"gold_gain":0,"player_choice":"2","damage_taken":0,"max_hp_gain":0,"max_hp_loss":0,"event_name":"betterMatch:BetterMatch","floor":13,"gold_loss":0,"cards_obtained":[]},{"damage_healed":0,"gold_gain":0,"player_choice":"Ignored","damage_taken":0,"max_hp_gain":0,"max_hp_loss":0,"event_name":"Vampires","floor":20,"gold_loss":0},{"damage_healed":0,"gold_gain":0,"player_choice":"Fought Bandits","damage_taken":0,"max_hp_gain":0,"max_hp_loss":0,"event_name":"Masked Bandits","floor":21,"gold_loss":0},{"damage_healed":0,"gold_gain":0,"player_choice":"Ignored","damage_taken":0,"max_hp_gain":0,"max_hp_loss":0,"event_name":"Beggar","floor":27,"gold_loss":0},{"damage_healed":0,"gold_gain":0,"player_choice":"Opened","damage_taken":0,"relics_obtained":["infinitespire:Beetle Shell"],"max_hp_gain":0,"max_hp_loss":0,"event_name":"The Mausoleum","floor":29,"gold_loss":0},{"damage_healed":0,"gold_gain":0,"player_choice":"Gave Potion","damage_taken":0,"relics_obtained":["animator:WornHelmet"],"max_hp_gain":0,"max_hp_loss":0,"event_name":"WeMeetAgain","floor":38,"gold_loss":0},{"damage_healed":0,"gold_gain":0,"player_choice":"Fight","damage_taken":0,"max_hp_gain":0,"max_hp_loss":0,"event_name":"Mysterious Sphere","floor":42,"gold_loss":0}],"is_beta":false,"boss_relics":[{"not_picked":["Sozu","Velvet Choker"],"picked":"energizedSpire:NeverEndingSparkler"},{"not_picked":["SlaversCollar","energizedSpire:SpiderWeb"],"picked":"aspiration:PoetsPen_weak"}],"items_purged_floors":[],"is_endless":false,"potions_floor_spawned":[8,14,16,24,25,37,39,46],"ascension_level":2}}