{"host":"skr63qsdfgeey3it","time":1611129835,"event":{"mods":["BaseMod","Colored Map","Hubris","Minty Spire (QoL Compilation)","Replay The Spire","Spicy Shops","StSLib"],"gold_per_floor":[112,112,112,112,127,157,10,10,10],"floor_reached":8,"language":"ENG","playtime":250,"items_purged":["hubris:Disease"],"score":86,"play_id":"ba9dc08e-341d-4ab7-8719-ca35c4699929","local_time":"20210120020355","is_ascension_mode":true,"campfire_choices":[],"circlet_count":0,"master_deck":["AscendersBane","Strike_G","Strike_G","Strike_G","Strike_G","Strike_G","Defend_G","Defend_G","Defend_G","Defend_G","Defend_G","Survivor","Neutralize","Flying Knee","Languid","Predator","Accuracy"],"relics":["Ring of the Snake","TungstenRod","Ring of Hypnosis","ReplayTheSpireMod:Ring of Collecting","Replay:Multitool","Strange Spoon"],"acts_visited":["Exordium"],"potions_floor_usage":[6],"damage_taken":[{"damage":5,"enemies":"2 Louse","floor":1,"turns":4},{"damage":0,"enemies":"Small Slimes","floor":5,"turns":3},{"damage":49,"enemies":"Lagavulin","floor":6,"turns":8},{"damage":19,"enemies":"3 Sentries","floor":8,"turns":3}],"seed_played":"2313069528582689458","potions_obtained":[{"floor":5,"key":"LiquidMemories"}],"is_trial":false,"path_per_floor":["M","?","?","?","M","E","$","E"],"character_chosen":"THE_SILENT","items_purchased":["Strange Spoon"],"campfire_rested":0,"item_purchase_floors":[7],"current_hp_per_floor":[58,58,58,70,70,21,21,2,2],"gold":10,"neow_bonus":"ONE_RARE_RELIC","is_daily":false,"chose_seed":false,"campfire_upgraded":0,"win_rate":0.0,"timestamp":1611129835,"path_taken":["M","?","?","?","?","E","$","E"],"items_purchased_type":["Relic"],"build_version":"2020-12-22","purchased_purges":1,"victory":false,"max_hp_per_floor":[70,70,70,70,70,70,70,70,70],"card_choices":[{"not_picked":["Slice","Dagger Spray","hubris:TrickCloak"],"picked":"SKIP","floor":1},{"not_picked":["Slice","Dagger Throw"],"picked":"Predator","floor":5},{"not_picked":["Slice","hubris:Counter"],"picked":"Accuracy","floor":6}],"player_experience":772543,"relics_obtained":[{"floor":3,"key":"Ring of Hypnosis"},{"floor":3,"key":"ReplayTheSpireMod:Ring of Collecting"},{"floor":6,"key":"Replay:Multitool"}],"event_choices":[{"damage_healed":12,"gold_gain":0,"player_choice":"Full Heal","damage_taken":0,"max_hp_gain":0,"max_hp_loss":0,"event_name":"Wheel of Change","floor":4,"gold_loss":0}],"is_beta":false,"boss_relics":[],"items_purged_floors":[7],"is_endless":false,"potions_floor_spawned":[5],"killed_by":"3 Sentries","ascension_level":12}}