{"host":"yit83h4eit4n91s5","time":1611163627,"event":{"mods":["AchievementEnabler","BaseMod","Colored Map","Minty Spire (QoL Compilation)"],"gold_per_floor":[119,119,138,138,63,63,92,105,128,158,158,9,9,27,27,130,130,143,153,153,10,24,24,59,59,84,114,124,124,151,161,161,263,263,273,283,301,49,99,99,126,137,211,221,13,44,44,63,63,63],"floor_reached":51,"language":"ENG","playtime":5150,"items_purged":["Regret","Strike_B"],"score":963,"play_id":"0d27087a-b90a-430b-ae66-bf30f568e98c","local_time":"20210120122707","is_ascension_mode":true,"campfire_choices":[{"data":"Consume","floor":6,"key":"SMITH"},{"floor":11,"key":"REST"},{"data":"Ball Lightning","floor":15,"key":"SMITH"},{"floor":23,"key":"REST"},{"floor":25,"key":"REST"},{"data":"Buffer","floor":29,"key":"SMITH"},{"floor":32,"key":"REST"},{"data":"Self Repair","floor":40,"key":"SMITH"},{"data":"Rainbow","floor":47,"key":"SMITH"},{"data":"Cold Snap","floor":49,"key":"SMITH"}],"circlet_count":0,"master_deck":["Strike_B+1","Strike_B+1","Defend_B","Defend_B","Defend_B","Defend_B","Zap","Dualcast","Cold Snap+1","Consume+1","Ball Lightning+1","Cold Snap+1","Electrodynamics","Storm","Compile Driver","Buffer+1","Leap","Auto Shields+1","Amplify","Rainbow+1","Genetic Algorithm+1","Self Repair+1","Aggregate","Cold Snap","Core Surge"],"relics":["Inserter","Centennial Puzzle","MealTicket","Oddly Smooth Stone","Vajra","DataDisk","Nuclear Battery","Membership Card","White Beast Statue","Orichalcum","Whetstone","Toy Ornithopter","Black Star","Cables","PreservedInsect","Girya","Art of War","Anchor","Darkstone Periapt","Mummified Hand","HandDrill","Pen Nib","Bag of Preparation"],"acts_visited":["Exordium","TheCity","TheBeyond"],"potions_floor_usage":[27,27,30,33,37,48],"damage_taken":[{"damage":0,"enemies":"2 Louse","floor":1,"turns":4},{"damage":9,"enemies":"Small Slimes","floor":3,"turns":4},{"damage":22,"enemies":"Gremlin Nob","floor":7,"turns":6},{"damage":7,"enemies":"Jaw Worm","floor":8,"turns":3},{"damage":7,"enemies":"3 Sentries","floor":10,"turns":7},{"damage":5,"enemies":"Exordium Thugs","floor":14,"turns":4},{"damage":0,"enemies":"Slime Boss","floor":16,"turns":6},{"damage":12,"enemies":"3 Byrds","floor":18,"turns":3},{"damage":17,"enemies":"Shell Parasite","floor":19,"turns":4},{"damage":30,"enemies":"Snake Plant","floor":22,"turns":4},{"damage":24,"enemies":"Book of Stabbing","floor":24,"turns":5},{"damage":16,"enemies":"Slavers","floor":27,"turns":5},{"damage":0,"enemies":"Centurion and Healer","floor":28,"turns":5},{"damage":12,"enemies":"Book of Stabbing","floor":30,"turns":6},{"damage":0,"enemies":"3 Cultists","floor":31,"turns":3},{"damage":13,"enemies":"Champ","floor":33,"turns":9},{"damage":0,"enemies":"Orb Walker","floor":35,"turns":4},{"damage":0,"enemies":"3 Shapes","floor":36,"turns":4},{"damage":45,"enemies":"Writhing Mass","floor":37,"turns":6},{"damage":3,"enemies":"Mind Bloom Boss Battle","floor":39,"turns":8},{"damage":26,"enemies":"Giant Head","floor":41,"turns":10},{"damage":23,"enemies":"Sphere and 2 Shapes","floor":42,"turns":4},{"damage":7,"enemies":"3 Darklings","floor":44,"turns":5},{"damage":0,"enemies":"Nemesis","floor":46,"turns":7},{"damage":7,"enemies":"Transient","floor":48,"turns":5},{"damage":0,"enemies":"Donu and Deca","floor":50,"turns":12}],"seed_played":"4715269003888730937","potions_obtained":[{"floor":1,"key":"DistilledChaos"},{"floor":7,"key":"FocusPotion"},{"floor":14,"key":"FocusPotion"},{"floor":16,"key":"Regen Potion"},{"floor":27,"key":"SteroidPotion"},{"floor":28,"key":"AttackPotion"},{"floor":30,"key":"Explosive Potion"},{"floor":33,"key":"FairyPotion"},{"floor":35,"key":"FocusPotion"},{"floor":37,"key":"Block Potion"},{"floor":39,"key":"FairyPotion"}],"is_trial":false,"path_per_floor":["M","?","M","?","$","R","E","M","T","E","R","$","?","M","R","B",null,"M","M","?","$","M","R","E","R","T","E","M","R","E","M","R","B",null,"M","M","M","$","?","R","E","M","T","M","$","E","R","M","R","B",null],"character_chosen":"DEFECT","items_purchased":["DataDisk","Membership Card","Cables","PreservedInsect","Mummified Hand","HandDrill"],"campfire_rested":4,"item_purchase_floors":[12,21,38,38,45,45],"current_hp_per_floor":[75,68,59,59,59,59,37,30,30,23,45,60,60,55,55,55,75,63,46,46,61,31,53,29,51,51,49,49,49,37,37,59,51,75,75,75,35,50,54,54,38,25,25,28,43,53,53,61,61,71],"gold":63,"neow_bonus":"BOSS_RELIC","is_daily":false,"chose_seed":false,"campfire_upgraded":6,"win_rate":0.0,"timestamp":1611163627,"path_taken":["M","?","M","?","$","R","E","M","T","E","R","$","?","M","R","BOSS","M","M","?","$","?","R","E","R","T","E","M","R","E","M","R","BOSS","M","?","?","?","?","R","E","M","T","M","$","E","R","M","R","BOSS"],"items_purchased_type":["Relic","Relic","Relic","Relic","Relic","Relic"],"build_version":"2020-12-22","purchased_purges":2,"victory":true,"max_hp_per_floor":[75,75,75,75,75,75,75,75,75,75,75,75,75,75,75,75,75,75,75,75,75,75,75,75,75,75,75,75,75,75,75,75,75,75,75,75,75,75,75,75,75,75,75,75,75,75,75,75,75,75],"card_choices":[{"not_picked":["Chill","Hologram"],"picked":"Cold Snap","floor":1},{"not_picked":["Reinforced Body","BootSequence"],"picked":"Consume","floor":3},{"not_picked":["Lockon","Static Discharge"],"picked":"Ball Lightning","floor":7},{"not_picked":["Conserve Battery","Chaos"],"picked":"Cold Snap","floor":8},{"not_picked":["Rebound","Tempest"],"picked":"Electrodynamics","floor":10},{"not_picked":["Streamline","Conserve Battery","Redo"],"picked":"SKIP","floor":14},{"not_picked":["Go for the Eyes","Reinforced Body+1"],"picked":"Storm","floor":18},{"not_picked":["Go for the Eyes","Hologram","Turbo"],"picked":"SKIP","floor":19},{"not_picked":["Heatsinks","White Noise"],"picked":"Compile Driver","floor":22},{"not_picked":["Gash","Reprogram"],"picked":"Buffer","floor":24},{"not_picked":["Steam","Stack"],"picked":"Leap","floor":27},{"not_picked":["Streamline","White Noise"],"picked":"Auto Shields+1","floor":28},{"not_picked":["Ball Lightning+1","Compile Driver"],"picked":"Amplify","floor":30},{"not_picked":["Hologram","Beam Cell","Stack"],"picked":"SKIP","floor":31},{"not_picked":["Seek","Amplify"],"picked":"Rainbow","floor":33},{"not_picked":["Streamline+1","Steam+1","Beam Cell+1"],"picked":"SKIP","floor":35},{"not_picked":["Coolheaded","Barrage+1"],"picked":"Genetic Algorithm+1","floor":36},{"not_picked":["Go for the Eyes","Streamline+1"],"picked":"Self Repair","floor":37},{"not_picked":["Steam Power","Hologram+1"],"picked":"Aggregate","floor":41},{"not_picked":["Redo","Sunder+1","Lockon+1"],"picked":"SKIP","floor":42},{"not_picked":["Barrage","Chill"],"picked":"Cold Snap","floor":44},{"not_picked":["Go for the Eyes","Tempest","Force Field+1"],"picked":"SKIP","floor":46},{"not_picked":["Coolheaded","Barrage"],"picked":"Core Surge","floor":48}],"player_experience":162016,"relics_obtained":[{"floor":7,"key":"MealTicket"},{"floor":9,"key":"Oddly Smooth Stone"},{"floor":10,"key":"Vajra"},{"floor":24,"key":"White Beast Statue"},{"floor":26,"key":"Orichalcum"},{"floor":27,"key":"Whetstone"},{"floor":30,"key":"Toy Ornithopter"},{"floor":39,"key":"Girya"},{"floor":41,"key":"Art of War"},{"floor":41,"key":"Anchor"},{"floor":43,"key":"Darkstone Periapt"},{"floor":46,"key":"Pen Nib"},{"floor":46,"key":"Bag of Preparation"}],"event_choices":[{"cards_removed":["Strike_B"],"damage_healed":0,"gold_gain":0,"player_choice":"Card Removal","damage_taken":7,"max_hp_gain":0,"max_hp_loss":0,"event_name":"Golden Wing","floor":2,"gold_loss":0},{"damage_healed":0,"gold_gain":0,"player_choice":"Box","damage_taken":0,"relics_obtained":["Centennial Puzzle"],"max_hp_gain":0,"max_hp_loss":0,"event_name":"Big Fish","floor":4,"gold_loss":0,"cards_obtained":["Regret"]},{"damage_healed":0,"gold_gain":0,"player_choice":"Upgraded","damage_taken":0,"max_hp_gain":0,"max_hp_loss":0,"event_name":"Upgrade Shrine","floor":13,"gold_loss":0,"cards_upgraded":["Cold Snap"]},{"damage_healed":0,"gold_gain":0,"player_choice":"Bought 0 Potions","damage_taken":0,"max_hp_gain":0,"max_hp_loss":0,"event_name":"The Woman in Blue","floor":20,"gold_loss":0},{"damage_healed":0,"gold_gain":0,"player_choice":"Fight","damage_taken":0,"max_hp_gain":0,"max_hp_loss":0,"event_name":"MindBloom","floor":39,"gold_loss":0}],"is_beta":false,"boss_relics":[{"not_picked":["SacredBark","Empty Cage"],"picked":"Nuclear Battery"},{"not_picked":["Astrolabe","Coffee Dripper"],"picked":"Black Star"}],"items_purged_floors":[5,38],"is_endless":false,"potions_floor_spawned":[1,7,14,16,27,28,30,31,33,35,36,37,39,41,42,44,46,48],"ascension_level":2}}