{"host":"x205naxbihvu3p76","time":1611117074,"event":{"mods":["AchievementEnabler","BaseMod","Minty Spire (QoL Compilation)","StSLib","SuperFastMode"],"gold_per_floor":[115,115,63,63,63,63,88,121,193,210,210,239,259,279,279,355,355,369,369,408,37,48,48,82,82,82,5,17,28,28,44,44,121,121,132,148,165,40,40,40,40],"floor_reached":40,"language":"KOR","playtime":1065,"items_purged":["Strike_B"],"score":952,"play_id":"6f0693c4-01ee-4510-8ba8-d96303368de9","local_time":"20210120133114","is_ascension_mode":true,"campfire_choices":[{"data":"Zap","floor":6.0,"key":"SMITH"},{"data":"Defragment","floor":11.0,"key":"SMITH"},{"data":"Loop","floor":15.0,"key":"SMITH"},{"data":"Tempest","floor":23.0,"key":"SMITH"},{"floor":25,"key":"REST"},{"data":"Chaos","floor":32,"key":"SMITH"}],"circlet_count":0,"master_deck":["AscendersBane","Strike_B","Defend_B","Defend_B","Defend_B","Zap+1","Dualcast","Capacitor","Ball Lightning","Compile Driver","Defragment+1","Cold Snap","Loop+1","Tempest+1","Reboot+1","Fission+1","Thunder Strike+1","Genetic Algorithm+1","Leap","Barrage","Self Repair","Undo","Consume","Chaos+1","Defragment+1","Turbo"],"relics":["Cracked Core","NeowsBlessing","Strawberry","WingedGreaves","Dream Catcher","Mummified Hand","Oddly Smooth Stone","Astrolabe","Lantern","Lee\u0027s Waffle","HornCleat","Thread and Needle","Busted Crown"],"acts_visited":["Exordium","TheCity","TheBeyond"],"potions_floor_usage":[33,40],"damage_taken":[{"damage":0.0,"enemies":"2 Louse","floor":1.0,"turns":1.0},{"damage":0.0,"enemies":"Gremlin Nob","floor":7.0,"turns":1.0},{"damage":0.0,"enemies":"3 Sentries","floor":8.0,"turns":1.0},{"damage":7.0,"enemies":"Jaw Worm","floor":10.0,"turns":2.0},{"damage":17.0,"enemies":"Lagavulin","floor":12.0,"turns":6.0},{"damage":6.0,"enemies":"Cultist","floor":13.0,"turns":3.0},{"damage":5.0,"enemies":"Exordium Wildlife","floor":14.0,"turns":3.0},{"damage":24.0,"enemies":"Hexaghost","floor":16.0,"turns":7.0},{"damage":17.0,"enemies":"Shell Parasite","floor":18.0,"turns":4.0},{"damage":19.0,"enemies":"3 Byrds","floor":20.0,"turns":4.0},{"damage":15.0,"enemies":"3 Cultists","floor":22.0,"turns":5.0},{"damage":70,"enemies":"Slavers","floor":24,"turns":9},{"damage":3,"enemies":"Snecko","floor":28,"turns":4},{"damage":5,"enemies":"Snake Plant","floor":29,"turns":3},{"damage":0,"enemies":"Centurion and Healer","floor":31,"turns":5},{"damage":25,"enemies":"Collector","floor":33,"turns":7},{"damage":0,"enemies":"3 Darklings","floor":35,"turns":4},{"damage":0,"enemies":"Orb Walker","floor":36,"turns":2},{"damage":29,"enemies":"4 Shapes","floor":37,"turns":4},{"damage":72,"enemies":"Reptomancer","floor":40,"turns":5}],"seed_played":"-5727925420391025660","potions_obtained":[{"floor":1.0,"key":"PowerPotion"},{"floor":8.0,"key":"AttackPotion"},{"floor":18.0,"key":"ColorlessPotion"},{"floor":29,"key":"SpeedPotion"},{"floor":31,"key":"Strength Potion"},{"floor":36,"key":"Dexterity Potion"}],"is_trial":false,"path_per_floor":["M","?","$","?","?","R","E","E","T","M","R","E","M","M","R","B",null,"M","?","M","$","M","R","E","R","T","$","M","M","?","M","R","B",null,"M","M","M","$","?","E"],"character_chosen":"DEFECT","items_purchased":["Ball Lightning","Self Repair","Lantern","Lee\u0027s Waffle","Consume","Turbo"],"campfire_rested":1,"item_purchase_floors":[3,21,21,21,27,38],"current_hp_per_floor":[64,69,69,71,71,71,71,71,71,64,64,47,41,36,36,12,65,48,48,29,90,75,75,12,39,39,39,43,45,45,52,52,34,76,83,90,68,68,68,0,0],"gold":40,"neow_bonus":"THREE_ENEMY_KILL","is_daily":false,"chose_seed":false,"campfire_upgraded":5,"win_rate":0.0,"timestamp":1611117074,"path_taken":["M","?","$","?","?","R","E","E","T","M","R","E","M","M","R","BOSS","M","?","M","$","M","R","E","R","T","$","?","M","?","M","R","BOSS","M","M","M","$","?","E"],"items_purchased_type":["Card","Card","Relic","Relic","Card","Card"],"build_version":"2020-12-22","purchased_purges":1,"victory":false,"max_hp_per_floor":[71,76,76,83,83,83,83,83,83,83,83,83,83,83,83,83,83,83,83,83,90,90,90,90,90,90,90,90,90,90,90,90,90,90,90,90,90,90,85,85,85],"card_choices":[{"not_picked":["Double Energy","Gash"],"picked":"Capacitor","floor":1.0},{"not_picked":["Recycle","Doom and Gloom"],"picked":"Compile Driver","floor":7.0},{"not_picked":["Redo","Gash"],"picked":"Defragment","floor":8.0},{"not_picked":["Compile Driver","Conserve Battery"],"picked":"Cold Snap","floor":10.0},{"not_picked":["Go for the Eyes","Beam Cell"],"picked":"Loop","floor":12.0},{"not_picked":["Beam Cell","Rebound"],"picked":"Tempest","floor":13.0},{"not_picked":["Rip and Tear","Sweeping Beam","Fission"],"picked":"SKIP","floor":14.0},{"not_picked":["Meteor Strike","Thunder Strike"],"picked":"Reboot","floor":16.0},{"not_picked":["Tempest","Steam Power"],"picked":"Leap","floor":18.0},{"not_picked":["Redo","Reinforced Body"],"picked":"Barrage","floor":20.0},{"not_picked":["Recycle+1","Ball Lightning"],"picked":"Undo","floor":22.0},{"not_picked":["Doom and Gloom","Beam Cell","Stack"],"picked":"SKIP","floor":24},{"not_picked":["Doom and Gloom","Leap"],"picked":"Chaos","floor":28},{"not_picked":["Streamline","FTL","Compile Driver"],"picked":"SKIP","floor":29},{"not_picked":["Double Energy","Self Repair","Redo+1"],"picked":"SKIP","floor":31},{"not_picked":["Steam"],"picked":"SKIP","floor":35},{"not_picked":["Reprogram"],"picked":"SKIP","floor":36},{"not_picked":["Steam"],"picked":"SKIP","floor":37}],"player_experience":982943,"relics_obtained":[{"floor":7.0,"key":"WingedGreaves"},{"floor":8.0,"key":"Dream Catcher"},{"floor":9.0,"key":"Mummified Hand"},{"floor":12.0,"key":"Oddly Smooth Stone"},{"floor":24,"key":"HornCleat"},{"floor":26,"key":"Thread and Needle"}],"event_choices":[{"damage_healed":0.0,"max_hp_gain":5.0,"max_hp_loss":0.0,"gold_gain":0.0,"event_name":"Big Fish","player_choice":"Donut","floor":2.0,"gold_loss":0.0,"damage_taken":0.0},{"damage_healed":0.0,"max_hp_gain":0.0,"max_hp_loss":0.0,"gold_gain":0.0,"event_name":"Scrap Ooze","player_choice":"Success","floor":4.0,"gold_loss":0.0,"damage_taken":5.0,"relics_obtained":["Strawberry"]},{"damage_healed":0.0,"max_hp_gain":0.0,"max_hp_loss":0.0,"gold_gain":0.0,"event_name":"Liars Game","player_choice":"Ignored","floor":5.0,"gold_loss":0.0,"damage_taken":0.0},{"damage_healed":0.0,"max_hp_gain":0.0,"max_hp_loss":0.0,"gold_gain":0.0,"event_name":"Upgrade Shrine","player_choice":"Upgraded","floor":19.0,"gold_loss":0.0,"damage_taken":0.0,"cards_upgraded":["Reboot"]},{"damage_healed":0,"gold_gain":0,"player_choice":"Copied","damage_taken":0,"max_hp_gain":0,"max_hp_loss":0,"event_name":"Duplicator","floor":30,"gold_loss":0,"cards_obtained":["Defragment"]},{"damage_healed":0,"gold_gain":0,"player_choice":"Max HP","damage_taken":0,"max_hp_gain":0,"max_hp_loss":5,"event_name":"Winding Halls","floor":39,"gold_loss":0}],"is_beta":false,"boss_relics":[{"not_picked":["Runic Dome","SacredBark"],"picked":"Astrolabe"},{"not_picked":["Tiny House","Philosopher\u0027s Stone"],"picked":"Busted Crown"}],"items_purged_floors":[38],"is_endless":false,"potions_floor_spawned":[1,8,13,14,18,29,31,36],"killed_by":"Reptomancer","ascension_level":20}}