{"host":"1ecbliur7lfoj0sl","time":1611110154,"event":{"mods":["BaseMod","Downfall","Minty Spire (QoL Compilation)","StSLib","The Senshi","Waifu the Spire"],"gold_per_floor":[99,113,129,139,151,179,231,131,147,247,247,247,247,247,258,354,354,354,374,448,548,548,580,580,259,273,291,291,310,310,260,280,380,380,380,398,408,428,442,442,442,342,373,216,216,236,271,171,189,189,189,214,2,2,2,2],"floor_reached":57,"language":"ZHS","playtime":3471,"items_purged":["Guardian:Strike_Guardian","Guardian:Defend_Guardian","Guardian:Defend_Guardian"],"score":1148,"play_id":"a3ae314a-4ffb-458c-818f-0e9b3e55f068","local_time":"20210120103554","is_ascension_mode":true,"campfire_choices":[{"floor":1.0,"key":"RECALL"},{"data":"Guardian:PolyBeam","floor":8.0,"key":"SMITH"},{"floor":11.0,"key":"REST"},{"data":"Guardian:TwinSlam","floor":13.0,"key":"SMITH"},{"data":"Guardian:RollAttack","floor":18.0,"key":"SMITH"},{"data":"Guardian:ExploitGems","floor":28.0,"key":"SMITH"},{"data":"Guardian:Planning","floor":30.0,"key":"SMITH"},{"data":"Guardian:Defend_Guardian","floor":35.0,"key":"SMITH"},{"data":"Guardian:FloatingOrbs","floor":40.0,"key":"SMITH"},{"data":"Guardian:GemFinder","floor":42.0,"key":"SMITH"},{"data":"Guardian:TimeCapacitor","floor":54.0,"key":"SMITH"}],"circlet_count":0,"master_deck":["Guardian:Strike_Guardian","Guardian:Defend_Guardian","Guardian:Defend_Guardian+1","Guardian:CurlUp","Guardian:TwinSlam+1","Guardian:PolyBeam+1","Guardian:ShieldCharger+1","Guardian:Planning+1","Guardian:RollAttack+1","Guardian:ExploitGems+1","Guardian:FloatingOrbs+1","Guardian:GemFinder+1","Guardian:FloatingOrbs+1","Guardian:BronzeOrb+1","Guardian:Incinerate+1","Guardian:TimeCapacitor+1","Deep Breath+1","Guardian:Planning+1","Guardian:Gem_Fragmented","Guardian:Gem_White","Guardian:ChargeUp","Guardian:TimeCapacitor+1"],"relics":["Runic Pyramid","Letter Opener","Orichalcum","downfall:HeartBlessingRed","Coffee Dripper","Shuriken","Calipers","Darkstone Periapt","Ancient Tea Set","InkBottle","TheAbacus","expansioncontent:StudyCardRelic","downfall:HeartBlessingBlue","Bronze Scales","Membership Card","Guardian:PickAxe","TungstenRod","Strawberry","downfall:HeartBlessingGreen","theSenshi:FeatherClipsRelic","Sling","Happy Flower"],"acts_visited":["Exordium","TheCity","TheBeyond","TheEnding"],"potions_floor_usage":[],"damage_taken":[{"damage":1.0,"enemies":"Cultist","floor":2.0,"turns":4.0},{"damage":3.0,"enemies":"2 Louse","floor":3.0,"turns":3.0},{"damage":0.0,"enemies":"Small Slimes","floor":4.0,"turns":4.0},{"damage":17.0,"enemies":"Gremlin Gang","floor":5.0,"turns":6.0},{"damage":23.0,"enemies":"3 Sentries","floor":6.0,"turns":10.0},{"damage":16.0,"enemies":"Lots of Slimes","floor":9.0,"turns":5.0},{"damage":9.0,"enemies":"downfall:Heads","floor":10.0,"turns":4.0},{"damage":0.0,"enemies":"3 Louse","floor":15.0,"turns":4.0},{"damage":9.0,"enemies":"SI_SHIV_ARCHETYPE","floor":16.0,"turns":6.0},{"damage":5.0,"enemies":"3 Byrds","floor":19.0,"turns":4.0},{"damage":11.0,"enemies":"WA_ARCHETYPE_RETAIN","floor":21.0,"turns":4.0},{"damage":10.0,"enemies":"Book of Stabbing","floor":23.0,"turns":5.0},{"damage":0.0,"enemies":"downfall:FleeingMerchant","floor":25.0,"turns":4.0},{"damage":5.0,"enemies":"Shell Parasite","floor":26.0,"turns":4.0},{"damage":15.0,"enemies":"Centurion and Healer","floor":27.0,"turns":5.0},{"damage":0.0,"enemies":"Chosen and Byrds","floor":29.0,"turns":3.0},{"damage":0.0,"enemies":"Cultist and Chosen","floor":32.0,"turns":3.0},{"damage":18.0,"enemies":"DF_ARCHETYPE_CLAW","floor":33.0,"turns":6.0},{"damage":0.0,"enemies":"Orb Walker","floor":36.0,"turns":3.0},{"damage":3.0,"enemies":"3 Darklings","floor":37.0,"turns":3.0},{"damage":12.0,"enemies":"4 Shapes","floor":38.0,"turns":2.0},{"damage":0.0,"enemies":"Transient","floor":39.0,"turns":5.0},{"damage":0.0,"enemies":"Reptomancer","floor":43.0,"turns":4.0},{"damage":0.0,"enemies":"downfall:FleeingMerchant","floor":44.0,"turns":4.0},{"damage":17.0,"enemies":"Writhing Mass","floor":46.0,"turns":4.0},{"damage":9.0,"enemies":"Nemesis","floor":47.0,"turns":3.0},{"damage":0.0,"enemies":"3 Darklings","floor":49.0,"turns":2.0},{"damage":27.0,"enemies":"IC_BLOCK_ARCHETYPE","floor":50.0,"turns":3.0},{"damage":0.0,"enemies":"downfall:CharBossMerchant","floor":52.0,"turns":5.0},{"damage":20.0,"enemies":"downfall:NeowBoss","floor":55.0,"turns":6.0},{"damage":13,"enemies":"downfall:NeowBoss","floor":56,"turns":6}],"seed_played":"-2761414384659819547","potions_obtained":[{"floor":3.0,"key":"champ:CounterPotion"},{"floor":6.0,"key":"champ:CounterPotion"},{"floor":10.0,"key":"SmokeBomb"},{"floor":26.0,"key":"Fruit Juice"},{"floor":29.0,"key":"Guardian:BlockOnCardUsePotion"},{"floor":33.0,"key":"Fire Potion"},{"floor":39.0,"key":"SkillPotion"},{"floor":49.0,"key":"Swift Potion"}],"is_trial":false,"path_per_floor":["R","M","M","M","M","E","T","R","M","?","R","?","R","?","M","B",null,"R","M","T","?","?","E","T","$","M","M","R","M","R","?","M","B",null,"R","M","M","M","M","R","T","R","E","$","?","M","E","R","M","B",null,"E","$","R","B","B",null],"character_chosen":"GUARDIAN","items_purchased":["Guardian:Gem_White","TheAbacus","Membership Card","Guardian:PickAxe","TungstenRod","Deep Breath","Sling","Happy Flower"],"campfire_rested":1,"item_purchase_floors":[25,25,44,44,44,44,53,53],"current_hp_per_floor":[80,79,76,76,59,36,36,36,20,11,35,35,35,35,35,26,80,80,75,75,64,64,54,54,54,54,39,39,39,39,70,70,52,85,85,85,82,70,70,70,70,80,80,80,80,63,61,61,61,34,102,102,102,102,88,81],"gold":2,"neow_bonus":"BOSS_RELIC","is_daily":false,"chose_seed":false,"campfire_upgraded":9,"win_rate":0.0,"timestamp":1611110154,"path_taken":["R","M","M","M","M","E","T","R","M","?","R","?","R","?","M","BOSS","R","M","?","?","?","E","T","$","M","M","R","M","R","?","M","BOSS","R","M","M","M","M","R","T","R","E","$","?","?","E","R","M","BOSS","E","$","R","BOSS","BOSS"],"items_purchased_type":["Card","Relic","Relic","Relic","Relic","Card","Relic","Relic"],"build_version":"2020-12-22","purchased_purges":3,"victory":true,"max_hp_per_floor":[80,80,80,80,80,80,80,80,80,80,80,80,80,80,80,80,80,80,80,80,80,80,80,80,80,85,85,85,85,85,85,85,85,85,85,85,85,85,85,85,85,95,95,95,95,95,102,102,102,102,102,102,102,102,102,102],"card_choices":[{"not_picked":["Guardian:ChargeCore","Guardian:Recover"],"picked":"Guardian:PolyBeam","floor":2.0},{"not_picked":["Guardian:TemporalStrike","Guardian:VentSteam"],"picked":"Guardian:ShieldCharger","floor":3.0},{"not_picked":["Guardian:ShieldCharger","Guardian:StasisField"],"picked":"Guardian:Planning","floor":4.0},{"not_picked":["Guardian:VentSteam","Guardian:WalkerClaw","Guardian:Reroute"],"picked":"SKIP","floor":5.0},{"not_picked":["Guardian:PiercingHide","Guardian:ShieldCharger","Guardian:Gem_Green"],"picked":"SKIP","floor":6.0},{"not_picked":["Guardian:CrystalBeam","Guardian:TemporalShield"],"picked":"Guardian:Gem_Red","floor":9.0},{"not_picked":["Guardian:CrystalBeam","Guardian:ChargeCore"],"picked":"Guardian:Gem_Blue","floor":10.0},{"not_picked":["Guardian:Reroute","Guardian:Gem_Lightblue"],"picked":"Guardian:Gem_Fragmented","floor":15.0},{"not_picked":["Guardian:ConstructionForm","Guardian:StasisEngine"],"picked":"Guardian:ExploitGems","floor":16.0},{"not_picked":["Guardian:Preprogram","Guardian:RollAttack","Guardian:Incinerate"],"picked":"SKIP","floor":19.0},{"not_picked":["Guardian:PiercingHide+1","Guardian:Preprogram+1"],"picked":"Guardian:FloatingOrbs","floor":21.0},{"not_picked":["Guardian:TimeBomb","Guardian:RollAttack","Guardian:RevengeProtocol"],"picked":"SKIP","floor":23.0},{"not_picked":["Guardian:TemporalStrike","Guardian:Repulse"],"picked":"Guardian:GemFinder","floor":25.0},{"not_picked":["Guardian:Gem_Lightblue","Guardian:Gem_Green"],"picked":"Guardian:Gem_Red","floor":26.0},{"not_picked":["Guardian:MultiBeam","Guardian:ChargeUp"],"picked":"Guardian:FloatingOrbs+1","floor":26.0},{"not_picked":["Guardian:Gem_Red","Guardian:Gem_Lightblue"],"picked":"Guardian:Gem_Cyan","floor":27.0},{"not_picked":["Guardian:ShieldCharger","Guardian:FierceBash"],"picked":"Guardian:Gem_Fragmented","floor":27.0},{"not_picked":["Guardian:Gem_Green","Guardian:Gem_Lightblue"],"picked":"Guardian:Gem_Cyan","floor":29.0},{"not_picked":["Guardian:DecasProtection","Guardian:Gem_Fragmented"],"picked":"Guardian:Gem_White","floor":29.0},{"not_picked":["Guardian:Gem_Cyan","Guardian:Gem_Lightblue"],"picked":"Guardian:Gem_Green","floor":32.0},{"not_picked":["Guardian:Gem_Green","Guardian:ChargeCore","Guardian:PiercingHide"],"picked":"SKIP","floor":32.0},{"not_picked":["Guardian:GemFire","Guardian:FierceBash"],"picked":"Guardian:Gem_Synthetic","floor":33.0},{"not_picked":["Guardian:Gem_Cyan","Guardian:Gem_Green"],"picked":"Guardian:Gem_Red","floor":33.0},{"not_picked":["Guardian:CrystalBeam","Guardian:Gem_Red","Guardian:ShieldCharger+1"],"picked":"SKIP","floor":36.0},{"not_picked":["Guardian:Gem_Red","Guardian:RollAttack+1"],"picked":"Guardian:BronzeOrb+1","floor":37.0},{"not_picked":["Guardian:VentSteam","Guardian:EvasiveProtocol"],"picked":"Guardian:Gem_Crimson","floor":38.0},{"not_picked":["Guardian:TemporalStrike+1","Guardian:Reroute"],"picked":"Guardian:Incinerate+1","floor":39.0},{"not_picked":["Guardian:Gem_Red","Guardian:DonusPower","Guardian:FierceBash"],"picked":"SKIP","floor":43.0},{"not_picked":["Guardian:Reroute","Guardian:ShieldCharger+1"],"picked":"Guardian:TimeCapacitor+1","floor":44.0},{"not_picked":["Guardian:BodySlam","Guardian:Recover+1","Guardian:PrimingBeam+1"],"picked":"SKIP","floor":46.0},{"not_picked":["Guardian:WalkerClaw+1","Guardian:StasisStrike"],"picked":"Guardian:Planning+1","floor":47.0},{"not_picked":["Guardian:PolyBeam","Guardian:ShieldCharger"],"picked":"Guardian:ChargeUp","floor":49.0},{"not_picked":["Guardian:PrimingBeam+1","Guardian:Gem_Lightblue"],"picked":"Guardian:TimeCapacitor","floor":52.0}],"player_experience":58862,"relics_obtained":[{"floor":6.0,"key":"Letter Opener"},{"floor":7.0,"key":"Orichalcum"},{"floor":20.0,"key":"Shuriken"},{"floor":21.0,"key":"Calipers"},{"floor":21.0,"key":"Darkstone Periapt"},{"floor":23.0,"key":"Ancient Tea Set"},{"floor":24.0,"key":"InkBottle"},{"floor":43.0,"key":"Bronze Scales"},{"floor":47.0,"key":"Strawberry"},{"floor":52.0,"key":"theSenshi:FeatherClipsRelic"}],"event_choices":[],"is_beta":false,"boss_relics":[{"not_picked":["Philosopher\u0027s Stone","Cursed Key"],"picked":"Coffee Dripper"},{"not_picked":["Black Star","SacredBark"],"picked":"expansioncontent:StudyCardRelic"}],"items_purged_floors":[25,44,53],"is_endless":false,"potions_floor_spawned":[3,6,10,26,29,33,39,43,46,47,49],"ascension_level":1}}