{"host":"KYO","time":1611140381,"event":{"mods":["ATMod(°¢èªMod)","BaseMod","Minty Spire (QoL Compilation)","Permanent Neow","Shop Mod","StSLib","SuperFastMode","TestMod","[IsaacMod]ÒÔÈö¼âËþ","¡¾ÒÅÎï¿¨ÅÆ¡¿REMEMod"],"gold_per_floor":[111,124,524,543,468,502,514,526,526],"floor_reached":8,"language":"ZHS","playtime":397,"items_purged":[],"score":112,"play_id":"33d4295b-647e-45dc-8f5c-7b1485154558","local_time":"20210120185941","is_ascension_mode":true,"campfire_choices":[{"floor":7.0,"key":"REST"}],"circlet_count":0,"master_deck":["AscendersBane","Strike_B","Strike_B","Defend_B","Defend_B","Defend_B","Defend_B","Zap","Dualcast","AT_WaterDrop","All For One","Coolheaded","Fusion","Blizzard","Defragment"],"relics":["Cracked Core","HushsDoor","REME_ComplimentaryCards","testmod-TestBox","BloodDonationMachine","testmod-Maize","MawBank"],"acts_visited":["Exordium"],"potions_floor_usage":[8],"damage_taken":[{"damage":4.0,"enemies":"2 Louse","floor":1.0,"turns":3.0},{"damage":6.0,"enemies":"Jaw Worm","floor":2.0,"turns":5.0},{"damage":15.0,"enemies":"Small Slimes","floor":4.0,"turns":5.0},{"damage":25.0,"enemies":"3 Sentries","floor":6.0,"turns":8.0},{"damage":36,"enemies":"Gremlin Nob","floor":8,"turns":3}],"seed_played":"-5090480751664771008","potions_obtained":[{"floor":1.0,"key":"SkillPotion"},{"floor":2.0,"key":"ColorlessPotion"},{"floor":6.0,"key":"SteroidPotion"}],"is_trial":false,"path_per_floor":["M","M","?","M","?","E","R","E"],"character_chosen":"DEFECT","items_purchased":[],"campfire_rested":1,"item_purchase_floors":[],"current_hp_per_floor":[60,54,54,39,39,14,35,0,0],"gold":526,"neow_bonus":"REMOVE_CARD","is_daily":false,"chose_seed":false,"campfire_upgraded":0,"win_rate":0.0,"timestamp":1611140381,"path_taken":["M","M","?","M","?","E","R","E"],"items_purchased_type":[],"build_version":"2020-12-18","purchased_purges":0,"victory":false,"max_hp_per_floor":[71,71,71,71,71,71,71,71,71],"card_choices":[{"not_picked":[],"picked":"ChaosCard","floor":0.0},{"not_picked":["Hello World","Turbo"],"picked":"Coolheaded","floor":1.0},{"not_picked":["Stack","Streamline"],"picked":"Fusion","floor":2.0},{"not_picked":["Genetic Algorithm","Fusion"],"picked":"Blizzard","floor":4.0},{"not_picked":["Conserve Battery","Redo"],"picked":"Defragment","floor":6.0}],"player_experience":637638,"relics_obtained":[{"floor":6.0,"key":"MawBank"}],"event_choices":[{"damage_healed":0.0,"max_hp_gain":0.0,"max_hp_loss":0.0,"gold_gain":400.0,"event_name":"¶÷ÂåË¹µÄÅÌ×Ó","player_choice":"Sell","floor":3.0,"relics_lost":["AT_ATBox"],"gold_loss":0.0,"damage_taken":0.0},{"cards_removed":["Strike_B"],"damage_healed":0.0,"max_hp_gain":0.0,"max_hp_loss":0.0,"gold_gain":0.0,"event_name":"The Cleric","player_choice":"Card Removal","floor":5.0,"gold_loss":75.0,"damage_taken":0.0}],"is_beta":true,"boss_relics":[],"items_purged_floors":[],"is_endless":false,"potions_floor_spawned":[1,2,6],"killed_by":"Gremlin Nob","ascension_level":20}}