{"host":"y7sd46uq4xlni546","time":1611175786,"event":{"mods":["AchievementEnabler","BaseMod","Colored Map","Colored Powertips","Curses Come First","Filter the Spire","Minty Spire (QoL Compilation)","Quick Restart","Random Character Button","Rare Cards Sparkle","StSLib"],"gold_per_floor":[113,113,133,111,124,124,155,155,204,58,91,116,136,213,213,332,332,332,332,74,74,94,128,128,169,214,227,242,265,284,233,233,353,353,369,369,126,426,444,487,508,508,508,508,527,527,551,564,564,564,564],"floor_reached":50,"language":"ENG","playtime":2396,"items_purged":[],"score":599,"play_id":"754cbc36-9802-4f6e-b853-57e9228f3a30","local_time":"20210120214946","is_ascension_mode":false,"campfire_choices":[{"data":"Blade Dance","floor":6.0,"key":"SMITH"},{"floor":15.0,"key":"REST"},{"floor":32,"key":"REST"},{"floor":44,"key":"REST"},{"floor":46,"key":"REST"},{"data":"A Thousand Cuts","floor":49,"key":"SMITH"}],"circlet_count":0,"master_deck":["Strike_G+1","Strike_G+1","Defend_G+1","Defend_G+1","Defend_G+1","Defend_G+1","Survivor","Neutralize","Malaise+1","Venomology+1","Glass Knife+1","Heel Hook","Finisher","Backflip+1","Blade Dance+1","Dash","A Thousand Cuts+1","Dagger Spray","Phantasmal Killer+1","Prepared+1","Acrobatics+1","Accuracy","Blade Dance+1","Cloak And Dagger+1","Footwork+1","Cloak And Dagger+1","Phantasmal Killer+1","Flechettes+1","Footwork+1","Venomology+1"],"relics":["Astrolabe","Boot","Golden Idol","Snake Skull","Happy Flower","Bag of Marbles","Black Star","Toxic Egg 2","Bottled Tornado","Sundial","Centennial Puzzle","Bottled Lightning","Omamori","Busted Crown","Ninja Scroll","War Paint","Matryoshka","MealTicket","Kunai"],"acts_visited":["Exordium","TheCity","TheBeyond"],"potions_floor_usage":[22,23,25,25,25,27,28,29,33,33,35,35,40,41,47,48,48,50,50,50,50],"damage_taken":[{"damage":0.0,"enemies":"Small Slimes","floor":1.0,"turns":3.0},{"damage":0.0,"enemies":"Jaw Worm","floor":3.0,"turns":3.0},{"damage":0.0,"enemies":"Cultist","floor":5.0,"turns":3.0},{"damage":0.0,"enemies":"3 Sentries","floor":7.0,"turns":2.0},{"damage":13.0,"enemies":"Lagavulin","floor":11.0,"turns":5.0},{"damage":5.0,"enemies":"Exordium Thugs","floor":12.0,"turns":3.0},{"damage":0.0,"enemies":"3 Louse","floor":13.0,"turns":2.0},{"damage":26.0,"enemies":"Slime Boss","floor":16.0,"turns":6.0},{"damage":0.0,"enemies":"3 Byrds","floor":18.0,"turns":1.0},{"damage":0,"enemies":"Shell Parasite","floor":22,"turns":2},{"damage":14,"enemies":"Book of Stabbing","floor":23,"turns":3},{"damage":16,"enemies":"Slavers","floor":25,"turns":2},{"damage":14,"enemies":"Centurion and Healer","floor":27,"turns":4},{"damage":7,"enemies":"Snake Plant","floor":28,"turns":3},{"damage":4,"enemies":"Cultist and Chosen","floor":29,"turns":4},{"damage":1,"enemies":"Snecko","floor":30,"turns":4},{"damage":34,"enemies":"Collector","floor":33,"turns":6},{"damage":0,"enemies":"3 Darklings","floor":35,"turns":2},{"damage":0,"enemies":"Orb Walker","floor":39,"turns":1},{"damage":22,"enemies":"Giant Head","floor":40,"turns":9},{"damage":9,"enemies":"Writhing Mass","floor":41,"turns":9},{"damage":9,"enemies":"4 Shapes","floor":45,"turns":3},{"damage":3,"enemies":"Transient","floor":47,"turns":5},{"damage":0,"enemies":"Spire Growth","floor":48,"turns":2},{"damage":90,"enemies":"Time Eater","floor":50,"turns":14}],"seed_played":"-678308414742737129","potions_obtained":[{"floor":1.0,"key":"PowerPotion"},{"floor":5.0,"key":"CunningPotion"},{"floor":12.0,"key":"Swift Potion"},{"floor":13.0,"key":"DistilledChaos"},{"floor":16.0,"key":"Block Potion"},{"floor":22,"key":"Regen Potion"},{"floor":23,"key":"SkillPotion"},{"floor":28,"key":"CunningPotion"},{"floor":33,"key":"SteroidPotion"},{"floor":41,"key":"Swift Potion"}],"is_trial":false,"path_per_floor":["M","?","M","$","M","R","E","?","T","$","E","M","M","?","R","B",null,"M","?","$","?","M","E","?","E","T","M","M","M","M","$","R","B",null,"M","?","$","?","M","E","M","?","T","R","M","R","M","M","R","B"],"character_chosen":"THE_SILENT","items_purchased":["Backflip","Happy Flower","Toxic Egg 2","Cloak And Dagger+1","Ninja Scroll"],"campfire_rested":4,"item_purchase_floors":[4,10,20,31,37],"current_hp_per_floor":[70,75,75,75,75,75,75,57,57,57,44,39,39,39,61,35,75,75,75,75,75,75,61,61,50,50,36,29,25,24,24,46,12,75,75,75,75,75,75,53,44,44,44,66,57,75,72,72,72,0,0],"gold":564,"neow_bonus":"BOSS_RELIC","is_daily":false,"chose_seed":false,"campfire_upgraded":2,"win_rate":0.0,"timestamp":1611175786,"path_taken":["M","?","M","$","M","R","E","?","T","?","E","M","?","?","R","BOSS","M","?","$","?","M","E","?","E","T","M","?","M","?","?","R","BOSS","M","?","?","?","?","E","M","?","T","R","M","R","M","M","R","BOSS"],"items_purchased_type":["Card","Relic","Relic","Card","Relic"],"build_version":"2020-12-22","purchased_purges":0,"victory":false,"max_hp_per_floor":[70,75,75,75,75,75,75,75,75,75,75,75,75,75,75,75,75,75,75,75,75,75,75,75,75,75,75,75,75,75,75,75,75,75,75,75,75,75,75,75,75,75,75,75,75,75,75,75,75,75,75],"card_choices":[{"not_picked":["Quick Slash","Slice"],"picked":"Heel Hook","floor":1.0},{"not_picked":["Catalyst","Footwork"],"picked":"Finisher","floor":3.0},{"not_picked":["Sucker Punch","Quick Slash"],"picked":"Blade Dance","floor":5.0},{"not_picked":["Backflip","Flying Knee"],"picked":"Dash","floor":7.0},{"not_picked":["Deflect","Concentrate"],"picked":"A Thousand Cuts","floor":11.0},{"not_picked":["Prepared","Flying Knee"],"picked":"Dagger Spray","floor":12.0},{"not_picked":["Dash","Backflip","Finisher"],"picked":"SKIP","floor":13.0},{"not_picked":["After Image","Die Die Die"],"picked":"Phantasmal Killer","floor":16.0},{"not_picked":["Dodge and Roll+1","Expertise+1"],"picked":"Prepared+1","floor":22},{"not_picked":["Prepared+1","Slice"],"picked":"Acrobatics+1","floor":23},{"not_picked":["Outmaneuver+1","PiercingWail+1"],"picked":"Accuracy","floor":25},{"not_picked":["Bane+1","Acrobatics+1"],"picked":"Blade Dance+1","floor":27},{"not_picked":["Dash","Quick Slash+1"],"picked":"Cloak And Dagger+1","floor":28},{"not_picked":["Backflip+1","All Out Attack+1","Dash"],"picked":"SKIP","floor":29},{"not_picked":["Outmaneuver+1","Riddle With Holes"],"picked":"Footwork+1","floor":30},{"not_picked":["Envenom","Venomology+1"],"picked":"Phantasmal Killer+1","floor":33},{"not_picked":[],"picked":"Flechettes+1","floor":35},{"not_picked":["Deflect+1"],"picked":"SKIP","floor":39},{"not_picked":[],"picked":"Footwork+1","floor":40},{"not_picked":["Masterful Stab"],"picked":"SKIP","floor":41},{"not_picked":["Concentrate+1"],"picked":"SKIP","floor":45},{"not_picked":["Dodge and Roll+1"],"picked":"SKIP","floor":47},{"not_picked":["Underhanded Strike"],"picked":"SKIP","floor":48}],"player_experience":674660,"relics_obtained":[{"floor":7.0,"key":"Boot"},{"floor":9.0,"key":"Snake Skull"},{"floor":11.0,"key":"Bag of Marbles"},{"floor":23,"key":"Bottled Tornado"},{"floor":23,"key":"Sundial"},{"floor":25,"key":"Centennial Puzzle"},{"floor":25,"key":"Bottled Lightning"},{"floor":26,"key":"Omamori"},{"floor":40,"key":"War Paint"},{"floor":40,"key":"Matryoshka"},{"floor":43,"key":"MealTicket"},{"floor":43,"key":"Kunai"}],"event_choices":[{"damage_healed":0.0,"max_hp_gain":5.0,"max_hp_loss":0.0,"gold_gain":0.0,"event_name":"Big Fish","player_choice":"Donut","floor":2.0,"gold_loss":0.0,"damage_taken":0.0},{"damage_healed":0.0,"max_hp_gain":0.0,"max_hp_loss":0.0,"gold_gain":0.0,"event_name":"Golden Idol","player_choice":"Take Damage","floor":8.0,"gold_loss":0.0,"damage_taken":18.0,"relics_obtained":["Golden Idol"]},{"damage_healed":0.0,"max_hp_gain":0.0,"max_hp_loss":0.0,"gold_gain":77.0,"event_name":"Golden Wing","player_choice":"Gained Gold","floor":14.0,"gold_loss":0.0,"damage_taken":0.0},{"damage_healed":0.0,"max_hp_gain":0.0,"max_hp_loss":0.0,"gold_gain":0.0,"event_name":"Back to Basics","player_choice":"Simplicity","floor":19.0,"gold_loss":0.0,"damage_taken":0.0,"cards_upgraded":["Strike_G","Strike_G","Strike_G","Defend_G","Defend_G","Defend_G","Defend_G"]},{"damage_healed":0.0,"max_hp_gain":0.0,"max_hp_loss":0.0,"gold_gain":0.0,"event_name":"Vampires","player_choice":"Ignored","floor":21.0,"gold_loss":0.0,"damage_taken":0.0},{"cards_removed":["Strike_G"],"damage_healed":0,"gold_gain":0,"player_choice":"Purged","damage_taken":0,"max_hp_gain":0,"max_hp_loss":0,"event_name":"Purifier","floor":24,"gold_loss":0},{"damage_healed":0,"gold_gain":0,"player_choice":"Ignored","damage_taken":0,"max_hp_gain":0,"max_hp_loss":0,"event_name":"SecretPortal","floor":36,"gold_loss":0},{"damage_healed":0,"gold_gain":300,"player_choice":"Gold","damage_taken":0,"max_hp_gain":0,"max_hp_loss":0,"event_name":"Wheel of Change","floor":38,"gold_loss":0},{"damage_healed":0,"gold_gain":0,"player_choice":"Copied","damage_taken":0,"max_hp_gain":0,"max_hp_loss":0,"event_name":"Duplicator","floor":42,"gold_loss":0,"cards_obtained":["Venomology"]}],"is_beta":false,"boss_relics":[{"not_picked":["HoveringKite","Velvet Choker"],"picked":"Black Star"},{"not_picked":["Pandora\u0027s Box","SlaversCollar"],"picked":"Busted Crown"}],"items_purged_floors":[],"is_endless":false,"potions_floor_spawned":[1,5,12,13,16,22,23,28,33,41,45],"killed_by":"Time Eater","ascension_level":0}}