{"host":"9ltncrns7b9wt2tr","time":1611122108,"event":{"mods":["AchievementEnabler","BaseMod","BetterRewards","Colored Map","Colored Powertips","Minty Spire (QoL Compilation)","Quick Restart","Replay The Spire","StSLib","SuperFastMode"],"gold_per_floor":[111,128,128,141,316,351,351,351,351],"floor_reached":8,"language":"ZHS","playtime":403,"items_purged":[],"score":64,"play_id":"b8d7c2c0-7503-478f-87d7-26faaa7ce4bf","local_time":"20210120135508","is_ascension_mode":true,"campfire_choices":[{"data":"Infinite Blades","floor":7,"key":"SMITH"}],"circlet_count":0,"master_deck":["Strike_G","Strike_G","Strike_G","Strike_G","Strike_G","Defend_G","Defend_G","Defend_G","Defend_G","Survivor","Neutralize","Tools of the Trade","Infinite Blades+1","Prepared","Prepared","Doubt","Infinite Blades"],"relics":["Ring of the Snake","Pet Ghost"],"acts_visited":["Exordium"],"potions_floor_usage":[8],"damage_taken":[{"damage":1,"enemies":"Jaw Worm","floor":1,"turns":6},{"damage":7,"enemies":"Small Slimes","floor":2,"turns":4},{"damage":0,"enemies":"Cultist","floor":4,"turns":4},{"damage":38,"enemies":"Lagavulin","floor":6,"turns":10},{"damage":18,"enemies":"Gremlin Nob","floor":8,"turns":3}],"seed_played":"-6067371650326914519","potions_obtained":[{"floor":6,"key":"Dexterity Potion"}],"is_trial":false,"path_per_floor":["M","M","?","M","?","E","R","E"],"character_chosen":"THE_SILENT","items_purchased":["Tools of the Trade"],"campfire_rested":0,"item_purchase_floors":[0],"current_hp_per_floor":[69,62,55,55,55,17,17,0,0],"gold":351,"neow_bonus":"","is_daily":false,"chose_seed":false,"campfire_upgraded":1,"win_rate":0.0,"timestamp":1611122108,"path_taken":["M","M","?","M","?","E","R","E"],"items_purchased_type":["Card"],"build_version":"2020-12-22","purchased_purges":0,"victory":false,"max_hp_per_floor":[70,70,70,70,70,70,70,70,70],"card_choices":[{"not_picked":["Poisoned Stab","Backflip"],"picked":"Infinite Blades","floor":1},{"not_picked":["Backflip","Dagger Spray"],"picked":"Prepared","floor":2},{"not_picked":["Predator","PiercingWail"],"picked":"Prepared","floor":4},{"not_picked":["Flying Knee","Cloak And Dagger"],"picked":"Infinite Blades","floor":6}],"player_experience":86865,"relics_obtained":[{"floor":6,"key":"Pet Ghost"}],"event_choices":[{"cards_removed":["Defend_G"],"damage_healed":0,"gold_gain":0,"player_choice":"Card Removal","damage_taken":7,"max_hp_gain":0,"max_hp_loss":0,"event_name":"Golden Wing","floor":3,"gold_loss":0},{"damage_healed":0,"gold_gain":175,"player_choice":"AGREE","damage_taken":0,"max_hp_gain":0,"max_hp_loss":0,"event_name":"Liars Game","floor":5,"gold_loss":0,"cards_obtained":["Doubt"]}],"is_beta":false,"boss_relics":[],"items_purged_floors":[],"is_endless":false,"potions_floor_spawned":[6],"killed_by":"Gremlin Nob","ascension_level":3}}