{"host":"kda2p2afd6bvz6qo","time":1611178117,"event":{"mods":["BaseMod","Colored Map","Minty Spire (QoL Compilation)","Relic Stats"],"gold_per_floor":[110,110,129,129,129,168,168,212,239,85,103,122,22,42,42,42,42],"floor_reached":16,"language":"ENG","playtime":887,"items_purged":["Injury","Strike_G"],"score":220,"play_id":"8a7f660e-131f-4b1c-898e-e19e48aeb8cc","local_time":"20210120212837","is_ascension_mode":true,"campfire_choices":[{"data":"Dagger Spray","floor":7,"key":"SMITH"},{"data":"Neutralize","floor":15,"key":"SMITH"}],"circlet_count":0,"master_deck":["AscendersBane","Strike_G","Strike_G","Strike_G","Defend_G","Defend_G","Defend_G","Defend_G","Defend_G","Survivor","Neutralize+1","Dash","Sucker Punch","Dagger Spray+1","Leg Sweep","Blur","Heel Hook","Backstab"],"relics":["Coffee Dripper","Golden Idol","PreservedInsect","WingedGreaves","MealTicket"],"acts_visited":["Exordium"],"potions_floor_usage":[6,6,16,16],"damage_taken":[{"damage":0,"enemies":"Small Slimes","floor":1,"turns":5},{"damage":0,"enemies":"Jaw Worm","floor":3,"turns":3},{"damage":20,"enemies":"Gremlin Nob","floor":6,"turns":4},{"damage":10,"enemies":"3 Sentries","floor":8,"turns":6},{"damage":0,"enemies":"2 Louse","floor":11,"turns":2},{"damage":0,"enemies":"2 Fungi Beasts","floor":12,"turns":3},{"damage":3,"enemies":"Large Slime","floor":14,"turns":7},{"damage":56,"enemies":"Slime Boss","floor":16,"turns":11}],"seed_played":"3226722008336665933","potions_obtained":[{"floor":1,"key":"Explosive Potion"},{"floor":3,"key":"AttackPotion"},{"floor":14,"key":"Explosive Potion"}],"is_trial":false,"path_per_floor":["M","?","M","?","?","E","R","E","T","$","M","M","$","M","R","B"],"character_chosen":"THE_SILENT","items_purchased":["DistilledChaos"],"campfire_rested":0,"item_purchase_floors":[10],"current_hp_per_floor":[59,52,52,52,52,32,32,22,22,37,37,37,52,49,49,0,0],"gold":42,"neow_bonus":"BOSS_RELIC","is_daily":false,"chose_seed":false,"campfire_upgraded":2,"win_rate":0.0,"timestamp":1611178117,"path_taken":["M","?","M","?","?","E","R","E","T","$","M","M","$","M","R","BOSS"],"items_purchased_type":["Potion"],"build_version":"2020-12-22","purchased_purges":2,"victory":false,"max_hp_per_floor":[66,66,66,66,66,66,66,66,66,66,66,66,66,66,66,66,66],"relic_stats":{"counters":[8,41],"Golden Idol":29,"MealTicket":30,"PreservedInsect":34,"obtain_stats":[{"Golden Idol":5,"MealTicket":9,"PreservedInsect":6,"WingedGreaves":8,"Coffee Dripper":0,"Ring of the Snake":0},{"Golden Idol":2,"MealTicket":4,"PreservedInsect":3,"WingedGreaves":4,"Coffee Dripper":0,"Ring of the Snake":0},{"Golden Idol":8,"MealTicket":18,"PreservedInsect":12,"WingedGreaves":18,"Coffee Dripper":0,"Ring of the Snake":0}]},"card_choices":[{"not_picked":["Endless Agony","Acrobatics"],"picked":"Dash","floor":1},{"not_picked":["Calculated Gamble","Bane"],"picked":"Sucker Punch","floor":3},{"not_picked":["Quick Slash","Dodge and Roll"],"picked":"Dagger Spray","floor":6},{"not_picked":["Accuracy","Catalyst"],"picked":"Leg Sweep","floor":8},{"not_picked":["Concentrate","Prepared"],"picked":"Blur","floor":11},{"not_picked":["Cloak And Dagger","Dash"],"picked":"Heel Hook","floor":12},{"not_picked":["Prepared","Flying Knee"],"picked":"Backstab","floor":14}],"player_experience":150602,"relics_obtained":[{"floor":6,"key":"PreservedInsect"},{"floor":8,"key":"WingedGreaves"},{"floor":9,"key":"MealTicket"}],"event_choices":[{"cards_removed":["Strike_G"],"damage_healed":0,"gold_gain":0,"player_choice":"Card Removal","damage_taken":7,"max_hp_gain":0,"max_hp_loss":0,"event_name":"Golden Wing","floor":2,"gold_loss":0},{"damage_healed":0,"gold_gain":0,"player_choice":"Ignored","damage_taken":0,"max_hp_gain":0,"max_hp_loss":0,"event_name":"Liars Game","floor":4,"gold_loss":0},{"damage_healed":0,"gold_gain":0,"player_choice":"Take Wound","damage_taken":0,"relics_obtained":["Golden Idol"],"max_hp_gain":0,"max_hp_loss":0,"event_name":"Golden Idol","floor":5,"gold_loss":0,"cards_obtained":["Injury"]}],"is_beta":false,"boss_relics":[],"items_purged_floors":[10,13],"is_endless":false,"potions_floor_spawned":[1,3,14],"killed_by":"Slime Boss","ascension_level":20}}