{"host":"t7mx8yfj1no5p62f","time":1611117230,"event":{"mods":["BaseMod","Bestiary","Colored Map","Colored Powertips","Minty Spire (QoL Compilation)","Relic Stats","StSLib"],"gold_per_floor":[119,130,141,159,25,37,66,84,129,129,74,107,164,199,199,274,274,290,290,260,110,110,110,120,138,138,172,272,298,310,50,50,125,125,137,137,137,148,128,163,175,205,258,272,292,292,309,338,350,362,374,386,398,30,64,64,64],"floor_reached":56,"language":"ENG","playtime":2992,"items_purged":["Strike_G","Strike_G","Strike_G"],"score":2148,"play_id":"147610cf-b0c5-454b-a581-079988c9c861","local_time":"20210119233349","is_ascension_mode":true,"campfire_choices":[{"floor":10.0,"key":"REST"},{"data":"Catalyst","floor":15.0,"key":"SMITH"},{"data":"Wraith Form v2","floor":23.0,"key":"SMITH"},{"data":"Catalyst","floor":32.0,"key":"SMITH"},{"floor":46,"key":"RECALL"},{"data":"Apotheosis","floor":49,"key":"SMITH"},{"floor":53,"key":"REST"}],"circlet_count":0,"master_deck":["AscendersBane","Defend_G","Defend_G","Defend_G","Defend_G","Defend_G","Survivor","Neutralize","Underhanded Strike","Quick Slash","Adrenaline","Flying Knee","Noxious Fumes","Catalyst+1","Poisoned Stab","Dagger Spray","Adrenaline","Flechettes","Outmaneuver","Wraith Form v2+1","PiercingWail","A Thousand Cuts","Prepared","Deflect+1","Blur","Night Terror","Bouncing Flask","Calculated Gamble+1","Catalyst+1","Night Terror","Apotheosis+1","PanicButton","Dark Shackles","PiercingWail","Outmaneuver","Acrobatics","Deflect+1","Discovery","Backflip","Burst"],"relics":["Runic Pyramid","HornCleat","Regal Pillow","Akabeko","Question Card","Dream Catcher","HoveringKite","Gremlin Horn","Meat on the Bone","Gambling Chip","Mercury Hourglass","Calipers","Strange Spoon","SlaversCollar","Boot","Ginger","MawBank","Blood Vial"],"acts_visited":["Exordium","TheCity","TheBeyond","TheEnding"],"potions_floor_usage":[40,40,47,51,55,56],"damage_taken":[{"damage":3.0,"enemies":"Cultist","floor":1.0,"turns":4.0},{"damage":0.0,"enemies":"Jaw Worm","floor":2.0,"turns":4.0},{"damage":0.0,"enemies":"2 Louse","floor":3.0,"turns":2.0},{"damage":6.0,"enemies":"Looter","floor":4.0,"turns":4.0},{"damage":1.0,"enemies":"2 Fungi Beasts","floor":6.0,"turns":3.0},{"damage":28.0,"enemies":"Gremlin Nob","floor":7.0,"turns":4.0},{"damage":9.0,"enemies":"3 Louse","floor":8.0,"turns":4.0},{"damage":7.0,"enemies":"Lagavulin","floor":12.0,"turns":7.0},{"damage":0.0,"enemies":"Gremlin Nob","floor":13.0,"turns":3.0},{"damage":7.0,"enemies":"3 Sentries","floor":14.0,"turns":7.0},{"damage":3.0,"enemies":"Hexaghost","floor":16.0,"turns":9.0},{"damage":15.0,"enemies":"Spheric Guardian","floor":18.0,"turns":6.0},{"damage":9.0,"enemies":"2 Thieves","floor":20.0,"turns":4.0},{"damage":1.0,"enemies":"Sentry and Sphere","floor":24.0,"turns":7.0},{"damage":0.0,"enemies":"Snake Plant","floor":25.0,"turns":4.0},{"damage":6.0,"enemies":"Slavers","floor":27.0,"turns":5.0},{"damage":9.0,"enemies":"Colosseum Slavers","floor":28.0,"turns":5.0},{"damage":0.0,"enemies":"Colosseum Nobs","floor":28.0,"turns":4.0},{"damage":3.0,"enemies":"Book of Stabbing","floor":29.0,"turns":6.0},{"damage":0.0,"enemies":"Snecko","floor":30.0,"turns":5.0},{"damage":6.0,"enemies":"Collector","floor":33.0,"turns":8.0},{"damage":11.0,"enemies":"3 Darklings","floor":35.0,"turns":4.0},{"damage":0,"enemies":"3 Shapes","floor":38,"turns":5},{"damage":15,"enemies":"Nemesis","floor":40,"turns":5},{"damage":24,"enemies":"Jaw Worm Horde","floor":41,"turns":4},{"damage":0,"enemies":"Giant Head","floor":42,"turns":3},{"damage":1,"enemies":"Maw","floor":44,"turns":6},{"damage":2,"enemies":"Writhing Mass","floor":45,"turns":5},{"damage":0,"enemies":"3 Darklings","floor":47,"turns":4},{"damage":0,"enemies":"Reptomancer","floor":48,"turns":4},{"damage":23,"enemies":"Awakened One","floor":50,"turns":12},{"damage":17,"enemies":"Donu and Deca","floor":51,"turns":8},{"damage":6,"enemies":"Shield and Spear","floor":55,"turns":7},{"damage":64,"enemies":"The Heart","floor":56,"turns":8}],"seed_played":"8111577466641435589","potions_obtained":[{"floor":2.0,"key":"DuplicationPotion"},{"floor":4.0,"key":"Dexterity Potion"},{"floor":18.0,"key":"Block Potion"},{"floor":24.0,"key":"CunningPotion"},{"floor":27.0,"key":"Dexterity Potion"},{"floor":28.0,"key":"CultistPotion"},{"floor":38,"key":"PowerPotion"},{"floor":39,"key":"Regen Potion"},{"floor":40,"key":"SteroidPotion"},{"floor":42,"key":"SkillPotion"},{"floor":47,"key":"LiquidMemories"},{"floor":55,"key":"SkillPotion"}],"is_trial":false,"path_per_floor":["M","M","M","M","$","M","E","M","T","R","$","E","?","E","R","B",null,"M","?","M","$","?","R","M","M","T","E","?","E","M","$","R","B",null,"M","?","?","M","?","E","M","E","T","M","M","R","M","E","R","B","B",null,"R","$","E","B"],"character_chosen":"THE_SILENT","items_purchased":["Flying Knee","Noxious Fumes","Dagger Spray","Blur","Strange Spoon","GhostInAJar","Discovery","Backflip"],"campfire_rested":2,"item_purchase_floors":[5,5,11,21,31,54,54,54],"current_hp_per_floor":[56,56,56,50,50,49,21,12,12,46,46,39,39,32,32,29,57,42,42,33,33,33,33,32,32,32,26,41,38,38,38,38,44,61,50,50,40,40,40,40,28,40,40,39,37,37,37,37,37,26,21,55,66,66,60,0,0],"gold":64,"neow_bonus":"BOSS_RELIC","is_daily":false,"chose_seed":false,"campfire_upgraded":4,"win_rate":0.0,"timestamp":1611117229,"path_taken":["M","M","?","M","?","M","E","M","T","R","$","E","?","E","R","BOSS","M","?","M","$","?","R","M","M","T","E","?","E","M","$","R","BOSS","M","?","?","M","?","E","M","E","T","M","M","R","?","E","R","BOSS","BOSS","R","$","E","BOSS"],"items_purchased_type":["Card","Card","Card","Card","Relic","Potion","Card","Card"],"build_version":"2020-12-22","purchased_purges":3,"victory":false,"max_hp_per_floor":[66,66,66,66,66,66,66,66,66,66,66,66,66,66,66,66,66,66,66,66,66,66,66,66,66,66,66,66,66,66,66,66,66,66,66,66,66,66,66,66,66,66,66,66,66,66,66,66,66,66,66,66,66,66,66,66,66],"relic_stats":{"Regal Pillow":15,"Gremlin Horn":[24,24],"counters":[34,180],"HoveringKite":[60],"Ginger":[10],"Question Card":25,"Boot":[20],"MawBank":72,"Mercury Hourglass":[357],"Blood Vial":2,"Strange Spoon":[60],"Dream Catcher":1,"Gambling Chip":[51],"obtain_stats":[{"Regal Pillow":9,"Calipers":29,"Gremlin Horn":26,"HoveringKite":17,"Ginger":42,"Question Card":13,"Boot":40,"MawBank":48,"Akabeko":12,"Mercury Hourglass":28,"Blood Vial":55,"Strange Spoon":31,"SlaversCollar":34,"Dream Catcher":14,"HornCleat":7,"Gambling Chip":28,"Ring of the Snake":0,"Runic Pyramid":0,"Meat on the Bone":27},{"Regal Pillow":7,"Calipers":19,"Gremlin Horn":15,"HoveringKite":11,"Ginger":26,"Question Card":9,"Boot":24,"MawBank":30,"Akabeko":8,"Mercury Hourglass":18,"Blood Vial":33,"Strange Spoon":20,"SlaversCollar":21,"Dream Catcher":10,"HornCleat":6,"Gambling Chip":18,"Ring of the Snake":0,"Runic Pyramid":0,"Meat on the Bone":16},{"Regal Pillow":25,"Calipers":92,"Gremlin Horn":72,"HoveringKite":51,"Ginger":126,"Question Card":35,"Boot":119,"MawBank":145,"Akabeko":32,"Mercury Hourglass":86,"Blood Vial":172,"Strange Spoon":97,"SlaversCollar":105,"Dream Catcher":42,"HornCleat":21,"Gambling Chip":86,"Ring of the Snake":0,"Runic Pyramid":0,"Meat on the Bone":77}],"Meat on the Bone":84},"card_choices":[{"not_picked":["Backflip","Deflect"],"picked":"Underhanded Strike","floor":1.0},{"not_picked":["Outmaneuver","Infinite Blades"],"picked":"Quick Slash","floor":2.0},{"not_picked":["Deflect","Calculated Gamble","Escape Plan"],"picked":"SKIP","floor":3.0},{"not_picked":["PiercingWail","Acrobatics"],"picked":"Adrenaline","floor":4.0},{"not_picked":["Cloak And Dagger","Backstab"],"picked":"Catalyst","floor":6.0},{"not_picked":["Flechettes","Acrobatics"],"picked":"Poisoned Stab","floor":7.0},{"not_picked":["Flechettes","Poisoned Stab","Storm of Steel"],"picked":"SKIP","floor":8.0},{"not_picked":["Escape Plan","Poisoned Stab"],"picked":"Adrenaline","floor":12.0},{"not_picked":["Reflex","Dodge and Roll"],"picked":"Flechettes","floor":13.0},{"not_picked":["Blade Dance","Acrobatics","Terror"],"picked":"Outmaneuver","floor":14.0},{"not_picked":["Night Terror","Venomology","Malaise"],"picked":"Wraith Form v2","floor":16.0},{"not_picked":["Masterful Stab","Outmaneuver","Acrobatics"],"picked":"PiercingWail","floor":18.0},{"not_picked":["Poisoned Stab","Backflip","Deadly Poison"],"picked":"Deflect+1","floor":20.0},{"not_picked":["Acrobatics","Quick Slash","Masterful Stab"],"picked":"Bouncing Flask","floor":24.0},{"not_picked":["Flying Knee","Backstab","Caltrops","Well Laid Plans"],"picked":"SKIP","floor":25.0},{"not_picked":["Sucker Punch","Slice","Acrobatics","Eviscerate"],"picked":"SKIP","floor":27.0},{"not_picked":["Tactician","Distraction","Deflect"],"picked":"Calculated Gamble+1","floor":28.0},{"not_picked":["Setup","Calculated Gamble","Masterful Stab","Cloak And Dagger"],"picked":"SKIP","floor":29.0},{"not_picked":["Dodge and Roll+1","Die Die Die","Quick Slash+1"],"picked":"Catalyst","floor":30.0},{"not_picked":["Wraith Form v2","Grand Finale","Venomology"],"picked":"Night Terror","floor":33.0},{"not_picked":["Dodge and Roll","Calculated Gamble","Endless Agony","Blade Dance"],"picked":"SKIP","floor":35.0},{"not_picked":["Panache","Magnetism","PanicButton"],"picked":"Apotheosis","floor":37},{"not_picked":["Master of Strategy","Discovery","Panache"],"picked":"PanicButton","floor":37},{"not_picked":["Panache","Transmutation","Madness"],"picked":"Dark Shackles","floor":37},{"not_picked":["Underhanded Strike","Poisoned Stab","Bouncing Flask+1","Sucker Punch"],"picked":"SKIP","floor":38},{"not_picked":["Underhanded Strike","Poisoned Stab","Bouncing Flask+1","Sucker Punch"],"picked":"SKIP","floor":38},{"not_picked":["Sucker Punch","Endless Agony+1","Deadly Poison","Escape Plan"],"picked":"SKIP","floor":40},{"not_picked":["Cloak And Dagger","Backstab","Envenom","Flying Knee"],"picked":"SKIP","floor":41},{"not_picked":["Doppelganger","Finisher+1","All Out Attack"],"picked":"PiercingWail","floor":42},{"not_picked":["Dagger Throw+1","Dash","Caltrops+1","Quick Slash"],"picked":"SKIP","floor":44},{"not_picked":["Prepared+1","Dash+1","Sucker Punch"],"picked":"Outmaneuver","floor":45},{"not_picked":["Quick Slash","Deflect","Dagger Throw"],"picked":"Acrobatics","floor":47},{"not_picked":["Deflect+1","Grand Finale","Heel Hook","Distraction"],"picked":"SKIP","floor":48},{"not_picked":["Underhanded Strike","Endless Agony","Caltrops+1"],"picked":"Deflect+1","floor":53},{"not_picked":["Dash","Slice+1","Acrobatics"],"picked":"Burst","floor":55}],"player_experience":1794970,"relics_obtained":[{"floor":7.0,"key":"HornCleat"},{"floor":9.0,"key":"Regal Pillow"},{"floor":12.0,"key":"Akabeko"},{"floor":13.0,"key":"Question Card"},{"floor":14.0,"key":"Dream Catcher"},{"floor":26.0,"key":"Gremlin Horn"},{"floor":27.0,"key":"Meat on the Bone"},{"floor":28.0,"key":"Gambling Chip"},{"floor":28.0,"key":"Mercury Hourglass"},{"floor":29.0,"key":"Calipers"},{"floor":40,"key":"Boot"},{"floor":42,"key":"Ginger"},{"floor":48,"key":"MawBank"},{"floor":55,"key":"Blood Vial"}],"event_choices":[{"damage_healed":0.0,"max_hp_gain":0.0,"max_hp_loss":0.0,"gold_gain":0.0,"event_name":"Dead Adventurer","player_choice":"Searched \u00271\u0027 times","floor":13.0,"gold_loss":0.0,"damage_taken":0.0},{"damage_healed":0.0,"max_hp_gain":0.0,"max_hp_loss":0.0,"gold_gain":0.0,"cards_transformed":["Strike_G","Strike_G"],"event_name":"Drug Dealer","player_choice":"Became Test Subject","floor":19.0,"gold_loss":0.0,"damage_taken":0.0,"cards_obtained":["A Thousand Cuts","Prepared"]},{"damage_healed":0.0,"max_hp_gain":0.0,"max_hp_loss":0.0,"gold_gain":0.0,"event_name":"The Library","player_choice":"Read","floor":22.0,"gold_loss":0.0,"damage_taken":0.0,"cards_obtained":["Night Terror"]},{"damage_healed":0.0,"max_hp_gain":0.0,"max_hp_loss":0.0,"gold_gain":0.0,"event_name":"Colosseum","player_choice":"Fight","floor":28.0,"gold_loss":0.0,"damage_taken":0.0},{"damage_healed":0.0,"max_hp_gain":0.0,"max_hp_loss":0.0,"gold_gain":0.0,"event_name":"Colosseum","player_choice":"Fought Nobs","floor":28.0,"gold_loss":0.0,"damage_taken":0.0},{"damage_healed":0.0,"max_hp_gain":0.0,"max_hp_loss":0.0,"gold_gain":0.0,"event_name":"Tomb of Lord Red Mask","player_choice":"Ignored","floor":36.0,"gold_loss":0.0,"damage_taken":0.0},{"damage_healed":0,"gold_gain":0,"player_choice":"Memory 3","damage_taken":10,"max_hp_gain":0,"max_hp_loss":0,"event_name":"SensoryStone","floor":37,"gold_loss":0},{"damage_healed":0,"gold_gain":0,"player_choice":"Bought 1 Potion","damage_taken":0,"max_hp_gain":0,"max_hp_loss":0,"event_name":"The Woman in Blue","floor":39,"gold_loss":0}],"is_beta":false,"boss_relics":[{"not_picked":["Black Star","Coffee Dripper"],"picked":"HoveringKite"},{"not_picked":["Velvet Choker","Snecko Eye"],"picked":"SlaversCollar"}],"items_purged_floors":[21,31,54],"is_endless":false,"potions_floor_spawned":[2,4,7,12,14,18,24,27,28,30,33,38,40,42,45,47,55],"killed_by":"The Heart","ascension_level":20}}