{"host":"fhl0aha90wvfvsew","time":1611130342,"event":{"mods":["BaseMod","Colored Powertips","Marisa£®ÏF”Í°°ƒß¿Ì…≥£©","Minty Spire (QoL Compilation)","Remilia£®¿Ÿ√◊¿Ú—«£©","Replay The Spire","StSLib","Youmu£®ªÍ∆«—˝√Œ£©","Yuyuko"],"gold_per_floor":[119,119,119,69,69,110,179,212,212,212,255,268,303,303,303,426,426,450,471,494,419,438,482,495,495,495,495,116,154,192,213,213,213,213],"floor_reached":33,"language":"ZHS","playtime":1711,"items_purged":["Defend_YM"],"score":473,"play_id":"f58dc1cd-04b8-450b-80cb-4e20043a4df3","local_time":"20210120161222","is_ascension_mode":true,"campfire_choices":[{"data":"PreachingAvici","floor":10.0,"key":"SMITH"},{"data":"SlashOfPresentWorld","floor":15.0,"key":"SMITH"},{"data":"SpiritCuttingSword","floor":25.0,"key":"SMITH"},{"floor":27.0,"key":"REST"},{"floor":32.0,"key":"REST"}],"circlet_count":0,"master_deck":["Strike_YM+1","Strike_YM","Defend_YM+1","Defend_YM","SlashOfPresentWorld+1","WheelOfPainOfLivingAndDead","SpiritCuttingSword+1","PreachingAvici+1","SwordExtraction","HellRealmSword","MatsuyoiReflectingSatelliteSlash","SwordExtraction","HumanGodSword+1","RapidSlash+1","CherryBlossomFlashing"],"relics":["HalfPhantom","NeowsBlessing","Golden Idol","Simple Rune","Blue Doll","Art of War","Letter Opener","Replay:Kaleidoscope","Orichalcum","SacredBark","Ginger","AntiCross","Hakurouken","Red Mask","MealTicket"],"acts_visited":["Exordium","TheCity"],"potions_floor_usage":[],"damage_taken":[{"damage":0.0,"enemies":"Jaw Worm","floor":1.0,"turns":1.0},{"damage":0.0,"enemies":"Lagavulin","floor":6.0,"turns":1.0},{"damage":0.0,"enemies":"Gremlin Nob","floor":8.0,"turns":1.0},{"damage":16.0,"enemies":"Lagavulin","floor":11.0,"turns":11.0},{"damage":2.0,"enemies":"Small Slimes","floor":12.0,"turns":3.0},{"damage":2.0,"enemies":"Gremlin Nob","floor":13.0,"turns":4.0},{"damage":37.0,"enemies":"Slime Boss","floor":16.0,"turns":15.0},{"damage":4.0,"enemies":"Spheric Guardian","floor":18.0,"turns":3.0},{"damage":0.0,"enemies":"Chosen","floor":19.0,"turns":3.0},{"damage":14.0,"enemies":"3 Cultists","floor":20.0,"turns":5.0},{"damage":0.0,"enemies":"Cultist and Chosen","floor":22.0,"turns":3.0},{"damage":12.0,"enemies":"Replay:Snechameleon","floor":23.0,"turns":2.0},{"damage":19.0,"enemies":"Centurion and Healer","floor":24.0,"turns":7.0},{"damage":2.0,"enemies":"Masked Bandits","floor":29.0,"turns":3.0},{"damage":3.0,"enemies":"Gremlin Leader","floor":30.0,"turns":3.0},{"damage":0.0,"enemies":"Snake Plant","floor":31.0,"turns":1.0},{"damage":138,"enemies":"Collector","floor":33,"turns":4}],"seed_played":"8553723619970381288","potions_obtained":[{"floor":1.0,"key":"SteroidPotion"},{"floor":6.0,"key":"Explosive Potion"},{"floor":11.0,"key":"LiquidMemories"},{"floor":12.0,"key":"Block Potion"},{"floor":20.0,"key":"Death Potion"},{"floor":23.0,"key":"SpeedPotion"},{"floor":30.0,"key":"Swift Potion"}],"is_trial":false,"path_per_floor":["M","?","T","?","$","E","T","E","T","R","E","M","E","?","R","B",null,"M","M","M","?","M","E","M","R","T","R","$","?","E","M","R","B"],"character_chosen":"YOUMU","items_purchased":["Hakurouken","HumanGodSword+1"],"campfire_rested":2,"item_purchase_floors":[28,28],"current_hp_per_floor":[75,69,69,69,69,69,69,69,69,69,53,51,49,49,49,12,69,65,65,51,51,51,39,20,20,20,40,40,38,35,35,55,0,0],"gold":213,"neow_bonus":"THREE_ENEMY_KILL","is_daily":false,"chose_seed":false,"campfire_upgraded":3,"win_rate":0.0,"timestamp":1611130342,"path_taken":["M","?","?","?","$","E","?","E","T","R","E","M","E","?","R","BOSS","M","?","?","?","M","E","M","R","T","R","$","?","E","M","R","BOSS"],"items_purchased_type":["Relic","Card"],"build_version":"2020-12-22","purchased_purges":1,"victory":false,"max_hp_per_floor":[75,69,69,69,69,69,69,69,69,69,69,69,69,69,69,69,69,69,69,69,69,69,69,69,69,69,69,69,69,69,69,69,69,69],"card_choices":[{"not_picked":["KarmicPunishmentOfTheIdleAndUnfocused","LowerRealmReflectionSlash"],"picked":"SpiritCuttingSword","floor":1.0},{"not_picked":["CherryBlossomSword","FantasyOfEnteringEnlightenment"],"picked":"PreachingAvici","floor":6.0},{"not_picked":["ThreeKonsSevenHakus","DoubleWheelOfPain","FourBirthsSword"],"picked":"SKIP","floor":8.0},{"not_picked":["TransmigrationSlash","ObsessionWithThePresentWorld"],"picked":"SwordExtraction","floor":11.0},{"not_picked":["PretaSword","ObsessionWithThePresentWorld","SlashOfMeditation"],"picked":"SKIP","floor":12.0},{"not_picked":["TwoHundredYojanaInOneSlash","CrescentMoonSlash","AsTheSilentNirvana"],"picked":"SKIP","floor":13.0},{"not_picked":["GreatEnlightenmentAppearingAndDisappearing","AsuraSword"],"picked":"HellRealmSword","floor":16.0},{"not_picked":["HiganSword","SpiritCuttingSword+1","FlashingScatteredFlowers"],"picked":"SKIP","floor":18.0},{"not_picked":["ThreeKonsSevenHakus","PhosphoricSlash","SlashOfMeditation"],"picked":"SKIP","floor":19.0},{"not_picked":["HumanKnowledgeSword","TwoHundredYojanaInOneSlash"],"picked":"MatsuyoiReflectingSatelliteSlash","floor":20.0},{"not_picked":["FlashingScatteredFlowers+1","FantasyOfEnteringEnlightenment"],"picked":"SwordExtraction","floor":22.0},{"not_picked":["AsTheSilentNirvana","LifeCuttingSword","HumanRealmSword"],"picked":"SKIP","floor":23.0},{"not_picked":["AsuraSword","PhosphoricSlash","ObsessionSword"],"picked":"SKIP","floor":24.0},{"not_picked":["SwordExtraction","HiganSword"],"picked":"RapidSlash+1","floor":30.0},{"not_picked":["SlashOfDelusionalInnerEye","SanzenSekai"],"picked":"CherryBlossomFlashing","floor":31.0}],"player_experience":274606,"relics_obtained":[{"floor":3.0,"key":"Simple Rune"},{"floor":6.0,"key":"Blue Doll"},{"floor":8.0,"key":"Art of War"},{"floor":9.0,"key":"Letter Opener"},{"floor":11.0,"key":"Replay:Kaleidoscope"},{"floor":13.0,"key":"Orichalcum"},{"floor":23.0,"key":"Ginger"},{"floor":26.0,"key":"AntiCross"},{"floor":29.0,"key":"Red Mask"},{"floor":30.0,"key":"MealTicket"}],"event_choices":[{"damage_healed":0.0,"max_hp_gain":0.0,"max_hp_loss":6.0,"gold_gain":0.0,"event_name":"Golden Idol","player_choice":"Lose Max HP","floor":2.0,"gold_loss":0.0,"damage_taken":0.0,"relics_obtained":["Golden Idol"]},{"cards_removed":["Strike_YM"],"damage_healed":0.0,"max_hp_gain":0.0,"max_hp_loss":0.0,"gold_gain":0.0,"event_name":"The Cleric","player_choice":"Card Removal","floor":4.0,"gold_loss":50.0,"damage_taken":0.0},{"cards_removed":["Defend_YM"],"damage_healed":0.0,"max_hp_gain":0.0,"max_hp_loss":0.0,"gold_gain":0.0,"event_name":"Bonfire Elementals","player_choice":"Offered Basic","floor":14.0,"gold_loss":0.0,"damage_taken":0.0},{"cards_removed":["Strike_YM"],"damage_healed":0.0,"max_hp_gain":0.0,"max_hp_loss":0.0,"gold_gain":0.0,"event_name":"Beggar","player_choice":"Gave Gold","floor":21.0,"gold_loss":75.0,"damage_taken":0.0},{"damage_healed":0.0,"max_hp_gain":0.0,"max_hp_loss":0.0,"gold_gain":0.0,"event_name":"Masked Bandits","player_choice":"Fought Bandits","floor":29.0,"gold_loss":0.0,"damage_taken":0.0}],"is_beta":false,"boss_relics":[{"not_picked":["Velvet Choker","ChewingGum"],"picked":"SacredBark"}],"items_purged_floors":[28],"is_endless":false,"potions_floor_spawned":[1,6,11,12,20,23,30],"killed_by":"Collector","ascension_level":3}}