{"host":"u25um2at8ivhxl8o","time":1611153652,"event":{"mods":["BaseMod","Colored Map","Downfall","Minty Spire (QoL Compilation)","StSLib"],"gold_per_floor":[99,111,21,38,52,52,52,52,79,95,106,106,106,138,157,262,262,262,278,278,278,292,292,292,322,322,332,332,332,332,349,359,359,359,359],"floor_reached":33,"language":"ENG","playtime":2551,"items_purged":["champ:Strike"],"score":267,"play_id":"3103c14c-e396-4cc2-991b-1aecd69817bc","local_time":"20210120064052","is_ascension_mode":false,"campfire_choices":[{"data":"champ:Execute","floor":1,"key":"SMITH"},{"data":"champ:StanceDance","floor":6,"key":"SMITH"},{"data":"champ:Taunt","floor":8,"key":"SMITH"},{"data":"champ:Lariat","floor":13,"key":"SMITH"},{"data":"champ:GladiatorForm","floor":18,"key":"SMITH"},{"data":"champ:PreciseThrust","floor":23,"key":"SMITH"},{"data":"champ:SkillfulDodge","floor":28,"key":"SMITH"},{"data":"champ:EnGarde","floor":30,"key":"SMITH"}],"circlet_count":0,"master_deck":["champ:Strike","champ:Strike","champ:Strike","champ:Defend","champ:Defend","champ:Defend","champ:Defend","champ:Execute+1","champ:Taunt+1","champ:EnGarde+1","champ:GladiatorStyle","champ:StanceDance+1","champ:PreciseThrust+1","champ:Lariat+1","champ:RecklessLeap","champ:SkillfulDodge+1","champ:GladiatorForm+1","champ:Haymaker+1"],"relics":["champ:ChampionCrown","Mummified Hand","Odd Mushroom","Incense Burner","Sozu","InkBottle","Kunai","Bronze Scales"],"acts_visited":["Exordium","TheCity"],"potions_floor_usage":[16,16,25],"damage_taken":[{"damage":10,"enemies":"2 Louse","floor":2,"turns":2},{"damage":20,"enemies":"downfall:FleeingMerchant","floor":3,"turns":4},{"damage":15,"enemies":"Small Slimes","floor":4,"turns":3},{"damage":11,"enemies":"Cultist","floor":5,"turns":5},{"damage":10,"enemies":"The Mushroom Lair","floor":9,"turns":3},{"damage":12,"enemies":"Exordium Thugs","floor":10,"turns":5},{"damage":0,"enemies":"3 Louse","floor":11,"turns":4},{"damage":15,"enemies":"3 Sentries","floor":14,"turns":7},{"damage":0,"enemies":"Blue Slaver","floor":15,"turns":2},{"damage":59,"enemies":"DF_ARCHETYPE_STREAMLINE","floor":16,"turns":14},{"damage":0,"enemies":"Shell Parasite","floor":19,"turns":6},{"damage":35,"enemies":"3 Byrds","floor":22,"turns":6},{"damage":97,"enemies":"Gremlin Leader","floor":25,"turns":9},{"damage":28,"enemies":"Shelled Parasite and Fungi","floor":27,"turns":6},{"damage":9,"enemies":"Chosen and Byrds","floor":31,"turns":5},{"damage":38,"enemies":"Cultist and Chosen","floor":32,"turns":5},{"damage":60,"enemies":"WA_ARCHETYPE_CALM","floor":33,"turns":5}],"seed_played":"2365457324869892307","potions_obtained":[{"floor":4,"key":"Explosive Potion"},{"floor":9,"key":"Slimebound:ThreeZeroPotion"},{"floor":10,"key":"EssenceOfSteel"}],"is_trial":false,"path_per_floor":["R","M","$","M","M","R","T","R","?","M","M","?","R","E","M","B",null,"R","M","?","?","M","R","T","E","?","M","R","?","R","M","M","B"],"character_chosen":"THE_CHAMP","items_purchased":[],"campfire_rested":0,"item_purchase_floors":[],"current_hp_per_floor":[99,99,99,94,93,93,93,93,93,91,91,91,91,86,86,57,99,99,99,99,99,99,99,99,82,82,64,64,64,64,55,52,0,0,0],"gold":359,"neow_bonus":"TEN_PERCENT_HP_BONUS","is_daily":false,"chose_seed":false,"campfire_upgraded":8,"win_rate":0.0,"timestamp":1611153652,"path_taken":["R","M","$","M","M","R","T","R","?","M","M","?","R","E","M","BOSS","R","M","?","?","M","R","T","E","?","M","R","?","R","M","M","BOSS"],"items_purchased_type":[],"build_version":"2020-12-22","purchased_purges":1,"victory":false,"max_hp_per_floor":[99,99,99,99,99,99,99,99,99,99,99,99,99,99,99,99,99,99,99,99,99,99,99,99,99,99,99,99,99,99,99,99,99,99,99],"card_choices":[{"not_picked":["champ:FocusedBerserking","champ:Backstep"],"picked":"champ:EnGarde","floor":2},{"not_picked":["champ:ShieldSlam","champ:Encircle"],"picked":"champ:GladiatorStyle","floor":3},{"not_picked":["champ:EndlessRage","champ:BerserkersShout"],"picked":"champ:StanceDance","floor":4},{"not_picked":["champ:BladeFlurry","champ:TornadoPunch","champ:GladiatorStyle"],"picked":"SKIP","floor":5},{"not_picked":["champ:HeartStrike","champ:Backstep"],"picked":"champ:PreciseThrust","floor":9},{"not_picked":["champ:PreciseThrust","champ:BladeFlurry"],"picked":"champ:Lariat","floor":10},{"not_picked":["champ:FanOfKnives","champ:DefensiveShout","champ:TornadoPunch"],"picked":"SKIP","floor":11},{"not_picked":["champ:BladeFlurry","champ:FanOfKnives"],"picked":"champ:RecklessLeap","floor":14},{"not_picked":["champ:TornadoPunch","champ:StanceDance"],"picked":"champ:SkillfulDodge","floor":15},{"not_picked":["champ:LastStand","champ:TripleStrike"],"picked":"champ:GladiatorForm","floor":16},{"not_picked":["champ:EndlessRage","champ:StanceDance"],"picked":"champ:Haymaker+1","floor":19},{"not_picked":["champ:BringItOn","champ:GladiatorStyle","champ:TornadoPunch"],"picked":"SKIP","floor":22},{"not_picked":["champ:EnGarde+1","champ:Lariat","champ:EndlessRage+1"],"picked":"SKIP","floor":25},{"not_picked":["champ:DefensiveShout","champ:CrownThrow","champ:SkillfulDodge+1"],"picked":"SKIP","floor":27},{"not_picked":["champ:PerfectedStrike","champ:PreemptiveStrike+1","champ:Circumvent"],"picked":"SKIP","floor":31},{"not_picked":["champ:GutPunch","champ:FaceSlap","champ:FanOfKnives"],"picked":"SKIP","floor":32}],"player_experience":348018,"relics_obtained":[{"floor":7,"key":"Mummified Hand"},{"floor":9,"key":"Odd Mushroom"},{"floor":14,"key":"Incense Burner"},{"floor":24,"key":"InkBottle"},{"floor":25,"key":"Kunai"}],"event_choices":[{"damage_healed":0,"gold_gain":0,"player_choice":"Fought Mushrooms","damage_taken":0,"max_hp_gain":0,"max_hp_loss":0,"event_name":"Mushrooms","floor":9,"gold_loss":0},{"damage_healed":0,"gold_gain":0,"player_choice":"Stole Relic","damage_taken":0,"relics_obtained":["Bronze Scales"],"max_hp_gain":0,"max_hp_loss":0,"event_name":"Addict","floor":26,"gold_loss":0,"cards_obtained":["Pride"]}],"is_beta":false,"boss_relics":[{"not_picked":["SlaversCollar","Cursed Key"],"picked":"Sozu"}],"items_purged_floors":[3],"is_endless":false,"potions_floor_spawned":[4,9,10,14,15,22,25],"killed_by":"WA_ARCHETYPE_CALM","ascension_level":0}}