{"host":"8hs89fht2m8d49km","time":1611108546,"event":{"mods":["2.2 Compatiblity","Act Like it!","BaseMod","BetterRewards","Chen","Friendly Minions","Gensokyo","KinomotoSakuraMod(????)","Kiyohime????","Koishi","LagranYue(???·?)","Marisa????????","Minty Spire (QoL Compilation)","Prisma Mod","Reimu??????","Replay The Spire","StSLib","The Administrix","The Animator","The Cursed","The Exalted","The Mystic","The Senshi","The Servant 0.9.4","The Vixen","The Wild Card","Yuyuko"],"gold_per_floor":[119,119,119,130,39,39,39,55,55,68,287,303,333,333,333,39,39,138,138,153,167,47,60,75,25,52,52,79,106,106,438,438,453,453,752,802,815,831,844,860,379,411,422,362,362,388,606,606,114,127,127,127,127,127,3,38,38],"floor_reached":58,"language":"ENG","playtime":8759,"items_purged":["AdministrixMod:Strike_Administrix","AdministrixMod:Strike_Administrix","AdministrixMod:Strike_Administrix"],"score":1756,"play_id":"4bf2c191-2d8c-4d3a-9990-cffca579ef16","local_time":"20210120020906","is_ascension_mode":false,"campfire_choices":[{"data":"AdministrixMod:Convergence","floor":6,"key":"SMITH"},{"data":"AdministrixMod:ShadowPlay","floor":17,"key":"SMITH"},{"data":"AdministrixMod:HarmonicReverence","floor":30,"key":"SMITH"},{"data":"AdministrixMod:TenDesires","floor":30,"key":"SMITH"},{"floor":48,"key":"RECALL"},{"data":"AdministrixMod:QuietConspiracy","floor":51,"key":"SMITH"},{"data":"Gensokyo:FourOfAKind","floor":51,"key":"SMITH"},{"data":"Gensokyo:FourOfAKind","floor":54,"key":"SMITH"},{"data":"Gensokyo:FourOfAKind","floor":54,"key":"SMITH"}],"circlet_count":0,"master_deck":["AdministrixMod:RedCloak","AdministrixMod:Defend_Administrix","AdministrixMod:Defend_Administrix","AdministrixMod:Defend_Administrix","AdministrixMod:Defend_Administrix","AdministrixMod:BlueCloak","Sadistic Nature+1","AdministrixMod:Convergence+1","AdministrixMod:ArmillarySphere+1","AdministrixMod:Katabasis+1","Gensokyo:SummonYinYangFox","AdministrixMod:ShadowPlay+1","Enlightenment+1","AdministrixMod:TenDesires+1","AdministrixMod:HarmonicReverence+1","AdministrixMod:QuietConspiracy+1","AdministrixMod:LifeforceNet+1","AdministrixMod:HarmonicReverence+1","AdministrixMod:NewWardrobe","AdministrixMod:SyncreticPlunge+1","Gensokyo:FourOfAKind+1","Gensokyo:FourOfAKind+1","Gensokyo:FourOfAKind+1","Gensokyo:FourOfAKind","AdministrixMod:GuanyinBlessing","AdministrixMod:SeventeenArticleLaser+1","AdministrixMod:CosmosControl+1","AdministrixMod:ChooseYourEnd","AdministrixMod:LightOfYourLife+1","AdministrixMod:ImmortalClarity+1","AdministrixMod:HiddenPower","Potential+1","AdministrixMod:GuanyinBlessing","Gensokyo:CustomPotion","Gensokyo:SummonPsychicCat","Moondial","animator:Layla","animator:YaoHaDucy","AdministrixMod:FeastOfDew+1","Snow+1"],"relics":["AdministrixMod:ConductorRitualBaton","LagranYue:RandomDrawCardRelic","PureWhite:ReiMu","Gensokyo:Companionship","Smiling Mask","Guide Book","Replay:Grab Bag","Replay:Bronze Core","Philosopher\u0027s Stone","Black Star","Toy Ornithopter","Replay:Arrowhead","Lantern","Replay:Rubber Ducky","Replay:Multitool","Shuriken","Golden Egg","Ring of Panic","Tiny House","AdministrixMod:DragonsEyeCharm","PrismaticShard","Mastiff:ReiMu","Bag of Preparation","ReplayTheSpireMod:Ninjato","Bromod:ArcaneDeflection","Bromod:ArcaneConsequence","LagranYue:WskJewelryRelic","ReplayFunnel","Tea:ReiMu","Ginger"],"acts_visited":["Exordium","Gensokyo:Gensokyo","Gensokyo:Gensokyoer","TheEnding"],"potions_floor_usage":[18,26,26,29,35,39,40],"damage_taken":[{"damage":7,"enemies":"Gensokyo:Python","floor":1,"turns":4},{"damage":2,"enemies":"Gensokyo:Gryphon","floor":4,"turns":4},{"damage":0,"enemies":"Gensokyo:3_Fairies","floor":8,"turns":4},{"damage":6,"enemies":"Gensokyo:3_Kodama","floor":10,"turns":4},{"damage":6,"enemies":"Gensokyo:Kitsune","floor":11,"turns":5},{"damage":2,"enemies":"Gensokyo:2_Rabbits","floor":12,"turns":5},{"damage":0,"enemies":"Gensokyo:Mamizou","floor":13,"turns":5},{"damage":13,"enemies":"Gensokyo:Yukari","floor":18,"turns":8},{"damage":13,"enemies":"Gensokyo:3_Dogs","floor":20,"turns":5},{"damage":7,"enemies":"Gensokyo:AngelMirror","floor":21,"turns":3},{"damage":0,"enemies":"Gensokyo:Slime_Group","floor":23,"turns":4},{"damage":1,"enemies":"Gensokyo:3_Gloops","floor":24,"turns":3},{"damage":19,"enemies":"Gensokyo:Tenshi","floor":26,"turns":3},{"damage":19,"enemies":"Gensokyo:Reisen","floor":29,"turns":5},{"damage":10,"enemies":"Gensokyo:Koishi","floor":31,"turns":5},{"damage":1,"enemies":"Gensokyo:Monolith_and_Dog","floor":33,"turns":3},{"damage":0,"enemies":"Gensokyo:Kaguya","floor":35,"turns":6},{"damage":0,"enemies":"Gensokyo:AncientGuardian","floor":37,"turns":3},{"damage":0,"enemies":"Gensokyo:3_Boulders","floor":38,"turns":2},{"damage":0,"enemies":"Gensokyo:AtlasGolem","floor":39,"turns":4},{"damage":10,"enemies":"Gensokyo:Dusk_and_Dawn","floor":40,"turns":3},{"damage":12,"enemies":"Gensokyo:Marisa","floor":42,"turns":4},{"damage":0,"enemies":"Gensokyo:Rafflesia","floor":43,"turns":4},{"damage":0,"enemies":"Gensokyo:Kasen","floor":46,"turns":3},{"damage":0,"enemies":"Gensokyo:AtlasGolem","floor":47,"turns":3},{"damage":0,"enemies":"Gensokyo:3_Boulders","floor":50,"turns":2},{"damage":0,"enemies":"Gensokyo:Yuyuko","floor":52,"turns":4},{"damage":0,"enemies":"Shield and Spear","floor":56,"turns":2},{"damage":54,"enemies":"The Heart","floor":57,"turns":8}],"seed_played":"-5494988032593191474","potions_obtained":[{"floor":4,"key":"Reflective Coating"},{"floor":11,"key":"ZuzhouPotion:ReiMu"},{"floor":12,"key":"BlessingOfTheForge"},{"floor":13,"key":"ZuzhouPotion:ReiMu"},{"floor":21,"key":"Death Potion"},{"floor":24,"key":"SkillPotion"},{"floor":26,"key":"LiquidBronze"},{"floor":36,"key":"BlessingOfTheForge"},{"floor":38,"key":"EssenceOfSteel"},{"floor":39,"key":"AdministrixMod:AttunementTonic"}],"is_trial":false,"path_per_floor":["M","?","?","M","COS","R","?","M","T","M","M","M","E","PTL","PTL","$","R","B",null,"M","M","$","M","M","COS","E","?","T","E","R","E","?","M","R","B",null,"M","M","M","M","COS","E","M","?","T","E","M","R","$","M","R","B",null,"R","$","E","B",null],"character_chosen":"TheAdministrix","items_purchased":["Sadistic Nature","AdministrixMod:Convergence","Guide Book","Enlightenment","AdministrixMod:LifeforceNet+1","Bromod:ArcaneConsequence","LagranYue:WskJewelryRelic","AdministrixMod:FeastOfDew"],"campfire_rested":0,"item_purchase_floors":[0,0,16,16,22,49,49,55],"current_hp_per_floor":[58,58,58,56,56,56,56,56,56,50,44,42,42,42,42,42,42,29,65,52,45,45,45,44,44,25,25,25,11,11,1,1,13,26,31,51,51,51,51,46,46,34,34,34,34,34,34,34,34,34,34,34,51,51,51,51,15],"gold":38,"neow_bonus":"","is_daily":false,"chose_seed":false,"campfire_upgraded":8,"win_rate":0.0,"timestamp":1611108546,"path_taken":["M","?","?","M","COS","R","?","M","T","M","M","M","E","PTL","PTL","$","R","BOSS","M","M","$","M","M","COS","E","?","T","E","R","E","?","M","R","BOSS","M","?","M","M","COS","E","M","?","T","E","?","R","$","M","R","BOSS","R","$","E","BOSS"],"items_purchased_type":["Card","Card","Relic","Card","Card","Relic","Relic","Card"],"build_version":"2020-12-22","purchased_purges":3,"victory":true,"max_hp_per_floor":[65,65,65,65,65,65,65,65,65,65,65,65,65,65,65,65,65,65,65,65,65,65,65,65,65,65,46,46,46,46,46,46,46,46,46,51,51,51,51,51,51,51,51,51,51,51,51,51,51,51,51,51,51,51,51,51,51],"card_choices":[{"not_picked":["AdministrixMod:TouchOfCinnabar","AdministrixMod:Transcension","AdministrixMod:SealAway"],"picked":"SKIP","floor":1},{"not_picked":["AdministrixMod:NoblePath","AdministrixMod:FuneraryRites","AdministrixMod:ExtolVirtue"],"picked":"SKIP","floor":4},{"not_picked":["AdministrixMod:Transition","AdministrixMod:LifeforceNet"],"picked":"AdministrixMod:ArmillarySphere","floor":8},{"not_picked":["AdministrixMod:Untouchable","AdministrixMod:SipOfSparks"],"picked":"AdministrixMod:Katabasis","floor":10},{"not_picked":["AdministrixMod:Metempsychosis","AdministrixMod:RegentEdict","AdministrixMod:Transcension"],"picked":"SKIP","floor":11},{"not_picked":["AdministrixMod:TouchOfCinnabar","AdministrixMod:Transition"],"picked":"AdministrixMod:ShadowPlay","floor":12},{"not_picked":["AdministrixMod:SipOfSparks","AdministrixMod:ImmortalPurity","AdministrixMod:FiendishCrimson"],"picked":"SKIP","floor":13},{"not_picked":["AdministrixMod:LifeforceNet","AdministrixMod:BrewingCloister"],"picked":"AdministrixMod:TenDesires","floor":18},{"not_picked":["AdministrixMod:DreamsMausoleum","AdministrixMod:FuneraryRites"],"picked":"AdministrixMod:HarmonicReverence","floor":20},{"not_picked":["AdministrixMod:RebukeDesires","AdministrixMod:SealAway+1"],"picked":"AdministrixMod:QuietConspiracy","floor":21},{"not_picked":["AdministrixMod:QuietConspiracy","AdministrixMod:ImmortalPurity+1"],"picked":"AdministrixMod:HarmonicReverence+1","floor":23},{"not_picked":["AdministrixMod:ShadowPlay","AdministrixMod:CrackingPangu"],"picked":"AdministrixMod:NewWardrobe","floor":24},{"not_picked":["AdministrixMod:Schism","AdministrixMod:NewWardrobe"],"picked":"AdministrixMod:SyncreticPlunge+1","floor":26},{"not_picked":["AdministrixMod:Transition","AdministrixMod:Overdrive","AdministrixMod:BloodlessSapphire"],"picked":"SKIP","floor":29},{"not_picked":["AdministrixMod:CenturiesAscent","AdministrixMod:LightOfYourLife"],"picked":"AdministrixMod:GuanyinBlessing","floor":31},{"not_picked":["AdministrixMod:BegetEternity","AdministrixMod:ExtolVirtue+1"],"picked":"AdministrixMod:SeventeenArticleLaser+1","floor":33},{"not_picked":["AdministrixMod:WifeLightning","AdministrixMod:NewbornDivinity"],"picked":"AdministrixMod:CosmosControl","floor":35},{"not_picked":["AdministrixMod:Transition","AdministrixMod:SealAway+1"],"picked":"AdministrixMod:ChooseYourEnd","floor":36},{"not_picked":["AdministrixMod:Wuji+1","AdministrixMod:TrickOfTheLight+1"],"picked":"AdministrixMod:LightOfYourLife+1","floor":37},{"not_picked":["AdministrixMod:SealAway","AdministrixMod:QuietConspiracy+1"],"picked":"AdministrixMod:ImmortalClarity","floor":38},{"not_picked":["AdministrixMod:FuneraryRites","AdministrixMod:NewWardrobe+1"],"picked":"AdministrixMod:HiddenPower","floor":39},{"not_picked":["AdministrixMod:TouchOfCinnabar+1","AdministrixMod:Overdrive","AdministrixMod:CrackingPangu+1"],"picked":"SKIP","floor":40},{"not_picked":["Dark Shackles","animator:NagisaMomoe"],"picked":"Potential+1","floor":42},{"not_picked":["KiyohimeMod:RealityMarble+1","TheCursedMod:WearCloak+1"],"picked":"AdministrixMod:GuanyinBlessing","floor":43},{"not_picked":["Koishi:Untouchable+1","LagranYue:SkillDeadlyBloomCard+1"],"picked":"Moondial","floor":46},{"not_picked":["ShatteredReality+1","mysticmod:HeavyStrike+1"],"picked":"animator:Layla","floor":47},{"not_picked":["SubAcupoint:ReiMu","Draining Mist+1"],"picked":"animator:YaoHaDucy","floor":50},{"not_picked":["Headbutt+1","animator:Yuuichirou+1"],"picked":"Snow+1","floor":56}],"player_experience":167505,"relics_obtained":[{"floor":9,"key":"PureWhite:ReiMu"},{"floor":13,"key":"Smiling Mask"},{"floor":26,"key":"Toy Ornithopter"},{"floor":26,"key":"Replay:Arrowhead"},{"floor":28,"key":"Lantern"},{"floor":29,"key":"Replay:Rubber Ducky"},{"floor":29,"key":"Replay:Multitool"},{"floor":31,"key":"Shuriken"},{"floor":31,"key":"Golden Egg"},{"floor":32,"key":"Ring of Panic"},{"floor":42,"key":"Mastiff:ReiMu"},{"floor":42,"key":"Bag of Preparation"},{"floor":46,"key":"ReplayTheSpireMod:Ninjato"},{"floor":46,"key":"Bromod:ArcaneDeflection"},{"floor":56,"key":"Tea:ReiMu"},{"floor":56,"key":"Ginger"}],"event_choices":[],"is_beta":false,"boss_relics":[{"not_picked":["SacredBark","Cursed Key"],"picked":"Replay:Grab Bag"},{"not_picked":["ReplayTheSpireMod:Onyx Gauntlets","Painkiller Herb"],"picked":"Replay:Bronze Core"},{"not_picked":["Ectoplasm","ChewingGum"],"picked":"Philosopher\u0027s Stone"},{"not_picked":["Bromod:ArcaneGrace","Kintsugi"],"picked":"Black Star"},{"not_picked":["Snecko Eye","Bromod:ArcaneBarrier"],"picked":"Tiny House"}],"items_purged_floors":[16,49,55],"is_endless":false,"potions_floor_spawned":[4,11,12,13,21,24,26,38,39,47,50,56],"ascension_level":0}}