{"host":"h4qgcirtxz6qax9j","time":1611151792,"event":{"mods":["AchievementEnabler","BaseMod","Colored Powertips","Hermit","Minty Spire (QoL Compilation)","StSLib","SuperFastMode","The Servant 0.9.4"],"gold_per_floor":[111,87,87,50,75,75,92,105,155,155,165,185,185,202,202,303,303,313,324,142,142,155,155,181,181,181,108,142,157,157,192,192,289,289,308,0,0,0,11,11,11,11,11,11,31,31,31,61,61,61,61],"floor_reached":50,"language":"KOR","playtime":1530,"items_purged":[],"score":643,"play_id":"99118641-e008-4361-aef0-0e64bfa360c1","local_time":"20210120230952","is_ascension_mode":true,"campfire_choices":[{"data":"Contraction","floor":6.0,"key":"SMITH"},{"data":"KidneyShot","floor":10.0,"key":"SMITH"},{"data":"TheWorld","floor":13.0,"key":"SMITH"},{"data":"Moondial","floor":15.0,"key":"SMITH"},{"data":"TheWorld","floor":23.0,"key":"SMITH"},{"data":"Deny","floor":25.0,"key":"SMITH"},{"floor":32,"key":"REST"},{"data":"TheWorld","floor":40,"key":"SMITH"},{"floor":42,"key":"RECALL"},{"data":"Moondial","floor":46,"key":"SMITH"},{"data":"Potential","floor":49,"key":"SMITH"}],"circlet_count":0,"master_deck":["Strike_S","Strike_S","Strike_S","Strike_S","Defend_S","Defend_S","Defend_S","Defend_S+1","KidneyShot+1","Exchange","ShatteredReality","Potential+1","Contraction+1","Potential","FastForward+1","Potential","TheWorld+1","Moondial+1","TheWorld+1","BottledTime","Moondial+1","Alleviate","Deny+1","DualDimension","Alleviate","Potential","TheWorld+1","Potential+1","Alleviate+1","Comet"],"relics":["Uniform","Bag of Marbles","War Paint","StoneMask","Pan","Unceasing Top","Du-Vu Doll","Bottled Flame","Enchiridion","Art of War","Red Mask","Broom"],"acts_visited":["Exordium","TheCity","TheBeyond"],"potions_floor_usage":[50],"damage_taken":[{"damage":4.0,"enemies":"Jaw Worm","floor":1.0,"turns":3.0},{"damage":0.0,"enemies":"Cultist","floor":7.0,"turns":3.0},{"damage":0.0,"enemies":"2 Louse","floor":8.0,"turns":2.0},{"damage":0.0,"enemies":"Large Slime","floor":11.0,"turns":4.0},{"damage":0.0,"enemies":"Looter","floor":12.0,"turns":3.0},{"damage":0.0,"enemies":"Blue Slaver","floor":14.0,"turns":1.0},{"damage":37.0,"enemies":"The Guardian","floor":16.0,"turns":12.0},{"damage":0.0,"enemies":"Spheric Guardian","floor":18.0,"turns":3.0},{"damage":16.0,"enemies":"3 Byrds","floor":19.0,"turns":3.0},{"damage":0.0,"enemies":"Snecko","floor":22.0,"turns":4.0},{"damage":8.0,"enemies":"Slavers","floor":24.0,"turns":4.0},{"damage":11.0,"enemies":"Book of Stabbing","floor":28.0,"turns":5.0},{"damage":8,"enemies":"Snake Plant","floor":29,"turns":4},{"damage":4,"enemies":"Slavers","floor":31,"turns":4},{"damage":51,"enemies":"Champ","floor":33,"turns":12},{"damage":7,"enemies":"Orb Walker","floor":35,"turns":3},{"damage":0,"enemies":"3 Darklings","floor":39,"turns":1},{"damage":0,"enemies":"Maw","floor":45,"turns":8},{"damage":4,"enemies":"Nemesis","floor":48,"turns":7},{"damage":124,"enemies":"Time Eater","floor":50,"turns":15}],"seed_played":"-3272247233401138417","potions_obtained":[{"floor":1.0,"key":"Swift Potion"},{"floor":7.0,"key":"SkillPotion"},{"floor":19.0,"key":"EssenceOfSteel"},{"floor":22.0,"key":"Fruit Juice"},{"floor":24.0,"key":"ColorlessPotion"},{"floor":35,"key":"FairyPotion"}],"is_trial":false,"path_per_floor":["M","$","?","$","T","R","M","M","T","R","M","M","R","M","R","B",null,"M","M","$","?","M","R","E","R","T","$","E","M","?","E","R","B",null,"M","?","?","?","M","R","$","R","T","$","M","R","?","E","R","B"],"character_chosen":"THE_SERVANT","items_purchased":["Potential","Contraction","Pan","Moondial","DualDimension"],"campfire_rested":1,"item_purchase_floors":[2,4,20,20,27],"current_hp_per_floor":[61,61,61,61,61,61,61,61,61,61,61,61,61,61,61,24,65,66,59,59,59,67,67,68,68,68,68,60,55,39,44,68,20,84,80,80,80,80,82,82,82,82,82,82,83,83,83,82,82,0,0],"gold":61,"neow_bonus":"THREE_CARDS","is_daily":false,"chose_seed":false,"campfire_upgraded":9,"win_rate":0.0,"timestamp":1611151792,"path_taken":["M","$","?","$","?","R","M","M","T","R","M","M","R","M","R","BOSS","M","M","$","?","M","R","E","R","T","$","E","M","?","E","R","BOSS","M","?","?","?","M","R","?","R","T","$","?","R","?","E","R","BOSS"],"items_purchased_type":["Card","Card","Relic","Card","Card"],"build_version":"2020-12-22","purchased_purges":0,"victory":false,"max_hp_per_floor":[65,65,65,65,65,65,65,65,65,65,65,65,65,65,65,65,65,66,69,69,69,75,75,78,78,78,78,79,80,80,83,83,84,84,85,85,85,81,82,82,82,82,82,82,83,83,83,84,84,84,84],"card_choices":[{"not_picked":["TimeWarp","Alleviate"],"picked":"ShatteredReality","floor":0.0},{"not_picked":["Foresight","Moonlight"],"picked":"Moondial","floor":1.0},{"not_picked":["DoubleEdge","Ricochet"],"picked":"Potential","floor":7.0},{"not_picked":["Replace","Ricochet"],"picked":"FastForward","floor":8.0},{"not_picked":["Alleviate","Replace"],"picked":"Potential","floor":11.0},{"not_picked":["WasteNot","FastForward"],"picked":"TheWorld","floor":12.0},{"not_picked":["SpecialFormula","Moonlight"],"picked":"Moondial","floor":14.0},{"not_picked":["Embodiment","Initiator"],"picked":"TheWorld","floor":16.0},{"not_picked":["Spin","Orbit"],"picked":"ShatteredReality","floor":18.0},{"not_picked":["Replace","Rewind+1"],"picked":"BottledTime","floor":19.0},{"not_picked":["Luminosity+1","DoubleEdge","FastForward"],"picked":"SKIP","floor":22.0},{"not_picked":["StarChef","Alleviate"],"picked":"Deny","floor":24.0},{"not_picked":["Revamp","Reset"],"picked":"Alleviate","floor":28},{"not_picked":["ForgedInTime","DancingSilver"],"picked":"Potential","floor":29},{"not_picked":["Unruled","Defy+1","Shuttle"],"picked":"SKIP","floor":31},{"not_picked":["SoulSculpture","MurderousAura"],"picked":"TheWorld","floor":33},{"not_picked":["Revamp+1","Rewind"],"picked":"Potential+1","floor":35},{"not_picked":["FastForward+1","BottledTime+1"],"picked":"Alleviate+1","floor":39},{"not_picked":["Shuttle+1","MoonPhase","Spin"],"picked":"SKIP","floor":45},{"not_picked":["Alleviate","SpecialFormula"],"picked":"Comet","floor":48}],"player_experience":81504,"relics_obtained":[{"floor":5.0,"key":"Bag of Marbles"},{"floor":9.0,"key":"War Paint"},{"floor":24.0,"key":"Unceasing Top"},{"floor":26.0,"key":"Du-Vu Doll"},{"floor":28,"key":"Bottled Flame"},{"floor":30,"key":"Enchiridion"},{"floor":31,"key":"Art of War"},{"floor":48,"key":"Broom"}],"event_choices":[{"cards_removed":["Moondial"],"damage_healed":0.0,"max_hp_gain":0.0,"max_hp_loss":0.0,"gold_gain":0.0,"event_name":"Purifier","player_choice":"Purged","floor":3.0,"gold_loss":0.0,"damage_taken":0.0},{"damage_healed":0.0,"max_hp_gain":0.0,"max_hp_loss":0.0,"gold_gain":0.0,"event_name":"The Library","player_choice":"Read","floor":21.0,"gold_loss":0.0,"damage_taken":0.0,"cards_obtained":["Alleviate"]},{"damage_healed":0,"gold_gain":0,"player_choice":"Obtained Book","damage_taken":16,"max_hp_gain":0,"max_hp_loss":0,"event_name":"Cursed Tome","floor":30,"gold_loss":0},{"damage_healed":0,"gold_gain":0,"player_choice":"Paid","damage_taken":0,"relics_obtained":["Red Mask"],"max_hp_gain":0,"max_hp_loss":0,"event_name":"Tomb of Lord Red Mask","floor":36,"gold_loss":308},{"cards_removed":["ShatteredReality"],"damage_healed":0,"gold_gain":0,"player_choice":"Removed Attack","damage_taken":0,"max_hp_gain":0,"max_hp_loss":0,"event_name":"Falling","floor":37,"gold_loss":0},{"damage_healed":0,"gold_gain":0,"player_choice":"Max HP","damage_taken":0,"max_hp_gain":0,"max_hp_loss":4,"event_name":"Winding Halls","floor":38,"gold_loss":0},{"damage_healed":0,"gold_gain":0,"player_choice":"Memory 1","damage_taken":0,"max_hp_gain":0,"max_hp_loss":0,"event_name":"SensoryStone","floor":47,"gold_loss":0}],"is_beta":false,"boss_relics":[{"not_picked":["Astrolabe","Runic Pyramid"],"picked":"StoneMask"},{"not_picked":["Runic Dome","MysterySword","Velvet Choker"]}],"items_purged_floors":[],"is_endless":false,"potions_floor_spawned":[1,7,19,22,24,28,35,39],"killed_by":"Time Eater","ascension_level":3}}