{"host":"p8f0otjoacyb9giz","time":1611184224,"event":{"mods":["AchievementEnabler","BaseMod","Downfall","Minty Spire (QoL Compilation)","StSLib"],"gold_per_floor":[99,99,99,99,99,99,99,154,154,154,154],"floor_reached":9,"language":"ENG","playtime":232,"items_purged":[],"score":52,"play_id":"3d68033a-414c-40b1-ae46-d7bcf28b33ed","local_time":"20210121021024","is_ascension_mode":true,"campfire_choices":[{"floor":1,"key":"RECALL"}],"circlet_count":0,"master_deck":["Slimebound:Strike_Slimebound","Slimebound:Strike_Slimebound","Slimebound:Tackle","Slimebound:Defend_Slimebound","Slimebound:Defend_Slimebound","Slimebound:Defend_Slimebound","Slimebound:Defend_Slimebound","Slimebound:Split","Slimebound:CorrosiveSpit","Slimebound:GrowthPunch","Slimebound:AcidTongue","Slimebound:HauntingLick"],"relics":["Slimebound:AbsorbEndCombat","downfall:HeartsMalice","Kunai"],"acts_visited":["Exordium"],"potions_floor_usage":[],"damage_taken":[{"damage":0,"enemies":"Small Slimes","floor":2,"turns":1},{"damage":0,"enemies":"Jaw Worm","floor":4,"turns":1},{"damage":0,"enemies":"downfall:FleeingMerchant","floor":6,"turns":1},{"damage":53,"enemies":"3 Sentries","floor":8,"turns":11},{"damage":54,"enemies":"Gremlin Nob","floor":9,"turns":4}],"seed_played":"-3966608471873456398","potions_obtained":[],"is_trial":false,"path_per_floor":["R","M","?","M","?","$","T","?","E"],"character_chosen":"SLIMEBOUND","items_purchased":[],"campfire_rested":0,"item_purchase_floors":[],"current_hp_per_floor":[65,65,65,65,65,65,65,20,0,0,0],"gold":154,"neow_bonus":"THREE_ENEMY_KILL","is_daily":false,"chose_seed":false,"campfire_upgraded":0,"win_rate":0.0,"timestamp":1611184224,"path_taken":["R","M","?","M","?","?","T","?","E"],"items_purchased_type":[],"build_version":"2020-12-22","purchased_purges":0,"victory":false,"max_hp_per_floor":[65,65,65,65,65,65,65,65,65,65,65],"card_choices":[{"not_picked":["Slimebound:HauntingLick","Slimebound:FinishingTackle"],"picked":"Slimebound:GrowthPunch","floor":2},{"not_picked":["Slimebound:PressTheAttack","Slimebound:Prepare","Slimebound:LeechingTouch"],"picked":"SKIP","floor":4},{"not_picked":["Slimebound:Dissolve","Slimebound:Prepare"],"picked":"Slimebound:AcidTongue","floor":6},{"not_picked":["Slimebound:SlimeSpikes","Slimebound:SplitLeeching"],"picked":"Slimebound:HauntingLick","floor":8}],"player_experience":381456,"relics_obtained":[{"floor":8,"key":"Kunai"}],"event_choices":[{"cards_removed":["Slimebound:Strike_Slimebound"],"damage_healed":0,"gold_gain":0,"player_choice":"Card Removal","damage_taken":0,"max_hp_gain":0,"max_hp_loss":0,"event_name":"The Cleric","floor":5,"gold_loss":0}],"is_beta":false,"boss_relics":[],"items_purged_floors":[],"is_endless":false,"potions_floor_spawned":[],"killed_by":"Gremlin Nob","ascension_level":3}}