{"host":"vra53s4gynvpqhud","time":1611132503,"event":{"mods":["100% Spire Juice","A Magickal Journey","AchievementEnabler","Arknights The Spire","Aspiration","Astrologer","BaseMod","Better Match","Better Third Choice","BetterRewards","Conspire","Duelist Mod","Energized Spire","Evolution","Friendly Minions","GifTheSpireLib","Hermit","HexUI Lib","Highlight Path","Hubris","Infinite Spire","Jorbs\u0027s Wanderer Trilogy","Mad Scientist","Magitek Elite","Mathematician","Minty Spire (QoL Compilation)","Permanent Neow","Poor People Problems","Quick Restart","Rare Cards Sparkle","Remove Card Discount Mod","Replay The Spire","Shop Mod","Somnambulant","Spicy Shops","StSLib","The Bug Knight","The Cursed","The Gatherer","The Hierophant","The Jungle","The Mystic","The Necromancer","The Poker Player","The Runesmith","egg"],"gold_per_floor":[117,134,134,134,28,56,56,56,56,66,66,66,91,104,104,200,200,200],"floor_reached":17,"language":"ENG","playtime":1145,"items_purged":["HollowMod:QuickDashStart","HollowMod:NailStrikeStart","HollowMod:QuickDashStart"],"score":163,"play_id":"89a79e81-c103-48ec-97af-20203ebb1dcb","local_time":"20210120034823","is_ascension_mode":false,"campfire_choices":[{"data":"HollowMod:DashSlash","floor":7,"key":"SMITH"},{"data":"HollowMod:FocusHealStart","floor":12,"key":"SMITH"},{"data":"HollowMod:BlackTendrils","floor":15,"key":"SMITH"}],"circlet_count":0,"master_deck":["HollowMod:NailStrikeStart","HollowMod:NailStrikeStart","HollowMod:QuickDashStart","HollowMod:QuickDashStart","HollowMod:FocusHealStart+1","HollowMod:PogoStrike","HollowMod:DashSlash+1","HollowMod:DungDefenderAura","HollowMod:VoidDash","HollowMod:ShapeofUnn","HollowMod:DescendingDark","HollowMod:DescendingDark","HollowMod:BlackTendrils+1","HollowMod:ElderbugsWisdom","stsjorbsmod:Blasphemer","stsjorbsmod:ProdigalMemory"],"relics":["HollowMod:VesselMask","EVO:Axolotl","aspiration:Nostalgia","stsjorbsmod:BookOfTrialsRelic","aspiration:TomeofQuesting","Boot","Pear","Golden_Hairpin"],"acts_visited":["Exordium","TheCity"],"potions_floor_usage":[6,16,16],"damage_taken":[{"damage":0,"enemies":"conspire:RoseBush","floor":1,"turns":4},{"damage":1,"enemies":"Jaw Worm","floor":2,"turns":3},{"damage":13,"enemies":"Replay:BlueRogue","floor":6,"turns":7},{"damage":2,"enemies":"2 Louse","floor":10,"turns":3},{"damage":13,"enemies":"3 Sentries","floor":13,"turns":7},{"damage":0,"enemies":"Lots of Slimes","floor":14,"turns":1},{"damage":39,"enemies":"The Guardian","floor":16,"turns":12}],"seed_played":"-2195584932560096492","potions_obtained":[{"floor":1,"key":"DuplicationPotion"},{"floor":2,"key":"Fire Potion"},{"floor":13,"key":"Swift Potion"},{"floor":14,"key":"FearPotion"}],"is_trial":false,"path_per_floor":["M","M","?","?","$","E","R","$","T","M","T","R","E","M","R","B",null],"character_chosen":"THE_BUGKNIGHT","items_purchased":["HollowMod:ShapeofUnn"],"campfire_rested":0,"item_purchase_floors":[5],"current_hp_per_floor":[75,74,74,74,74,73,73,73,73,71,71,71,74,74,74,51,85,85],"gold":200,"neow_bonus":"NOSTALGIA","is_daily":false,"chose_seed":false,"campfire_upgraded":3,"win_rate":0.0,"timestamp":1611132503,"path_taken":["M","?","?","?","$","E","R","$","T","?","?","R","E","M","R","BOSS"],"items_purchased_type":["Card"],"build_version":"2020-12-22","purchased_purges":3,"victory":false,"max_hp_per_floor":[75,75,75,75,75,75,75,75,75,75,75,75,85,85,85,85,85,85],"card_choices":[{"not_picked":["HollowMod:CornifersMapStart","HollowMod:GreatSlash"],"picked":"HollowMod:DashSlash","floor":1},{"not_picked":["HollowMod:NewJinnsSoul","HollowMod:WraithStrike"],"picked":"HollowMod:DungDefenderAura","floor":2},{"not_picked":["HollowMod:NewInfectedGuardian","HollowMod:InfectedCysts","HollowMod:RecoilStrike"],"picked":"SKIP","floor":6},{"not_picked":["HollowMod:QuirrelsAssistance","HollowMod:DesolateDive"],"picked":"HollowMod:DescendingDark","floor":10},{"not_picked":["HollowMod:InfectedAttack","HollowMod:GrimmsGift"],"picked":"HollowMod:DescendingDark","floor":13},{"not_picked":["HollowMod:MawleksShell","HollowMod:NewJinnsSoul"],"picked":"HollowMod:BlackTendrils","floor":14},{"not_picked":["HollowMod:PureVessel","HollowMod:HornetsHelp"],"picked":"HollowMod:ElderbugsWisdom","floor":16}],"player_experience":211597,"relics_obtained":[{"floor":6,"key":"aspiration:TomeofQuesting"},{"floor":11,"key":"Boot"},{"floor":13,"key":"Pear"}],"event_choices":[{"damage_healed":0,"gold_gain":0,"cards_transformed":["HollowMod:NailStrikeStart"],"player_choice":"Transformed","damage_taken":0,"max_hp_gain":0,"max_hp_loss":0,"event_name":"Transmorgrifier","floor":4,"gold_loss":0,"cards_obtained":["HollowMod:VoidDash"]}],"is_beta":false,"boss_relics":[{"not_picked":["hubris:TerracottaHorce","Replay:Grab Bag"],"picked":"Golden_Hairpin"}],"items_purged_floors":[5,5,5],"is_endless":false,"potions_floor_spawned":[1,2,13,14],"ascension_level":0}}