{"host":"lnt5dzsuhru0aonl","time":1611140110,"event":{"mods":["2.2 Compatiblity","BaseMod","Colored Map","Colored Powertips","DeckTracker","Keyboard Shortcuts","Minty Spire (QoL Compilation)","Permanent Neow","Rare Cards Sparkle","StSLib","SuperFastMode","everything is the same but u backflip on backflip"],"gold_per_floor":[363,380,15,165,1,26,26,59,59,59,69,83,83,111,111,183,183,203,203,39,89,100,100,100,133,157,189,205,217,217,243,243,321,321,340,360,219,219,233,233,261,261,285,332,75,152,180,198,198,198,198],"floor_reached":52,"language":"KOR","playtime":1321,"items_purged":["Doubt","Defend_R","Defend_R","Defend_R"],"score":2168,"play_id":"dbd34a57-3493-420c-99e3-9b8031500c5f","local_time":"20210120195510","is_ascension_mode":true,"campfire_choices":[{"data":"Battle Trance","floor":10.0,"key":"SMITH"},{"data":"Inflame","floor":13.0,"key":"SMITH"},{"data":"Uppercut","floor":15.0,"key":"SMITH"},{"data":"Reaper","floor":23.0,"key":"SMITH"},{"data":"Heavy Blade","floor":30.0,"key":"SMITH"},{"data":"Twin Strike","floor":32,"key":"SMITH"},{"data":"Limit Break","floor":40,"key":"SMITH"},{"data":"Shrug It Off","floor":42,"key":"SMITH"},{"data":"Offering","floor":49,"key":"SMITH"}],"circlet_count":0,"master_deck":["AscendersBane","Strike_R","Strike_R","Strike_R","Strike_R+1","Strike_R","Defend_R","Bash","Twin Strike+1","Twin Strike","Battle Trance+1","Uppercut+1","Shrug It Off+1","Inflame+1","Offering+1","Reaper+1","Heavy Blade+1","Perfected Strike","Wild Strike","Pommel Strike","Twin Strike+1","Twin Strike+1","Limit Break+1","Spot Weakness+1","Perfected Strike","Pommel Strike","Perfected Strike","Dual Wield","Offering","Perfected Strike"],"relics":["Burning Blood","StrikeDummy","Paper Frog","FaceOfCleric","Pen Nib","The Courier","Magic Flower","Velvet Choker","Boot","Blood Vial","Akabeko","Kunai","Coffee Dripper","Meat on the Bone","Whetstone","Calipers","Lee\u0027s Waffle","Bottled Lightning","Bag of Marbles"],"acts_visited":["Exordium","TheCity","TheBeyond"],"potions_floor_usage":[31,33,50],"damage_taken":[{"damage":6.0,"enemies":"Cultist","floor":1.0,"turns":3.0},{"damage":11.0,"enemies":"Small Slimes","floor":2.0,"turns":4.0},{"damage":7.0,"enemies":"Gremlin Nob","floor":6.0,"turns":3.0},{"damage":20.0,"enemies":"Lagavulin","floor":8.0,"turns":4.0},{"damage":2.0,"enemies":"2 Louse","floor":11.0,"turns":2.0},{"damage":11.0,"enemies":"Looter","floor":12.0,"turns":2.0},{"damage":32.0,"enemies":"3 Sentries","floor":14.0,"turns":7.0},{"damage":18.0,"enemies":"Hexaghost","floor":16.0,"turns":5.0},{"damage":0.0,"enemies":"Spheric Guardian","floor":18.0,"turns":2.0},{"damage":21.0,"enemies":"3 Byrds","floor":22.0,"turns":4.0},{"damage":53.0,"enemies":"Slavers","floor":25.0,"turns":5.0},{"damage":6.0,"enemies":"Gremlin Leader","floor":27.0,"turns":3.0},{"damage":0.0,"enemies":"Centurion and Healer","floor":28.0,"turns":2.0},{"damage":18.0,"enemies":"3 Cultists","floor":29.0,"turns":3.0},{"damage":14,"enemies":"Book of Stabbing","floor":31,"turns":2},{"damage":46,"enemies":"Automaton","floor":33,"turns":6},{"damage":0,"enemies":"3 Shapes","floor":35,"turns":2},{"damage":0,"enemies":"Orb Walker","floor":36,"turns":2},{"damage":47,"enemies":"4 Shapes","floor":39,"turns":3},{"damage":39,"enemies":"Nemesis","floor":41,"turns":3},{"damage":17,"enemies":"2 Orb Walkers","floor":44,"turns":3},{"damage":6,"enemies":"Reptomancer","floor":47,"turns":2},{"damage":6,"enemies":"Spire Growth","floor":48,"turns":1},{"damage":120,"enemies":"Donu and Deca","floor":50,"turns":6},{"damage":55,"enemies":"Time Eater","floor":51,"turns":4}],"seed_played":"6045058508243973795","potions_obtained":[{"floor":1.0,"key":"BloodPotion"},{"floor":6.0,"key":"FairyPotion"},{"floor":11.0,"key":"BlessingOfTheForge"},{"floor":14.0,"key":"FearPotion"},{"floor":29.0,"key":"Strength Potion"},{"floor":31,"key":"DistilledChaos"},{"floor":33,"key":"BlessingOfTheForge"}],"is_trial":false,"path_per_floor":["M","M","$","?","$","E","?","E","T","R","M","M","R","E","R","B",null,"M","?","$","?","M","R","?","E","T","E","M","M","R","E","R","B",null,"M","M","$","?","M","R","E","R","T","?","$","T","E","M","R","B","B",null],"character_chosen":"IRONCLAD","items_purchased":["StrikeDummy","Battle Trance","Uppercut","Perfected Strike","Wild Strike","Pommel Strike","Lee\u0027s Waffle"],"campfire_rested":0,"item_purchase_floors":[3,3,5,20,20,37,45],"current_hp_per_floor":[68,63,63,63,63,62,62,49,49,49,68,64,64,39,39,32,63,74,74,74,74,64,64,64,46,46,54,68,64,64,64,64,32,69,82,83,83,83,47,47,22,22,22,49,93,93,94,95,95,53,30],"gold":198,"neow_bonus":"TWO_FIFTY_GOLD","is_daily":false,"chose_seed":false,"campfire_upgraded":9,"win_rate":0.0,"timestamp":1611140110,"path_taken":["M","M","$","?","$","E","?","E","T","R","?","M","R","E","R","BOSS","M","?","$","?","M","R","?","E","T","E","M","M","R","E","R","BOSS","M","?","$","?","M","R","E","R","T","?","$","?","E","M","R","BOSS","BOSS"],"items_purchased_type":["Relic","Card","Card","Card","Card","Card","Relic"],"build_version":"2020-12-22","purchased_purges":4,"victory":true,"max_hp_per_floor":[68,68,68,68,68,68,68,69,69,69,70,71,71,72,72,73,73,74,74,74,74,75,75,75,76,76,77,78,79,79,80,80,81,81,82,83,83,83,84,84,85,85,85,86,93,93,94,95,95,96,97],"card_choices":[{"not_picked":["Reckless Charge","Infernal Blade"],"picked":"Twin Strike","floor":1.0},{"not_picked":["Headbutt","Bloodletting"],"picked":"Twin Strike","floor":2.0},{"not_picked":["Hemokinesis","Iron Wave","Warcry"],"picked":"SKIP","floor":6.0},{"not_picked":["Sword Boomerang","Burning Pact","Fiend Fire"],"picked":"SKIP","floor":8.0},{"not_picked":["Flame Barrier","Pummel"],"picked":"Shrug It Off","floor":11.0},{"not_picked":["Flex","Body Slam"],"picked":"Inflame","floor":12.0},{"not_picked":["Spot Weakness","Clothesline"],"picked":"Offering","floor":14.0},{"not_picked":["Offering","Brutality"],"picked":"Reaper","floor":16.0},{"not_picked":["Searing Blow","Sword Boomerang"],"picked":"Heavy Blade","floor":18.0},{"not_picked":["Sword Boomerang+1","Heavy Blade"],"picked":"Pommel Strike","floor":22.0},{"not_picked":["Iron Wave","Corruption","Headbutt"],"picked":"SKIP","floor":25.0},{"not_picked":["Wild Strike","Cleave"],"picked":"Twin Strike+1","floor":27.0},{"not_picked":["Havoc","Clash"],"picked":"Twin Strike","floor":28.0},{"not_picked":["Flex","Headbutt","Disarm"],"picked":"SKIP","floor":29.0},{"not_picked":["Bludgeon","Fire Breathing","Dark Embrace"],"picked":"SKIP","floor":31},{"not_picked":["Bludgeon","Fiend Fire"],"picked":"Limit Break","floor":33},{"not_picked":["Iron Wave","Thunderclap+1"],"picked":"Spot Weakness+1","floor":35},{"not_picked":["Body Slam+1","Combust"],"picked":"Perfected Strike","floor":36},{"not_picked":["Burning Pact","Clash"],"picked":"Perfected Strike","floor":39},{"not_picked":["Searing Blow","Havoc+1"],"picked":"Dual Wield","floor":41},{"not_picked":["Shrug It Off","Headbutt+1"],"picked":"Offering","floor":47},{"not_picked":["Body Slam","Battle Trance"],"picked":"Perfected Strike","floor":48}],"player_experience":710363,"relics_obtained":[{"floor":6.0,"key":"Paper Frog"},{"floor":8.0,"key":"Pen Nib"},{"floor":9.0,"key":"The Courier"},{"floor":14.0,"key":"Magic Flower"},{"floor":25.0,"key":"Boot"},{"floor":26.0,"key":"Blood Vial"},{"floor":27.0,"key":"Akabeko"},{"floor":31,"key":"Kunai"},{"floor":41,"key":"Meat on the Bone"},{"floor":43,"key":"Whetstone"},{"floor":44,"key":"Calipers"},{"floor":46,"key":"Bottled Lightning"},{"floor":47,"key":"Bag of Marbles"}],"event_choices":[{"damage_healed":0.0,"max_hp_gain":0.0,"max_hp_loss":0.0,"gold_gain":150.0,"event_name":"Liars Game","player_choice":"AGREE","floor":4.0,"gold_loss":0.0,"damage_taken":0.0,"cards_obtained":["Doubt"]},{"damage_healed":0.0,"max_hp_gain":0.0,"max_hp_loss":0.0,"gold_gain":0.0,"event_name":"FaceTrader","player_choice":"Trade","floor":7.0,"gold_loss":0.0,"damage_taken":0.0,"relics_obtained":["FaceOfCleric"]},{"damage_healed":0.0,"max_hp_gain":0.0,"max_hp_loss":0.0,"gold_gain":0.0,"event_name":"Vampires","player_choice":"Ignored","floor":19.0,"gold_loss":0.0,"damage_taken":0.0},{"damage_healed":0.0,"max_hp_gain":0.0,"max_hp_loss":0.0,"gold_gain":50.0,"event_name":"Nest","player_choice":"Stole From Cult","floor":21.0,"gold_loss":0.0,"damage_taken":0.0},{"damage_healed":0.0,"max_hp_gain":0.0,"max_hp_loss":0.0,"gold_gain":0.0,"event_name":"Lab","player_choice":"Got Potions","floor":24.0,"gold_loss":0.0,"damage_taken":0.0},{"damage_healed":0,"gold_gain":0,"player_choice":"Ignored","damage_taken":0,"max_hp_gain":0,"max_hp_loss":0,"event_name":"Tomb of Lord Red Mask","floor":38,"gold_loss":0},{"damage_healed":0,"gold_gain":0,"player_choice":"Fight","damage_taken":0,"max_hp_gain":0,"max_hp_loss":0,"event_name":"Mysterious Sphere","floor":44,"gold_loss":0}],"is_beta":false,"boss_relics":[{"not_picked":["Black Star","Ectoplasm"],"picked":"Velvet Choker"},{"not_picked":["Snecko Eye","SacredBark"],"picked":"Coffee Dripper"}],"items_purged_floors":[5,20,37,45],"is_endless":false,"potions_floor_spawned":[1,6,11,14,22,29,31,33,36,39,44,48],"ascension_level":20}}