{"host":"fhl0aha90wvfvsew","time":1611127472,"event":{"mods":["BaseMod","Colored Powertips","Marisa£®ÏF”Í°°ƒß¿Ì…≥£©","Minty Spire (QoL Compilation)","Remilia£®¿Ÿ√◊¿Ú—«£©","Replay The Spire","StSLib","Youmu£®ªÍ∆«—˝√Œ£©","Yuyuko"],"gold_per_floor":[119,139,139,152,167,192,192,217,242,242,242],"floor_reached":10,"language":"ZHS","playtime":656,"items_purged":[],"score":90,"play_id":"37d8466c-dc6b-42d4-978a-024c3b8a40a5","local_time":"20210120152432","is_ascension_mode":true,"campfire_choices":[{"data":"BloodOfAsura","floor":7,"key":"SMITH"}],"circlet_count":0,"master_deck":["Strike_YM","Strike_YM","Strike_YM","Defend_YM","Defend_YM","Defend_YM","Defend_YM","SlashOfPresentWorld","WheelOfPainOfLivingAndDead","BloodOfAsura+1","HumanGodSword","SlashOfDelusionalInnerEye","CrescentMoonSlash","SwordExtraction"],"relics":["HalfPhantom","NeowsBlessing","Hakurouken","Ancient Tea Set","Happy Flower"],"acts_visited":["Exordium"],"potions_floor_usage":[6,8],"damage_taken":[{"damage":0,"enemies":"2 Louse","floor":1,"turns":1},{"damage":0,"enemies":"Cultist","floor":2,"turns":1},{"damage":0,"enemies":"Small Slimes","floor":4,"turns":1},{"damage":15,"enemies":"Red Slaver","floor":5,"turns":6},{"damage":36,"enemies":"Lagavulin","floor":6,"turns":11},{"damage":14,"enemies":"Replay:BlueRogue","floor":8,"turns":10},{"damage":12,"enemies":"Gremlin Nob","floor":10,"turns":2}],"seed_played":"7211436048558873523","potions_obtained":[{"floor":2,"key":"SkillPotion"},{"floor":4,"key":"EssenceOfSteel"},{"floor":6,"key":"GamblersBrew"}],"is_trial":false,"path_per_floor":["M","M","?","M","M","E","R","E","T","E"],"character_chosen":"YOUMU","items_purchased":[],"campfire_rested":0,"item_purchase_floors":[],"current_hp_per_floor":[75,75,75,75,60,24,24,10,10,0,0],"gold":242,"neow_bonus":"THREE_ENEMY_KILL","is_daily":false,"chose_seed":false,"campfire_upgraded":1,"win_rate":0.0,"timestamp":1611127472,"path_taken":["M","M","?","M","M","E","R","E","T","E"],"items_purchased_type":[],"build_version":"2020-12-22","purchased_purges":0,"victory":false,"max_hp_per_floor":[75,75,75,75,75,75,75,75,75,75,75],"card_choices":[{"not_picked":["HumanKnowledgeSword","HesitationCuttingSword"],"picked":"BloodOfAsura","floor":1},{"not_picked":["AsTheSilentNirvana","SuddenPhantomFormationSlashOfKarmicWind"],"picked":"HumanGodSword","floor":2},{"not_picked":["KarmicPunishmentOfTheIdleAndUnfocused","ConstancyOfTheConventionalTruth"],"picked":"SlashOfDelusionalInnerEye","floor":4},{"not_picked":["SpiritCuttingSword","CherryBlossomFlashing","BizarrenessOfSixRealms"],"picked":"SKIP","floor":5},{"not_picked":["TurningAngelCut","CherryBlossomFlashing"],"picked":"CrescentMoonSlash","floor":6},{"not_picked":["SwordOfBindingDesires","FantasyOfEnteringEnlightenment"],"picked":"SwordExtraction","floor":8}],"player_experience":273320,"relics_obtained":[{"floor":6,"key":"Hakurouken"},{"floor":8,"key":"Ancient Tea Set"},{"floor":9,"key":"Happy Flower"}],"event_choices":[{"cards_removed":["Strike_YM"],"damage_healed":0,"gold_gain":0,"player_choice":"Purged","damage_taken":0,"max_hp_gain":0,"max_hp_loss":0,"event_name":"Purifier","floor":3,"gold_loss":0}],"is_beta":false,"boss_relics":[],"items_purged_floors":[],"is_endless":false,"potions_floor_spawned":[2,4,6],"killed_by":"Gremlin Nob","ascension_level":3}}