{"host":"5ezk7t18wcb10u1o","time":1611153370,"event":{"mods":["BaseMod","Bestiary","Colored Powertips","Minty Spire (QoL Compilation)","Relic Sorter"],"gold_per_floor":[116,134,148,223,223,223,234,234,280,57,57,71,71,86,86,181,181,181,181,16,16,16,16,16],"floor_reached":23,"language":"ENG","playtime":1406,"items_purged":["Strike_G"],"score":275,"play_id":"09f66da4-f48e-4c75-a551-99ef728d443a","local_time":"20210120143610","is_ascension_mode":true,"campfire_choices":[{"data":"Dodge and Roll","floor":6.0,"key":"SMITH"},{"floor":11.0,"key":"REST"},{"data":"Cloak And Dagger","floor":13.0,"key":"SMITH"},{"data":"Cloak And Dagger","floor":15.0,"key":"SMITH"}],"circlet_count":0,"master_deck":["AscendersBane","Strike_G","Strike_G","Strike_G","Strike_G","Defend_G","Defend_G","Defend_G","Defend_G+1","Defend_G+1","Survivor","Neutralize+1","Grand Finale","Infinite Blades","Dodge and Roll+1","Cloak And Dagger+1","Slice","Blade Dance","Cloak And Dagger+1","Venomology","Bouncing Flask+1","Escape Plan","Noxious Fumes","Panacea","Well Laid Plans+1"],"relics":["Ring of the Snake","Omamori","Sling","Ectoplasm"],"acts_visited":["Exordium","TheCity"],"potions_floor_usage":[23],"damage_taken":[{"damage":4.0,"enemies":"Small Slimes","floor":1.0,"turns":4.0},{"damage":0.0,"enemies":"2 Louse","floor":2.0,"turns":3.0},{"damage":0.0,"enemies":"Jaw Worm","floor":3.0,"turns":5.0},{"damage":2.0,"enemies":"3 Louse","floor":7.0,"turns":6.0},{"damage":0.0,"enemies":"Exordium Thugs","floor":12.0,"turns":3.0},{"damage":6.0,"enemies":"Blue Slaver","floor":14.0,"turns":4.0},{"damage":8.0,"enemies":"Hexaghost","floor":16.0,"turns":9.0},{"damage":2.0,"enemies":"Shell Parasite","floor":18.0,"turns":6.0},{"damage":5.0,"enemies":"Chosen","floor":19.0,"turns":5.0},{"damage":0.0,"enemies":"Snecko","floor":21.0,"turns":4.0},{"damage":61,"enemies":"Gremlin Leader","floor":23,"turns":7}],"seed_played":"5589266410977597730","potions_obtained":[{"floor":1.0,"key":"Dexterity Potion"},{"floor":7.0,"key":"CultistPotion"},{"floor":14.0,"key":"Fire Potion"},{"floor":18.0,"key":"DuplicationPotion"}],"is_trial":false,"path_per_floor":["M","M","M","?","?","R","M","?","T","$","R","M","R","M","R","B",null,"M","M","$","M","?","E"],"character_chosen":"THE_SILENT","items_purchased":["Sling","Noxious Fumes","Panacea"],"campfire_rested":1,"item_purchase_floors":[10,20,20],"current_hp_per_floor":[59,59,59,48,48,48,46,32,32,32,53,53,53,47,47,39,62,60,55,55,55,55,0,0],"gold":16,"neow_bonus":"ONE_RANDOM_RARE_CARD","is_daily":false,"chose_seed":false,"campfire_upgraded":3,"win_rate":0.0,"timestamp":1611153370,"path_taken":["M","M","M","?","?","R","M","?","T","$","R","M","R","M","R","BOSS","M","M","$","M","?","E"],"items_purchased_type":["Relic","Card","Card"],"build_version":"2020-12-22","purchased_purges":1,"victory":false,"max_hp_per_floor":[70,70,70,70,70,70,70,70,70,70,70,70,70,70,70,70,70,70,70,70,70,70,70,70],"card_choices":[{"not_picked":["Blade Dance","Cloak And Dagger"],"picked":"Infinite Blades","floor":1.0},{"not_picked":["Prepared","Quick Slash"],"picked":"Dodge and Roll","floor":2.0},{"not_picked":["Doppelganger","Underhanded Strike"],"picked":"Cloak And Dagger","floor":3.0},{"not_picked":["Predator","Sucker Punch"],"picked":"Slice","floor":7.0},{"not_picked":["Bouncing Flask","Acrobatics"],"picked":"Blade Dance","floor":12.0},{"not_picked":["Underhanded Strike","Unload"],"picked":"Cloak And Dagger","floor":14.0},{"not_picked":["Corpse Explosion","Die Die Die"],"picked":"Venomology","floor":16.0},{"not_picked":["Dodge and Roll","Outmaneuver"],"picked":"Bouncing Flask+1","floor":18.0},{"not_picked":["Acrobatics","Leg Sweep"],"picked":"Escape Plan","floor":19.0},{"not_picked":["Riddle With Holes","Sucker Punch"],"picked":"Well Laid Plans+1","floor":21.0}],"player_experience":1151348,"relics_obtained":[{"floor":9.0,"key":"Omamori"}],"event_choices":[{"damage_healed":0.0,"max_hp_gain":0.0,"max_hp_loss":0.0,"gold_gain":75.0,"event_name":"World of Goop","player_choice":"Gather Gold","floor":4.0,"gold_loss":0.0,"damage_taken":11.0},{"damage_healed":0.0,"max_hp_gain":0.0,"max_hp_loss":0.0,"gold_gain":0.0,"event_name":"Living Wall","player_choice":"Grow","floor":5.0,"gold_loss":0.0,"damage_taken":0.0,"cards_upgraded":["Neutralize"]},{"damage_healed":0.0,"max_hp_gain":0.0,"max_hp_loss":0.0,"gold_gain":0.0,"event_name":"Shining Light","player_choice":"Entered Light","floor":8.0,"gold_loss":0.0,"damage_taken":14.0,"cards_upgraded":["Defend_G","Defend_G"]},{"damage_healed":0,"gold_gain":0,"player_choice":"Leave","damage_taken":0,"max_hp_gain":0,"max_hp_loss":0,"event_name":"FaceTrader","floor":22,"gold_loss":0}],"is_beta":false,"boss_relics":[{"not_picked":["Sozu","Pandora\u0027s Box"],"picked":"Ectoplasm"}],"items_purged_floors":[10],"is_endless":false,"potions_floor_spawned":[1,7,14,18],"killed_by":"Gremlin Leader","ascension_level":10}}