{"host":"qrt7o4dq2qslzw13","time":1611165107,"event":{"mods":["AchievementEnabler","BaseMod","Colored Map","Colored Powertips","Minty Spire (QoL Compilation)","Quick Restart","StSLib","SuperFastMode"],"gold_per_floor":[361,379,148,164,164,164,181,181,181,194,194,210,210,225,225,328,328,339,8,26,44,54,54,54,54,54,54,54,70,5,5,5,107,107,121,121,135,135,153,153,115,115,115,115,115],"floor_reached":44,"language":"ENG","playtime":1347,"items_purged":[],"score":475,"play_id":"9ee0d751-9761-4c88-95db-23f7d7deedf0","local_time":"20210120125147","is_ascension_mode":false,"campfire_choices":[{"data":"ConjureBlade","floor":6.0,"key":"SMITH"},{"floor":8.0,"key":"REST"},{"floor":11.0,"key":"REST"},{"data":"Omniscience","floor":13.0,"key":"SMITH"},{"data":"Collect","floor":15.0,"key":"SMITH"},{"floor":23.0,"key":"REST"},{"data":"DeusExMachina","floor":25.0,"key":"SMITH"},{"data":"CrushJoints","floor":27.0,"key":"SMITH"},{"floor":32.0,"key":"REST"},{"floor":40.0,"key":"REST"},{"floor":42.0,"key":"REST"}],"circlet_count":0,"master_deck":["Strike_P+1","Strike_P+1","Defend_P+1","Defend_P+1","Defend_P+1","Defend_P+1","Eruption","Vigilance","Collect+1","Prostrate","ConjureBlade+1","CrushJoints+1","Worship","ClearTheMind","Omniscience+1","WindmillStrike","Pray","Protect","WreathOfFlame","Prostrate","Conclude","DeusExMachina+1","JustLucky","WreathOfFlame","Protect+1","DeceiveReality","FlurryOfBlows+1","Ghostly","Ghostly","Ghostly","Ghostly","Ghostly","FlyingSleeves+1","Devotion","DeusExMachina","ThirdEye+1","Parasite","Indignation"],"relics":["PureWater","Orrery","WarpedTongs","Matryoshka","Empty Cage","Bottled Lightning","The Courier","Nilry\u0027s Codex","SlaversCollar","Happy Flower","Molten Egg 2"],"acts_visited":["Exordium","TheCity","TheBeyond"],"potions_floor_usage":[],"damage_taken":[{"damage":5.0,"enemies":"2 Louse","floor":1.0,"turns":2.0},{"damage":0.0,"enemies":"Cultist","floor":2.0,"turns":3.0},{"damage":2.0,"enemies":"Small Slimes","floor":4.0,"turns":3.0},{"damage":10.0,"enemies":"Looter","floor":7.0,"turns":2.0},{"damage":9.0,"enemies":"2 Fungi Beasts","floor":10.0,"turns":3.0},{"damage":4.0,"enemies":"3 Louse","floor":12.0,"turns":3.0},{"damage":7.0,"enemies":"Exordium Wildlife","floor":14.0,"turns":5.0},{"damage":21.0,"enemies":"Hexaghost","floor":16.0,"turns":4.0},{"damage":6.0,"enemies":"2 Thieves","floor":18.0,"turns":4.0},{"damage":0.0,"enemies":"Chosen","floor":20.0,"turns":5.0},{"damage":4.0,"enemies":"Snecko","floor":21.0,"turns":3.0},{"damage":22.0,"enemies":"Cultist and Chosen","floor":22.0,"turns":8.0},{"damage":0.0,"enemies":"Centurion and Healer","floor":29.0,"turns":4.0},{"damage":3.0,"enemies":"Champ","floor":33.0,"turns":8.0},{"damage":5.0,"enemies":"3 Darklings","floor":35.0,"turns":6.0},{"damage":4.0,"enemies":"3 Shapes","floor":37.0,"turns":5.0},{"damage":12.0,"enemies":"Writhing Mass","floor":39.0,"turns":7.0},{"damage":1,"enemies":"Maw","floor":44,"turns":9}],"seed_played":"7658358558844944321","potions_obtained":[{"floor":1.0,"key":"SneckoOil"},{"floor":2.0,"key":"DistilledChaos"},{"floor":14.0,"key":"EntropicBrew"},{"floor":16.0,"key":"AttackPotion"},{"floor":21.0,"key":"GamblersBrew"},{"floor":33.0,"key":"Weak Potion"},{"floor":35.0,"key":"Explosive Potion"}],"is_trial":false,"path_per_floor":["M","M","$","M","?","R","M","R","T","M","R","M","R","M","R","B",null,"M","$","M","M","M","R","?","R","T","R","?","M","$","?","R","B",null,"M","?","M","?","M","R","$","R","T","M"],"character_chosen":"WATCHER","items_purchased":["Orrery","WindmillStrike","Bottled Lightning","WreathOfFlame","Devotion","SkillPotion"],"campfire_rested":6,"item_purchase_floors":[3,3,19,19,30,41],"current_hp_per_floor":[46,46,46,44,44,44,34,55,55,46,67,63,63,56,56,35,72,66,66,66,62,40,61,36,36,36,36,36,36,36,20,30,27,36,31,31,27,27,15,25,25,35,35,34,34],"gold":115,"neow_bonus":"TWO_FIFTY_GOLD","is_daily":false,"chose_seed":false,"campfire_upgraded":5,"win_rate":0.0,"timestamp":1611165107,"path_taken":["M","M","$","M","?","R","?","R","T","M","R","M","R","M","R","BOSS","M","$","M","M","M","R","?","R","T","R","?","M","$","?","R","BOSS","M","?","M","?","?","R","$","R","T","M"],"items_purchased_type":["Relic","Card","Relic","Card","Card","Potion"],"build_version":"2020-12-22","purchased_purges":0,"victory":false,"max_hp_per_floor":[72,72,72,72,72,72,72,72,72,72,72,72,72,72,72,72,72,72,72,72,72,72,72,36,36,36,36,36,36,36,36,36,36,36,36,36,36,36,36,36,36,36,36,36,36],"card_choices":[{"not_picked":["Weave","CutThroughFate"],"picked":"Collect","floor":1.0},{"not_picked":["Consecrate","CutThroughFate"],"picked":"Prostrate","floor":2.0},{"not_picked":["EmptyBody","JustLucky"],"picked":"ConjureBlade","floor":3.0},{"not_picked":["Weave","TalkToTheHand"],"picked":"CrushJoints","floor":3.0},{"not_picked":["FollowUp","BattleHymn"],"picked":"Worship","floor":3.0},{"not_picked":["Conclude","CutThroughFate"],"picked":"ClearTheMind","floor":3.0},{"not_picked":["Protect","Crescendo"],"picked":"Omniscience","floor":3.0},{"not_picked":["SignatureMove","BowlingBash"],"picked":"Pray","floor":4.0},{"not_picked":["ThirdEye","Consecrate"],"picked":"Protect","floor":7.0},{"not_picked":["CutThroughFate","Halt"],"picked":"WreathOfFlame","floor":10.0},{"not_picked":["Crescendo","JustLucky"],"picked":"Prostrate","floor":12.0},{"not_picked":["EmptyMind","Nirvana"],"picked":"Conclude","floor":14.0},{"not_picked":["Judgement","DevaForm"],"picked":"DeusExMachina","floor":16.0},{"not_picked":["FlyingSleeves","InnerPeace"],"picked":"JustLucky","floor":18.0},{"not_picked":["CutThroughFate","WindmillStrike"],"picked":"Protect+1","floor":20.0},{"not_picked":["Prostrate","SashWhip"],"picked":"DeceiveReality","floor":21.0},{"not_picked":["Study","Consecrate+1"],"picked":"FlurryOfBlows+1","floor":22.0},{"not_picked":["LikeWater","FearNoEvil"],"picked":"FlyingSleeves+1","floor":29.0},{"not_picked":["Wish","Ragnarok"],"picked":"DeusExMachina","floor":33.0},{"not_picked":["LikeWater","Crescendo+1"],"picked":"ThirdEye+1","floor":35.0},{"not_picked":["FollowUp","FlyingSleeves+1","Worship+1"],"picked":"SKIP","floor":37.0},{"not_picked":["CutThroughFate","MentalFortress+1"],"picked":"Indignation","floor":39.0}],"player_experience":570875,"relics_obtained":[{"floor":9.0,"key":"Matryoshka"},{"floor":26.0,"key":"The Courier"},{"floor":31.0,"key":"Nilry\u0027s Codex"},{"floor":43.0,"key":"Happy Flower"},{"floor":43.0,"key":"Molten Egg 2"}],"event_choices":[{"damage_healed":0.0,"max_hp_gain":0.0,"max_hp_loss":0.0,"gold_gain":0.0,"event_name":"Accursed Blacksmith","player_choice":"Rummage","floor":5.0,"gold_loss":0.0,"damage_taken":0.0,"relics_obtained":["WarpedTongs"],"cards_obtained":["Pain"]},{"damage_healed":0.0,"max_hp_gain":0.0,"max_hp_loss":36.0,"gold_gain":0.0,"event_name":"Ghosts","player_choice":"Became a Ghost","floor":24.0,"gold_loss":0.0,"damage_taken":0.0,"cards_obtained":["Ghostly","Ghostly","Ghostly","Ghostly","Ghostly"]},{"damage_healed":0.0,"max_hp_gain":0.0,"max_hp_loss":0.0,"gold_gain":0.0,"event_name":"Back to Basics","player_choice":"Simplicity","floor":28.0,"gold_loss":0.0,"damage_taken":0.0,"cards_upgraded":["Strike_P","Strike_P","Strike_P","Defend_P","Defend_P","Defend_P","Defend_P"]},{"damage_healed":0.0,"max_hp_gain":0.0,"max_hp_loss":0.0,"gold_gain":0.0,"event_name":"Cursed Tome","player_choice":"Obtained Book","floor":31.0,"gold_loss":0.0,"damage_taken":16.0},{"damage_healed":0.0,"max_hp_gain":0.0,"max_hp_loss":0.0,"gold_gain":0.0,"event_name":"Mysterious Sphere","player_choice":"Ignored","floor":36.0,"gold_loss":0.0,"damage_taken":0.0},{"cards_removed":["Strike_P"],"damage_healed":0.0,"max_hp_gain":0.0,"max_hp_loss":0.0,"gold_gain":0.0,"event_name":"Purifier","player_choice":"Purged","floor":38.0,"gold_loss":0.0,"damage_taken":0.0}],"is_beta":false,"boss_relics":[{"not_picked":["Runic Dome","Astrolabe"],"picked":"Empty Cage"},{"not_picked":["Pandora\u0027s Box","Fusion Hammer"],"picked":"SlaversCollar"}],"items_purged_floors":[],"is_endless":false,"potions_floor_spawned":[1,2,14,16,21,33,35],"killed_by":"Maw","ascension_level":0}}