{"host":"3zmssa4s99zhxek5","time":1611104297,"event":{"mods":["AchievementEnabler","BaseMod","Minty Spire (QoL Compilation)","Permanent Neow","Relic Stats"],"gold_per_floor":[119,137,155,170,170,200,200,230,284,298,329,349,383,397,397,474,474,492,511,529,243,153,178,178,195,249,249,281,281,281,5,5,79,79,98,110,35,47,47,47,80,97,97,97,97],"floor_reached":44,"language":"KOR","playtime":3486,"items_purged":["Strike_B","Zap","Hello World","Defend_B"],"score":1120,"play_id":"72174f4c-a32a-42b0-b0fe-82a22e50cee6","local_time":"20210120095817","is_ascension_mode":true,"campfire_choices":[{"data":"Multi-Cast","floor":15,"key":"SMITH"},{"floor":24,"key":"REST"},{"data":"Hologram","floor":27,"key":"SMITH"},{"data":"Hyperbeam","floor":32,"key":"SMITH"},{"floor":40,"key":"REST"}],"circlet_count":0,"master_deck":["AscendersBane","Defend_B+1","Dualcast","Fusion+1","Hologram+1","Self Repair","Barrage+1","Self Repair","Multi-Cast+1","BootSequence","Conserve Battery+1","Double Energy","Reinforced Body","Hyperbeam+1","Leap+1","Skim","Loop","Hologram+1","Undo","Seek","Melter+1","Madness","Madness","Rebound+1","Hologram","Reprogram"],"relics":["Astrolabe","Mercury Hourglass","Kunai","Dream Catcher","Regal Pillow","Potion Belt","Black Star","Membership Card","War Paint","Juzu Bracelet","Bag of Marbles","Tiny Chest","Nunchaku","Pear","Meat on the Bone","Gremlin Horn","Empty Cage","PreservedInsect","StoneCalendar","Whetstone"],"acts_visited":["Exordium","TheCity","TheBeyond"],"potions_floor_usage":[6,8,16,18,23,28,33,33,38,41,44,44],"damage_taken":[{"damage":0,"enemies":"Small Slimes","floor":1,"turns":3},{"damage":2,"enemies":"Jaw Worm","floor":2,"turns":4},{"damage":0,"enemies":"Cultist","floor":3,"turns":3},{"damage":10,"enemies":"Exordium Wildlife","floor":4,"turns":4},{"damage":8,"enemies":"Gremlin Nob","floor":6,"turns":3},{"damage":25,"enemies":"Lagavulin","floor":8,"turns":6},{"damage":16,"enemies":"Blue Slaver","floor":10,"turns":3},{"damage":8,"enemies":"Gremlin Nob","floor":11,"turns":3},{"damage":3,"enemies":"Large Slime","floor":12,"turns":3},{"damage":5,"enemies":"3 Sentries","floor":13,"turns":4},{"damage":1,"enemies":"Looter","floor":14,"turns":3},{"damage":0,"enemies":"Slime Boss","floor":16,"turns":6},{"damage":16,"enemies":"Spheric Guardian","floor":18,"turns":4},{"damage":16,"enemies":"Shell Parasite","floor":19,"turns":12},{"damage":19,"enemies":"Chosen and Byrds","floor":20,"turns":4},{"damage":28,"enemies":"Gremlin Leader","floor":23,"turns":6},{"damage":0,"enemies":"3 Cultists","floor":25,"turns":3},{"damage":15,"enemies":"Slavers","floor":28,"turns":3},{"damage":47,"enemies":"Collector","floor":33,"turns":8},{"damage":12,"enemies":"Orb Walker","floor":35,"turns":4},{"damage":20,"enemies":"3 Shapes","floor":36,"turns":4},{"damage":34,"enemies":"Transient","floor":38,"turns":6},{"damage":33,"enemies":"Reptomancer","floor":41,"turns":9},{"damage":2,"enemies":"Sphere and 2 Shapes","floor":42,"turns":4},{"damage":94,"enemies":"Giant Head","floor":44,"turns":6}],"seed_played":"4777972005347050642","potions_obtained":[{"floor":2,"key":"SteroidPotion"},{"floor":6,"key":"ColorlessPotion"},{"floor":8,"key":"Swift Potion"},{"floor":10,"key":"SneckoOil"},{"floor":13,"key":"PotionOfCapacity"},{"floor":23,"key":"LiquidBronze"},{"floor":25,"key":"SkillPotion"},{"floor":33,"key":"GamblersBrew"},{"floor":36,"key":"SkillPotion"},{"floor":38,"key":"FearPotion"}],"is_trial":false,"path_per_floor":["M","M","M","M","?","E","?","E","T","M","E","M","E","M","R","B",null,"M","M","M","$","$","E","R","M","T","R","E","?","T","$","R","B",null,"M","M","$","M","?","R","E","M","T","E"],"character_chosen":"DEFECT","items_purchased":["Membership Card","War Paint","LiquidMemories","Gremlin Horn","Explosive Potion","DistilledChaos"],"campfire_rested":2,"item_purchase_floors":[21,21,22,31,31,31],"current_hp_per_floor":[64,62,62,59,52,44,44,26,26,24,23,27,36,42,42,49,66,64,62,57,57,57,43,71,71,71,71,80,80,80,80,80,59,76,64,58,58,50,35,74,55,67,67,0,0],"gold":97,"neow_bonus":"BOSS_RELIC","is_daily":false,"chose_seed":false,"campfire_upgraded":3,"win_rate":0.0,"timestamp":1611104297,"path_taken":["M","M","M","M","?","E","?","E","T","M","E","M","E","M","R","BOSS","M","M","M","?","$","E","R","M","T","R","E","?","?","$","R","BOSS","M","M","$","M","?","R","E","M","T","E"],"items_purchased_type":["Relic","Relic","Potion","Relic","Potion","Potion"],"build_version":"2020-12-22","purchased_purges":4,"victory":false,"max_hp_per_floor":[71,71,71,71,71,71,71,71,71,71,71,71,71,71,71,71,71,71,71,71,71,71,71,71,71,71,71,81,81,81,81,81,81,81,81,81,81,81,81,81,81,81,81,81,81],"relic_stats":{"Regal Pillow":22,"Gremlin Horn":[16,16],"counters":[25,116],"Astrolabe":["Fusion","Ball Lightning","Hologram"],"StoneCalendar":[0],"PreservedInsect":130,"Juzu Bracelet":0,"Whetstone":["Barrage"],"War Paint":["Defend_B","Conserve Battery"],"Mercury Hourglass":[392],"Dream Catcher":2,"Nunchaku":[4],"Tiny Chest":0,"Black Star":3,"Kunai":[7],"obtain_stats":[{"Potion Belt":13,"Regal Pillow":11,"Pear":28,"Gremlin Horn":31,"Astrolabe":0,"StoneCalendar":41,"PreservedInsect":41,"Juzu Bracelet":23,"Whetstone":43,"War Paint":21,"Empty Cage":34,"Mercury Hourglass":6,"Dream Catcher":9,"Nunchaku":28,"Tiny Chest":26,"Black Star":17,"Bag of Marbles":23,"Kunai":8,"Membership Card":21,"Cracked Core":0,"Meat on the Bone":30},{"Potion Belt":10,"Regal Pillow":8,"Pear":18,"Gremlin Horn":18,"Astrolabe":0,"StoneCalendar":23,"PreservedInsect":23,"Juzu Bracelet":16,"Whetstone":24,"War Paint":15,"Empty Cage":19,"Mercury Hourglass":5,"Dream Catcher":6,"Nunchaku":18,"Tiny Chest":17,"Black Star":12,"Bag of Marbles":16,"Kunai":6,"Membership Card":15,"Cracked Core":0,"Meat on the Bone":18},{"Potion Belt":36,"Regal Pillow":29,"Pear":76,"Gremlin Horn":76,"Astrolabe":0,"StoneCalendar":106,"PreservedInsect":106,"Juzu Bracelet":70,"Whetstone":110,"War Paint":64,"Empty Cage":84,"Mercury Hourglass":17,"Dream Catcher":23,"Nunchaku":76,"Tiny Chest":73,"Black Star":44,"Bag of Marbles":70,"Kunai":23,"Membership Card":64,"Cracked Core":0,"Meat on the Bone":76}],"Meat on the Bone":24},"card_choices":[{"not_picked":["Barrage","Stack"],"picked":"Static Discharge","floor":1},{"not_picked":["Storm","Double Energy","Heatsinks"],"picked":"SKIP","floor":2},{"not_picked":["Auto Shields","Coolheaded"],"picked":"Self Repair","floor":3},{"not_picked":["Barrage","Beam Cell"],"picked":"Doom and Gloom","floor":4},{"not_picked":["Fusion","Compile Driver"],"picked":"Barrage","floor":6},{"not_picked":["Barrage","Doom and Gloom"],"picked":"Self Repair","floor":8},{"not_picked":["Conserve Battery","Sweeping Beam"],"picked":"Multi-Cast","floor":10},{"not_picked":["Cold Snap","Beam Cell"],"picked":"BootSequence","floor":11},{"not_picked":["Genetic Algorithm","Steam"],"picked":"Conserve Battery","floor":12},{"not_picked":["Steam","Leap"],"picked":"Double Energy","floor":13},{"not_picked":["Rebound","Rainbow"],"picked":"Reinforced Body","floor":14},{"not_picked":["Meteor Strike","All For One"],"picked":"Hyperbeam","floor":16},{"not_picked":["Auto Shields","Go for the Eyes"],"picked":"Leap+1","floor":18},{"not_picked":["Reinforced Body","Auto Shields"],"picked":"Skim","floor":19},{"not_picked":["Streamline","Cold Snap","Coolheaded"],"picked":"SKIP","floor":20},{"not_picked":["Lockon","Blizzard","Storm"],"picked":"SKIP","floor":23},{"not_picked":["Melter","Hologram"],"picked":"Loop","floor":24},{"not_picked":["Melter","Darkness"],"picked":"Hologram","floor":25},{"not_picked":["Cold Snap+1","Stack","Undo"],"picked":"SKIP","floor":28},{"not_picked":["Reboot","Biased Cognition"],"picked":"Seek","floor":33},{"not_picked":["Chill","Redo","Rebound+1"],"picked":"SKIP","floor":35},{"not_picked":["Beam Cell","Heatsinks","Rebound+1"],"picked":"SKIP","floor":36},{"not_picked":["Beam Cell","Heatsinks","Rebound+1"],"picked":"SKIP","floor":36},{"not_picked":["Stack","Fusion"],"picked":"Melter+1","floor":38},{"not_picked":["Streamline","Cold Snap+1"],"picked":"Rebound+1","floor":40},{"not_picked":["Rebound","Tempest"],"picked":"Hologram","floor":41},{"not_picked":["Redo+1","Sunder+1"],"picked":"Reprogram","floor":42}],"player_experience":1533673,"relics_obtained":[{"floor":6,"key":"Mercury Hourglass"},{"floor":8,"key":"Kunai"},{"floor":9,"key":"Dream Catcher"},{"floor":11,"key":"Regal Pillow"},{"floor":13,"key":"Potion Belt"},{"floor":23,"key":"Juzu Bracelet"},{"floor":23,"key":"Bag of Marbles"},{"floor":26,"key":"Tiny Chest"},{"floor":28,"key":"Nunchaku"},{"floor":28,"key":"Pear"},{"floor":30,"key":"Meat on the Bone"},{"floor":41,"key":"PreservedInsect"},{"floor":41,"key":"StoneCalendar"},{"floor":43,"key":"Whetstone"}],"event_choices":[{"cards_removed":["Defend_B"],"damage_healed":0,"gold_gain":0,"player_choice":"Card Removal","damage_taken":7,"max_hp_gain":0,"max_hp_loss":0,"event_name":"Golden Wing","floor":5,"gold_loss":0},{"damage_healed":0,"gold_gain":0,"player_choice":"Forge","damage_taken":0,"max_hp_gain":0,"max_hp_loss":0,"event_name":"Accursed Blacksmith","floor":7,"gold_loss":0,"cards_upgraded":["Doom and Gloom"]},{"damage_healed":0,"gold_gain":0,"cards_transformed":["Static Discharge","Defend_B"],"player_choice":"Became Test Subject","damage_taken":0,"max_hp_gain":0,"max_hp_loss":0,"event_name":"Drug Dealer","floor":29,"gold_loss":0,"cards_obtained":["Hello World","Undo"]},{"damage_healed":0,"gold_gain":0,"player_choice":"Embrace Madness","damage_taken":15,"max_hp_gain":0,"max_hp_loss":0,"event_name":"Winding Halls","floor":39,"gold_loss":0,"cards_obtained":["Madness","Madness"]}],"is_beta":false,"boss_relics":[{"not_picked":["Pandora\u0027s Box","Sozu"],"picked":"Black Star"},{"not_picked":["Velvet Choker","Cursed Key"],"picked":"Empty Cage"}],"items_purged_floors":[21,22,31,37],"is_endless":false,"potions_floor_spawned":[2,6,8,10,12,13,23,25,33,36,38],"killed_by":"Giant Head","ascension_level":20}}