{"host":"d61fcf2p3sjwe6yo","time":1611152890,"event":{"mods":["AchievementEnabler","BaseMod","Colored Map","Downfall","Minty Spire (QoL Compilation)","StSLib","SuperFastMode"],"gold_per_floor":[99,110,110,123,137,37,37,37,57,42,97,122,122,122,141,141,141,141],"floor_reached":16,"language":"ENG","playtime":943,"items_purged":[],"score":165,"play_id":"1aea6da0-9ec0-48c4-957e-0a2879a5cb1c","local_time":"20210120172810","is_ascension_mode":true,"campfire_choices":[{"floor":1,"key":"RECALL"},{"data":"Guardian:BodySlam","floor":6,"key":"SMITH"},{"data":"Guardian:RollAttack","floor":8,"key":"SMITH"},{"data":"Guardian:TwinSlam","floor":13,"key":"SMITH"}],"circlet_count":0,"master_deck":["AscendersBane","Guardian:Strike_Guardian","Guardian:Strike_Guardian","Guardian:Strike_Guardian","Guardian:Defend_Guardian","Guardian:Defend_Guardian","Guardian:Defend_Guardian","Guardian:Defend_Guardian","Guardian:CurlUp","Guardian:TwinSlam+1","Guardian:BodySlam+1","Guardian:RollAttack+1","Guardian:SpikerProtocol","Guardian:TemporalShield","Guardian:ChargeUp","Guardian:ChargeUp","Guardian:Gem_Green","Guardian:Gem_Green","Guardian:Gem_Blue","Guardian:Gem_Fragmented","Guardian:Gem_Crimson","Guardian:FloatingOrbs"],"relics":["Guardian:ModeShifter","downfall:HeartBlessingRed","Mummified Hand","Ice Cream","bronze:BronzeIdol","Guardian:PickAxe"],"acts_visited":["Exordium"],"potions_floor_usage":[16,16],"damage_taken":[{"damage":0,"enemies":"Small Slimes","floor":2,"turns":3},{"damage":10,"enemies":"Cultist","floor":4,"turns":5},{"damage":1,"enemies":"2 Louse","floor":5,"turns":3},{"damage":3,"enemies":"Blue Slaver","floor":9,"turns":3},{"damage":0,"enemies":"downfall:FleeingMerchant","floor":10,"turns":4},{"damage":7,"enemies":"3 Sentries","floor":11,"turns":7},{"damage":15,"enemies":"3 Sentries","floor":12,"turns":7},{"damage":10,"enemies":"3 Sentries","floor":14,"turns":4},{"damage":0,"enemies":"2 Fungi Beasts","floor":15,"turns":4},{"damage":31,"enemies":"DF_ARCHETYPE_STREAMLINE","floor":16,"turns":9}],"seed_played":"1121404662322477991","potions_obtained":[{"floor":9,"key":"hexamod:SoulburnPotion"},{"floor":12,"key":"Block Potion"}],"is_trial":false,"path_per_floor":["R","M","?","M","M","R","T","R","M","$","?","E","R","?","M","B"],"character_chosen":"GUARDIAN","items_purchased":[],"campfire_rested":0,"item_purchase_floors":[],"current_hp_per_floor":[80,80,80,70,69,69,69,69,66,66,59,44,44,22,22,0,0,0],"gold":141,"neow_bonus":"TEN_PERCENT_HP_BONUS","is_daily":false,"chose_seed":false,"campfire_upgraded":3,"win_rate":0.0,"timestamp":1611152890,"path_taken":["R","M","?","?","M","R","T","R","M","$","?","E","R","?","M","BOSS"],"items_purchased_type":[],"build_version":"2020-12-22","purchased_purges":0,"victory":false,"max_hp_per_floor":[88,88,88,88,88,88,88,88,88,88,88,88,88,88,88,88,88,88],"card_choices":[{"not_picked":["Guardian:PrimingBeam","Guardian:Reroute"],"picked":"Guardian:BodySlam","floor":2},{"not_picked":["Guardian:ShieldCharger","Guardian:Gem_Cyan"],"picked":"Guardian:RollAttack","floor":4},{"not_picked":["Guardian:TemporalStrike","Guardian:TemporalShield"],"picked":"Guardian:SpikerProtocol","floor":5},{"not_picked":["Guardian:VentSteam","Guardian:PiercingHide"],"picked":"Guardian:Gem_White","floor":9},{"not_picked":["Guardian:Clone","Guardian:DonusPower"],"picked":"Guardian:TemporalShield","floor":10},{"not_picked":["Guardian:Incinerate","Guardian:FastForward"],"picked":"Guardian:ChargeUp","floor":11},{"not_picked":["Guardian:Gem_Cyan","Guardian:ExploitGems"],"picked":"Guardian:ChargeUp","floor":12},{"not_picked":["Guardian:TemporalShield","Guardian:DecasProtection"],"picked":"Guardian:FloatingOrbs","floor":15}],"player_experience":623197,"relics_obtained":[{"floor":7,"key":"Mummified Hand"},{"floor":11,"key":"Ice Cream"},{"floor":12,"key":"bronze:BronzeIdol"}],"event_choices":[],"is_beta":false,"boss_relics":[],"items_purged_floors":[],"is_endless":false,"potions_floor_spawned":[9,12],"killed_by":"DF_ARCHETYPE_STREAMLINE","ascension_level":13}}