{"host":"8fup84v061vi31le","time":1611111878,"event":{"mods":["Aspiration","BaseMod","Better Match","Better Third Choice","Minty Spire (QoL Compilation)","Replay The Spire","StSLib"],"gold_per_floor":[361,361,5,19,19,19,52,52,52,52,67,102,102,102,102,206,206,226,166,166,182,2,28,28,28,28,28,28],"floor_reached":27,"language":"ZHS","playtime":805,"items_purged":["Defend_G","Defend_B"],"score":270,"play_id":"e65a8aea-f308-4756-ad4e-f72e16d1dbd7","local_time":"20210120110438","is_ascension_mode":true,"campfire_choices":[{"data":"Reprogram","floor":6.0,"key":"SMITH"},{"floor":8.0,"key":"REST"},{"data":"Streamline","floor":10.0,"key":"SMITH"},{"floor":15.0,"key":"REST"},{"floor":24,"key":"REST"}],"circlet_count":0,"master_deck":["Strike_B","Strike_B","Strike_B","Defend_B","Defend_B","Defend_B","Zap","Dualcast","Streamline+1","Gash+1","Gash+1","Reprogram+1","Sweeping Beam+1","Beam Cell+1","Rip and Tear+1","Echo Form","Scrape+1","Self Repair"],"relics":["Cracked Core","Molten Egg 2","Gremlin Horn","Replay:Bottled Steam","Boot","Replay:Arrowhead","aspiration:RitualStick","Counterbalance"],"acts_visited":["Exordium","TheCity"],"potions_floor_usage":[],"damage_taken":[{"damage":7.0,"enemies":"Jaw Worm","floor":1.0,"turns":3.0},{"damage":1.0,"enemies":"Cultist","floor":4.0,"turns":3.0},{"damage":32.0,"enemies":"Gremlin Nob","floor":7.0,"turns":5.0},{"damage":2.0,"enemies":"Small Slimes","floor":11.0,"turns":3.0},{"damage":26.0,"enemies":"Lagavulin","floor":12.0,"turns":4.0},{"damage":20.0,"enemies":"Fading Forest","floor":16.0,"turns":11.0},{"damage":16.0,"enemies":"Shell Parasite","floor":18.0,"turns":3.0},{"damage":11.0,"enemies":"Spheric Guardian","floor":21.0,"turns":3.0},{"damage":28,"enemies":"Gremlin Leader","floor":23,"turns":4},{"damage":17,"enemies":"Book of Stabbing","floor":27,"turns":1}],"seed_played":"-3148735148835048303","potions_obtained":[{"floor":11.0,"key":"CultistPotion"},{"floor":12.0,"key":"SkillPotion"}],"is_trial":false,"path_per_floor":["M","?","$","M","$","R","E","R","T","R","M","E","T","?","R","B",null,"M","?","?","M","$","E","R","?","T","E"],"character_chosen":"DEFECT","items_purchased":["Molten Egg 2","Gash+1","Scrape+1"],"campfire_rested":3,"item_purchase_floors":[3,3,22],"current_hp_per_floor":[68,68,68,67,67,67,35,57,57,57,55,29,29,29,51,39,75,59,59,45,34,34,6,30,14,14,0,0],"gold":28,"neow_bonus":"TWO_FIFTY_GOLD","is_daily":false,"chose_seed":false,"campfire_upgraded":2,"win_rate":0.0,"timestamp":1611111878,"path_taken":["M","?","$","M","$","R","E","R","T","R","?","E","?","?","R","BOSS","M","?","?","M","$","E","R","?","T","E"],"items_purchased_type":["Relic","Card","Card"],"build_version":"2020-12-22","purchased_purges":2,"victory":false,"max_hp_per_floor":[75,75,75,75,75,75,75,75,75,75,75,75,75,75,75,75,75,75,75,80,80,80,80,80,80,80,80,80],"card_choices":[{"not_picked":["Compile Driver","Leap"],"picked":"Streamline","floor":1.0},{"not_picked":["ReplaySolidLightProjector","Lockon+1"],"picked":"Reprogram","floor":4.0},{"not_picked":["Steam Power","Compile Driver+1"],"picked":"Sweeping Beam+1","floor":7.0},{"not_picked":["Recycle","Hologram"],"picked":"Beam Cell+1","floor":11.0},{"not_picked":["Go for the Eyes+1","Force Field"],"picked":"Rip and Tear+1","floor":12.0},{"not_picked":["Core Surge+1","Seek"],"picked":"Echo Form","floor":16.0},{"not_picked":["Compile Driver+1","Ball Lightning+1","Beam Cell+1"],"picked":"SKIP","floor":18.0},{"not_picked":["Beam Cell+1","Crystallizer","Static Discharge"],"picked":"SKIP","floor":21.0},{"not_picked":["Crystallizer","Compile Driver+1"],"picked":"Self Repair","floor":23}],"player_experience":169697,"relics_obtained":[{"floor":7.0,"key":"Gremlin Horn"},{"floor":12.0,"key":"Replay:Bottled Steam"},{"floor":13.0,"key":"Boot"},{"floor":23,"key":"Replay:Arrowhead"},{"floor":26,"key":"Counterbalance"}],"event_choices":[{"cards_removed":["Strike_G"],"damage_healed":0.0,"max_hp_gain":0.0,"max_hp_loss":0.0,"gold_gain":0.0,"event_name":"Purifier","player_choice":"Purged","floor":2.0,"gold_loss":0.0,"damage_taken":0.0},{"damage_healed":0.0,"max_hp_gain":5.0,"max_hp_loss":0.0,"gold_gain":0.0,"event_name":"Forgotten Altar","player_choice":"Shed Blood","floor":20.0,"gold_loss":0.0,"damage_taken":19.0}],"is_beta":false,"boss_relics":[{"not_picked":["Velvet Choker","Honey Jar","Ectoplasm"]}],"items_purged_floors":[3,22],"is_endless":false,"potions_floor_spawned":[11,12],"killed_by":"Book of Stabbing","ascension_level":3}}