{"host":"eydwxg59205c3vtl","time":1611112727,"event":{"mods":["2.2 Compatiblity","BaseMod","Colored Map","Colored Powertips","Hubris","Minty Spire (QoL Compilation)","StSLib","The Jungle","The Necromancer"],"gold_per_floor":[111,111,137,137,153,184,184,134,134,153,2,20,45,65,65,168,168,185,204,204,224,224,224,224,224,224,249,249,107,124,141,141,239,239,256,268,268,285,285,319,319,336,336,236,236,236,81,97,97,97],"floor_reached":51,"language":"ENG","playtime":1324,"items_purged":["Strike_R","Defend_R"],"score":880,"play_id":"4c793853-6e7f-4ce9-bae0-e68d81119df9","local_time":"20210119221847","is_ascension_mode":false,"campfire_choices":[{"data":"Limit Break","floor":7.0,"key":"SMITH"},{"data":"Inflame","floor":15,"key":"SMITH"},{"data":"Heavy Blade","floor":23,"key":"SMITH"},{"data":"Bash","floor":25,"key":"SMITH"},{"data":"Body Slam","floor":32,"key":"SMITH"},{"data":"Whirlwind","floor":41,"key":"SMITH"},{"data":"Defend_R","floor":46,"key":"SMITH"},{"data":"Spot Weakness","floor":49,"key":"SMITH"}],"circlet_count":0,"master_deck":["Strike_R+1","Defend_R+1","Defend_R","Bash+1","Armaments+1","Limit Break+1","Shrug It Off","Spot Weakness+1","Inflame+1","Heavy Blade+1","Offering","Impervious","Disarm+1","Pummel","Whirlwind+1","Inflame+1","Pummel","Twin Strike","Body Slam+1","Reaper","Spectral_Walk","Shrug It Off"],"relics":["Burning Blood","NeowsBlessing","Omamori","hubris:IronBody","Paper Frog","Sling","hubris:DisguiseKit","Velvet Choker","Enchiridion","Tiny Chest","hubris:MysteriousPyramids","hubris:TenFootPole","Empty Cage","Bag of Marbles","Matryoshka","Art of War","Mercury Hourglass","Toolbox"],"acts_visited":["Exordium","TheCity","TheBeyond"],"potions_floor_usage":[16,18,18,31,35],"damage_taken":[{"damage":0.0,"enemies":"Small Slimes","floor":1.0,"turns":1.0},{"damage":0.0,"enemies":"Jaw Worm","floor":5.0,"turns":1.0},{"damage":0.0,"enemies":"3 Sentries","floor":6.0,"turns":2.0},{"damage":0.0,"enemies":"2 Louse","floor":10.0,"turns":2.0},{"damage":6.0,"enemies":"Exordium Wildlife","floor":12.0,"turns":6.0},{"damage":10.0,"enemies":"Gremlin Nob","floor":13.0,"turns":3.0},{"damage":2,"enemies":"Blue Slaver","floor":14,"turns":5},{"damage":6,"enemies":"Slime Boss","floor":16,"turns":8},{"damage":12,"enemies":"2 Thieves","floor":18,"turns":4},{"damage":6,"enemies":"Shell Parasite","floor":19,"turns":4},{"damage":6,"enemies":"Chosen and Byrds","floor":21,"turns":4},{"damage":6,"enemies":"Gremlin Leader","floor":27,"turns":3},{"damage":3,"enemies":"Snake Plant","floor":30,"turns":3},{"damage":6,"enemies":"Centurion and Healer","floor":31,"turns":2},{"damage":20,"enemies":"Collector","floor":33,"turns":4},{"damage":7,"enemies":"Orb Walker","floor":35,"turns":2},{"damage":6,"enemies":"3 Darklings","floor":36,"turns":2},{"damage":11,"enemies":"4 Shapes","floor":38,"turns":2},{"damage":2,"enemies":"Reptomancer","floor":40,"turns":4},{"damage":6,"enemies":"Writhing Mass","floor":42,"turns":4},{"damage":6,"enemies":"Spire Growth","floor":48,"turns":3},{"damage":6,"enemies":"Donu and Deca","floor":50,"turns":5}],"seed_played":"-2848820039022588878","potions_obtained":[{"floor":5.0,"key":"Fire Potion"},{"floor":10.0,"key":"DuplicationPotion"},{"floor":13,"key":"SteroidPotion"},{"floor":14,"key":"GamblersBrew"},{"floor":21,"key":"FearPotion"},{"floor":30,"key":"DistilledChaos"},{"floor":31,"key":"SpeedPotion"},{"floor":35,"key":"Fruit Juice"},{"floor":42,"key":"CultistPotion"}],"is_trial":false,"path_per_floor":["M","?","T","?","M","E","R","?","T","M","$","M","E","M","R","B",null,"M","M","?","M","?","R","?","R","T","E","?","$","M","M","R","B",null,"M","M","T","M","?","E","R","M","T","$","?","R","$","M","R","B",null],"character_chosen":"IRONCLAD","items_purchased":["Sling","Pummel","Toolbox"],"campfire_rested":0,"item_purchase_floors":[11,29,47],"current_hp_per_floor":[80,64,64,64,70,76,76,76,76,80,80,80,76,80,80,80,80,74,74,58,58,58,58,58,58,58,58,58,58,61,61,61,47,80,84,84,84,85,85,85,85,85,85,85,85,85,85,85,85,85],"gold":97,"neow_bonus":"THREE_ENEMY_KILL","is_daily":false,"chose_seed":false,"campfire_upgraded":8,"win_rate":0.0,"timestamp":1611112727,"path_taken":["M","?","?","?","M","E","R","?","T","M","$","M","E","M","R","BOSS","M","M","?","M","?","R","?","R","T","E","?","$","M","M","R","BOSS","M","?","?","M","?","E","R","M","T","$","?","R","$","M","R","BOSS"],"items_purchased_type":["Relic","Card","Relic"],"build_version":"2020-12-22","purchased_purges":2,"victory":true,"max_hp_per_floor":[80,80,80,80,80,80,80,80,80,80,80,80,80,80,80,80,80,80,80,80,80,80,80,80,80,80,80,80,80,80,80,80,80,80,85,85,85,85,85,85,85,85,85,85,85,85,85,85,85,85],"card_choices":[{"not_picked":["Anger","Power Through"],"picked":"Armaments","floor":1.0},{"not_picked":["Power Through","Thunderclap"],"picked":"Shrug It Off","floor":5.0},{"not_picked":["Iron Wave","Carnage"],"picked":"Spot Weakness","floor":6.0},{"not_picked":["Havoc","Pommel Strike"],"picked":"Inflame","floor":10.0},{"not_picked":["Rampage","Havoc"],"picked":"Heavy Blade","floor":12.0},{"not_picked":["Perfected Strike","Flex","Combust"],"picked":"SKIP","floor":13},{"not_picked":["Clash","Dropkick","Chill_Blood"],"picked":"Offering","floor":14},{"not_picked":["Fiend Fire","Brutality","Requiem"],"picked":"Impervious","floor":16},{"not_picked":["Clothesline+1","hubris:ReadiedAction","Blood_Is_Power"],"picked":"Disarm+1","floor":18},{"not_picked":["Feel No Pain+1","Rupture","Bloodletting+1","Summon_Undead_Army"],"picked":"SKIP","floor":19},{"not_picked":["Pommel Strike","Headbutt","Bones_to_Steel"],"picked":"Pummel","floor":21},{"not_picked":["Body Slam","Havoc","Violent_Necrosis"],"picked":"Whirlwind","floor":27},{"not_picked":["Metallicize","Havoc+1","Death_Coil"],"picked":"Twin Strike","floor":30},{"not_picked":["Inflame","Iron Wave","Summon_Death_Knight"],"picked":"Body Slam","floor":31},{"not_picked":["hubris:StunningStrike","Fiend Fire","Blood_Magic"],"picked":"Reaper","floor":33},{"not_picked":["Iron Wave","True Grit","Headbutt+1","Consume_Illness"],"picked":"SKIP","floor":35},{"not_picked":["Heavy Blade+1","Warcry","Perfected Strike+1","Flesh_Made_Foul"],"picked":"SKIP","floor":36},{"not_picked":["Thunderclap+1","Body Slam+1","Rampage","Spectral_Walk"],"picked":"SKIP","floor":38},{"not_picked":["Thunderclap+1","Body Slam+1","Rampage"],"picked":"Spectral_Walk","floor":38},{"not_picked":["Clothesline+1","Uppercut","Shockwave+1","Blood_Whip"],"picked":"SKIP","floor":40},{"not_picked":["Headbutt","Havoc+1","Summon_Undead"],"picked":"Shrug It Off","floor":42},{"not_picked":["Rampage+1","Cleave+1","Reckless Charge","Finger_Of_Death"],"picked":"SKIP","floor":48}],"player_experience":619764,"relics_obtained":[{"floor":3.0,"key":"Omamori"},{"floor":6.0,"key":"hubris:IronBody"},{"floor":9.0,"key":"Paper Frog"},{"floor":13,"key":"hubris:DisguiseKit"},{"floor":20,"key":"Enchiridion"},{"floor":26,"key":"hubris:MysteriousPyramids"},{"floor":27,"key":"hubris:TenFootPole"},{"floor":37,"key":"Bag of Marbles"},{"floor":40,"key":"Matryoshka"},{"floor":43,"key":"Art of War"},{"floor":43,"key":"Mercury Hourglass"}],"event_choices":[{"damage_healed":0.0,"max_hp_gain":0.0,"max_hp_loss":0.0,"gold_gain":0.0,"event_name":"Shining Light","player_choice":"Entered Light","floor":2.0,"gold_loss":0.0,"damage_taken":16.0,"cards_upgraded":["Armaments","Strike_R"]},{"damage_healed":0.0,"max_hp_gain":0.0,"max_hp_loss":0.0,"gold_gain":0.0,"cards_transformed":["Strike_R"],"event_name":"Living Wall","player_choice":"Change","floor":4.0,"gold_loss":0.0,"damage_taken":0.0,"cards_obtained":["Limit Break"]},{"cards_removed":["Strike_R"],"damage_healed":0.0,"max_hp_gain":0.0,"max_hp_loss":0.0,"gold_gain":0.0,"event_name":"The Cleric","player_choice":"Card Removal","floor":8.0,"gold_loss":50.0,"damage_taken":0.0},{"damage_healed":0,"gold_gain":0,"player_choice":"Obtained Book","damage_taken":16,"max_hp_gain":0,"max_hp_loss":0,"event_name":"Cursed Tome","floor":20,"gold_loss":0},{"damage_healed":0,"gold_gain":0,"player_choice":"Stole Relic","damage_taken":0,"relics_obtained":["Tiny Chest"],"max_hp_gain":0,"max_hp_loss":0,"event_name":"Addict","floor":22,"gold_loss":0,"cards_obtained":["Shame"]},{"damage_healed":0,"gold_gain":0,"player_choice":"Smashed Altar","damage_taken":0,"max_hp_gain":0,"max_hp_loss":0,"event_name":"Forgotten Altar","floor":24,"gold_loss":0,"cards_obtained":["Decay"]},{"damage_healed":0,"gold_gain":0,"player_choice":"Copied","damage_taken":0,"max_hp_gain":0,"max_hp_loss":0,"event_name":"Duplicator","floor":28,"gold_loss":0,"cards_obtained":["Inflame"]},{"damage_healed":0,"gold_gain":0,"player_choice":"Ignored","damage_taken":0,"max_hp_gain":0,"max_hp_loss":0,"event_name":"Tomb of Lord Red Mask","floor":39,"gold_loss":0},{"damage_healed":0,"gold_gain":0,"player_choice":"Memory 1","damage_taken":0,"max_hp_gain":0,"max_hp_loss":0,"event_name":"SensoryStone","floor":45,"gold_loss":0}],"is_beta":false,"boss_relics":[{"not_picked":["Fusion Hammer","hubris:VirtuousBlindfold"],"picked":"Velvet Choker"},{"not_picked":["Black Star","Coffee Dripper"],"picked":"Empty Cage"}],"items_purged_floors":[29,44],"is_endless":false,"potions_floor_spawned":[5,10,13,14,21,30,31,35,42,48],"ascension_level":0}}