{"host":"eejrqhjknvwl59ep","time":1611158862,"event":{"mods":["AchievementEnabler","BaseMod","Defuse TimeMaze Blight","Hubris","Infinite Spire","Minty Spire (QoL Compilation)","StSLib"],"gold_per_floor":[115,115,390,140,140,165,198,230,230,244,244,75,86,119,119,228,228,241,241,70,72,72,72,106,106,106,131,131,157,157,81,81,182,182,198,198,304,304,304,304,336,365,388,388,388,388,140,196,196,304,304,304],"floor_reached":51,"language":"ENG","playtime":2277,"items_purged":["Regret","Pain"],"score":825,"play_id":"c07c5b6f-aa94-499d-9fbe-81a75cb7df91","local_time":"20210120170742","daily_mods":["Draft","Heirloom","Flight"],"is_ascension_mode":false,"campfire_choices":[{"data":"infinitespire:OneForAll","floor":15,"key":"SMITH"},{"data":"Armaments","floor":28,"key":"SMITH"},{"data":"Berserk","floor":30,"key":"SMITH"},{"data":"hubris:EnhanceAbility","floor":32,"key":"SMITH"},{"data":"Evolve","floor":40,"key":"SMITH"},{"data":"Fire Breathing","floor":44,"key":"SMITH"},{"data":"Fire Breathing","floor":46,"key":"SMITH"},{"data":"hubris:Fate","floor":49,"key":"SMITH"}],"circlet_count":0,"master_deck":["Iron Wave","Thunderclap","Pummel","Shrug It Off","True Grit","Pommel Strike","Armaments+1","Shrug It Off","Pommel Strike","Flame Barrier","Power Through","Shrug It Off","Body Slam","Thunderclap","infinitespire:OneForAll+1","hubris:EnhanceAbility+1","Shrug It Off","Fire Breathing+1","infinitespire:OneForAll","Immolate","Reckless Charge+1","Flash of Steel","Inflame","hubris:Fate+1","Berserk+1","Fire Breathing+1","Juggernaut","Wild Strike+1","Finesse+1","hubris:Fate+1","Reckless Charge","Evolve+1","Metallicize+1","Metallicize","hubris:EnhanceAbility","Juggernaut"],"relics":["Black Blood","Gambling Chip","Charon\u0027s Ashes","Thread and Needle","infinitespire:Midas Blood","Bronze Scales","WarpedTongs","Tiny Chest","Empty Cage","hubris:SlimyHat","Oddly Smooth Stone","Kunai","Toxic Egg 2","Nunchaku","Runic Cube","hubris:64BitClover","Matryoshka","Potion Belt","Ginger","infinitespire:ShieldingShard","Centennial Puzzle","infinitespire:Joker Card"],"acts_visited":["Exordium","TheCity","TheBeyond","Exordium"],"potions_floor_usage":[7,16,16,33,50],"damage_taken":[{"damage":0,"enemies":"Small Slimes","floor":1,"turns":4},{"damage":24,"enemies":"Lagavulin","floor":6,"turns":7},{"damage":9,"enemies":"3 Sentries","floor":7,"turns":6},{"damage":10,"enemies":"Lagavulin","floor":8,"turns":9},{"damage":0,"enemies":"Jaw Worm","floor":10,"turns":3},{"damage":0,"enemies":"Cultist","floor":13,"turns":4},{"damage":0,"enemies":"Gremlin Nob","floor":14,"turns":3},{"damage":14,"enemies":"The Guardian","floor":16,"turns":7},{"damage":3,"enemies":"2 Thieves","floor":18,"turns":4},{"damage":5,"enemies":"Nightmare","floor":24,"turns":10},{"damage":0,"enemies":"Gremlin Leader","floor":27,"turns":7},{"damage":0,"enemies":"Book of Stabbing","floor":29,"turns":6},{"damage":0,"enemies":"Collector","floor":33,"turns":6},{"damage":7,"enemies":"3 Shapes","floor":35,"turns":4},{"damage":4,"enemies":"infinitespire:Three Voidlings","floor":37,"turns":3},{"damage":23,"enemies":"Nightmare_Alpha","floor":37,"turns":10},{"damage":21,"enemies":"Giant Head","floor":41,"turns":6},{"damage":4,"enemies":"Nemesis","floor":42,"turns":5},{"damage":26,"enemies":"2 Orb Walkers","floor":48,"turns":3},{"damage":6,"enemies":"infinitespire:MassOfShapes","floor":50,"turns":4}],"seed_played":"3698689425746658412","potions_obtained":[{"floor":1,"key":"AttackPotion"},{"floor":6,"key":"SteroidPotion"},{"floor":7,"key":"Fruit Juice"},{"floor":18,"key":"ColorlessPotion"},{"floor":24,"key":"Swift Potion"},{"floor":27,"key":"Energy Potion"},{"floor":33,"key":"SpeedPotion"},{"floor":41,"key":"FearPotion"},{"floor":42,"key":"Strength Potion"},{"floor":50,"key":"Block Potion"}],"is_trial":true,"path_per_floor":["M","?","?","$","$","E","E","E","T","M","?","$","M","E","R","B",null,"M","?","$","?","?","T","NM","AVR","T","E","R","E","R","$","R","B",null,"M","?","?","?","T","R","E","E","T","R","?","R","$","?","R","B",null],"character_chosen":"IRONCLAD","items_purchased":["hubris:EnhanceAbility","Fire Breathing","Flash of Steel","Inflame","Fire Breathing","Metallicize","hubris:EnhanceAbility"],"campfire_rested":0,"item_purchase_floors":[4,12,20,20,31,47,47],"current_hp_per_floor":[80,85,85,85,85,67,69,65,65,71,71,71,77,83,83,75,90,90,90,90,72,72,72,73,73,73,79,79,85,85,85,85,91,95,94,94,78,78,78,78,63,65,65,65,65,65,65,45,45,45,95,95],"gold":304,"neow_bonus":"","is_daily":false,"chose_seed":false,"campfire_upgraded":8,"win_rate":0.0,"timestamp":1611158862,"path_taken":["M","?","?","$","$","E","E","E","T","?","?","$","M","E","R","BOSS","M","?","$","?","?","?","NM","AVR","T","E","R","E","R","$","R","BOSS","M","?","?","?","?","R","E","E","T","R","?","R","$","?","R","BOSS"],"items_purchased_type":["Card","Card","Card","Card","Card","Card","Card"],"build_version":"2020-12-22","purchased_purges":2,"victory":false,"max_hp_per_floor":[80,85,85,85,85,85,90,90,90,90,90,90,90,90,90,90,90,90,90,90,95,95,95,95,95,95,95,95,95,95,95,95,95,95,95,95,95,95,95,95,95,95,95,95,95,95,95,95,95,95,95,95],"card_choices":[{"not_picked":["Shockwave","Flex"],"picked":"Iron Wave","floor":0},{"not_picked":["Entrench","Anger"],"picked":"Thunderclap","floor":0},{"not_picked":["hubris:ReadiedAction","Warcry"],"picked":"Pummel","floor":0},{"not_picked":["Disarm","Uppercut"],"picked":"Shrug It Off","floor":0},{"not_picked":["Rupture","Flex"],"picked":"True Grit","floor":0},{"not_picked":["Warcry","Iron Wave"],"picked":"Pommel Strike","floor":0},{"not_picked":["Combust","Anger"],"picked":"Armaments","floor":0},{"not_picked":["Entrench","Clash"],"picked":"Shrug It Off","floor":0},{"not_picked":["Anger","Sever Soul"],"picked":"Clothesline","floor":0},{"not_picked":["Havoc","hubris:ReadiedAction"],"picked":"Pommel Strike","floor":0},{"not_picked":["Dark Embrace","Body Slam"],"picked":"Flame Barrier","floor":0},{"not_picked":["Second Wind","Rupture"],"picked":"Power Through","floor":0},{"not_picked":["Disarm","Rupture"],"picked":"Shrug It Off","floor":0},{"not_picked":["True Grit","Dropkick"],"picked":"Body Slam","floor":0},{"not_picked":["Flex","Hemokinesis"],"picked":"Thunderclap","floor":0},{"not_picked":["Rage","Body Slam","Sword Boomerang"],"picked":"SKIP","floor":1},{"not_picked":["Flame Barrier","Carnage","Whirlwind"],"picked":"SKIP","floor":6},{"not_picked":["Sword Boomerang","Iron Wave","Thunderclap"],"picked":"SKIP","floor":7},{"not_picked":["Havoc","Iron Wave"],"picked":"Shrug It Off","floor":8},{"not_picked":["Headbutt","Body Slam","hubris:ReadiedAction"],"picked":"SKIP","floor":10},{"not_picked":["Iron Wave","Clash"],"picked":"Cleave","floor":13},{"not_picked":["Bludgeon","Clothesline"],"picked":"infinitespire:OneForAll","floor":14},{"not_picked":["Fiend Fire","Brutality"],"picked":"Immolate","floor":16},{"not_picked":["Twin Strike","Flex+1"],"picked":"Reckless Charge+1","floor":18},{"not_picked":["Cleave","Havoc","Flex"],"picked":"SKIP","floor":24},{"not_picked":["Uppercut","Armaments+1","Cleave+1"],"picked":"SKIP","floor":27},{"not_picked":["Thunderclap","Intimidate+1"],"picked":"Berserk","floor":29},{"not_picked":["Reaper","Demon Form"],"picked":"Juggernaut","floor":33},{"not_picked":["Twin Strike","Sword Boomerang+1"],"picked":"Wild Strike+1","floor":35},{"not_picked":["Secret Weapon+1","Panache"],"picked":"Finesse+1","floor":36},{"not_picked":["infinitespire:TheBestDefense","hubris:Rewind"],"picked":"hubris:Fate","floor":37},{"not_picked":["Thunderclap+1","Rage+1"],"picked":"Reckless Charge","floor":37},{"not_picked":["Armaments+1","Shrug It Off+1"],"picked":"Metallicize+1","floor":41},{"not_picked":["hubris:CleavingFinish+1","Sentinel+1","Offering+1"],"picked":"SKIP","floor":42},{"not_picked":["Feed","hubris:StunningStrike"],"picked":"Juggernaut","floor":50}],"player_experience":249083,"relics_obtained":[{"floor":6,"key":"Charon\u0027s Ashes"},{"floor":7,"key":"Thread and Needle"},{"floor":8,"key":"infinitespire:Midas Blood"},{"floor":9,"key":"Bronze Scales"},{"floor":14,"key":"Tiny Chest"},{"floor":23,"key":"hubris:SlimyHat"},{"floor":24,"key":"Oddly Smooth Stone"},{"floor":26,"key":"Kunai"},{"floor":27,"key":"Toxic Egg 2"},{"floor":29,"key":"Nunchaku"},{"floor":37,"key":"hubris:64BitClover"},{"floor":39,"key":"Matryoshka"},{"floor":41,"key":"Potion Belt"},{"floor":42,"key":"Ginger"},{"floor":43,"key":"infinitespire:ShieldingShard"},{"floor":43,"key":"Centennial Puzzle"},{"floor":48,"key":"infinitespire:Joker Card"}],"event_choices":[{"damage_healed":0,"gold_gain":0,"player_choice":"Donut","damage_taken":0,"max_hp_gain":5,"max_hp_loss":0,"event_name":"Big Fish","floor":2,"gold_loss":0},{"damage_healed":0,"gold_gain":275,"player_choice":"Desecrate","damage_taken":0,"max_hp_gain":0,"max_hp_loss":0,"event_name":"Golden Shrine","floor":3,"gold_loss":0,"cards_obtained":["Regret"]},{"damage_healed":0,"gold_gain":0,"player_choice":"Rummage","damage_taken":0,"relics_obtained":["WarpedTongs"],"max_hp_gain":0,"max_hp_loss":0,"event_name":"Accursed Blacksmith","floor":11,"gold_loss":0,"cards_obtained":["Pain"]},{"damage_healed":0,"gold_gain":0,"player_choice":"Shed Blood","damage_taken":23,"max_hp_gain":5,"max_hp_loss":0,"event_name":"Forgotten Altar","floor":21,"gold_loss":0},{"damage_healed":0,"gold_gain":0,"player_choice":"Bought 0 Potions","damage_taken":0,"max_hp_gain":0,"max_hp_loss":0,"event_name":"The Woman in Blue","floor":22,"gold_loss":0},{"damage_healed":0,"gold_gain":0,"player_choice":"Memory 1","damage_taken":0,"max_hp_gain":0,"max_hp_loss":0,"event_name":"SensoryStone","floor":36,"gold_loss":0},{"damage_healed":0,"gold_gain":0,"player_choice":"Ignored","damage_taken":0,"max_hp_gain":0,"max_hp_loss":0,"event_name":"Tomb of Lord Red Mask","floor":45,"gold_loss":0},{"damage_healed":0,"gold_gain":0,"player_choice":"Fight","damage_taken":0,"max_hp_gain":0,"max_hp_loss":0,"event_name":"Mysterious Sphere","floor":48,"gold_loss":0}],"is_beta":false,"boss_relics":[{"not_picked":["hubris:CrackedHourglass","hubris:Stopwatch"],"picked":"Empty Cage"},{"not_picked":["Snecko Eye","Runic Dome"],"picked":"Runic Cube"},{"not_picked":["Velvet Choker","hubris:GrandSneckoEye"],"picked":"Black Blood"}],"items_purged_floors":[4,12],"is_endless":true,"potions_floor_spawned":[1,6,7,18,24,27,33,37,41,42,50],"ascension_level":0}}