{"host":"y3h3n3f7seyagppx","time":1611120905,"event":{"mods":["AlwaysNeverKeys","BaseMod","Better Vampires","Colored Powertips","DeckTracker","Emptier Cage","Minty Spire (QoL Compilation)","Permanent Neow","Quick Restart","Rare Cards Sparkle","Relic Sorter","Relic Stats","StSLib","Transform Curses"],"gold_per_floor":[117,132,142,142,142,168,186,186,211,241,241,251,251,278,278,349,349,365,382,395,411,411,444,206,240,240,259,259,287,301,327,327,401,401,416,432,171,171,184,184,216,216,216,216,48,83,83,110,110,110,110,110,110,29,55,55],"floor_reached":57,"language":"ENG","playtime":5917,"items_purged":["Strike_R","Strike_R"],"score":3126,"play_id":"1a48af86-a801-4b7c-b216-b7b3064461af","local_time":"20210120003505","is_ascension_mode":true,"campfire_choices":[{"data":"Bash","floor":8,"key":"SMITH"},{"data":"Flame Barrier","floor":11,"key":"SMITH"},{"data":"Bludgeon","floor":13,"key":"SMITH"},{"data":"Battle Trance","floor":15,"key":"SMITH"},{"data":"Uppercut","floor":28,"key":"SMITH"},{"data":"Double Tap","floor":32,"key":"SMITH"},{"data":"Bludgeon","floor":40,"key":"SMITH"},{"floor":47,"key":"REST"},{"floor":49,"key":"REST"},{"floor":53,"key":"REST"}],"circlet_count":0,"master_deck":["AscendersBane","Strike_R","Strike_R","Defend_R","Defend_R","Defend_R","Defend_R","Bash+1","Bludgeon+1","Carnage+1","Burning Pact","Flame Barrier+1","Battle Trance+1","Reaper","Uppercut+1","Entrench","Shrug It Off+1","RitualDagger","Bludgeon","Shrug It Off+1","Bludgeon+1","Evolve+1","Body Slam","Double Tap+1","Reaper","Metallicize+1","True Grit+1","Dark Shackles","Ghostly Armor+1","Feel No Pain+1","Uppercut+1","Dark Embrace+1"],"relics":["Philosopher\u0027s Stone","Art of War","MealTicket","Ancient Tea Set","Bag of Marbles","Snecko Eye","Prayer Wheel","ClockworkSouvenir","HornCleat","Paper Frog","Frozen Egg 2","Blood Vial","Mark of Pain","Red Skull","Strawberry","Regal Pillow","Orrery","Dream Catcher","Sundial","TungstenRod"],"acts_visited":["Exordium","TheCity","TheBeyond","TheEnding"],"potions_floor_usage":[6,10,18,19,30,31,33,33,46,56],"damage_taken":[{"damage":2,"enemies":"Cultist","floor":1,"turns":3},{"damage":2,"enemies":"2 Louse","floor":2,"turns":3},{"damage":0,"enemies":"Small Slimes","floor":3,"turns":2},{"damage":0,"enemies":"3 Sentries","floor":6,"turns":7},{"damage":5,"enemies":"2 Fungi Beasts","floor":7,"turns":2},{"damage":7,"enemies":"Gremlin Nob","floor":10,"turns":3},{"damage":0,"enemies":"Large Slime","floor":12,"turns":2},{"damage":11,"enemies":"Lagavulin","floor":14,"turns":4},{"damage":19,"enemies":"Slime Boss","floor":16,"turns":4},{"damage":8,"enemies":"3 Byrds","floor":18,"turns":3},{"damage":0,"enemies":"Shell Parasite","floor":19,"turns":1},{"damage":2,"enemies":"Cultist and Chosen","floor":20,"turns":4},{"damage":1,"enemies":"Centurion and Healer","floor":21,"turns":5},{"damage":24,"enemies":"Book of Stabbing","floor":23,"turns":3},{"damage":0,"enemies":"Gremlin Leader","floor":25,"turns":3},{"damage":11,"enemies":"Snake Plant","floor":27,"turns":2},{"damage":0,"enemies":"Book of Stabbing","floor":29,"turns":2},{"damage":0,"enemies":"3 Cultists","floor":30,"turns":2},{"damage":3,"enemies":"Slavers","floor":31,"turns":4},{"damage":22,"enemies":"Automaton","floor":33,"turns":6},{"damage":10,"enemies":"3 Shapes","floor":35,"turns":3},{"damage":1,"enemies":"Orb Walker","floor":36,"turns":2},{"damage":0,"enemies":"Spire Growth","floor":39,"turns":3},{"damage":0,"enemies":"Giant Head","floor":41,"turns":2},{"damage":23,"enemies":"Reptomancer","floor":46,"turns":8},{"damage":0,"enemies":"Giant Head","floor":48,"turns":3},{"damage":61,"enemies":"Time Eater","floor":50,"turns":9},{"damage":51,"enemies":"Awakened One","floor":51,"turns":11},{"damage":0,"enemies":"Shield and Spear","floor":55,"turns":3},{"damage":76,"enemies":"The Heart","floor":56,"turns":8}],"seed_played":"1119026100432501168","potions_obtained":[{"floor":2,"key":"FearPotion"},{"floor":3,"key":"HeartOfIron"},{"floor":6,"key":"Explosive Potion"},{"floor":16,"key":"ColorlessPotion"},{"floor":18,"key":"DistilledChaos"},{"floor":19,"key":"Dexterity Potion"},{"floor":21,"key":"EntropicBrew"},{"floor":30,"key":"EssenceOfSteel"},{"floor":41,"key":"EssenceOfSteel"},{"floor":46,"key":"Ancient Potion"},{"floor":48,"key":"GamblersBrew"}],"is_trial":false,"path_per_floor":["M","M","M","?","?","E","M","R","T","E","R","M","R","E","R","B",null,"M","M","M","M","?","E","$","E","T","M","R","E","M","E","R","B",null,"M","M","$","?","M","R","E","?","T","?","$","E","R","E","R","B","B",null,"R","$","E","B",null],"character_chosen":"IRONCLAD","items_purchased":["ClockworkSouvenir","Red Skull","Orrery","LiquidMemories"],"campfire_rested":3,"item_purchase_floors":[24,37,45,54],"current_hp_per_floor":[66,64,64,57,57,57,52,52,52,45,45,45,45,34,34,15,60,52,58,60,65,59,41,56,62,62,58,58,58,72,69,69,64,72,64,72,75,71,71,71,78,78,78,68,78,75,78,78,78,45,19,63,78,78,78,14],"gold":55,"neow_bonus":"BOSS_RELIC","is_daily":false,"chose_seed":false,"campfire_upgraded":7,"win_rate":0.0,"timestamp":1611120905,"path_taken":["M","M","M","?","?","E","M","R","T","E","R","M","R","E","R","BOSS","M","M","?","M","?","E","$","E","T","M","R","E","M","E","R","BOSS","M","M","$","?","M","R","E","?","T","?","$","E","R","E","R","BOSS","BOSS","R","$","E","BOSS"],"items_purchased_type":["Relic","Relic","Relic","Potion"],"build_version":"2020-12-22","purchased_purges":2,"victory":true,"max_hp_per_floor":[75,75,75,75,75,75,75,75,75,75,75,75,75,75,75,75,75,75,75,75,75,75,75,75,75,75,75,75,75,75,75,75,75,75,75,75,75,71,71,71,78,78,78,78,78,78,78,78,78,78,78,78,78,78,78,78],"relic_stats":{"Blood Vial":8,"Regal Pillow":0,"Dream Catcher":3,"counters":[30,117],"Sundial":[4],"Snecko Eye":[175,176,157,176],"MealTicket":28,"Prayer Wheel":5,"Art of War":[3],"obtain_stats":[{"Regal Pillow":43,"Frozen Egg 2":29,"Ancient Tea Set":10,"Burning Blood":0,"ClockworkSouvenir":24,"Blood Vial":31,"Dream Catcher":46,"HornCleat":25,"Sundial":48,"Strawberry":41,"Snecko Eye":17,"Orrery":45,"Philosopher\u0027s Stone":0,"MealTicket":9,"Prayer Wheel":23,"Mark of Pain":34,"Art of War":6,"Bag of Marbles":14,"Red Skull":37,"TungstenRod":55,"Paper Frog":26},{"Regal Pillow":24,"Frozen Egg 2":17,"Ancient Tea Set":6,"Burning Blood":0,"ClockworkSouvenir":14,"Blood Vial":19,"Dream Catcher":25,"HornCleat":15,"Sundial":26,"Strawberry":24,"Snecko Eye":9,"Orrery":24,"Philosopher\u0027s Stone":0,"MealTicket":5,"Prayer Wheel":14,"Mark of Pain":20,"Art of War":4,"Bag of Marbles":8,"Red Skull":22,"TungstenRod":29,"Paper Frog":15},{"Regal Pillow":75,"Frozen Egg 2":53,"Ancient Tea Set":20,"Burning Blood":0,"ClockworkSouvenir":46,"Blood Vial":59,"Dream Catcher":83,"HornCleat":49,"Sundial":86,"Strawberry":75,"Snecko Eye":30,"Orrery":75,"Philosopher\u0027s Stone":0,"MealTicket":17,"Prayer Wheel":46,"Mark of Pain":65,"Art of War":15,"Bag of Marbles":26,"Red Skull":70,"TungstenRod":109,"Paper Frog":49}],"TungstenRod":19},"card_choices":[{"not_picked":["Flex","Rupture","Wild Strike"],"picked":"SKIP","floor":1},{"not_picked":["Havoc","Ghostly Armor"],"picked":"Bludgeon","floor":2},{"not_picked":["Warcry","Rampage"],"picked":"Carnage","floor":3},{"not_picked":["Flex","Juggernaut"],"picked":"Burning Pact","floor":6},{"not_picked":["Rupture","Havoc","Cleave"],"picked":"SKIP","floor":7},{"not_picked":["Perfected Strike","Pommel Strike"],"picked":"Flame Barrier","floor":10},{"not_picked":["Twin Strike","Clash"],"picked":"Battle Trance","floor":12},{"not_picked":["Heavy Blade","Sword Boomerang","Warcry"],"picked":"SKIP","floor":14},{"not_picked":["Demon Form","Brutality"],"picked":"Reaper","floor":16},{"not_picked":["Headbutt","Perfected Strike","Iron Wave"],"picked":"SKIP","floor":18},{"not_picked":["Thunderclap","Body Slam+1"],"picked":"Uppercut","floor":19},{"not_picked":["Sentinel","Intimidate"],"picked":"Entrench","floor":20},{"not_picked":["Bloodletting","Pommel Strike+1"],"picked":"Shrug It Off+1","floor":21},{"not_picked":["Intimidate","Rage"],"picked":"Bludgeon","floor":23},{"not_picked":["Carnage","Anger","Infernal Blade"],"picked":"SKIP","floor":25},{"not_picked":["Sword Boomerang","Iron Wave"],"picked":"Shrug It Off+1","floor":27},{"not_picked":["Cleave","Perfected Strike","Warcry"],"picked":"SKIP","floor":27},{"not_picked":["Cleave","Perfected Strike","Warcry"],"picked":"SKIP","floor":27},{"not_picked":["Cleave","Perfected Strike","Warcry"],"picked":"SKIP","floor":27},{"not_picked":["Second Wind","Pummel"],"picked":"Bludgeon","floor":29},{"not_picked":["Uppercut","Fire Breathing+1"],"picked":"Evolve+1","floor":30},{"not_picked":["Hemokinesis","Disarm"],"picked":"Body Slam","floor":30},{"not_picked":["Cleave","Twin Strike"],"picked":"Double Tap","floor":31},{"not_picked":["Berserk+1","Juggernaut+1"],"picked":"Reaper","floor":33},{"not_picked":["Heavy Blade","Sever Soul"],"picked":"Metallicize+1","floor":35},{"not_picked":["Sentinel","Warcry","Pummel"],"picked":"SKIP","floor":35},{"not_picked":["Reckless Charge","Dark Embrace+1"],"picked":"True Grit+1","floor":36},{"not_picked":["Pommel Strike","Body Slam","Warcry"],"picked":"SKIP","floor":36},{"not_picked":["Heavy Blade","Body Slam","Battle Trance"],"picked":"SKIP","floor":39},{"not_picked":["Dropkick","Sever Soul+1","Ghostly Armor"],"picked":"SKIP","floor":39},{"not_picked":["Spot Weakness","Body Slam","Sever Soul+1"],"picked":"SKIP","floor":41},{"not_picked":["Blind","PanicButton"],"picked":"Dark Shackles","floor":44},{"not_picked":["Twin Strike","Thunderclap+1"],"picked":"Ghostly Armor+1","floor":45},{"not_picked":["Sword Boomerang","Whirlwind"],"picked":"Feel No Pain+1","floor":46},{"not_picked":["Twin Strike","Clothesline"],"picked":"Uppercut+1","floor":47},{"not_picked":["Armaments","Cleave"],"picked":"Dark Embrace+1","floor":48},{"not_picked":["Spot Weakness","Uppercut","Feed"],"picked":"SKIP","floor":55}],"player_experience":21372413,"relics_obtained":[{"floor":6,"key":"Art of War"},{"floor":9,"key":"MealTicket"},{"floor":10,"key":"Ancient Tea Set"},{"floor":14,"key":"Bag of Marbles"},{"floor":23,"key":"Prayer Wheel"},{"floor":25,"key":"HornCleat"},{"floor":26,"key":"Paper Frog"},{"floor":29,"key":"Frozen Egg 2"},{"floor":31,"key":"Blood Vial"},{"floor":41,"key":"Strawberry"},{"floor":43,"key":"Regal Pillow"},{"floor":46,"key":"Dream Catcher"},{"floor":48,"key":"Sundial"},{"floor":55,"key":"TungstenRod"}],"event_choices":[{"cards_removed":["Strike_R"],"damage_healed":0,"gold_gain":0,"player_choice":"Card Removal","damage_taken":7,"max_hp_gain":0,"max_hp_loss":0,"event_name":"Golden Wing","floor":4,"gold_loss":0},{"damage_healed":0,"gold_gain":0,"player_choice":"Upgraded","damage_taken":0,"max_hp_gain":0,"max_hp_loss":0,"event_name":"Upgrade Shrine","floor":5,"gold_loss":0,"cards_upgraded":["Carnage"]},{"damage_healed":0,"gold_gain":0,"player_choice":"Joined the Cult","damage_taken":6,"max_hp_gain":0,"max_hp_loss":0,"event_name":"Nest","floor":22,"gold_loss":0,"cards_obtained":["RitualDagger"]},{"damage_healed":0,"gold_gain":0,"player_choice":"Max HP","damage_taken":0,"max_hp_gain":0,"max_hp_loss":4,"event_name":"Winding Halls","floor":38,"gold_loss":0},{"damage_healed":0,"gold_gain":0,"player_choice":"Ignored","damage_taken":0,"max_hp_gain":0,"max_hp_loss":0,"event_name":"Tomb of Lord Red Mask","floor":42,"gold_loss":0},{"damage_healed":0,"gold_gain":0,"player_choice":"Memory 3","damage_taken":10,"max_hp_gain":0,"max_hp_loss":0,"event_name":"SensoryStone","floor":44,"gold_loss":0}],"is_beta":false,"boss_relics":[{"not_picked":["Runic Pyramid","Black Star"],"picked":"Snecko Eye"},{"not_picked":["Sozu","Runic Dome"],"picked":"Mark of Pain"}],"items_purged_floors":[24,37],"is_endless":false,"potions_floor_spawned":[2,3,6,16,18,19,21,29,30,41,46,48],"ascension_level":20}}