{"host":"3f9iajsu6jl92r7r","time":1611105308,"event":{"mods":["AchievementEnabler","Act Like it!","BaseMod","BetterRewards","Colored Map","Colored Powertips","Decade(???)","Lobotomy","Minty Spire (QoL Compilation)","Shop Mod","StSLib"],"gold_per_floor":[112,131,131,150,150,150,150],"floor_reached":6,"language":"ENG","playtime":721,"items_purged":[],"score":36,"play_id":"8d3ceedc-d301-4324-823d-cf59ad77fee4","local_time":"20210119201508","is_ascension_mode":false,"campfire_choices":[],"circlet_count":0,"master_deck":["Decade_Attack","Decade_Attack","Decade_Attack","Decade_Attack","KamenRide","Decade_SpecialSkill","Decade_Defend","Decade_Defend","Decade_Defend","Decade_Defend","WallGazer","DenO_Rod","RedShoes","UnarmedAttack3","UnarmedAttack5","PunishingBird","KamenRideDenO","Regret"],"relics":["Decadriver","TOEIDeficitBill","CogitoBucket","Golden Idol","Shuriken"],"acts_visited":["Exordium"],"potions_floor_usage":[6],"damage_taken":[{"damage":0.0,"enemies":"Jaw Worm","floor":1.0,"turns":5.0},{"damage":5.0,"enemies":"Cultist","floor":2.0,"turns":3.0},{"damage":7.0,"enemies":"2 Louse","floor":4.0,"turns":3.0},{"damage":122,"enemies":"3 Sentries","floor":6,"turns":3}],"seed_played":"4502162030781943370","potions_obtained":[{"floor":4.0,"key":"Dexterity Potion"}],"is_trial":false,"path_per_floor":["M","M","?","M","?","E"],"character_chosen":"Decade","items_purchased":[],"campfire_rested":0,"item_purchase_floors":[],"current_hp_per_floor":[70,65,48,41,41,0,0],"gold":150,"neow_bonus":"","is_daily":false,"chose_seed":false,"campfire_upgraded":0,"win_rate":0.0,"timestamp":1611105308,"path_taken":["M","M","?","M","?","E"],"items_purchased_type":[],"build_version":"2020-12-22","purchased_purges":0,"victory":false,"max_hp_per_floor":[70,70,70,70,70,70,70],"card_choices":[{"not_picked":["Variant","VoidDream"],"picked":"WallGazer","floor":1.0},{"not_picked":["FormRideTitan","Hibiki_Attack1"],"picked":"DenO_Rod","floor":1.0},{"not_picked":["BlackSwan","HappyTeddy"],"picked":"RedShoes","floor":2.0},{"not_picked":["Hibiki_FEVER","KamenRideKuuga"],"picked":"UnarmedAttack3","floor":2.0},{"not_picked":["Hibiki_Attack2","KamenRideBlade"],"picked":"UnarmedAttack5","floor":2.0},{"not_picked":["Woodsman","CrumblingArmor"],"picked":"PunishingBird","floor":4.0},{"not_picked":["KamenRideDecade","PhotonAcceleration"],"picked":"KamenRideDenO","floor":4.0}],"player_experience":4466,"relics_obtained":[],"event_choices":[{"damage_healed":0.0,"max_hp_gain":0.0,"max_hp_loss":0.0,"gold_gain":0.0,"event_name":"Golden Idol","player_choice":"Take Damage","floor":3.0,"gold_loss":0.0,"damage_taken":17.0,"relics_obtained":["Golden Idol"]},{"damage_healed":0.0,"max_hp_gain":0.0,"max_hp_loss":0.0,"gold_gain":0.0,"event_name":"Big Fish","player_choice":"Box","floor":5.0,"gold_loss":0.0,"damage_taken":0.0,"relics_obtained":["Shuriken"],"cards_obtained":["Regret"]}],"is_beta":false,"boss_relics":[],"items_purged_floors":[],"is_endless":false,"potions_floor_spawned":[4],"killed_by":"3 Sentries","ascension_level":0}}