{"host":"684z1xpuwaoqmmh1","time":1611152981,"event":{"mods":["BaseMod","Downfall","Hermit","Jorbs\u0027s Wanderer Trilogy","Marisa????????","Minty Spire (QoL Compilation)","Robot Space Explorer","Shade Mod","StSLib","The Bug Knight","The Cursed","The Dragon Tamer","The Hayseed","The Hierophant","The Marked","The Mystic","The Runesmith","The Senshi"],"gold_per_floor":[109,119,119,139,158,158,185,185,234,260,260,32,52,85,85,188,188,204,119,131,41,57,83,94,124,124,124,124,124,151,161,161,259,259,270,286,298,310,310,336,354,385,385,385,402,402,412,440,440,440,440,440,137,168,168,168],"floor_reached":55,"language":"ENG","playtime":3912,"items_purged":["TheSimpletonMod:Strike_TheSimpleton","TheSimpletonMod:Spoilage"],"score":1080,"play_id":"04490b4a-0474-4c27-8e23-a659cb5754c3","local_time":"20210120162941","is_ascension_mode":true,"campfire_choices":[{"data":"TheSimpletonMod:Swelter","floor":6,"key":"SMITH"},{"floor":8,"key":"REST"},{"data":"TheSimpletonMod:TakeHeart","floor":11,"key":"SMITH"},{"data":"TheSimpletonMod:Artichokes","floor":15,"key":"SMITH"},{"floor":27,"key":"REST"},{"data":"TheSimpletonMod:Barnstorm","floor":29,"key":"SMITH"},{"data":"TheSimpletonMod:Innovate","floor":32,"key":"SMITH"},{"floor":44,"key":"RECALL"},{"data":"TheSimpletonMod:LandGrant","floor":46,"key":"SMITH"},{"data":"TheSimpletonMod:DoubleDigging","floor":49,"key":"SMITH"},{"data":"TheSimpletonMod:ResistantStrain","floor":52,"key":"SMITH"}],"circlet_count":0,"master_deck":["TheSimpletonMod:Strike_TheSimpleton+1","TheSimpletonMod:Defend_TheSimpleton","TheSimpletonMod:Defend_TheSimpleton","TheSimpletonMod:Defend_TheSimpleton","TheSimpletonMod:Haymaker","TheSimpletonMod:ReapAndSow+1","TheSimpletonMod:LandGrant+1","TheSimpletonMod:OnionBloom","TheSimpletonMod:CloseScrape","TheSimpletonMod:Swelter+1","TheSimpletonMod:TakeHeart+1","TheSimpletonMod:Swelter+1","TheSimpletonMod:Sunchoke","TheSimpletonMod:Artichokes+1","TheSimpletonMod:ResistantStrain+1","TheSimpletonMod:CullingStrike+1","TheSimpletonMod:SlashAndBurn+1","TheSimpletonMod:RootDown","TheSimpletonMod:Fertilaser+1","TheSimpletonMod:Innovate+1","TheSimpletonMod:Sunseed+1","TheSimpletonMod:Barnstorm+1","TheSimpletonMod:Squash","TheSimpletonMod:DoubleDigging+1","TheSimpletonMod:GoToMarket+1","TheSimpletonMod:PestManagement+1","TheSimpletonMod:Germinate+1","TheSimpletonMod:DoubleBarrel","TheSimpletonMod:Squash"],"relics":["TheSimpletonMod:SpudOfTheInnocent","TheSimpletonMod:NightSoil","TheSimpletonMod:TheHarvester","InkBottle","Boot","Whetstone","Art of War","HornCleat","Astrolabe","TheSimpletonMod:Honeycomb","Runesmith:Locket","Anchor","Mummified Hand","Busted Crown","HollowMod:LifeEnderRelic","Guardian:GemstoneGun","Ornamental Fan","theSenshi:FeatherClipsRelic","Bronze Scales","Akabeko"],"acts_visited":["Exordium","TheCity","TheBeyond","TheEnding"],"potions_floor_usage":[7,14,18,25,31,40,48,54,55],"damage_taken":[{"damage":1,"enemies":"Small Slimes","floor":1,"turns":5},{"damage":3,"enemies":"2 Louse","floor":2,"turns":4},{"damage":10,"enemies":"Cultist","floor":4,"turns":4},{"damage":16,"enemies":"Lots of Slimes","floor":5,"turns":7},{"damage":30,"enemies":"3 Sentries","floor":7,"turns":7},{"damage":19,"enemies":"Gremlin Nob","floor":10,"turns":5},{"damage":5,"enemies":"Gremlin Gang","floor":13,"turns":4},{"damage":10,"enemies":"Lagavulin","floor":14,"turns":7},{"damage":8,"enemies":"The Guardian","floor":16,"turns":10},{"damage":12,"enemies":"2 Thieves","floor":18,"turns":4},{"damage":0,"enemies":"3 Byrds","floor":20,"turns":4},{"damage":3,"enemies":"3 Cultists","floor":22,"turns":4},{"damage":42,"enemies":"Book of Stabbing","floor":23,"turns":6},{"damage":3,"enemies":"Chosen and Byrds","floor":24,"turns":5},{"damage":45,"enemies":"Gremlin Leader","floor":25,"turns":7},{"damage":36,"enemies":"Book of Stabbing","floor":30,"turns":6},{"damage":0,"enemies":"Centurion and Healer","floor":31,"turns":4},{"damage":33,"enemies":"Collector","floor":33,"turns":12},{"damage":3,"enemies":"3 Shapes","floor":35,"turns":3},{"damage":0,"enemies":"Orb Walker","floor":36,"turns":3},{"damage":7,"enemies":"3 Darklings","floor":37,"turns":5},{"damage":8,"enemies":"Sphere and 2 Shapes","floor":38,"turns":7},{"damage":0,"enemies":"Giant Head","floor":40,"turns":9},{"damage":0,"enemies":"Spire Growth","floor":41,"turns":4},{"damage":0,"enemies":"Nemesis","floor":42,"turns":4},{"damage":0,"enemies":"Maw","floor":45,"turns":7},{"damage":19,"enemies":"Sphere and 2 Shapes","floor":47,"turns":7},{"damage":0,"enemies":"Reptomancer","floor":48,"turns":5},{"damage":62,"enemies":"Donu and Deca","floor":50,"turns":9},{"damage":9,"enemies":"Shield and Spear","floor":54,"turns":5},{"damage":70,"enemies":"The Heart","floor":55,"turns":6}],"seed_played":"-4290242592512561566","potions_obtained":[{"floor":1,"key":"CultistPotion"},{"floor":10,"key":"SkillPotion"},{"floor":13,"key":"Slimebound:ThreeZeroPotion"},{"floor":16,"key":"sneckomod:MuddlingPotion"},{"floor":18,"key":"Regen Potion"},{"floor":23,"key":"Weak Potion"},{"floor":30,"key":"Swift Potion"},{"floor":33,"key":"Explosive Potion"},{"floor":36,"key":"DistilledChaos"},{"floor":42,"key":"LiquidBronze"},{"floor":48,"key":"DistilledChaos"}],"is_trial":false,"path_per_floor":["M","M","?","M","M","R","E","R","T","E","R","$","M","E","R","B",null,"M","?","M","?","M","E","M","E","T","R","$","R","E","M","R","B",null,"M","M","M","M","?","E","M","E","T","R","M","R","M","E","R","B",null,"R","$","E","B"],"character_chosen":"THE_SIMPLETON","items_purchased":["Art of War","Bronze Scales","TheSimpletonMod:Squash"],"campfire_rested":2,"item_purchase_floors":[12,53,53],"current_hp_per_floor":[67,68,76,66,50,50,24,46,46,36,36,36,41,40,40,46,69,62,62,67,67,69,34,41,20,20,42,42,42,10,24,24,5,58,64,69,69,70,70,72,72,72,72,72,72,72,53,62,62,15,58,58,58,64,0,0],"gold":168,"neow_bonus":"THREE_RARE_CARDS","is_daily":false,"chose_seed":false,"campfire_upgraded":8,"win_rate":0.0,"timestamp":1611152981,"path_taken":["M","M","?","M","M","R","E","R","T","E","R","$","M","E","R","BOSS","M","?","M","?","?","E","M","E","T","R","?","R","E","M","R","BOSS","M","?","M","M","?","E","M","E","T","R","M","R","M","E","R","BOSS","R","$","E","BOSS"],"items_purchased_type":["Relic","Relic","Card"],"build_version":"2020-12-22","purchased_purges":2,"victory":false,"max_hp_per_floor":[68,68,76,76,76,76,76,76,76,76,76,76,76,76,76,76,76,76,76,76,76,76,76,76,76,76,76,76,76,76,76,76,76,76,76,76,76,76,72,72,72,72,72,72,72,72,72,72,72,72,72,72,72,72,72,72],"card_choices":[{"not_picked":["TheSimpletonMod:Biorefinement","TheSimpletonMod:DoubleDigging"],"picked":"TheSimpletonMod:LandGrant","floor":0},{"not_picked":["TheSimpletonMod:SaladShooter","TheSimpletonMod:Polyculture"],"picked":"TheSimpletonMod:OnionBloom","floor":1},{"not_picked":["TheSimpletonMod:PestManagement","TheSimpletonMod:OnionBloom"],"picked":"TheSimpletonMod:CloseScrape","floor":2},{"not_picked":["TheSimpletonMod:BumperCrop","TheSimpletonMod:Aerate"],"picked":"TheSimpletonMod:Swelter","floor":4},{"not_picked":["TheSimpletonMod:ToughenUp","TheSimpletonMod:Rototilling","TheSimpletonMod:DigIn"],"picked":"SKIP","floor":5},{"not_picked":["TheSimpletonMod:Thresh","TheSimpletonMod:Aerate"],"picked":"TheSimpletonMod:TakeHeart","floor":7},{"not_picked":["TheSimpletonMod:BumperCrop","TheSimpletonMod:DigIn"],"picked":"TheSimpletonMod:Swelter","floor":10},{"not_picked":["TheSimpletonMod:VineRipen","TheSimpletonMod:SlashAndBurn"],"picked":"TheSimpletonMod:Sunchoke","floor":13},{"not_picked":["TheSimpletonMod:SeedCoat","TheSimpletonMod:Ferment"],"picked":"TheSimpletonMod:Artichokes","floor":14},{"not_picked":["TheSimpletonMod:Surplus","TheSimpletonMod:ErosionControl"],"picked":"TheSimpletonMod:ResistantStrain","floor":16},{"not_picked":["TheSimpletonMod:DigIn","TheSimpletonMod:Rake"],"picked":"TheSimpletonMod:RootDown","floor":18},{"not_picked":["TheSimpletonMod:RootDown","TheSimpletonMod:SaladShooter"],"picked":"TheSimpletonMod:Fertilaser+1","floor":20},{"not_picked":["TheSimpletonMod:SpiceUp+1","TheSimpletonMod:ToughenUp+1"],"picked":"TheSimpletonMod:Innovate","floor":22},{"not_picked":["TheSimpletonMod:Swelter","TheSimpletonMod:Mulch"],"picked":"TheSimpletonMod:Sunseed+1","floor":23},{"not_picked":["TheSimpletonMod:Swelter","TheSimpletonMod:BumperCrop","TheSimpletonMod:Sunseed"],"picked":"SKIP","floor":24},{"not_picked":["TheSimpletonMod:CloseScrape","TheSimpletonMod:SpiceUp"],"picked":"TheSimpletonMod:Barnstorm","floor":25},{"not_picked":["TheSimpletonMod:CloseScrape","TheSimpletonMod:Sunchoke+1"],"picked":"TheSimpletonMod:Squash","floor":30},{"not_picked":["TheSimpletonMod:Rototilling","TheSimpletonMod:ToughenUp","TheSimpletonMod:PestManagement"],"picked":"SKIP","floor":31},{"not_picked":["TheSimpletonMod:ErosionControl","TheSimpletonMod:Barnstorm"],"picked":"TheSimpletonMod:DoubleDigging","floor":33},{"not_picked":["TheSimpletonMod:SlashAndBurn+1"],"picked":"SKIP","floor":35},{"not_picked":[],"picked":"TheSimpletonMod:GoToMarket+1","floor":36},{"not_picked":[],"picked":"TheSimpletonMod:PestManagement+1","floor":37},{"not_picked":["TheSimpletonMod:Polyculture"],"picked":"SKIP","floor":38},{"not_picked":[],"picked":"TheSimpletonMod:Germinate+1","floor":40},{"not_picked":["TheSimpletonMod:CullingStrike"],"picked":"SKIP","floor":41},{"not_picked":[],"picked":"TheSimpletonMod:DoubleBarrel","floor":42},{"not_picked":["TheSimpletonMod:SaladShooter"],"picked":"SKIP","floor":45},{"not_picked":["TheSimpletonMod:SoilSample"],"picked":"SKIP","floor":47},{"not_picked":["TheSimpletonMod:Innovate"],"picked":"SKIP","floor":48},{"not_picked":["TheSimpletonMod:Sunseed+1"],"picked":"SKIP","floor":54}],"player_experience":2881779,"relics_obtained":[{"floor":7,"key":"InkBottle"},{"floor":9,"key":"Boot"},{"floor":10,"key":"Whetstone"},{"floor":14,"key":"HornCleat"},{"floor":23,"key":"Runesmith:Locket"},{"floor":25,"key":"Anchor"},{"floor":30,"key":"Mummified Hand"},{"floor":40,"key":"HollowMod:LifeEnderRelic"},{"floor":42,"key":"Guardian:GemstoneGun"},{"floor":43,"key":"Ornamental Fan"},{"floor":48,"key":"theSenshi:FeatherClipsRelic"},{"floor":54,"key":"Akabeko"}],"event_choices":[{"damage_healed":0,"gold_gain":0,"player_choice":"Obtained Relic","damage_taken":0,"relics_obtained":["TheSimpletonMod:Honeycomb"],"max_hp_gain":0,"max_hp_loss":0,"event_name":"Addict","floor":19,"gold_loss":85},{"cards_removed":["TheSimpletonMod:ToughenUp"],"damage_healed":0,"gold_gain":0,"player_choice":"Upgrade and Remove","damage_taken":0,"max_hp_gain":0,"max_hp_loss":0,"event_name":"Designer","floor":21,"gold_loss":90,"cards_upgraded":["TheSimpletonMod:Swelter"]},{"damage_healed":0,"gold_gain":0,"player_choice":"Max HP","damage_taken":0,"max_hp_gain":0,"max_hp_loss":4,"event_name":"Winding Halls","floor":39,"gold_loss":0}],"is_beta":false,"boss_relics":[{"not_picked":["bronze:MakeshiftBattery","TheSimpletonMod:OnionBelt"],"picked":"Astrolabe"},{"not_picked":["Black Star","Snecko Eye"],"picked":"Busted Crown"}],"items_purged_floors":[12,53],"is_endless":false,"potions_floor_spawned":[1,10,13,16,18,23,30,33,36,37,42,45,48],"killed_by":"The Heart","ascension_level":5}}