{"host":"ewfe3cr33ktd9xzj","time":1611124439,"event":{"mods":["AchievementEnabler","Arknights The Spire","BaseMod","Colored Map","Custom Start","DeckTracker","Minty Spire (QoL Compilation)","Permanent Neow","Quick Restart","Rare Cards Sparkle","StSLib","everything is the same but u backflip on backflip"],"gold_per_floor":[112,132,142,161,174,174,174],"floor_reached":6,"language":"KOR","playtime":195,"items_purged":[],"score":40,"play_id":"e2427cca-23bf-4cf5-b289-8c6a72e8abc6","local_time":"20210120153359","is_ascension_mode":false,"campfire_choices":[],"circlet_count":0,"master_deck":["ats:Strike C","ats:Strike G","ats:Strike S","ats:Strike V","ats:Armor Crushing Shot","ats:Defend","ats:Defend","ats:Defend","ats:Defend","ats:Emotion Absorption","ats:Chain Hook"],"relics":["Velvet Choker"],"acts_visited":["Exordium"],"potions_floor_usage":[],"damage_taken":[{"damage":2,"enemies":"Small Slimes","floor":1,"turns":3},{"damage":6,"enemies":"2 Louse","floor":2,"turns":4},{"damage":5,"enemies":"Jaw Worm","floor":3,"turns":4},{"damage":22,"enemies":"Gremlin Gang","floor":4,"turns":6},{"damage":0,"enemies":"Exordium Wildlife","floor":5,"turns":3},{"damage":0,"enemies":"3 Sentries","floor":6,"turns":1}],"seed_played":"2342390928773414241","potions_obtained":[{"floor":1,"key":"Strength Potion"},{"floor":2,"key":"DuplicationPotion"}],"is_trial":false,"path_per_floor":["M","M","M","M","M","E"],"character_chosen":"DOCTOR_CLASS","items_purchased":[],"campfire_rested":0,"item_purchase_floors":[],"current_hp_per_floor":[70,64,59,37,37,37,37],"gold":174,"neow_bonus":"BOSS_RELIC","is_daily":false,"chose_seed":false,"campfire_upgraded":0,"win_rate":0.0,"timestamp":1611124439,"path_taken":["M","M","M","M","M","E"],"items_purchased_type":[],"build_version":"2020-12-22","purchased_purges":0,"victory":false,"max_hp_per_floor":[72,72,72,72,72,72,72],"card_choices":[{"not_picked":["ats:Support Order","ats:Powerful Strike","ats:Revitalization"],"picked":"SKIP","floor":1},{"not_picked":["ats:Cat Scratch","ats:Leaping Hammer","ats:Shell Defense"],"picked":"SKIP","floor":2},{"not_picked":["ats:Support Order","ats:Revitalization","ats:Leaping Hammer"],"picked":"SKIP","floor":3},{"not_picked":["ats:Explosion Area Strengthen","ats:Overload"],"picked":"ats:Chain Hook","floor":4},{"not_picked":["ats:Ignite","ats:Calcification","ats:Apocalypse"],"picked":"SKIP","floor":5}],"player_experience":53506,"relics_obtained":[],"event_choices":[],"is_beta":false,"boss_relics":[],"items_purged_floors":[],"is_endless":false,"potions_floor_spawned":[1,2],"killed_by":"3 Sentries","ascension_level":0}}