{"host":"6jrd8fn9k88n08be","time":1611104854,"event":{"mods":["BaseMod","Minty Spire (QoL Compilation)","StSLib"],"gold_per_floor":[117,117,135,135,135,168,168,180,207,219,219,229,241,241,241],"floor_reached":14,"language":"ENG","playtime":1306,"items_purged":[],"score":101,"play_id":"2739642a-16de-4c90-be32-86b61c1986e9","local_time":"20210119200734","is_ascension_mode":true,"campfire_choices":[{"data":"Fusion","floor":7,"key":"SMITH"},{"floor":11,"key":"REST"}],"circlet_count":0,"master_deck":["Strike_B","Strike_B","Strike_B","Defend_B","Defend_B","Defend_B","Zap+1","Dualcast","Defragment","Rebound","Double Energy","Fusion+1","Doom and Gloom","Coolheaded","Machine Learning","Compile Driver"],"relics":["Cracked Core","Boot","Strawberry"],"acts_visited":["Exordium"],"potions_floor_usage":[12],"damage_taken":[{"damage":6,"enemies":"Cultist","floor":1,"turns":3},{"damage":5,"enemies":"Small Slimes","floor":3,"turns":2},{"damage":31,"enemies":"3 Sentries","floor":6,"turns":6},{"damage":12,"enemies":"2 Louse","floor":8,"turns":2},{"damage":12,"enemies":"Looter","floor":10,"turns":3},{"damage":8,"enemies":"Red Slaver","floor":12,"turns":3},{"damage":1,"enemies":"3 Louse","floor":13,"turns":2},{"damage":40,"enemies":"Gremlin Nob","floor":14,"turns":3}],"seed_played":"-1560082609074727105","potions_obtained":[{"floor":6,"key":"EssenceOfDarkness"},{"floor":10,"key":"Energy Potion"},{"floor":13,"key":"Strength Potion"}],"is_trial":false,"path_per_floor":["M","?","M","?","?","E","R","M","T","M","R","M","M","E"],"character_chosen":"DEFECT","items_purchased":[],"campfire_rested":1,"item_purchase_floors":[],"current_hp_per_floor":[69,69,64,69,62,31,31,19,26,14,40,32,31,0,0],"gold":241,"neow_bonus":"UPGRADE_CARD","is_daily":false,"chose_seed":false,"campfire_upgraded":1,"win_rate":0.0,"timestamp":1611104854,"path_taken":["M","?","M","?","?","E","R","M","T","M","R","M","M","E"],"items_purchased_type":[],"build_version":"2020-12-22","purchased_purges":0,"victory":false,"max_hp_per_floor":[75,75,75,80,80,80,80,80,87,87,87,87,87,87,87],"card_choices":[{"not_picked":["Gash","Turbo"],"picked":"Defragment","floor":1},{"not_picked":["Coolheaded","Sweeping Beam"],"picked":"Double Energy","floor":3},{"not_picked":["Stack","Hologram"],"picked":"Fusion","floor":6},{"not_picked":["Skim","Beam Cell"],"picked":"Doom and Gloom","floor":8},{"not_picked":["Turbo","Beam Cell"],"picked":"Coolheaded","floor":10},{"not_picked":["Streamline","Compile Driver"],"picked":"Machine Learning","floor":12},{"not_picked":["Rip and Tear","Steam Power"],"picked":"Compile Driver","floor":13}],"player_experience":90840,"relics_obtained":[{"floor":6,"key":"Boot"},{"floor":9,"key":"Strawberry"}],"event_choices":[{"damage_healed":0,"gold_gain":0,"cards_transformed":["Strike_B"],"player_choice":"Change","damage_taken":0,"max_hp_gain":0,"max_hp_loss":0,"event_name":"Living Wall","floor":2,"gold_loss":0,"cards_obtained":["Rebound"]},{"damage_healed":0,"gold_gain":0,"player_choice":"Donut","damage_taken":0,"max_hp_gain":5,"max_hp_loss":0,"event_name":"Big Fish","floor":4,"gold_loss":0},{"cards_removed":["Defend_B"],"damage_healed":0,"gold_gain":0,"player_choice":"Card Removal","damage_taken":7,"max_hp_gain":0,"max_hp_loss":0,"event_name":"Golden Wing","floor":5,"gold_loss":0}],"is_beta":false,"boss_relics":[],"items_purged_floors":[],"is_endless":false,"potions_floor_spawned":[6,10,13],"killed_by":"Gremlin Nob","ascension_level":2}}