{"host":"15dd7v8o90xso62x","time":1611177201,"event":{"mods":["BaseMod","Minty Spire (QoL Compilation)","Quick Restart","StSLib","SuperFastMode"],"gold_per_floor":[118,136,154,173,193,193,213,233,282,282,301,327,339,351,363,446,458,489,511,236,255,97,97,97,97],"floor_reached":24,"language":"KOR","playtime":785,"items_purged":["Strike_G"],"score":400,"play_id":"7213ca49-4d18-4392-8764-14452d73f0e0","local_time":"20210121061321","is_ascension_mode":true,"campfire_choices":[{"data":"Deadly Poison","floor":6.0,"key":"SMITH"},{"floor":10.0,"key":"REST"},{"data":"Neutralize","floor":15.0,"key":"SMITH"},{"data":"Catalyst","floor":23.0,"key":"SMITH"}],"circlet_count":0,"master_deck":["AscendersBane","Strike_G","Strike_G","Strike_G","Strike_G","Defend_G","Defend_G","Defend_G+1","Defend_G","Defend_G","Survivor+1","Neutralize+1","Corpse Explosion","Deadly Poison+1","Backflip","Deflect","Footwork","After Image","Wraith Form v2+1","CurseOfTheBell","Calculated Gamble","Well Laid Plans+1","Catalyst+1"],"relics":["Ring of the Snake","Odd Mushroom","Bronze Scales","MawBank","Frozen Egg 2","Calling Bell","Pantograph","War Paint","Girya","Lantern","TwistedFunnel"],"acts_visited":["TheCity"],"potions_floor_usage":[24],"damage_taken":[{"damage":4.0,"enemies":"Small Slimes","floor":1.0,"turns":3.0},{"damage":0.0,"enemies":"2 Louse","floor":2.0,"turns":1.0},{"damage":6.0,"enemies":"Jaw Worm","floor":3.0,"turns":5.0},{"damage":1.0,"enemies":"2 Fungi Beasts","floor":4.0,"turns":2.0},{"damage":14.0,"enemies":"Lots of Slimes","floor":5.0,"turns":2.0},{"damage":2.0,"enemies":"The Mushroom Lair","floor":7.0,"turns":3.0},{"damage":0.0,"enemies":"Blue Slaver","floor":8.0,"turns":4.0},{"damage":0.0,"enemies":"Looter","floor":11.0,"turns":4.0},{"damage":8.0,"enemies":"3 Sentries","floor":12.0,"turns":4.0},{"damage":35.0,"enemies":"The Guardian","floor":16.0,"turns":10.0},{"damage":9.0,"enemies":"Spheric Guardian","floor":18.0,"turns":7.0},{"damage":0.0,"enemies":"3 Byrds","floor":19.0,"turns":2.0},{"damage":21.0,"enemies":"Snake Plant","floor":21.0,"turns":6.0},{"damage":35,"enemies":"Gremlin Leader","floor":24,"turns":7}],"seed_played":"-766684946403860245","potions_obtained":[{"floor":3.0,"key":"EntropicBrew"},{"floor":4.0,"key":"PowerPotion"},{"floor":11.0,"key":"FairyPotion"},{"floor":16.0,"key":"Fire Potion"},{"floor":21.0,"key":"SkillPotion"}],"is_trial":false,"path_per_floor":["M","M","M","M","M","R","?","M","T","R","M","E","?","?","R","B",null,"M","M","$","M","$","R","E"],"character_chosen":"THE_SILENT","items_purchased":["Well Laid Plans+1","Lantern","TwistedFunnel"],"campfire_rested":1,"item_purchase_floors":[20,20,22],"current_hp_per_floor":[40,40,34,33,19,19,17,17,17,36,36,28,28,17,17,13,53,44,44,44,23,23,23,0,0],"gold":97,"neow_bonus":"THREE_RARE_CARDS","is_daily":false,"chose_seed":false,"campfire_upgraded":3,"win_rate":0.0,"timestamp":1611177201,"path_taken":["M","M","M","M","M","R","?","M","T","R","M","E","?","?","R","BOSS","M","M","$","M","$","R","E"],"items_purchased_type":["Card","Relic","Relic"],"build_version":"2020-12-22","purchased_purges":1,"victory":false,"max_hp_per_floor":[66,66,66,66,66,66,66,66,66,66,66,66,66,66,66,66,66,66,66,66,66,66,66,66,66],"card_choices":[{"not_picked":["Venomology","Wraith Form v2"],"picked":"Corpse Explosion","floor":0.0},{"not_picked":["Poisoned Stab","Endless Agony"],"picked":"Deadly Poison","floor":1.0},{"not_picked":["Dodge and Roll","Dagger Spray","Riddle With Holes"],"picked":"SKIP","floor":2.0},{"not_picked":["Finisher","Dodge and Roll"],"picked":"Backflip","floor":3.0},{"not_picked":["Cloak And Dagger","Distraction"],"picked":"Deflect","floor":4.0},{"not_picked":["Blade Dance","Slice","Deadly Poison"],"picked":"SKIP","floor":5.0},{"not_picked":["Endless Agony","Choke"],"picked":"Footwork","floor":8.0},{"not_picked":["Storm of Steel","Underhanded Strike","Outmaneuver"],"picked":"SKIP","floor":11.0},{"not_picked":["Storm of Steel","Deadly Poison"],"picked":"After Image","floor":12.0},{"not_picked":["Tools of the Trade+1","Doppelganger"],"picked":"Wraith Form v2+1","floor":16.0},{"not_picked":["Dodge and Roll","Deadly Poison","Outmaneuver"],"picked":"SKIP","floor":18.0},{"not_picked":["Bane","Cloak And Dagger"],"picked":"Calculated Gamble","floor":19.0},{"not_picked":["Poisoned Stab","Prepared"],"picked":"Catalyst","floor":21.0}],"player_experience":1049653,"relics_obtained":[{"floor":7.0,"key":"Odd Mushroom"},{"floor":9.0,"key":"Bronze Scales"},{"floor":12.0,"key":"MawBank"},{"floor":17.0,"key":"Pantograph"},{"floor":17.0,"key":"War Paint"},{"floor":17.0,"key":"Girya"}],"event_choices":[{"damage_healed":0.0,"max_hp_gain":0.0,"max_hp_loss":0.0,"gold_gain":0.0,"event_name":"Mushrooms","player_choice":"Fought Mushrooms","floor":7.0,"gold_loss":0.0,"damage_taken":0.0},{"damage_healed":0.0,"max_hp_gain":0.0,"max_hp_loss":0.0,"gold_gain":0.0,"event_name":"Shining Light","player_choice":"Ignored","floor":13.0,"gold_loss":0.0,"damage_taken":0.0},{"damage_healed":0.0,"max_hp_gain":0.0,"max_hp_loss":0.0,"gold_gain":0.0,"event_name":"Scrap Ooze","player_choice":"Success","floor":14.0,"gold_loss":0.0,"damage_taken":11.0,"relics_obtained":["Frozen Egg 2"]}],"is_beta":false,"boss_relics":[{"not_picked":["Runic Dome","Black Star"],"picked":"Calling Bell"}],"items_purged_floors":[20],"is_endless":false,"potions_floor_spawned":[3,4,11,16,21],"killed_by":"Gremlin Leader","ascension_level":20}}