{"host":"qxeepl7ydvsgmfdb","time":1611148830,"event":{"mods":["AchievementEnabler","BaseMod","Colored Powertips","Minty Spire (QoL Compilation)","Quick Restart","slay the spire mod where everything is the same but ironclad has a cowboy hat"],"gold_per_floor":[111,44,44,44,62,93,113,89,89,123,139,165,16,36,36,141,441,458,368,383,53,53,53],"floor_reached":22,"language":"ENG","playtime":1829,"items_purged":["Defend_B"],"score":252,"play_id":"3d37d001-231e-4484-b7f5-2d0182a5edd8","local_time":"20210120082030","is_ascension_mode":true,"campfire_choices":[{"floor":15,"key":"REST"}],"circlet_count":0,"master_deck":["Strike_B+1","Strike_B","Strike_B","Defend_B","Defend_B","Defend_B+1","Zap","Dualcast","BootSequence","Capacitor","Ball Lightning","Ball Lightning","Melter+1","Redo","Fusion","CurseOfTheBell","Coolheaded"],"relics":["Cracked Core","NeowsBlessing","Letter Opener","Dream Catcher","Gremlin Horn","Sundial","Odd Mushroom","DataDisk","Calling Bell","Ancient Tea Set","Mummified Hand","Old Coin","Darkstone Periapt"],"acts_visited":["Exordium","TheCity"],"potions_floor_usage":[10,14,16],"damage_taken":[{"damage":0,"enemies":"Small Slimes","floor":1,"turns":1},{"damage":0,"enemies":"Cultist","floor":5,"turns":1},{"damage":0,"enemies":"Lagavulin","floor":6,"turns":1},{"damage":3,"enemies":"2 Louse","floor":7,"turns":2},{"damage":26,"enemies":"3 Sentries","floor":10,"turns":6},{"damage":8,"enemies":"Blue Slaver","floor":11,"turns":3},{"damage":21,"enemies":"The Mushroom Lair","floor":12,"turns":3},{"damage":0,"enemies":"3 Louse","floor":14,"turns":2},{"damage":12,"enemies":"Hexaghost","floor":16,"turns":8},{"damage":26,"enemies":"Chosen","floor":18,"turns":5},{"damage":28,"enemies":"Spheric Guardian","floor":20,"turns":4},{"damage":21,"enemies":"Snake Plant","floor":22,"turns":2}],"seed_played":"3379354792013011956","potions_obtained":[{"floor":5,"key":"EssenceOfSteel"},{"floor":7,"key":"AttackPotion"},{"floor":11,"key":"Weak Potion"},{"floor":18,"key":"Explosive Potion"}],"is_trial":false,"path_per_floor":["M","?","$","?","M","E","M","$","T","E","M","?","$","M","R","B",null,"M","?","M","$","M"],"character_chosen":"DEFECT","items_purchased":["Ball Lightning","DataDisk","Darkstone Periapt"],"campfire_rested":1,"item_purchase_floors":[8,13,21],"current_hp_per_floor":[75,75,75,60,60,60,57,57,57,31,23,2,2,2,24,12,75,49,49,21,21,0,0],"gold":53,"neow_bonus":"THREE_ENEMY_KILL","is_daily":false,"chose_seed":false,"campfire_upgraded":0,"win_rate":0.0,"timestamp":1611148830,"path_taken":["M","?","?","?","M","E","M","$","T","E","M","?","$","M","R","BOSS","M","?","?","?","M"],"items_purchased_type":["Card","Relic","Relic"],"build_version":"2020-12-22","purchased_purges":1,"victory":false,"max_hp_per_floor":[75,75,75,75,75,75,75,75,75,75,75,75,75,75,75,75,75,75,75,75,75,75,75],"card_choices":[{"not_picked":["Compile Driver","Rip and Tear","Stack"],"picked":"SKIP","floor":1},{"not_picked":["Steam","Rebound","Skim"],"picked":"SKIP","floor":5},{"not_picked":["Go for the Eyes","Streamline"],"picked":"BootSequence","floor":6},{"not_picked":["Self Repair","Cold Snap"],"picked":"Capacitor","floor":7},{"not_picked":["Consume","Turbo"],"picked":"Ball Lightning","floor":10},{"not_picked":["Go for the Eyes","Streamline","Aggregate"],"picked":"SKIP","floor":11},{"not_picked":["Rebound","Steam"],"picked":"Melter","floor":12},{"not_picked":["Self Repair","Hologram"],"picked":"Redo","floor":14},{"not_picked":["Genetic Algorithm","Streamline"],"picked":"Fusion","floor":15},{"not_picked":["Blizzard+1","Steam","Steam Power"],"picked":"SKIP","floor":18},{"not_picked":["Hologram+1","Scrape"],"picked":"Coolheaded","floor":20}],"player_experience":188191,"relics_obtained":[{"floor":6,"key":"Dream Catcher"},{"floor":9,"key":"Gremlin Horn"},{"floor":10,"key":"Sundial"},{"floor":12,"key":"Odd Mushroom"},{"floor":17,"key":"Ancient Tea Set"},{"floor":17,"key":"Mummified Hand"},{"floor":17,"key":"Old Coin"}],"event_choices":[{"damage_healed":0,"gold_gain":0,"player_choice":"Paid Gold","damage_taken":0,"relics_obtained":["Letter Opener"],"max_hp_gain":0,"max_hp_loss":0,"event_name":"WeMeetAgain","floor":2,"gold_loss":67},{"damage_healed":0,"gold_gain":0,"player_choice":"Entered Light","damage_taken":15,"max_hp_gain":0,"max_hp_loss":0,"event_name":"Shining Light","floor":4,"gold_loss":0,"cards_upgraded":["Defend_B","Strike_B"]},{"damage_healed":0,"gold_gain":0,"player_choice":"Fought Mushrooms","damage_taken":0,"max_hp_gain":0,"max_hp_loss":0,"event_name":"Mushrooms","floor":12,"gold_loss":0},{"cards_removed":["Strike_B"],"damage_healed":0,"gold_gain":0,"player_choice":"Upgrade and Remove","damage_taken":0,"max_hp_gain":0,"max_hp_loss":0,"event_name":"Designer","floor":19,"gold_loss":90,"cards_upgraded":["Melter"]}],"is_beta":false,"boss_relics":[{"not_picked":["FrozenCore","Empty Cage"],"picked":"Calling Bell"}],"items_purged_floors":[21],"is_endless":false,"potions_floor_spawned":[5,7,11,18],"killed_by":"Snake Plant","ascension_level":3}}