{"host":"44ogagedco4idcly","time":1611176707,"event":{"mods":["BaseMod","Minty Spire (QoL Compilation)","Replay The Spire","StSLib"],"gold_per_floor":[114,114,289,303,303,303,314,314,314,349,349,349,11,25,25,149,149,134,134,158,178,178,178,178,178,178],"floor_reached":25,"language":"ENG","playtime":665,"items_purged":["Doubt"],"score":324,"play_id":"83d1d848-b80c-4896-ae5a-e477021c0401","local_time":"20210120150507","is_ascension_mode":true,"campfire_choices":[{"data":"Zap","floor":6,"key":"SMITH"},{"data":"Gash","floor":8,"key":"SMITH"},{"data":"Buffer","floor":15,"key":"SMITH"}],"circlet_count":0,"master_deck":["Strike_B","Strike_B+1","Strike_B","Strike_B","Defend_B","Defend_B","Defend_B","Defend_B","Zap+1","Dualcast+1","Gash+1","Go for the Eyes","Buffer+1","Injury","Gash","Capacitor","Capacitor","Leap","Ball Lightning","J.A.X.","Conserve Battery+1","Sweeping Beam+1","Looming Evil"],"relics":["Cracked Core","Replay:Rubber Ducky","Nunchaku","Golden Idol","Lee\u0027s Waffle","Painkiller Herb","Prayer Wheel","Ring of Fury"],"acts_visited":["Exordium","TheCity"],"potions_floor_usage":[16,16],"damage_taken":[{"damage":3,"enemies":"2 Louse","floor":1,"turns":2},{"damage":7,"enemies":"Small Slimes","floor":4,"turns":3},{"damage":7,"enemies":"Jaw Worm","floor":7,"turns":2},{"damage":45,"enemies":"3 Sentries","floor":10,"turns":9},{"damage":4,"enemies":"Looter","floor":14,"turns":3},{"damage":0,"enemies":"Slime Boss","floor":16,"turns":8},{"damage":14,"enemies":"2 Thieves","floor":18,"turns":4},{"damage":10,"enemies":"Shell Parasite","floor":20,"turns":6},{"damage":22,"enemies":"Centurion and Healer","floor":21,"turns":10},{"damage":52,"enemies":"Gremlin Leader","floor":25,"turns":5}],"seed_played":"-5095614440442806978","potions_obtained":[{"floor":10,"key":"PowerPotion"},{"floor":14,"key":"ColorlessPotion"},{"floor":20,"key":"Swift Potion"},{"floor":21,"key":"Death Potion"}],"is_trial":false,"path_per_floor":["M","?","?","M","?","R","M","R","T","E","?","?","$","M","R","B",null,"?","?","?","?","PTL","PTL","?","E"],"character_chosen":"DEFECT","items_purchased":["Lee\u0027s Waffle","Gash","Capacitor"],"campfire_rested":0,"item_purchase_floors":[13,13,13],"current_hp_per_floor":[79,63,63,56,61,61,54,54,54,9,9,9,94,90,90,90,94,80,80,70,48,48,48,48,0,0],"gold":178,"neow_bonus":"TEN_PERCENT_HP_BONUS","is_daily":false,"chose_seed":false,"campfire_upgraded":3,"win_rate":0.0,"timestamp":1611176707,"path_taken":["M","?","?","M","?","R","M","R","T","E","?","?","$","M","R","BOSS","?","?","?","?","PTL","PTL","?","E"],"items_purchased_type":["Relic","Card","Card"],"build_version":"2020-12-22","purchased_purges":1,"victory":false,"max_hp_per_floor":[82,82,82,82,87,87,87,87,87,87,87,87,94,94,94,94,94,94,94,94,94,94,94,94,94,94],"card_choices":[{"not_picked":["Coolheaded","Hologram"],"picked":"Gash","floor":1},{"not_picked":["Stack","Steam","ReplayTheSpireMod:GoodbyeWorld"],"picked":"SKIP","floor":4},{"not_picked":["Sweeping Beam","Undo"],"picked":"Go for the Eyes","floor":7},{"not_picked":["Go for the Eyes","Streamline"],"picked":"Buffer","floor":10},{"not_picked":["FTL","Steam"],"picked":"Leap","floor":14},{"not_picked":["ReplayRNGCard","Rainbow"],"picked":"ReplayTheSpireMod:Fabricate Wheel","floor":16},{"not_picked":["ReplayTheSpireMod:System Scan","Hologram"],"picked":"Ball Lightning","floor":18},{"not_picked":["Streamline","Leap","Panic Button+1"],"picked":"SKIP","floor":18},{"not_picked":["Go for the Eyes","Lockon+1"],"picked":"Conserve Battery+1","floor":20},{"not_picked":["Steam","Go for the Eyes+1","ReplayTheSpireMod:Omega Cannon"],"picked":"SKIP","floor":20},{"not_picked":["Streamline+1","Buffer"],"picked":"Sweeping Beam+1","floor":21},{"not_picked":["ReplayTheSpireMod:GoodbyeWorld+1","Fusion+1","Redo"],"picked":"SKIP","floor":21}],"player_experience":121895,"relics_obtained":[{"floor":9,"key":"Replay:Rubber Ducky"},{"floor":10,"key":"Nunchaku"},{"floor":24,"key":"Ring of Fury"}],"event_choices":[{"damage_healed":0,"gold_gain":0,"player_choice":"Entered Light","damage_taken":16,"max_hp_gain":0,"max_hp_loss":0,"event_name":"Shining Light","floor":2,"gold_loss":0,"cards_upgraded":["Strike_B","Dualcast"]},{"damage_healed":0,"gold_gain":175,"player_choice":"AGREE","damage_taken":0,"max_hp_gain":0,"max_hp_loss":0,"event_name":"Liars Game","floor":3,"gold_loss":0,"cards_obtained":["Doubt"]},{"damage_healed":0,"gold_gain":0,"player_choice":"Donut","damage_taken":0,"max_hp_gain":5,"max_hp_loss":0,"event_name":"Big Fish","floor":5,"gold_loss":0},{"damage_healed":0,"gold_gain":0,"player_choice":"Searched \u00270\u0027 times","damage_taken":0,"max_hp_gain":0,"max_hp_loss":0,"event_name":"Dead Adventurer","floor":11,"gold_loss":0},{"damage_healed":0,"gold_gain":0,"player_choice":"Take Wound","damage_taken":0,"relics_obtained":["Golden Idol"],"max_hp_gain":0,"max_hp_loss":0,"event_name":"Golden Idol","floor":12,"gold_loss":0,"cards_obtained":["Injury"]},{"damage_healed":0,"gold_gain":0,"player_choice":"Obtain J.A.X.","damage_taken":0,"max_hp_gain":0,"max_hp_loss":0,"event_name":"Drug Dealer","floor":19,"gold_loss":0,"cards_obtained":["J.A.X."]}],"is_beta":false,"boss_relics":[{"not_picked":["ChewingGum","Empty Cage"],"picked":"Painkiller Herb"}],"items_purged_floors":[13],"is_endless":false,"potions_floor_spawned":[10,14,20,21],"killed_by":"Gremlin Leader","ascension_level":4}}