{"host":"a1eatafr7pisesky","time":1611164627,"event":{"mods":["AchievementEnabler","BaseMod","Colored Map","Keyboard Shortcuts","Minty Spire (QoL Compilation)","Say the Spire","StSLib","SuperFastMode","everything is the same but u backflip on backflip"],"gold_per_floor":[115,126,96,21,41,41,41,41,41,60,75,103,103,123,123,228,228,238,238,253,8,8,39,53,80,130,156,85,97,97,111,111,208,208,226,237,64,75,88,88,113,113,113,90,115,115,128,160,160,160,160,160,40,68,68,68],"floor_reached":55,"language":"KOR","playtime":2196,"items_purged":["Strike_G","Bite","Defend_G","Bite"],"score":1246,"play_id":"1ad55028-91d6-4b84-9e2a-503ff1882663","local_time":"20210121024347","is_ascension_mode":true,"campfire_choices":[{"data":"Dagger Spray","floor":6.0,"key":"SMITH"},{"data":"Neutralize","floor":8.0,"key":"SMITH"},{"data":"Flechettes","floor":13.0,"key":"SMITH"},{"data":"Poisoned Stab","floor":15.0,"key":"SMITH"},{"data":"Accuracy","floor":30.0,"key":"SMITH"},{"data":"Cloak And Dagger","floor":32.0,"key":"SMITH"},{"data":"Adrenaline","floor":40.0,"key":"SMITH"},{"floor":49.0,"key":"RECALL"},{"data":"Cloak And Dagger","floor":52.0,"key":"SMITH"}],"circlet_count":0,"master_deck":["Defend_G","Survivor","Neutralize+1","Dagger Spray+1","Poisoned Stab+1","PiercingWail","Escape Plan","Flechettes+1","Dagger Spray","After Image","Predator+1","Cloak And Dagger+1","After Image+1","Cloak And Dagger+1","Bite","Bite","Cloak And Dagger+1","Accuracy+1","Cloak And Dagger+1","Backstab+1","Finisher+1","Backflip","Adrenaline+1","Cloak And Dagger+1","Cloak And Dagger","Backflip+1"],"relics":["Ring of the Snake","Thread and Needle","Calipers","Blue Candle","Astrolabe","Oddly Smooth Stone","InkBottle","Ornamental Fan","Omamori","Molten Egg 2","Runic Dome","PreservedInsect","HornCleat","The Courier","Toy Ornithopter"],"acts_visited":["Exordium","TheCity","TheBeyond","TheEnding"],"potions_floor_usage":[55,55,55],"damage_taken":[{"damage":16.0,"enemies":"Jaw Worm","floor":1.0,"turns":5.0},{"damage":0.0,"enemies":"Cultist","floor":2.0,"turns":4.0},{"damage":0.0,"enemies":"Small Slimes","floor":5.0,"turns":3.0},{"damage":1.0,"enemies":"Exordium Thugs","floor":10.0,"turns":4.0},{"damage":0.0,"enemies":"Gremlin Gang","floor":11.0,"turns":3.0},{"damage":11.0,"enemies":"Lagavulin","floor":12.0,"turns":6.0},{"damage":1.0,"enemies":"Large Slime","floor":14.0,"turns":8.0},{"damage":2.0,"enemies":"Hexaghost","floor":16.0,"turns":9.0},{"damage":26.0,"enemies":"Chosen","floor":18.0,"turns":6.0},{"damage":0.0,"enemies":"3 Byrds","floor":20.0,"turns":5.0},{"damage":6.0,"enemies":"Gremlin Leader","floor":23.0,"turns":9.0},{"damage":2.0,"enemies":"Centurion and Healer","floor":24.0,"turns":7.0},{"damage":16.0,"enemies":"Slavers","floor":25.0,"turns":6.0},{"damage":29.0,"enemies":"Gremlin Leader","floor":27.0,"turns":11.0},{"damage":0.0,"enemies":"Cultist and Chosen","floor":29.0,"turns":7.0},{"damage":10.0,"enemies":"Sentry and Sphere","floor":31.0,"turns":5.0},{"damage":21.0,"enemies":"Collector","floor":33.0,"turns":14.0},{"damage":10.0,"enemies":"3 Darklings","floor":35.0,"turns":4.0},{"damage":0.0,"enemies":"Orb Walker","floor":36.0,"turns":3.0},{"damage":2.0,"enemies":"Sphere and 2 Shapes","floor":38.0,"turns":3.0},{"damage":0.0,"enemies":"Spire Growth","floor":39.0,"turns":5.0},{"damage":0.0,"enemies":"Reptomancer","floor":41.0,"turns":6.0},{"damage":0.0,"enemies":"Giant Head","floor":45.0,"turns":6.0},{"damage":0.0,"enemies":"3 Darklings","floor":47.0,"turns":4.0},{"damage":0.0,"enemies":"Reptomancer","floor":48.0,"turns":4.0},{"damage":5.0,"enemies":"Donu and Deca","floor":50.0,"turns":13.0},{"damage":9.0,"enemies":"Shield and Spear","floor":54.0,"turns":7.0},{"damage":55,"enemies":"The Heart","floor":55,"turns":11}],"seed_played":"6188878069857597981","potions_obtained":[{"floor":2.0,"key":"Poison Potion"},{"floor":3.0,"key":"Ancient Potion"},{"floor":3.0,"key":"CultistPotion"},{"floor":5.0,"key":"AttackPotion"},{"floor":14.0,"key":"SpeedPotion"},{"floor":16.0,"key":"ColorlessPotion"},{"floor":18.0,"key":"GhostInAJar"},{"floor":24.0,"key":"SteroidPotion"},{"floor":29.0,"key":"Fire Potion"},{"floor":31.0,"key":"Fire Potion"},{"floor":38.0,"key":"GamblersBrew"},{"floor":39.0,"key":"CunningPotion"},{"floor":45.0,"key":"Energy Potion"},{"floor":47.0,"key":"DuplicationPotion"}],"is_trial":false,"path_per_floor":["M","M","?","$","M","R","$","R","T","M","M","E","R","M","R","B",null,"M","?","M","$","?","E","M","E","T","E","$","M","R","M","R","B",null,"M","M","$","M","M","R","E","?","T","$","E","?","M","E","R","B",null,"R","$","E","B"],"character_chosen":"THE_SILENT","items_purchased":["Oddly Smooth Stone","Backstab+1","Cloak And Dagger","Cloak And Dagger"],"campfire_rested":0,"item_purchase_floors":[21,28,37,44],"current_hp_per_floor":[29,29,29,29,29,29,29,29,29,28,28,17,17,16,16,14,56,30,30,38,38,38,42,48,36,36,17,17,23,23,21,21,12,40,34,36,36,36,38,38,42,42,42,42,46,46,49,49,49,46,48,48,48,43,0,0],"gold":68,"neow_bonus":"ONE_RARE_RELIC","is_daily":false,"chose_seed":false,"campfire_upgraded":8,"win_rate":0.0,"timestamp":1611164627,"path_taken":["M","M","?","?","M","R","$","R","T","M","?","E","R","M","R","BOSS","M","?","M","$","?","E","M","E","T","E","$","M","R","?","R","BOSS","M","M","$","M","M","R","E","?","T","$","E","?","?","E","R","BOSS","R","$","E","BOSS"],"items_purchased_type":["Relic","Card","Card","Card"],"build_version":"2020-12-22","purchased_purges":4,"victory":false,"max_hp_per_floor":[70,70,70,70,70,70,70,70,70,70,70,70,70,70,70,70,70,70,49,49,49,49,49,49,49,49,49,49,49,49,49,49,49,49,49,49,49,49,49,49,49,49,49,49,49,49,49,49,49,49,49,49,49,49,49,49],"card_choices":[{"not_picked":["Slice","Flying Knee"],"picked":"Dagger Spray","floor":1.0},{"not_picked":["Choke","Well Laid Plans"],"picked":"Poisoned Stab","floor":2.0},{"not_picked":["Flying Knee","Acrobatics"],"picked":"PiercingWail","floor":5.0},{"not_picked":["Quick Slash","Sucker Punch"],"picked":"Escape Plan","floor":10.0},{"not_picked":["Outmaneuver","Tools of the Trade"],"picked":"Flechettes","floor":11.0},{"not_picked":["Flying Knee","Deflect","Blur"],"picked":"SKIP","floor":12.0},{"not_picked":["Reflex","Slice"],"picked":"Dagger Spray","floor":14.0},{"not_picked":["Bullet Time","Storm of Steel"],"picked":"After Image","floor":16.0},{"not_picked":["Dagger Spray","Riddle With Holes"],"picked":"Cloak And Dagger","floor":18.0},{"not_picked":["PiercingWail","Acrobatics"],"picked":"Cloak And Dagger+1","floor":20.0},{"not_picked":["Malaise","Predator"],"picked":"Accuracy","floor":23.0},{"not_picked":["Outmaneuver","Riddle With Holes"],"picked":"Cloak And Dagger+1","floor":24.0},{"not_picked":["Underhanded Strike","Eviscerate+1","Endless Agony"],"picked":"SKIP","floor":25.0},{"not_picked":["Dodge and Roll","Distraction","Masterful Stab+1"],"picked":"SKIP","floor":27.0},{"not_picked":["Sucker Punch+1","Poisoned Stab+1"],"picked":"Finisher+1","floor":29.0},{"not_picked":["Dagger Spray+1","Quick Slash+1"],"picked":"Backflip","floor":31.0},{"not_picked":["Phantasmal Killer","Malaise"],"picked":"Adrenaline","floor":33.0},{"not_picked":["Bane+1","Slice+1","Deadly Poison+1"],"picked":"SKIP","floor":35.0},{"not_picked":["Noxious Fumes","Well Laid Plans","Skewer+1"],"picked":"SKIP","floor":36.0},{"not_picked":["Poisoned Stab+1","Deflect+1","Calculated Gamble"],"picked":"SKIP","floor":38.0},{"not_picked":["Flying Knee+1","Outmaneuver+1","Reflex"],"picked":"SKIP","floor":39.0},{"not_picked":["Bullet Time","Eviscerate+1","Prepared+1"],"picked":"SKIP","floor":41.0},{"not_picked":["Reflex","Sucker Punch+1","Bane+1"],"picked":"SKIP","floor":45.0},{"not_picked":["Dagger Spray+1","Slice+1","PiercingWail"],"picked":"SKIP","floor":47.0},{"not_picked":["Reflex","Quick Slash+1"],"picked":"Backflip+1","floor":48.0},{"not_picked":["Prepared","Deflect","Masterful Stab+1"],"picked":"SKIP","floor":54.0}],"player_experience":331403,"relics_obtained":[{"floor":9.0,"key":"Calipers"},{"floor":12.0,"key":"Blue Candle"},{"floor":23.0,"key":"InkBottle"},{"floor":25.0,"key":"Ornamental Fan"},{"floor":26.0,"key":"Omamori"},{"floor":27.0,"key":"Molten Egg 2"},{"floor":41.0,"key":"PreservedInsect"},{"floor":45.0,"key":"HornCleat"},{"floor":48.0,"key":"The Courier"},{"floor":54.0,"key":"Toy Ornithopter"}],"event_choices":[{"damage_healed":0.0,"max_hp_gain":0.0,"max_hp_loss":0.0,"gold_gain":0.0,"event_name":"The Woman in Blue","player_choice":"Bought 2 Potions","floor":3.0,"gold_loss":0.0,"damage_taken":0.0},{"damage_healed":0.0,"max_hp_gain":0.0,"max_hp_loss":21.0,"gold_gain":0.0,"event_name":"Vampires","player_choice":"Became a vampire","floor":19.0,"gold_loss":0.0,"damage_taken":0.0,"cards_obtained":["Bite","Bite","Bite","Bite","Bite"]},{"cards_removed":["Defend_G"],"damage_healed":0.0,"max_hp_gain":0.0,"max_hp_loss":0.0,"gold_gain":0.0,"event_name":"Purifier","player_choice":"Purged","floor":22.0,"gold_loss":0.0,"damage_taken":0.0},{"damage_healed":0.0,"max_hp_gain":0.0,"max_hp_loss":0.0,"gold_gain":0.0,"event_name":"SensoryStone","player_choice":"Memory 1","floor":42.0,"gold_loss":0.0,"damage_taken":0.0},{"cards_removed":["Bite"],"damage_healed":0.0,"max_hp_gain":0.0,"max_hp_loss":0.0,"gold_gain":0.0,"event_name":"Purifier","player_choice":"Purged","floor":46.0,"gold_loss":0.0,"damage_taken":0.0}],"is_beta":false,"boss_relics":[{"not_picked":["Tiny House","Empty Cage"],"picked":"Astrolabe"},{"not_picked":["HoveringKite","Pandora\u0027s Box"],"picked":"Runic Dome"}],"items_purged_floors":[4,21,37,53],"is_endless":false,"potions_floor_spawned":[2,5,14,16,18,24,29,31,38,39,45,47,48],"killed_by":"The Heart","ascension_level":9}}