{"host":"gqhy17d1xpb1p3ki","time":1611184909,"event":{"mods":["2.2 Compatiblity","AchievementEnabler","BaseMod","Bestiary","Colored Map","Colored Powertips","Curses Come First","Downfall","Duelist Mod","Hermit","Marisa????????","Minty Spire (QoL Compilation)","Rare Cards Sparkle","Shop Mod","StSLib","The Animator","The Bug Knight","The Cursed","The Disciple","The Hierophant","The Necromancer","The Runesmith","The Servant 0.9.4","Yuri Mod"],"gold_per_floor":[100,120,120,29,40,0,0,35,49,49,49,49,49,61,79,181,181,181,200,216,251,72,22,94,94,107,107,107,107,119,134,147,243,243,243,260,273,293,63,93,93,93,93,93,113,128,128,146,165,165],"floor_reached":51,"language":"ENG","playtime":3059,"items_purged":[],"score":931,"play_id":"185573ab-37cc-4af4-b82c-8ab875a3d200","local_time":"20210120182149","is_ascension_mode":false,"campfire_choices":[{"data":"yuri:yuriStab","floor":1,"key":"SMITH"},{"data":"yuri:BookGreen","floor":11,"key":"SMITH"},{"data":"yuri:BookGreen","floor":13,"key":"SMITH"},{"data":"yuri:yuriQuickStrike","floor":18,"key":"SMITH"},{"data":"yuri:GrowingInsanity","floor":29,"key":"SMITH"},{"data":"yuri:DistillInsanity","floor":35,"key":"SMITH"},{"data":"yuri:GlitchedStrike","floor":42,"key":"SMITH"},{"data":"yuri:ThrowingKnives","floor":47,"key":"SMITH"}],"circlet_count":0,"master_deck":["yuri:yuriStrike","yuri:yuriStrike","yuri:yuriStrike","yuri:yuriStrike","yuri:yuriDefend","yuri:yuriDefend","yuri:yuriDefend+1","yuri:yuriDefend","yuri:yuriDefend","yuri:Oolong","yuri:yuriStab+1","yuri:yuriQuickStrike","yuri:GreenTea","yuri:BookGreen+1","yuri:ThrowingKnives+1","yuri:BookGreen+1","yuri:Stare","yuri:yuriQuickStrike+1","yuri:DejaVu","Decay","yuri:Torment","yuri:yuriHeavyStrike","yuri:HeavierStrike","yuri:WickedSlash","yuri:GrowingInsanity+1","yuri:RepairCode+1","yuri:yuriHeavyStrike","yuri:BookBlue","yuri:MPose+1","Defend_B","yuri:TPose","yuri:InduceGlitch+1","yuri:Stalk","yuri:DistillInsanity+1","yuri:MultiDip+1","yuri:GlitchedStrike+1","yuri:HoldBack","yuri:DebugCard","yuri:yuriHeavyStrike+1","yuri:InsanityDefense+1"],"relics":["yuri:yuriKnife","Singing Bowl","Du-Vu Doll","downfall:ShatteredFragment","Runic Dome","Red Mask","Juzu Bracelet","Mummified Hand","Question Card","Pocketwatch","Darkstone Periapt","Busted Crown","War Paint","Peace Pipe","InkBottle","HollowMod:PaleOreRelic"],"acts_visited":["Exordium","TheCity","TheBeyond"],"potions_floor_usage":[16],"damage_taken":[{"damage":4,"enemies":"Jaw Worm","floor":2,"turns":4},{"damage":12,"enemies":"downfall:FleeingMerchant","floor":4,"turns":4},{"damage":2,"enemies":"Small Slimes","floor":5,"turns":3},{"damage":4,"enemies":"downfall:FleeingMerchant","floor":6,"turns":4},{"damage":35,"enemies":"3 Sentries","floor":8,"turns":8},{"damage":2,"enemies":"Cultist","floor":9,"turns":2},{"damage":6,"enemies":"Blue Slaver","floor":14,"turns":2},{"damage":5,"enemies":"Exordium Wildlife","floor":15,"turns":2},{"damage":15,"enemies":"WA_ARCHETYPE_RETAIN","floor":16,"turns":3},{"damage":8,"enemies":"Spheric Guardian","floor":19,"turns":4},{"damage":35,"enemies":"Snake Plant","floor":20,"turns":4},{"damage":12,"enemies":"Masked Bandits","floor":21,"turns":4},{"damage":24,"enemies":"downfall:FleeingMerchant","floor":22,"turns":4},{"damage":18,"enemies":"Snecko","floor":26,"turns":4},{"damage":11,"enemies":"Centurion and Healer","floor":30,"turns":5},{"damage":12,"enemies":"Snake Plant","floor":31,"turns":3},{"damage":2,"enemies":"3 Cultists","floor":32,"turns":4},{"damage":31,"enemies":"IC_MUSHROOM_ARCHETYPE","floor":33,"turns":6},{"damage":14,"enemies":"3 Darklings","floor":36,"turns":4},{"damage":3,"enemies":"Orb Walker","floor":37,"turns":2},{"damage":10,"enemies":"Maw","floor":38,"turns":4},{"damage":36,"enemies":"Giant Head","floor":40,"turns":6},{"damage":8,"enemies":"3 Darklings","floor":45,"turns":3},{"damage":7,"enemies":"Transient","floor":46,"turns":5},{"damage":13,"enemies":"Sphere and 2 Shapes","floor":48,"turns":4},{"damage":4,"enemies":"Jaw Worm Horde","floor":49,"turns":3},{"damage":31,"enemies":"DF_ARCHETYPE_ORBS","floor":50,"turns":5}],"seed_played":"43478065762385286","potions_obtained":[{"floor":2,"key":"DuplicationPotion"},{"floor":9,"key":"PowerPotion"},{"floor":15,"key":"bronze:BurnAndBuffPotion"},{"floor":16,"key":"Energy Potion"}],"is_trial":false,"path_per_floor":["R","M","?","$","M","$","T","E","M","?","R","?","R","M","M","B",null,"R","M","M","?","$","?","T","?","M","T","?","R","M","M","M","B",null,"R","M","M","M","$","E","T","R","T","?","M","M","R","M","M","B",null],"character_chosen":"YURI","items_purchased":["yuri:BookGreen","yuri:Stare","Juzu Bracelet","yuri:yuriHeavyStrike","yuri:BookBlue","Mummified Hand","War Paint","yuri:HoldBack","yuri:DebugCard"],"campfire_rested":0,"item_purchase_floors":[4,6,22,22,22,22,39,39,39],"current_hp_per_floor":[88,86,86,78,86,84,84,59,63,48,48,48,48,52,57,48,88,88,80,55,53,35,67,67,67,59,59,59,59,58,50,54,33,88,88,76,73,69,69,39,39,39,39,39,43,48,48,41,41,20],"gold":165,"neow_bonus":"TEN_PERCENT_HP_BONUS","is_daily":false,"chose_seed":false,"campfire_upgraded":8,"win_rate":0.0,"timestamp":1611184909,"path_taken":["R","M","?","$","M","$","T","E","M","?","R","?","R","?","M","BOSS","R","M","M","?","$","?","T","?","M","?","?","R","M","M","M","BOSS","R","M","M","M","$","E","T","R","?","?","M","M","R","M","M","BOSS"],"items_purchased_type":["Card","Card","Relic","Card","Card","Relic","Relic","Card","Card"],"build_version":"2020-12-22","purchased_purges":0,"victory":true,"max_hp_per_floor":[88,88,88,88,88,88,88,88,88,88,88,88,88,88,88,88,88,88,88,88,88,88,88,88,88,88,88,88,88,88,88,88,88,88,88,90,90,90,90,92,92,92,92,92,94,96,96,96,96,96],"card_choices":[{"not_picked":["yuri:TeaSet","yuri:WickedSlash"],"picked":"yuri:yuriQuickStrike","floor":2},{"not_picked":["yuri:TPose","yuri:Spin"],"picked":"yuri:GreenTea","floor":4},{"not_picked":["yuri:InsanityDefense","yuri:GlitchedStrike"],"picked":"yuri:ThrowingKnives","floor":5},{"not_picked":["yuri:GreenTea","yuri:Skip"],"picked":"yuri:BookGreen","floor":6},{"not_picked":["yuri:GlitchedStrike","yuri:Spin"],"picked":"yuri:yuriQuickStrike","floor":8},{"not_picked":["yuri:RecklessStrike","yuri:ReactiveMadness"],"picked":"yuri:DejaVu","floor":9},{"not_picked":["yuri:StealPen","yuri:ArmBrace"],"picked":"yuri:Torment","floor":14},{"not_picked":["yuri:CorruptHitbox","yuri:ThornRemove"],"picked":"yuri:yuriHeavyStrike","floor":15},{"not_picked":["yuri:DisableStrike","yuri:RemoveSafetyChecks"],"picked":"yuri:Torment","floor":16},{"not_picked":["yuri:ThrowingKnives","yuri:NerfBat"],"picked":"yuri:HeavierStrike","floor":19},{"not_picked":["yuri:DeepBreathing","yuri:MultiDip"],"picked":"yuri:WickedSlash","floor":20},{"not_picked":["yuri:BrokenCode","yuri:ReactiveMadness+1"],"picked":"yuri:GrowingInsanity","floor":21},{"not_picked":["yuri:ThrowingKnives","yuri:GlitchedStrike"],"picked":"yuri:RepairCode+1","floor":22},{"not_picked":["yuri:Stalk+1","yuri:SeeingDouble","yuri:Skip"],"picked":"yuri:MPose","floor":26},{"not_picked":["yuri:ThrowBook","yuri:Skip+1","yuri:RecklessStrike+1"],"picked":"yuri:TPose","floor":30},{"not_picked":["yuri:RecklessStrike","yuri:Stare","yuri:HeavierStrike"],"picked":"yuri:InduceGlitch+1","floor":31},{"not_picked":["yuri:ExploitStrike","yuri:ThrowBook","yuri:yuriHeavyStrike"],"picked":"yuri:Stalk","floor":32},{"not_picked":["yuri:MagneticKnives","yuri:ExploitStrike","yuri:GlitchRemove"],"picked":"yuri:DistillInsanity","floor":33},{"not_picked":["yuri:CalmingAura+1","yuri:TPose"],"picked":"Singing Bowl","floor":36},{"not_picked":["yuri:TPose"],"picked":"yuri:MultiDip+1","floor":37},{"not_picked":["yuri:TeaSet+1"],"picked":"yuri:GlitchedStrike","floor":38},{"not_picked":["yuri:ThrowBook","yuri:ChibiInvasion+1"],"picked":"Singing Bowl","floor":40},{"not_picked":["yuri:ThrowBook+1","yuri:SelfHarm"],"picked":"Singing Bowl","floor":45},{"not_picked":["yuri:Spin","yuri:DeepBreathing"],"picked":"Singing Bowl","floor":46},{"not_picked":["yuri:CalmingAura"],"picked":"yuri:yuriHeavyStrike+1","floor":48},{"not_picked":["yuri:HoldBack+1"],"picked":"yuri:InsanityDefense+1","floor":49}],"player_experience":397579,"relics_obtained":[{"floor":7,"key":"Singing Bowl"},{"floor":8,"key":"Du-Vu Doll"},{"floor":21,"key":"Red Mask"},{"floor":24,"key":"Question Card"},{"floor":27,"key":"Darkstone Periapt"},{"floor":40,"key":"Peace Pipe"},{"floor":41,"key":"InkBottle"},{"floor":43,"key":"HollowMod:PaleOreRelic"}],"event_choices":[{"damage_healed":0,"gold_gain":0,"player_choice":"Cursed","damage_taken":0,"max_hp_gain":0,"max_hp_loss":0,"event_name":"Wheel of Change","floor":12,"gold_loss":0,"cards_obtained":["Decay"]},{"damage_healed":0,"gold_gain":0,"player_choice":"Fought Bandits","damage_taken":0,"max_hp_gain":0,"max_hp_loss":0,"event_name":"Masked Bandits","floor":21,"gold_loss":0},{"damage_healed":0,"gold_gain":0,"player_choice":"Stole Relic","damage_taken":0,"relics_obtained":["Pocketwatch"],"max_hp_gain":0,"max_hp_loss":0,"event_name":"Addict","floor":25,"gold_loss":0,"cards_obtained":["Pride"]},{"cards_removed":["Pride"],"damage_healed":0,"gold_gain":0,"player_choice":"Took Card","damage_taken":0,"max_hp_gain":0,"max_hp_loss":0,"event_name":"NoteForYourself","floor":28,"gold_loss":0,"cards_obtained":["Defend_B"]},{"cards_removed":["yuri:Torment"],"damage_healed":0,"gold_gain":0,"player_choice":"Removed Skill","damage_taken":0,"max_hp_gain":0,"max_hp_loss":0,"event_name":"Falling","floor":44,"gold_loss":0}],"is_beta":false,"boss_relics":[{"not_picked":["Tiny House","Velvet Choker"],"picked":"Runic Dome"},{"not_picked":["bronze:MakeshiftBattery","Runic Pyramid"],"picked":"Busted Crown"}],"items_purged_floors":[],"is_endless":false,"potions_floor_spawned":[2,9,15,16,20,26,32,33,40,45,48],"ascension_level":0}}