{"host":"ibckqdmmf9y74ymf","time":1611173356,"event":{"mods":["2.2 Compatiblity","Ascension Unlocker","BaseMod","Colored Map","Curses Come First","Highlight Path","Minty Spire (QoL Compilation)","Quick Restart","Rare Cards Sparkle","Relic Stats","StSLib"],"gold_per_floor":[119,134,150,71,71,104,104,104,104],"floor_reached":8,"language":"ENG","playtime":274,"items_purged":[],"score":112,"play_id":"4885229d-00c9-4802-9bd0-ad0742208e1d","local_time":"20210120210916","is_ascension_mode":true,"campfire_choices":[{"floor":7,"key":"REST"}],"circlet_count":0,"master_deck":["AscendersBane","Strike_B","Strike_B","Strike_B","Strike_B","Defend_B","Defend_B","Defend_B","Defend_B","Zap","Dualcast","Leap","Barrage","Defragment","White Noise"],"relics":["Cracked Core","MealTicket","Regal Pillow","Darkstone Periapt"],"acts_visited":["Exordium"],"potions_floor_usage":[],"damage_taken":[{"damage":0,"enemies":"2 Louse","floor":1,"turns":2},{"damage":1,"enemies":"Small Slimes","floor":2,"turns":3},{"damage":9,"enemies":"Jaw Worm","floor":3,"turns":5},{"damage":17,"enemies":"Lagavulin","floor":6,"turns":7},{"damage":39,"enemies":"Gremlin Nob","floor":8,"turns":4}],"seed_played":"-9154572000579234052","potions_obtained":[{"floor":1,"key":"Regen Potion"},{"floor":3,"key":"LiquidMemories"}],"is_trial":false,"path_per_floor":["M","M","M","$","?","E","R","E"],"character_chosen":"DEFECT","items_purchased":["Defragment"],"campfire_rested":1,"item_purchase_floors":[4],"current_hp_per_floor":[64,63,54,69,43,26,62,23,23],"gold":104,"neow_bonus":"RANDOM_COMMON_RELIC","is_daily":false,"chose_seed":false,"campfire_upgraded":0,"win_rate":0.0,"timestamp":1611173356,"path_taken":["M","M","M","$","?","E","R","E"],"items_purchased_type":["Card"],"build_version":"2020-12-22","purchased_purges":0,"victory":false,"max_hp_per_floor":[71,71,71,71,71,71,71,71,71],"relic_stats":{"Darkstone Periapt":0,"Regal Pillow":15,"counters":[5,21],"MealTicket":15,"obtain_stats":[{"Darkstone Periapt":6,"Regal Pillow":5,"MealTicket":0,"Cracked Core":0},{"Darkstone Periapt":4,"Regal Pillow":3,"MealTicket":0,"Cracked Core":0},{"Darkstone Periapt":17,"Regal Pillow":10,"MealTicket":0,"Cracked Core":0}]},"card_choices":[{"not_picked":["Beam Cell","Turbo"],"picked":"Leap","floor":1},{"not_picked":["Turbo","Steam Power","Beam Cell"],"picked":"SKIP","floor":2},{"not_picked":["Turbo","Rebound"],"picked":"Barrage","floor":3},{"not_picked":["Steam","Conserve Battery"],"picked":"White Noise","floor":6}],"player_experience":642828,"relics_obtained":[{"floor":6,"key":"Darkstone Periapt"}],"event_choices":[{"damage_healed":0,"gold_gain":0,"player_choice":"Success","damage_taken":26,"relics_obtained":["Regal Pillow"],"max_hp_gain":0,"max_hp_loss":0,"event_name":"Scrap Ooze","floor":5,"gold_loss":0}],"is_beta":false,"boss_relics":[],"items_purged_floors":[],"is_endless":false,"potions_floor_spawned":[1,3],"killed_by":"Gremlin Nob","ascension_level":20}}