{"host":"fkig9nrckec4xsh0","time":1611109192,"event":{"mods":["BaseMod","Colored Map","Minty Spire (QoL Compilation)","Quick Restart","Replay The Spire","StSLib"],"gold_per_floor":[112,112,129,129,129,129,54,85,130,170,188,221,221,240,240,365,365,383,406,527,157,157,157,209,209,209,249,274,274,343,416,469,120,120,152,152],"floor_reached":35,"language":"ENG","playtime":1339,"items_purged":["Injury","Defend_G","ReplayTheSpireMod:From All Sides"],"score":497,"play_id":"1e3cf3cf-52eb-428d-926e-6ad0afd9a24f","local_time":"20210119211952","is_ascension_mode":true,"campfire_choices":[{"data":"Neutralize","floor":6,"key":"SMITH"},{"data":"Deadly Poison","floor":13,"key":"SMITH"},{"data":"Infinite Blades","floor":15,"key":"SMITH"},{"data":"Slice","floor":25,"key":"SMITH"},{"floor":29,"key":"REST"},{"floor":34,"key":"DIG"}],"circlet_count":0,"master_deck":["Strike_G","Strike_G","Strike_G","Strike_G","Defend_G","Defend_G","Defend_G","Defend_G","Survivor","Neutralize+1","Quick Slash","Dagger Throw+1","Deadly Poison+1","Blade Dance","Infinite Blades+1","Slice+1","Unload","Deflect","Tactician+1","Backstab","Backstab","Cloak And Dagger+1","Flying Knee+1","Prepared+1","Terror+1","Dodge and Roll+1","ReplayTheSpireMod:The Works+1","Backstab","Poisoned Strike"],"relics":["Ring of the Snake","NeowsBlessing","Golden Idol","Boot","Pet Ghost","Unceasing Top","Replay:Baseball","SlaversCollar","Replay:Bandana","Membership Card","Toxic Egg 2","MutagenicStrength","Dream Catcher","Paper Crane","Replay:Mystery Machine","Question Card","Bottled Tornado"],"acts_visited":["Exordium","TheCity"],"potions_floor_usage":[10,12,24,31,31],"damage_taken":[{"damage":0,"enemies":"Small Slimes","floor":1,"turns":1},{"damage":0,"enemies":"Jaw Worm","floor":3,"turns":1},{"damage":0,"enemies":"Lagavulin","floor":8,"turns":1},{"damage":12,"enemies":"Gremlin Nob","floor":10,"turns":3},{"damage":0,"enemies":"Cultist","floor":11,"turns":2},{"damage":10,"enemies":"3 Sentries","floor":12,"turns":5},{"damage":9,"enemies":"Gremlin Gang","floor":14,"turns":4},{"damage":6,"enemies":"Hexaghost","floor":16,"turns":8},{"damage":8,"enemies":"Shell Parasite","floor":18,"turns":4},{"damage":3,"enemies":"Chosen","floor":19,"turns":3},{"damage":2,"enemies":"3 Cultists","floor":24,"turns":5},{"damage":31,"enemies":"Snake Plant","floor":27,"turns":3},{"damage":8,"enemies":"Cultist and Chosen","floor":30,"turns":3},{"damage":0,"enemies":"Slavers","floor":31,"turns":2},{"damage":40,"enemies":"Collector","floor":35,"turns":6}],"seed_played":"3267753754603408286","potions_obtained":[{"floor":3,"key":"CultistPotion"},{"floor":8,"key":"PowerPotion"},{"floor":12,"key":"ColorlessPotion"},{"floor":16,"key":"Weak Potion"},{"floor":19,"key":"BlessingOfTheForge"},{"floor":27,"key":"Adrenaline Potion"},{"floor":30,"key":"Elixir"}],"is_trial":false,"path_per_floor":["M","?","M","?","?","R","$","E","T","E","M","E","R","M","R","B",null,"M","M","?","$","PTL","PTL","M","R","?","M","T","R","M","E","T","$","R_BF","B"],"character_chosen":"THE_SILENT","items_purchased":["Membership Card","Toxic Egg 2","Backstab","ReplayTheSpireMod:The Works+1","Backstab","Question Card","Poisoned Strike"],"campfire_rested":1,"item_purchase_floors":[21,21,21,33,33,33,33],"current_hp_per_floor":[63,56,56,56,56,56,56,56,56,44,44,34,34,25,25,19,57,49,46,46,46,46,46,44,44,44,13,13,34,26,26,26,26,26,0,0],"gold":152,"neow_bonus":"THREE_ENEMY_KILL","is_daily":false,"chose_seed":false,"campfire_upgraded":4,"win_rate":0.0,"timestamp":1611109192,"path_taken":["M","?","M","?","?","R","?","E","T","E","M","E","R","?","R","BOSS","M","?","?","?","PTL","PTL","M","R","?","M","T","R","M","E","?","$","R_BF","BOSS"],"items_purchased_type":["Relic","Relic","Card","Card","Card","Relic","Card"],"build_version":"2020-12-22","purchased_purges":3,"victory":false,"max_hp_per_floor":[70,70,70,70,70,70,70,70,70,70,70,70,70,70,70,70,70,70,70,70,70,70,70,70,70,70,70,70,70,70,70,70,70,70,70,70],"card_choices":[{"not_picked":["Deflect","Predator"],"picked":"Quick Slash","floor":1},{"not_picked":["Quick Slash","Dagger Spray"],"picked":"Dagger Throw","floor":3},{"not_picked":["Underhanded Strike","Deadly Poison"],"picked":"ReplayTheSpireMod:From All Sides","floor":8},{"not_picked":["Riddle With Holes","Dash"],"picked":"Deadly Poison","floor":10},{"not_picked":["Well Laid Plans","Riddle With Holes"],"picked":"Blade Dance","floor":11},{"not_picked":["Bane","Quick Slash"],"picked":"Infinite Blades","floor":12},{"not_picked":["Grand Finale","Poisoned Stab"],"picked":"Slice","floor":14},{"not_picked":["Wraith Form v2","Adrenaline"],"picked":"Unload","floor":16},{"not_picked":["Acrobatics","Dagger Spray","Expertise"],"picked":"SKIP","floor":18},{"not_picked":["Backflip","Dagger Spray+1"],"picked":"Deflect","floor":19},{"not_picked":["Crippling Poison","PiercingWail+1"],"picked":"Tactician+1","floor":20},{"not_picked":["All Out Attack","Flechettes+1"],"picked":"Backstab","floor":20},{"not_picked":["Atom Bomb","Underhanded Strike"],"picked":"Cloak And Dagger+1","floor":24},{"not_picked":["Eviscerate","Bane+1"],"picked":"Flying Knee+1","floor":27},{"not_picked":["ReplayTheSpireMod:From All Sides","Backstab"],"picked":"Prepared+1","floor":29},{"not_picked":["Bane","ReplayTheSpireMod:Shiv Toss+1"],"picked":"Terror+1","floor":30},{"not_picked":["Heel Hook","Predator"],"picked":"Dodge and Roll+1","floor":31}],"player_experience":364951,"relics_obtained":[{"floor":8,"key":"Boot"},{"floor":9,"key":"Pet Ghost"},{"floor":10,"key":"Unceasing Top"},{"floor":12,"key":"Replay:Baseball"},{"floor":20,"key":"Replay:Bandana"},{"floor":28,"key":"Dream Catcher"},{"floor":31,"key":"Paper Crane"},{"floor":32,"key":"Replay:Mystery Machine"},{"floor":34,"key":"Bottled Tornado"}],"event_choices":[{"cards_removed":["Strike_G"],"damage_healed":0,"gold_gain":0,"player_choice":"Card Removal","damage_taken":7,"max_hp_gain":0,"max_hp_loss":0,"event_name":"Golden Wing","floor":2,"gold_loss":0},{"damage_healed":0,"gold_gain":0,"player_choice":"Take Wound","damage_taken":0,"relics_obtained":["Golden Idol"],"max_hp_gain":0,"max_hp_loss":0,"event_name":"Golden Idol","floor":5,"gold_loss":0,"cards_obtained":["Injury"]},{"damage_healed":0,"gold_gain":0,"player_choice":"Inject Mutagens","damage_taken":0,"relics_obtained":["MutagenicStrength"],"max_hp_gain":0,"max_hp_loss":0,"event_name":"Drug Dealer","floor":26,"gold_loss":0}],"is_beta":false,"boss_relics":[{"not_picked":["Busted Crown","Empty Cage"],"picked":"SlaversCollar"}],"items_purged_floors":[7,21,33],"is_endless":false,"potions_floor_spawned":[3,8,12,16,19,27,30],"killed_by":"Collector","ascension_level":9}}