{"host":"nxma0dbhh74lxenq","time":1611139111,"event":{"mods":["Astrologer","BaseMod","Beaked The Cultist","CapriCore","Colored Map","DeckTracker","Gremlin Mod","HololiveMod","KinomotoSakuraMod(ñÿîVñ{?)","Koishi","Mad Scientist","Minty Spire (QoL Compilation)","Prisma Mod","StSLib","SuperFastMode","The Bladedancer","The Cursed","The Immortal","The Mystic","YoumuÅiç∞ÈÆódöÎÅj"],"gold_per_floor":[115,190,190,30,130,143,155,173,173,21,40,60,74,100,100,100,100],"floor_reached":16,"language":"JPN","playtime":653,"items_purged":[],"score":141,"play_id":"79469d79-0d0f-4501-8029-97abb50c73db","local_time":"20210120193831","is_ascension_mode":true,"campfire_choices":[{"floor":15,"key":"REST"}],"circlet_count":0,"master_deck":["AscendersBane","Koishi:BasicStrike","Koishi:BasicStrike","Koishi:BasicStrike","Koishi:BasicDefend","Koishi:BasicDefend","Koishi:BasicDefend","Koishi:BasicDefend","Koishi:Provoke","Koishi:HauntingSlash","Koishi:HeartfeltFancy","Koishi:TerrifyingSpectre","Koishi:JumpScare","Koishi:PhantomBarrier","Koishi:PredatoryInstincts","Koishi:YoukaiPolygraph","Koishi:MindNumbingTerror","Koishi:SubconsciousSweep","Koishi:UnseenTerror","Koishi:StingingMind"],"relics":["Koishi:ImaginaryFriend","Dream Catcher","WingedGreaves","Bag of Marbles","Odd Mushroom"],"acts_visited":["Exordium"],"potions_floor_usage":[8,13],"damage_taken":[{"damage":4,"enemies":"Small Slimes","floor":1,"turns":5},{"damage":10,"enemies":"Jaw Worm","floor":6,"turns":6},{"damage":1,"enemies":"Cultist","floor":7,"turns":5},{"damage":19,"enemies":"3 Louse","floor":8,"turns":6},{"damage":2,"enemies":"2 Fungi Beasts","floor":11,"turns":6},{"damage":29,"enemies":"Exordium Wildlife","floor":12,"turns":9},{"damage":1,"enemies":"Lots of Slimes","floor":13,"turns":3},{"damage":12,"enemies":"The Mushroom Lair","floor":14,"turns":4},{"damage":33,"enemies":"Hexaghost","floor":16,"turns":12}],"seed_played":"7678925531421340660","potions_obtained":[{"floor":6,"key":"ColorlessPotion"},{"floor":8,"key":"LiquidBronze"},{"floor":12,"key":"Explosive Potion"}],"is_trial":false,"path_per_floor":["M","?","?","$","?","M","M","M","T","$","M","M","M","?","R","B"],"character_chosen":"KOISHI","items_purchased":["Koishi:TerrifyingSpectre","Bag of Marbles"],"campfire_rested":1,"item_purchase_floors":[4,10],"current_hp_per_floor":[53,42,35,35,35,28,32,17,17,17,27,12,13,12,30,0,0],"gold":100,"neow_bonus":"RANDOM_COMMON_RELIC","is_daily":false,"chose_seed":false,"campfire_upgraded":0,"win_rate":0.0,"timestamp":1611139111,"path_taken":["M","?","?","$","?","M","M","M","T","$","M","?","M","?","R","BOSS"],"items_purchased_type":["Card","Relic"],"build_version":"2020-12-22","purchased_purges":0,"victory":false,"max_hp_per_floor":[60,60,60,60,60,60,60,60,60,60,60,60,60,60,60,60,60],"card_choices":[{"not_picked":["Koishi:EmbryosDream","Koishi:ParalyzingFear"],"picked":"Koishi:HeartfeltFancy","floor":1},{"not_picked":["Koishi:EmbryosDream","Koishi:SubconsciousSweep"],"picked":"Koishi:JumpScare","floor":6},{"not_picked":["Koishi:Vanish","Koishi:EmbryosDream"],"picked":"Koishi:PhantomBarrier","floor":7},{"not_picked":["Koishi:UnconsciousUprising","Koishi:PhantomStrike"],"picked":"Koishi:PredatoryInstincts","floor":8},{"not_picked":["Koishi:PhilosophyOfTheDespised","Koishi:GhostParty"],"picked":"Koishi:YoukaiPolygraph","floor":11},{"not_picked":["Koishi:DreadfulBlow","Koishi:TerrifyingSpectre"],"picked":"Koishi:MindNumbingTerror","floor":12},{"not_picked":["Koishi:Bloodlust","Koishi:FleetingPhantom"],"picked":"Koishi:SubconsciousSweep","floor":13},{"not_picked":["Koishi:JumpScare","Koishi:SubconsciousSweep"],"picked":"Koishi:UnseenTerror","floor":14},{"not_picked":["Koishi:PhantomStrike","Koishi:UnconsciousUprising"],"picked":"Koishi:StingingMind","floor":15}],"player_experience":530483,"relics_obtained":[{"floor":9,"key":"WingedGreaves"},{"floor":14,"key":"Odd Mushroom"}],"event_choices":[{"damage_healed":0,"gold_gain":75,"player_choice":"Gather Gold","damage_taken":11,"max_hp_gain":0,"max_hp_loss":0,"event_name":"World of Goop","floor":2,"gold_loss":0},{"cards_removed":["Koishi:BasicStrike"],"damage_healed":0,"gold_gain":0,"player_choice":"Card Removal","damage_taken":7,"max_hp_gain":0,"max_hp_loss":0,"event_name":"Golden Wing","floor":3,"gold_loss":0},{"damage_healed":0,"gold_gain":100,"player_choice":"Pray","damage_taken":0,"max_hp_gain":0,"max_hp_loss":0,"event_name":"Golden Shrine","floor":5,"gold_loss":0},{"damage_healed":0,"gold_gain":0,"player_choice":"Fought Mushrooms","damage_taken":0,"max_hp_gain":0,"max_hp_loss":0,"event_name":"Mushrooms","floor":14,"gold_loss":0}],"is_beta":false,"boss_relics":[],"items_purged_floors":[],"is_endless":false,"potions_floor_spawned":[6,8,12],"killed_by":"Hexaghost","ascension_level":10}}