{"host":"wghdsg8ym2wc7ov9","time":1611111752,"event":{"mods":["AchievementEnabler","Astrologer","BaseMod","Beaked The Cultist","Better Altar","Better Note","Colored Map","Downfall","Hermit","Highlight Path","Jorbs\u0027s Wanderer Trilogy","KinomotoSakuraMod(????)","Minty Spire (QoL Compilation)","Random Character Button","Relic Stats","SIMod","Shop Mod","StSLib","The Blackbeard","The Bladedancer","The Construct","The Cursed","The Death Knight","The Gatherer","The Hierophant","The Marked","The Mystic","The Necromancer","The Runesmith","The Senshi","The Servant 0.9.4"],"gold_per_floor":[117,117,132,132,151,176,193,242,268,268,312,340,340,364,364,464,464,505,505,533,533,533],"floor_reached":21,"language":"ENG","playtime":3690,"items_purged":[],"score":193,"play_id":"3209fba7-1e95-4a06-b677-d8d91a2beb96","local_time":"20210119190232","is_ascension_mode":false,"campfire_choices":[{"floor":10,"key":"REST"},{"floor":13,"key":"REST"},{"floor":15,"key":"REST"}],"circlet_count":0,"master_deck":["hierophant:Strike_Hierophant","hierophant:Strike_Hierophant","hierophant:Strike_Hierophant","hierophant:Strike_Hierophant","hierophant:Punish","hierophant:Defend_Hierophant","hierophant:Defend_Hierophant","hierophant:Defend_Hierophant","hierophant:Defend_Hierophant","hierophant:ChurchCoffers","hierophant:DeathKnell","hierophant:RepressedViolence","hierophant:Smite","hierophant:Zeal","hierophant:Upheaval","hierophant:RustyCrate","hierophant:Doubloon+1","hierophant:Doubloon+1","hierophant:Batter","hierophant:Patience","hierophant:TollTheBells","hierophant:LocustPlague","hierophant:RepressedViolence","hierophant:Zeal","hierophant:MintersHammer","hierophant:Determination","hierophant:PristineSoul","Embodiment","hierophant:ThreeLashes+1"],"relics":["hierophant:PropheticMaskRelic","Boot","Dream Catcher","Coffee Dripper"],"acts_visited":["Exordium","TheCity"],"potions_floor_usage":[8,16,16,16,20],"damage_taken":[{"damage":2,"enemies":"Small Slimes","floor":1,"turns":4},{"damage":0,"enemies":"2 Louse","floor":3,"turns":3},{"damage":0,"enemies":"Cultist","floor":5,"turns":3},{"damage":21,"enemies":"Lagavulin","floor":6,"turns":6},{"damage":0,"enemies":"2 Fungi Beasts","floor":7,"turns":2},{"damage":32,"enemies":"Gremlin Nob","floor":8,"turns":4},{"damage":8,"enemies":"Gremlin Gang","floor":11,"turns":3},{"damage":5,"enemies":"Looter","floor":12,"turns":2},{"damage":5,"enemies":"Large Slime","floor":14,"turns":6},{"damage":77,"enemies":"Hexaghost","floor":16,"turns":11},{"damage":0,"enemies":"Spheric Guardian","floor":18,"turns":2},{"damage":24,"enemies":"2 Thieves","floor":20,"turns":4},{"damage":44,"enemies":"Cultist and Chosen","floor":21,"turns":7}],"seed_played":"7449868724727085526","potions_obtained":[{"floor":5,"key":"champ:CounterPotion"},{"floor":6,"key":"PowerPotion"},{"floor":8,"key":"champ:CounterPotion"},{"floor":11,"key":"SpeedPotion"},{"floor":16,"key":"Block Potion"}],"is_trial":false,"path_per_floor":["M","?","M","?","M","E","M","E","T","R","M","M","R","M","R","B",null,"M","?","M","M"],"character_chosen":"HIEROPHANT","items_purchased":[],"campfire_rested":3,"item_purchase_floors":[],"current_hp_per_floor":[73,78,78,78,78,57,57,25,25,49,41,36,60,55,79,2,80,80,80,56,14,14],"gold":533,"neow_bonus":"ONE_RANDOM_RARE_CARD","is_daily":false,"chose_seed":false,"campfire_upgraded":0,"win_rate":0.0,"timestamp":1611111752,"path_taken":["M","?","M","?","?","E","M","E","T","R","M","M","R","M","R","BOSS","M","?","M","M"],"items_purchased_type":[],"build_version":"2020-12-22","purchased_purges":0,"victory":false,"max_hp_per_floor":[75,80,80,80,80,80,80,80,80,80,80,80,80,80,80,80,80,80,80,80,80,80],"relic_stats":{"Dream Catcher":3,"counters":[13,57],"Boot":[37],"obtain_stats":[{"Dream Catcher":8,"hierophant:PropheticMaskRelic":0,"Coffee Dripper":17,"Boot":6},{"Dream Catcher":6,"hierophant:PropheticMaskRelic":0,"Coffee Dripper":10,"Boot":4},{"Dream Catcher":22,"hierophant:PropheticMaskRelic":0,"Coffee Dripper":44,"Boot":16}]},"card_choices":[{"not_picked":["hierophant:EyeForCoin","hierophant:Shelter"],"picked":"hierophant:RepressedViolence","floor":1},{"not_picked":["hierophant:Embezzle","hierophant:Encroach"],"picked":"hierophant:Smite","floor":3},{"not_picked":["hierophant:Doubloon","hierophant:FaithHealing"],"picked":"hierophant:Zeal","floor":5},{"not_picked":["hierophant:Remorse","hierophant:Chorus"],"picked":"hierophant:Upheaval","floor":6},{"not_picked":["hierophant:Doubloon","hierophant:SealAway"],"picked":"hierophant:RustyCrate","floor":7},{"not_picked":["hierophant:Doubloon","hierophant:Smite"],"picked":"hierophant:Batter","floor":8},{"not_picked":["hierophant:Doubloon","hierophant:Remorse"],"picked":"hierophant:Patience","floor":10},{"not_picked":["hierophant:DisplayOfPower","hierophant:MorningPrayer"],"picked":"hierophant:TollTheBells","floor":11},{"not_picked":["hierophant:RustyCrate","hierophant:RepressedViolence"],"picked":"hierophant:LocustPlague","floor":12},{"not_picked":["hierophant:DisplayOfPower","hierophant:FlamingChariot"],"picked":"hierophant:RepressedViolence","floor":13},{"not_picked":["hierophant:FlamingChariot","hierophant:RustyCrate"],"picked":"hierophant:Zeal","floor":14},{"not_picked":["hierophant:Alms","hierophant:Shelter"],"picked":"hierophant:MintersHammer","floor":15},{"not_picked":["hierophant:WrathOfGod","hierophant:MintersHammer"],"picked":"hierophant:Determination","floor":16},{"not_picked":["hierophant:RustyCrate","hierophant:HammerAndAnvil+1"],"picked":"hierophant:PristineSoul","floor":18},{"not_picked":["hierophant:EyeForCoin","hierophant:Shelter"],"picked":"hierophant:ThreeLashes+1","floor":20}],"player_experience":726611,"relics_obtained":[{"floor":6,"key":"Boot"},{"floor":8,"key":"Dream Catcher"}],"event_choices":[{"damage_healed":0,"gold_gain":0,"player_choice":"Donut","damage_taken":0,"max_hp_gain":5,"max_hp_loss":0,"event_name":"Big Fish","floor":2,"gold_loss":0},{"damage_healed":0,"gold_gain":0,"player_choice":"Ignored","damage_taken":0,"max_hp_gain":0,"max_hp_loss":0,"event_name":"Purifier","floor":4,"gold_loss":0},{"cards_removed":["hierophant:Determination"],"damage_healed":0,"gold_gain":0,"player_choice":"Take \u0026 Give","damage_taken":0,"max_hp_gain":0,"max_hp_loss":0,"event_name":"betterNote:BetterNote","floor":19,"gold_loss":0,"cards_obtained":["Embodiment"]}],"is_beta":false,"boss_relics":[{"not_picked":["Velvet Choker","Snecko Eye"],"picked":"Coffee Dripper"}],"items_purged_floors":[],"is_endless":false,"potions_floor_spawned":[5,6,8,11,16],"killed_by":"Cultist and Chosen","ascension_level":0}}