{"host":"8c7ixdz8x9d2d2wv","time":1611161977,"event":{"mods":["AYAYA","BaseMod","Better Altar","Better Sensory Stone","Better-Laid Plans","BetterRewards","Colored Map","Colored Powertips","Curses Come First","Dark Map","Defuse TimeMaze Blight","Emptier Cage","Highlight Path","Minty Spire (QoL Compilation)","Quick Restart","Rare Cards Sparkle","Relic Sorter","Shop Mod","StSLib","Transform Curses","Uncapped"],"gold_per_floor":[118,68,82,82,82,82,114,135,159,159,4,24,24,40,40,164,164,189,189,207,207,219,245,18,53,76,90,190,190,267,295,295,397,397,411,2,54,72,72,72,91,91,91,91,110,110,143,143,143,143,143,143,69,102,102],"floor_reached":56,"language":"ENG","playtime":3822,"items_purged":["Defend_G","Strike_G"],"score":1354,"play_id":"3f0c3438-02b5-4264-a8b3-816777e3199f","local_time":"20210120175937","is_ascension_mode":false,"campfire_choices":[{"data":"Neutralize","floor":6,"key":"SMITH"},{"data":"Footwork","floor":10,"key":"SMITH"},{"floor":15,"key":"REST"},{"data":"Cloak And Dagger","floor":32,"key":"SMITH"},{"floor":40,"key":"RECALL"},{"data":"Burst","floor":42,"key":"SMITH"},{"data":"Sadistic Nature","floor":44,"key":"SMITH"},{"data":"Noxious Fumes","floor":46,"key":"SMITH"},{"floor":49,"key":"REST"},{"data":"Forethought","floor":52,"key":"SMITH"}],"circlet_count":0,"master_deck":["Strike_G+1","Strike_G+1","Defend_G+1","Defend_G+1","Defend_G+1","Defend_G+1","Survivor","Neutralize+1","Deflect","Catalyst+1","Footwork+1","Crippling Poison","Noxious Fumes+1","Cloak And Dagger+1","Blur","Dodge and Roll","Deflect+1","Burst+1","Sadistic Nature+1","Catalyst+1","Caltrops","Forethought+1","Caltrops","Catalyst+1"],"relics":["Ring of the Snake","Singing Bowl","Bloody Idol","Sozu","Blood Vial","Snake Skull","Kunai","Shuriken","NeowsBlessing","Odd Mushroom","Bronze Scales","Black Star","MerchantsRug","Bottled Lightning","Whetstone","Oddly Smooth Stone","Bag of Preparation","Nunchaku"],"acts_visited":["Exordium","TheCity","TheBeyond","TheEnding"],"potions_floor_usage":[16,16,16],"damage_taken":[{"damage":0,"enemies":"Small Slimes","floor":1,"turns":1},{"damage":0,"enemies":"2 Louse","floor":3,"turns":1},{"damage":0,"enemies":"Lagavulin","floor":7,"turns":2},{"damage":20,"enemies":"The Mushroom Lair","floor":8,"turns":9},{"damage":0,"enemies":"Jaw Worm","floor":12,"turns":5},{"damage":0,"enemies":"Exordium Wildlife","floor":14,"turns":7},{"damage":6,"enemies":"The Guardian","floor":16,"turns":8},{"damage":0,"enemies":"Shell Parasite","floor":18,"turns":5},{"damage":17,"enemies":"Spheric Guardian","floor":20,"turns":24},{"damage":10,"enemies":"Cultist and Chosen","floor":22,"turns":7},{"damage":5,"enemies":"Book of Stabbing","floor":23,"turns":8},{"damage":18,"enemies":"Slavers","floor":25,"turns":5},{"damage":0,"enemies":"Centurion and Healer","floor":27,"turns":7},{"damage":1,"enemies":"Colosseum Slavers","floor":28,"turns":4},{"damage":28,"enemies":"Colosseum Nobs","floor":28,"turns":6},{"damage":5,"enemies":"Gremlin Leader","floor":31,"turns":6},{"damage":0,"enemies":"Automaton","floor":33,"turns":11},{"damage":0,"enemies":"Orb Walker","floor":35,"turns":6},{"damage":79,"enemies":"2 Orb Walkers","floor":37,"turns":8},{"damage":9,"enemies":"3 Darklings","floor":38,"turns":5},{"damage":4,"enemies":"4 Shapes","floor":41,"turns":5},{"damage":13,"enemies":"Transient","floor":45,"turns":5},{"damage":4,"enemies":"Giant Head","floor":47,"turns":10},{"damage":35,"enemies":"Time Eater","floor":50,"turns":14},{"damage":24,"enemies":"Shield and Spear","floor":54,"turns":5},{"damage":62,"enemies":"The Heart","floor":55,"turns":8}],"seed_played":"6080334213830470728","potions_obtained":[{"floor":1,"key":"CunningPotion"},{"floor":7,"key":"Poison Potion"},{"floor":8,"key":"Explosive Potion"}],"is_trial":false,"path_per_floor":["M","?","M","?","?","R","E","?","T","R","$","M","?","M","R","B",null,"M","?","M","?","M","E","$","E","T","M","?","?","T","E","R","B",null,"M","$","?","M","?","R","M","R","T","R","M","R","E","?","R","B",null,"R","$","E","B",null],"character_chosen":"THE_SILENT","items_purchased":["Crippling Poison","Noxious Fumes","Cloak And Dagger","Sadistic Nature","MerchantsRug","DollysMirror","Caltrops","Whetstone","Oddly Smooth Stone","Caltrops"],"campfire_rested":2,"item_purchase_floors":[11,24,24,36,36,36,36,53,53,53],"current_hp_per_floor":[70,70,70,70,67,67,69,49,49,49,49,51,33,35,57,53,78,80,58,50,50,49,53,53,44,49,56,46,46,51,53,53,60,98,100,100,28,28,28,28,33,33,33,33,29,29,34,36,69,36,112,112,112,93,33],"gold":102,"neow_bonus":"THREE_ENEMY_KILL","is_daily":false,"chose_seed":false,"campfire_upgraded":7,"win_rate":0.0,"timestamp":1611161977,"path_taken":["M","?","M","?","?","R","E","?","T","R","$","?","?","M","R","BOSS","M","?","M","?","?","E","$","E","T","M","?","?","?","E","R","BOSS","M","$","?","M","?","R","?","R","T","R","M","R","E","?","R","BOSS","R","$","E","BOSS"],"items_purchased_type":["Card","Card","Card","Card","Relic","Relic","Card","Relic","Relic","Card"],"build_version":"2020-12-22","purchased_purges":2,"victory":true,"max_hp_per_floor":[70,70,70,70,70,70,72,72,72,72,72,74,74,76,76,78,78,80,80,82,82,84,86,86,88,88,88,98,98,98,98,98,98,98,100,100,102,104,104,104,106,106,106,106,108,108,110,112,112,112,112,112,112,112,112],"card_choices":[{"not_picked":["Sucker Punch","Heel Hook"],"picked":"Deflect","floor":1},{"not_picked":["Underhanded Strike","Slice"],"picked":"Catalyst","floor":3},{"not_picked":["Masterful Stab","Dagger Spray","Bane"],"picked":"Singing Bowl","floor":7},{"not_picked":["Slice","Infinite Blades"],"picked":"Footwork","floor":8},{"not_picked":["Endless Agony","Bane","Underhanded Strike"],"picked":"Singing Bowl","floor":12},{"not_picked":["Flechettes","Backstab","Quick Slash"],"picked":"Singing Bowl","floor":14},{"not_picked":["Venomology","Malaise","Doppelganger"],"picked":"Singing Bowl","floor":16},{"not_picked":["Tactician+1","Dagger Spray","Deadly Poison"],"picked":"Singing Bowl","floor":18},{"not_picked":["Slice","Blade Dance","Sucker Punch"],"picked":"Singing Bowl","floor":20},{"not_picked":["Bane","Accuracy","Crippling Poison"],"picked":"Singing Bowl","floor":22},{"not_picked":["Blade Dance","Deadly Poison","Tools of the Trade"],"picked":"Singing Bowl","floor":23},{"not_picked":["Catalyst","Slice","Doppelganger"],"picked":"Singing Bowl","floor":25},{"not_picked":["Well Laid Plans+1","Outmaneuver"],"picked":"Blur","floor":27},{"not_picked":["Blade Dance","Predator"],"picked":"Dodge and Roll","floor":28},{"not_picked":["Dagger Throw","Underhanded Strike"],"picked":"Deflect+1","floor":31},{"not_picked":["Storm of Steel","Night Terror"],"picked":"Burst","floor":33},{"not_picked":["Bane","Poisoned Stab+1","Underhanded Strike"],"picked":"Singing Bowl","floor":35},{"not_picked":["Flying Knee","Bane","PiercingWail"],"picked":"Singing Bowl","floor":37},{"not_picked":["Acrobatics","Flechettes+1","Calculated Gamble"],"picked":"Singing Bowl","floor":38},{"not_picked":["Footwork","PiercingWail","Dagger Throw"],"picked":"Singing Bowl","floor":41},{"not_picked":["Sucker Punch","Glass Knife","Poisoned Stab+1"],"picked":"Singing Bowl","floor":45},{"not_picked":["Crippling Poison","Prepared","Flechettes+1"],"picked":"Singing Bowl","floor":47},{"not_picked":["HandOfGreed","Jack Of All Trades","Blind"],"picked":"Singing Bowl","floor":48},{"not_picked":["Mind Blast","Thinking Ahead"],"picked":"Forethought","floor":48},{"not_picked":["Terror+1","Flechettes"],"picked":"Catalyst+1","floor":54}],"player_experience":655401,"relics_obtained":[{"floor":7,"key":"Snake Skull"},{"floor":8,"key":"Odd Mushroom"},{"floor":23,"key":"Kunai"},{"floor":25,"key":"Shovel"},{"floor":26,"key":"Bronze Scales"},{"floor":28,"key":"Tingsha"},{"floor":28,"key":"Pear"},{"floor":30,"key":"Shuriken"},{"floor":31,"key":"Orichalcum"},{"floor":37,"key":"Pocketwatch"},{"floor":43,"key":"Bottled Lightning"},{"floor":47,"key":"Ancient Tea Set"},{"floor":47,"key":"Ornamental Fan"},{"floor":54,"key":"Bag of Preparation"},{"floor":54,"key":"Nunchaku"}],"event_choices":[{"cards_removed":["Strike_G"],"damage_healed":0,"gold_gain":0,"player_choice":"Card Removal","damage_taken":0,"max_hp_gain":0,"max_hp_loss":0,"event_name":"The Cleric","floor":2,"gold_loss":50},{"damage_healed":0,"gold_gain":0,"player_choice":"Grow","damage_taken":0,"max_hp_gain":0,"max_hp_loss":0,"event_name":"Living Wall","floor":4,"gold_loss":0,"cards_upgraded":["Catalyst"]},{"damage_healed":0,"gold_gain":0,"player_choice":"Success","damage_taken":3,"relics_obtained":["Singing Bowl"],"max_hp_gain":0,"max_hp_loss":0,"event_name":"Scrap Ooze","floor":5,"gold_loss":0},{"damage_healed":0,"gold_gain":0,"player_choice":"Fought Mushrooms","damage_taken":0,"max_hp_gain":0,"max_hp_loss":0,"event_name":"Mushrooms","floor":8,"gold_loss":0},{"damage_healed":0,"gold_gain":0,"player_choice":"Take Damage","damage_taken":18,"relics_obtained":["Golden Idol"],"max_hp_gain":0,"max_hp_loss":0,"event_name":"Golden Idol","floor":13,"gold_loss":0},{"damage_healed":0,"gold_gain":0,"player_choice":" Vial GoldIdol ","damage_taken":22,"relics_obtained":["Blood Vial","Bloody Idol"],"max_hp_gain":80,"max_hp_loss":58,"event_name":"betterAltar:BetterAltar","floor":19,"potions_obtained":[],"relics_lost":["Golden Idol"],"gold_loss":0},{"damage_healed":0,"gold_gain":0,"player_choice":"Bought 0 Potions","damage_taken":0,"max_hp_gain":0,"max_hp_loss":0,"event_name":"The Woman in Blue","floor":21,"gold_loss":0},{"damage_healed":0,"gold_gain":0,"player_choice":"Fight","damage_taken":0,"max_hp_gain":0,"max_hp_loss":0,"event_name":"Colosseum","floor":28,"gold_loss":0},{"damage_healed":0,"gold_gain":0,"player_choice":"Fought Nobs","damage_taken":0,"max_hp_gain":0,"max_hp_loss":0,"event_name":"Colosseum","floor":28,"gold_loss":0},{"damage_healed":0,"gold_gain":0,"player_choice":"Simplicity","damage_taken":0,"max_hp_gain":0,"max_hp_loss":0,"event_name":"Back to Basics","floor":29,"gold_loss":0,"cards_upgraded":["Strike_G","Strike_G","Strike_G","Defend_G","Defend_G","Defend_G","Defend_G"]},{"damage_healed":0,"gold_gain":0,"player_choice":"Fight","damage_taken":0,"max_hp_gain":0,"max_hp_loss":0,"event_name":"Mysterious Sphere","floor":37,"gold_loss":0},{"cards_removed":["Strike_G"],"damage_healed":0,"gold_gain":0,"player_choice":"Offered Basic","damage_taken":0,"max_hp_gain":0,"max_hp_loss":0,"event_name":"Bonfire Elementals","floor":39,"gold_loss":0},{"damage_healed":0,"gold_gain":3,"player_choice":"1","damage_taken":0,"max_hp_gain":0,"max_hp_loss":0,"event_name":"betterStone:BetterStone","floor":48,"gold_loss":0}],"is_beta":false,"boss_relics":[{"not_picked":["Coffee Dripper","Runic Dome"],"picked":"Sozu"},{"not_picked":["Pandora\u0027s Box","Empty Cage"],"picked":"Black Star"}],"items_purged_floors":[11,24],"is_endless":false,"potions_floor_spawned":[1,7,8,20,25,27,28,33,37,38],"ascension_level":0}}