{"host":"nbmmy2ys5j9alw05","time":1611147986,"event":{"mods":["AchievementEnabler","BaseMod","Bestiary","Better Vampires","Colored Map","Colored Powertips","Googly Eyes","Minty Spire (QoL Compilation)","Quick Restart","StSLib","The Hierophant","The IronCluck","everything is the same but u backflip on backflip"],"gold_per_floor":[361,371,391,391,411,411,212,232,258,258,281,281,281,228,228],"floor_reached":14,"language":"ENG","playtime":473,"items_purged":["hierophant:Strike_Hierophant"],"score":90,"play_id":"0042da4b-b2dc-4d1f-a149-a8b830835803","local_time":"20210120050626","is_ascension_mode":true,"campfire_choices":[{"floor":6,"key":"REST"},{"data":"hierophant:OrnateJavelin","floor":13,"key":"SMITH"}],"circlet_count":0,"master_deck":["hierophant:Strike_Hierophant","hierophant:Strike_Hierophant+1","hierophant:Strike_Hierophant","hierophant:Punish","hierophant:Defend_Hierophant","hierophant:Defend_Hierophant","hierophant:Defend_Hierophant","hierophant:Defend_Hierophant","hierophant:ChurchCoffers+1","hierophant:PassingBell","hierophant:OrnateBuckler","hierophant:AuricBeam","hierophant:OrnateBuckler","hierophant:OrnateJavelin+1"],"relics":["hierophant:PropheticMaskRelic","Happy Flower","Golden Idol"],"acts_visited":["Exordium"],"potions_floor_usage":[5,8],"damage_taken":[{"damage":6,"enemies":"Cultist","floor":1,"turns":3},{"damage":4,"enemies":"Small Slimes","floor":2,"turns":3},{"damage":1,"enemies":"2 Louse","floor":3,"turns":2},{"damage":0,"enemies":"Blue Slaver","floor":5,"turns":1},{"damage":0,"enemies":"Exordium Thugs","floor":8,"turns":5},{"damage":10,"enemies":"Large Slime","floor":11,"turns":6},{"damage":36,"enemies":"Lagavulin","floor":14,"turns":3}],"seed_played":"6194936947661496007","potions_obtained":[{"floor":1,"key":"AttackPotion"},{"floor":2,"key":"AttackPotion"}],"is_trial":false,"path_per_floor":["M","M","M","?","M","R","$","M","T","?","M","?","R","E"],"character_chosen":"HIEROPHANT","items_purchased":["hierophant:OrnateBuckler","hierophant:OrnateJavelin"],"campfire_rested":1,"item_purchase_floors":[7,7],"current_hp_per_floor":[48,44,43,28,28,50,50,50,50,50,40,22,22,0,0],"gold":228,"neow_bonus":"TWO_FIFTY_GOLD","is_daily":false,"chose_seed":false,"campfire_upgraded":1,"win_rate":0.0,"timestamp":1611147986,"path_taken":["M","M","M","?","M","R","$","M","T","?","M","?","R","E"],"items_purchased_type":["Card","Card"],"build_version":"2020-12-22","purchased_purges":1,"victory":false,"max_hp_per_floor":[75,75,75,75,75,75,75,75,75,75,75,75,75,75,75],"card_choices":[{"not_picked":["hierophant:Refuge","hierophant:Community"],"picked":"hierophant:PassingBell","floor":1},{"not_picked":["hierophant:HammerAndAnvil","hierophant:Shelter"],"picked":"hierophant:OrnateBuckler","floor":2},{"not_picked":["hierophant:Embezzle","hierophant:Alms","hierophant:SealAway"],"picked":"SKIP","floor":3},{"not_picked":["hierophant:Purify","hierophant:AuricShield"],"picked":"hierophant:AuricBeam","floor":5},{"not_picked":["hierophant:Refuge","hierophant:MorningPrayer","hierophant:Empathy"],"picked":"SKIP","floor":8},{"not_picked":["hierophant:Charity","hierophant:FieryStrike","hierophant:FlamingChariot"],"picked":"SKIP","floor":11}],"player_experience":507013,"relics_obtained":[{"floor":9,"key":"Happy Flower"}],"event_choices":[{"damage_healed":0,"gold_gain":0,"player_choice":"Entered Light","damage_taken":15,"max_hp_gain":0,"max_hp_loss":0,"event_name":"Shining Light","floor":4,"gold_loss":0,"cards_upgraded":["hierophant:Strike_Hierophant","hierophant:ChurchCoffers"]},{"damage_healed":0,"gold_gain":0,"player_choice":"Fled","damage_taken":0,"max_hp_gain":0,"max_hp_loss":0,"event_name":"Scrap Ooze","floor":10,"gold_loss":0},{"damage_healed":0,"gold_gain":0,"player_choice":"Take Damage","damage_taken":18,"relics_obtained":["Golden Idol"],"max_hp_gain":0,"max_hp_loss":0,"event_name":"Golden Idol","floor":12,"gold_loss":0}],"is_beta":false,"boss_relics":[],"items_purged_floors":[7],"is_endless":false,"potions_floor_spawned":[1,2],"killed_by":"Lagavulin","ascension_level":2}}