{"host":"d85gwtocd8go8gx0","time":1611123482,"event":{"mods":["BaseMod","Dark Map","Highlight Path","Minty Spire (QoL Compilation)","Permanent Neow","Quick Restart","UnlockEverythingMod"],"gold_per_floor":[115,115,129,109,119,144,164,197,197,197,212,58,58,75,75,154,154,169,186,14,14,14,14,45,62,85,102,119,119,119],"floor_reached":29,"language":"ENG","playtime":963,"items_purged":["Strike_R"],"score":514,"play_id":"5cf0425c-4dfa-44f3-b6af-4a88856083e7","local_time":"20210119221802","is_ascension_mode":true,"campfire_choices":[{"floor":10.0,"key":"REST"},{"data":"1","floor":13.0,"key":"LIFT"},{"data":"2","floor":15.0,"key":"LIFT"},{"floor":23,"key":"REST"}],"circlet_count":0,"master_deck":["AscendersBane","Strike_R","Strike_R","Strike_R","Defend_R","Defend_R","Defend_R","Defend_R","Bash","Whirlwind","Metallicize","Flex","Heavy Blade","Sword Boomerang","Fiend Fire","Pommel Strike","Inflame","Pummel","Clothesline","Reaper","Pommel Strike","Offering","Heavy Blade","Twin Strike","Armaments+1","Warcry","Heavy Blade+1"],"relics":["Burning Blood","Ice Cream","Girya","Mercury Hourglass","The Courier","Runic Cube","Ginger","Self Forming Clay","Potion Belt"],"acts_visited":["Exordium","TheCity"],"potions_floor_usage":[27,28],"damage_taken":[{"damage":6.0,"enemies":"Jaw Worm","floor":1.0,"turns":4.0},{"damage":7.0,"enemies":"Cultist","floor":3.0,"turns":4.0},{"damage":0.0,"enemies":"2 Louse","floor":5.0,"turns":4.0},{"damage":63.0,"enemies":"Gremlin Nob","floor":6.0,"turns":6.0},{"damage":10.0,"enemies":"Blue Slaver","floor":7.0,"turns":4.0},{"damage":12.0,"enemies":"Lagavulin","floor":8.0,"turns":5.0},{"damage":5.0,"enemies":"Gremlin Gang","floor":11.0,"turns":4.0},{"damage":0.0,"enemies":"Large Slime","floor":14.0,"turns":3.0},{"damage":27,"enemies":"Slime Boss","floor":16,"turns":7},{"damage":26,"enemies":"Shell Parasite","floor":18,"turns":3},{"damage":20,"enemies":"Spheric Guardian","floor":19,"turns":4},{"damage":55,"enemies":"Slavers","floor":24,"turns":4},{"damage":35,"enemies":"Centurion and Healer","floor":25,"turns":5},{"damage":0,"enemies":"Snecko","floor":27,"turns":3},{"damage":19,"enemies":"Sentry and Sphere","floor":28,"turns":4},{"damage":16,"enemies":"Snake Plant","floor":29,"turns":1}],"seed_played":"2564849264703906591","potions_obtained":[{"floor":1.0,"key":"Weak Potion"},{"floor":3.0,"key":"Explosive Potion"},{"floor":4.0,"key":"FairyPotion"},{"floor":7.0,"key":"BlessingOfTheForge"},{"floor":14.0,"key":"ElixirPotion"},{"floor":24,"key":"Weak Potion"},{"floor":27,"key":"ColorlessPotion"}],"is_trial":false,"path_per_floor":["M","?","M","?","M","E","M","E","T","R","M","$","R","M","R","B",null,"M","M","$","T","$","R","E","M","T","M","M","M"],"character_chosen":"IRONCLAD","items_purchased":["Inflame","Pummel","Offering","Heavy Blade"],"campfire_rested":2,"item_purchase_floors":[12,12,20,20],"current_hp_per_floor":[50,50,49,49,55,20,16,10,10,32,33,33,33,39,39,18,61,41,27,27,27,27,49,20,7,7,25,12,0,0],"gold":119,"neow_bonus":"ONE_RARE_RELIC","is_daily":false,"chose_seed":false,"campfire_upgraded":0,"win_rate":0.0,"timestamp":1611123482,"path_taken":["M","?","?","?","M","E","M","E","T","R","M","$","R","M","R","BOSS","M","M","?","?","$","R","E","?","T","M","M","M"],"items_purchased_type":["Card","Card","Card","Card"],"build_version":"2020-12-22","purchased_purges":1,"victory":false,"max_hp_per_floor":[75,75,75,75,75,75,75,75,75,75,75,75,75,75,75,75,75,75,75,75,75,75,75,75,75,75,75,75,75,75],"card_choices":[{"not_picked":["Feel No Pain","Flex"],"picked":"Whirlwind","floor":1.0},{"not_picked":["Dual Wield","Sword Boomerang"],"picked":"Metallicize","floor":3.0},{"not_picked":["Clash","True Grit"],"picked":"Flex","floor":5.0},{"not_picked":["Armaments","Infernal Blade"],"picked":"Heavy Blade","floor":6.0},{"not_picked":["Warcry","Clash"],"picked":"Sword Boomerang","floor":7.0},{"not_picked":["Reckless Charge","Corruption"],"picked":"Fiend Fire","floor":8.0},{"not_picked":["Carnage","Anger"],"picked":"Pommel Strike","floor":11.0},{"not_picked":["Blood for Blood","Havoc"],"picked":"Clothesline","floor":14.0},{"not_picked":["Juggernaut","Exhume"],"picked":"Reaper","floor":16},{"not_picked":["Wild Strike+1","Dark Embrace","Evolve"],"picked":"SKIP","floor":18},{"not_picked":["Havoc","Iron Wave"],"picked":"Pommel Strike","floor":19},{"not_picked":["Reckless Charge","Shrug It Off"],"picked":"Twin Strike","floor":24},{"not_picked":["Iron Wave","Shockwave"],"picked":"Armaments+1","floor":25},{"not_picked":["Iron Wave","Corruption"],"picked":"Warcry","floor":27},{"not_picked":["Warcry","Thunderclap"],"picked":"Heavy Blade+1","floor":28}],"player_experience":31020,"relics_obtained":[{"floor":6.0,"key":"Girya"},{"floor":8.0,"key":"Mercury Hourglass"},{"floor":9.0,"key":"The Courier"},{"floor":21,"key":"Ginger"},{"floor":24,"key":"Self Forming Clay"},{"floor":26,"key":"Potion Belt"}],"event_choices":[{"cards_removed":["Strike_R"],"damage_healed":0.0,"max_hp_gain":0.0,"max_hp_loss":0.0,"gold_gain":0.0,"event_name":"Bonfire Elementals","player_choice":"Offered Basic","floor":2.0,"gold_loss":0.0,"damage_taken":0.0},{"damage_healed":0.0,"max_hp_gain":0.0,"max_hp_loss":0.0,"gold_gain":0.0,"event_name":"The Woman in Blue","player_choice":"Bought 1 Potion","floor":4.0,"gold_loss":0.0,"damage_taken":0.0}],"is_beta":false,"boss_relics":[{"not_picked":["Velvet Choker","Pandora\u0027s Box"],"picked":"Runic Cube"}],"items_purged_floors":[12],"is_endless":false,"potions_floor_spawned":[1,3,7,14,24,25,27],"killed_by":"Snake Plant","ascension_level":20}}