{"host":"kh6fvhxn285ncg0o","time":1611174489,"event":{"mods":["Act Like it!","BaseMod","Colored Map","Friendly Minions","Keyboard Shortcuts","Minty Spire (QoL Compilation)","Quick Restart","Relic Stats","StSLib","SuperFastMode"],"gold_per_floor":[110,35,35,53,71,100,100,110,110,144,194,209,224,201,201,201,201],"floor_reached":16,"language":"KOR","playtime":305,"items_purged":[],"score":228,"play_id":"19da2f75-7675-41f3-b197-1a0aad800b98","local_time":"20210121052809","is_ascension_mode":true,"campfire_choices":[{"data":"Hemokinesis","floor":7.0,"key":"SMITH"},{"floor":15,"key":"REST"}],"circlet_count":0,"master_deck":["AscendersBane","Strike_R","Strike_R","Strike_R","Defend_R","Defend_R","Defend_R","Defend_R","Bash","Disarm","Hemokinesis+1","Armaments","Shockwave","Body Slam","Power Through","Feel No Pain","Flex"],"relics":["Burning Blood","NeowsBlessing","Nunchaku","Matryoshka","Bird Faced Urn"],"acts_visited":["Exordium"],"potions_floor_usage":[12],"damage_taken":[{"damage":0.0,"enemies":"2 Louse","floor":1.0,"turns":1.0},{"damage":0.0,"enemies":"Small Slimes","floor":4.0,"turns":2.0},{"damage":0.0,"enemies":"Jaw Worm","floor":5.0,"turns":1.0},{"damage":28.0,"enemies":"Lagavulin","floor":6.0,"turns":7.0},{"damage":6.0,"enemies":"3 Louse","floor":8.0,"turns":5.0},{"damage":34,"enemies":"3 Sentries","floor":10,"turns":9},{"damage":3,"enemies":"Lots of Slimes","floor":12,"turns":3},{"damage":12,"enemies":"Red Slaver","floor":13,"turns":3},{"damage":7,"enemies":"Exordium Thugs","floor":14,"turns":4},{"damage":0,"enemies":"The Guardian","floor":16,"turns":1}],"seed_played":"-1924409919517019674","potions_obtained":[{"floor":5.0,"key":"AttackPotion"},{"floor":10,"key":"Explosive Potion"},{"floor":14,"key":"PowerPotion"}],"is_trial":false,"path_per_floor":["M","?","?","M","M","E","R","M","T","E","?","M","M","M","R","B"],"character_chosen":"IRONCLAD","items_purchased":[],"campfire_rested":1,"item_purchase_floors":[],"current_hp_per_floor":[74,74,67,73,75,53,53,53,53,25,18,21,15,14,36,36,36],"gold":201,"neow_bonus":"THREE_ENEMY_KILL","is_daily":false,"chose_seed":false,"campfire_upgraded":1,"win_rate":0.0,"timestamp":1611174489,"path_taken":["M","?","?","M","?","E","R","M","T","E","?","M","?","M","R","BOSS"],"items_purchased_type":[],"build_version":"2020-12-22","purchased_purges":0,"victory":false,"max_hp_per_floor":[75,75,75,75,75,75,75,75,75,75,75,75,75,75,75,75,75],"relic_stats":{"Nunchaku":[2],"counters":[10,36],"Bird Faced Urn":[0],"obtain_stats":[{"Nunchaku":6,"Matryoshka":9,"NeowsBlessing":0,"Bird Faced Urn":10,"Burning Blood":0},{"Nunchaku":4,"Matryoshka":5,"NeowsBlessing":0,"Bird Faced Urn":6,"Burning Blood":0},{"Nunchaku":11,"Matryoshka":16,"NeowsBlessing":0,"Bird Faced Urn":25,"Burning Blood":0}],"Burning Blood":50},"card_choices":[{"not_picked":["Havoc","Pummel"],"picked":"Disarm","floor":1.0},{"not_picked":["Seeing Red","Perfected Strike"],"picked":"Hemokinesis","floor":4.0},{"not_picked":["Sword Boomerang","Burning Pact"],"picked":"Armaments","floor":5.0},{"not_picked":["Perfected Strike","Armaments"],"picked":"Shockwave","floor":6.0},{"not_picked":["Cleave","Shrug It Off"],"picked":"Body Slam","floor":8.0},{"not_picked":["Flex","Clothesline"],"picked":"Power Through","floor":10},{"not_picked":["Twin Strike","Heavy Blade"],"picked":"Feel No Pain","floor":13},{"not_picked":["Armaments","Bloodletting"],"picked":"Flex","floor":14}],"player_experience":3478642,"relics_obtained":[{"floor":6.0,"key":"Nunchaku"},{"floor":9.0,"key":"Matryoshka"},{"floor":10,"key":"Bird Faced Urn"}],"event_choices":[{"cards_removed":["Strike_R"],"damage_healed":0.0,"max_hp_gain":0.0,"max_hp_loss":0.0,"gold_gain":0.0,"event_name":"The Cleric","player_choice":"Card Removal","floor":2.0,"gold_loss":75.0,"damage_taken":0.0},{"cards_removed":["Strike_R"],"damage_healed":0.0,"max_hp_gain":0.0,"max_hp_loss":0.0,"gold_gain":0.0,"event_name":"Golden Wing","player_choice":"Card Removal","floor":3.0,"gold_loss":0.0,"damage_taken":7.0},{"damage_healed":0,"gold_gain":50,"player_choice":"Touch","damage_taken":7,"max_hp_gain":0,"max_hp_loss":0,"event_name":"FaceTrader","floor":11,"gold_loss":0}],"is_beta":false,"boss_relics":[],"items_purged_floors":[],"is_endless":false,"potions_floor_spawned":[5,10,14],"killed_by":"The Guardian","ascension_level":20}}