{"host":"vyjryxuuuxkt43k4","time":1611151682,"event":{"mods":["AchievementEnabler","BaseMod","Colored Map","DeckTracker","Keyboard Shortcuts","Minty Spire (QoL Compilation)","Permanent Neow","Quick Restart","StSLib","SuperFastMode","everything is the same but u backflip on backflip"],"gold_per_floor":[11,11,11,35,53,53,69,69,151,151,151,195,211,255,255,255,255],"floor_reached":16,"language":"KOR","playtime":559,"items_purged":[],"score":193,"play_id":"38acef81-a69b-4aee-a505-2d9a00a1c271","local_time":"20210120230802","is_ascension_mode":true,"campfire_choices":[{"floor":6.0,"key":"REST"},{"data":"Shrug It Off","floor":8.0,"key":"SMITH"},{"floor":15.0,"key":"REST"}],"circlet_count":0,"master_deck":["AscendersBane","Strike_R","Strike_R","Strike_R","Strike_R","Defend_R","Defend_R","Defend_R","Defend_R","Bash","Anger","Shrug It Off+1","Headbutt","Feel No Pain","Reaper","Shrug It Off","Dark Embrace"],"relics":["Burning Blood","Champion Belt","Golden Idol","Singing Bowl","Blood Vial","Ancient Tea Set"],"acts_visited":["Exordium"],"potions_floor_usage":[16],"damage_taken":[{"damage":11.0,"enemies":"Jaw Worm","floor":1.0,"turns":3.0},{"damage":2.0,"enemies":"2 Louse","floor":4.0,"turns":3.0},{"damage":2.0,"enemies":"Cultist","floor":5.0,"turns":4.0},{"damage":2.0,"enemies":"2 Fungi Beasts","floor":7.0,"turns":4.0},{"damage":16.0,"enemies":"Lagavulin","floor":12.0,"turns":7.0},{"damage":50.0,"enemies":"Gremlin Gang","floor":13.0,"turns":8.0},{"damage":24.0,"enemies":"3 Sentries","floor":14.0,"turns":10.0},{"damage":41,"enemies":"The Guardian","floor":16,"turns":6}],"seed_played":"-380400245081245053","potions_obtained":[{"floor":1.0,"key":"LiquidBronze"},{"floor":4.0,"key":"BlessingOfTheForge"},{"floor":13.0,"key":"Weak Potion"}],"is_trial":false,"path_per_floor":["M","?","?","M","M","R","M","R","T","?","?","E","M","E","R","B"],"character_chosen":"IRONCLAD","items_purchased":[],"campfire_rested":2,"item_purchase_floors":[],"current_hp_per_floor":[63,37,30,34,38,60,64,64,64,64,64,54,18,16,39,0,0],"gold":255,"neow_bonus":"ONE_RARE_RELIC","is_daily":false,"chose_seed":false,"campfire_upgraded":1,"win_rate":0.0,"timestamp":1611151682,"path_taken":["M","?","?","M","M","R","M","R","T","?","?","E","?","E","R","BOSS"],"items_purchased_type":[],"build_version":"2020-12-22","purchased_purges":0,"victory":false,"max_hp_per_floor":[75,75,75,75,75,75,75,75,75,75,75,75,77,79,79,79,79],"card_choices":[{"not_picked":["Dual Wield","Rampage"],"picked":"Anger","floor":1.0},{"not_picked":["Hemokinesis","Flex"],"picked":"Shrug It Off","floor":4.0},{"not_picked":["Limit Break","Perfected Strike"],"picked":"Headbutt","floor":5.0},{"not_picked":["Clothesline","Headbutt"],"picked":"Feel No Pain","floor":7.0},{"not_picked":["Fire Breathing","Hemokinesis"],"picked":"Dark Embrace","floor":12.0},{"not_picked":["Body Slam","Infernal Blade","Anger"],"picked":"Singing Bowl","floor":13.0},{"not_picked":["Perfected Strike","Warcry","True Grit"],"picked":"Singing Bowl","floor":14.0}],"player_experience":165461,"relics_obtained":[{"floor":9.0,"key":"Singing Bowl"},{"floor":12.0,"key":"Blood Vial"},{"floor":14.0,"key":"Ancient Tea Set"}],"event_choices":[{"damage_healed":0.0,"max_hp_gain":0.0,"max_hp_loss":0.0,"gold_gain":0.0,"event_name":"Golden Idol","player_choice":"Take Damage","floor":2.0,"gold_loss":0.0,"damage_taken":26.0,"relics_obtained":["Golden Idol"]},{"cards_removed":["Strike_R"],"damage_healed":0.0,"max_hp_gain":0.0,"max_hp_loss":0.0,"gold_gain":0.0,"event_name":"Golden Wing","player_choice":"Card Removal","floor":3.0,"gold_loss":0.0,"damage_taken":7.0},{"damage_healed":0.0,"max_hp_gain":0.0,"max_hp_loss":0.0,"gold_gain":0.0,"event_name":"Liars Game","player_choice":"Ignored","floor":10.0,"gold_loss":0.0,"damage_taken":0.0},{"damage_healed":0.0,"max_hp_gain":0.0,"max_hp_loss":0.0,"gold_gain":0.0,"event_name":"Match and Keep!","player_choice":"2 cards matched","floor":11.0,"gold_loss":0.0,"damage_taken":0.0,"cards_obtained":["Reaper","Shrug It Off"]}],"is_beta":false,"boss_relics":[],"items_purged_floors":[],"is_endless":false,"potions_floor_spawned":[1,4,13],"killed_by":"The Guardian","ascension_level":15}}