{"host":"c3lc60y5x60jlt1y","time":1611156809,"event":{"mods":["AchievementEnabler","BaseMod","Bestiary","Colored Map","Minty Spire (QoL Compilation)","Quick Restart","StSLib","ojb\u0027s Info Mod"],"gold_per_floor":[109,127,6,24,99,132,132,54,54,54,54],"floor_reached":10,"language":"ENG","playtime":471,"items_purged":["Normality"],"score":109,"play_id":"59a00dd6-bf9d-4115-8dd0-2548a599d798","local_time":"20210120173329","is_ascension_mode":true,"campfire_choices":[{"data":"Coolheaded","floor":7.0,"key":"SMITH"}],"circlet_count":0,"master_deck":["AscendersBane","Strike_B","Strike_B","Strike_B","Strike_B","Defend_B","Defend_B","Defend_B","Defend_B","Zap","Dualcast","Biased Cognition","Coolheaded+1","Leap","Hologram","Rebound","Leap","Self Repair"],"relics":["Cracked Core","Blue Candle","Sundial"],"acts_visited":["Exordium"],"potions_floor_usage":[10],"damage_taken":[{"damage":7.0,"enemies":"Small Slimes","floor":1.0,"turns":3.0},{"damage":0.0,"enemies":"Cultist","floor":2.0,"turns":2.0},{"damage":0.0,"enemies":"2 Louse","floor":4.0,"turns":2.0},{"damage":21.0,"enemies":"3 Sentries","floor":6.0,"turns":12.0},{"damage":22,"enemies":"Gremlin Nob","floor":10,"turns":5}],"seed_played":"4587584156710789638","potions_obtained":[{"floor":1.0,"key":"Strength Potion"}],"is_trial":false,"path_per_floor":["M","M","$","M","?","E","R","$","T","E"],"character_chosen":"DEFECT","items_purchased":["Hologram","Self Repair"],"campfire_rested":0,"item_purchase_floors":[3,8],"current_hp_per_floor":[61,61,61,61,54,33,33,33,33,11,11],"gold":54,"neow_bonus":"THREE_RARE_CARDS","is_daily":false,"chose_seed":false,"campfire_upgraded":1,"win_rate":0.0,"timestamp":1611156809,"path_taken":["M","M","$","M","?","E","R","?","T","E"],"items_purchased_type":["Card","Card"],"build_version":"2020-12-22","purchased_purges":1,"victory":false,"max_hp_per_floor":[75,75,75,75,75,75,75,75,75,75,75],"card_choices":[{"not_picked":["Thunder Strike","Buffer"],"picked":"Biased Cognition","floor":0.0},{"not_picked":["Cold Snap","Gash"],"picked":"Coolheaded","floor":1.0},{"not_picked":["Hologram","Hello World"],"picked":"Leap","floor":2.0},{"not_picked":["Redo","Leap"],"picked":"Rebound","floor":4.0},{"not_picked":["Reinforced Body","Stack"],"picked":"Leap","floor":6.0}],"player_experience":8198475,"relics_obtained":[{"floor":6.0,"key":"Blue Candle"},{"floor":9.0,"key":"Sundial"}],"event_choices":[{"damage_healed":0.0,"max_hp_gain":0.0,"max_hp_loss":0.0,"gold_gain":75.0,"event_name":"FaceTrader","player_choice":"Touch","floor":5.0,"gold_loss":0.0,"damage_taken":7.0}],"is_beta":false,"boss_relics":[],"items_purged_floors":[3],"is_endless":false,"potions_floor_spawned":[1],"killed_by":"Gremlin Nob","ascension_level":13}}