{"host":"och2iitg9ibgz06n","time":1611181009,"event":{"mods":["Abigail Mod","AchievementEnabler","Aspiration","BaseMod","Colored Powertips","Dio Mod","Hubris","Hyrulean Relics","Infinite Spire","Minty Spire (QoL Compilation)","Replay The Spire","Small Relic Pack","StSLib","The Animator","The Bug Knight","The Hierophant","The Jungle","The Saiyan","TheHero","Wandering Minibosses","everything is the same but u backflip on backflip","slay the spire mod where everything is the same but ironclad has a cowboy hat","vexMod"],"gold_per_floor":[191,191,206,222,192,192,223,223],"floor_reached":7,"language":"ENG","playtime":349,"items_purged":[],"score":86,"play_id":"768c23f2-16cc-4835-8bd1-795b6c79c8d5","local_time":"20210120161649","is_ascension_mode":true,"campfire_choices":[{"data":"Saiyan:DrainingStrike","floor":6,"key":"SMITH"}],"circlet_count":0,"master_deck":["Saiyan:SAIYA_Strike","Saiyan:SAIYA_Strike","Saiyan:SAIYA_Strike","Saiyan:SAIYA_Strike","Saiyan:SAIYA_Defend","Saiyan:SAIYA_Defend","Saiyan:SAIYA_Defend","Saiyan:SAIYA_Defend","Saiyan:EnergyBlast","Saiyan:KaioKen","Saiyan:RuthlessBlow","Saiyan:DrainingStrike+1","Languid","Saiyan:Furor","Saiyan:Momentum","Saiyan:Fly","Saiyan:Expend"],"relics":["SaiyanSoul","SaiyanHeart","Ring of Panic","Replay:Bottled Snecko"],"acts_visited":["Exordium"],"potions_floor_usage":[5],"damage_taken":[{"damage":4,"enemies":"Jaw Worm","floor":1,"turns":3},{"damage":0,"enemies":"2 Louse","floor":3,"turns":2},{"damage":0,"enemies":"Small Slimes","floor":4,"turns":5},{"damage":4,"enemies":"Looter","floor":5,"turns":4},{"damage":67,"enemies":"Gremlin Nob","floor":7,"turns":7}],"seed_played":"3138252230925346933","potions_obtained":[{"floor":3,"key":"SpeedPotion"},{"floor":4,"key":"AttackPotion"}],"is_trial":false,"path_per_floor":["M","?","M","M","M","R","E"],"character_chosen":"SAIYAJIN","items_purchased":[],"campfire_rested":0,"item_purchase_floors":[],"current_hp_per_floor":[57,57,61,68,68,68,3,3],"gold":223,"neow_bonus":"HUNDRED_GOLD","is_daily":false,"chose_seed":false,"campfire_upgraded":1,"win_rate":0.0,"timestamp":1611181009,"path_taken":["M","?","M","M","M","R","E"],"items_purchased_type":[],"build_version":"2020-12-22","purchased_purges":0,"victory":false,"max_hp_per_floor":[61,61,65,72,76,76,78,78],"card_choices":[{"not_picked":["Saiyan:SaiyanHubris","Saiyan:DragonFist"],"picked":"Saiyan:DrainingStrike","floor":1},{"not_picked":["Saiyan:Endure","Saiyan:DragonRadar"],"picked":"Saiyan:Furor","floor":3},{"not_picked":["Saiyan:DragonFist","Saiyan:Planning"],"picked":"Saiyan:Momentum","floor":4},{"not_picked":["Saiyan:Scouter","Saiyan:PowerUp"],"picked":"Saiyan:Fly","floor":5},{"not_picked":["Saiyan:ConcussiveBlow","Saiyan:UltraInstinct"],"picked":"Saiyan:Expend","floor":7}],"player_experience":415150,"relics_obtained":[{"floor":2,"key":"Ring of Panic"},{"floor":7,"key":"Replay:Bottled Snecko"}],"event_choices":[],"is_beta":false,"boss_relics":[],"items_purged_floors":[],"is_endless":false,"potions_floor_spawned":[3,4],"killed_by":"Gremlin Nob","ascension_level":4}}