{"host":"pi8b3ffzwvxqztac","time":1611172054,"event":{"mods":["BaseMod","Colored Map","Downfall","Minty Spire (QoL Compilation)","StSLib","The Jungle"],"gold_per_floor":[99,99,99,99,199,199,226,226,236,36,56,56,89,105,125,230,230,130,149,162,180,193,193,240,254,69,97,97,131,131,131,131,131],"floor_reached":31,"language":"ENG","playtime":1796,"items_purged":[],"score":326,"play_id":"76323848-8e2a-4089-a220-4692737ef2bb","local_time":"20210121084734","is_ascension_mode":true,"campfire_choices":[{"floor":1,"key":"RECALL"},{"data":"bronze:ChosenStrike","floor":10,"key":"SMITH"},{"data":"bronze:Virus","floor":18,"key":"SMITH"},{"data":"bronze:Verify","floor":23,"key":"SMITH"},{"floor":28,"key":"REST"}],"circlet_count":0,"master_deck":["bronze:Strike","bronze:Strike","bronze:Strike","bronze:Defend","bronze:Defend","bronze:Defend","bronze:Defend","bronze:Replicate","bronze:Goto","bronze:ChosenStrike+1","bronze:Repulsor","bronze:Iterate","bronze:Shell","bronze:Virus+1","bronze:ClassDefault","bronze:MaxOutput","bronze:Verify+1","bronze:Constructor","bronze:Iterate+1","bronze:DelayedGuard","bronze:BronzeOrb","bronze:Flail","Panacea","bronze:DarkDash","bronze:Invalidate","bronze:Turbo"],"relics":["bronze:BronzeCore","downfall:HeartsMalice","bronze:BottledCode","downfall:HeartBlessingBlue","downfall:HeartBlessingRed","Odd Mushroom","Guardian:PocketSentry","Snecko Eye","downfall:HeartBlessingGreen","Toy Ornithopter","bronze:CableSpool","Ornamental Fan","MutagenicStrength"],"acts_visited":["Exordium","TheCity"],"potions_floor_usage":[13,16,16,29],"damage_taken":[{"damage":0,"enemies":"Cultist","floor":2,"turns":1},{"damage":0,"enemies":"Jaw Worm","floor":6,"turns":1},{"damage":0,"enemies":"Small Slimes","floor":8,"turns":1},{"damage":7,"enemies":"2 Fungi Beasts","floor":9,"turns":4},{"damage":2,"enemies":"The Mushroom Lair","floor":11,"turns":3},{"damage":12,"enemies":"3 Sentries","floor":13,"turns":7},{"damage":0,"enemies":"Large Slime","floor":14,"turns":2},{"damage":2,"enemies":"Lots of Slimes","floor":15,"turns":3},{"damage":42,"enemies":"SI_SHIV_ARCHETYPE","floor":16,"turns":8},{"damage":21,"enemies":"Spheric Guardian","floor":19,"turns":4},{"damage":2,"enemies":"Shelled Parasite and Fungi","floor":20,"turns":4},{"damage":6,"enemies":"Cultist and Chosen","floor":21,"turns":4},{"damage":11,"enemies":"Snecko","floor":22,"turns":4},{"damage":11,"enemies":"Snake Plant","floor":25,"turns":3},{"damage":0,"enemies":"downfall:FleeingMerchant","floor":26,"turns":4},{"damage":9,"enemies":"Book of Stabbing","floor":27,"turns":3},{"damage":0,"enemies":"Slavers","floor":29,"turns":5},{"damage":50,"enemies":"Slavers","floor":31,"turns":6}],"seed_played":"3457732429285121302","potions_obtained":[{"floor":9,"key":"Block Potion"},{"floor":13,"key":"SteroidPotion"},{"floor":14,"key":"AttackPotion"},{"floor":16,"key":"Strength Potion"},{"floor":20,"key":"Guardian:BlockOnCardUsePotion"},{"floor":27,"key":"bronze:FreeFunctionsPotion"},{"floor":29,"key":"EssenceOfSteel"}],"is_trial":false,"path_per_floor":["R","M","?","?","?","M","T","M","M","R","?","?","E","M","M","B",null,"R","M","M","M","M","R","T","M","$","E","R","E","?","?"],"character_chosen":"THE_AUTOMATON","items_purchased":["Panacea","bronze:DarkDash"],"campfire_rested":1,"item_purchase_floors":[26,26],"current_hp_per_floor":[70,70,60,65,65,65,65,65,58,68,66,66,54,54,52,10,75,75,54,52,46,35,35,35,24,24,15,37,42,42,0,0,0],"gold":131,"neow_bonus":"THREE_ENEMY_KILL","is_daily":false,"chose_seed":false,"campfire_upgraded":3,"win_rate":0.0,"timestamp":1611172054,"path_taken":["R","M","?","?","?","M","T","M","M","R","?","?","E","M","M","BOSS","R","M","?","M","M","R","T","M","$","E","R","E","?","?"],"items_purchased_type":["Card","Card"],"build_version":"2020-12-22","purchased_purges":0,"victory":false,"max_hp_per_floor":[70,70,60,65,65,65,65,65,65,75,75,75,75,75,75,75,75,75,75,75,75,75,75,75,75,75,75,75,75,75,75,75,75],"card_choices":[{"not_picked":["bronze:Terminator","bronze:NullPointer"],"picked":"bronze:ChosenStrike","floor":2},{"not_picked":["bronze:DelayedGuard","bronze:Constructor"],"picked":"bronze:Repulsor","floor":6},{"not_picked":["bronze:Frontload","bronze:OilSpill"],"picked":"bronze:Iterate","floor":8},{"not_picked":["bronze:WildBeam","bronze:BitShift","bronze:Flail"],"picked":"SKIP","floor":9},{"not_picked":["bronze:MaxOutput","bronze:Repulsor"],"picked":"bronze:Shell","floor":11},{"not_picked":["bronze:BronzeOrb","bronze:Allocate"],"picked":"bronze:Virus","floor":13},{"not_picked":["bronze:Shield","bronze:Separator"],"picked":"bronze:ClassDefault","floor":14},{"not_picked":["bronze:Philosophize","bronze:WildBeam"],"picked":"bronze:MaxOutput","floor":15},{"not_picked":["bronze:HyperBeam","bronze:BurnOut"],"picked":"bronze:Verify","floor":16},{"not_picked":["bronze:Shield","bronze:ChildClass"],"picked":"bronze:Constructor","floor":19},{"not_picked":["bronze:MaxOutput+1","bronze:Deprecate"],"picked":"bronze:Iterate+1","floor":20},{"not_picked":["bronze:BurnOut","bronze:BugBarrage+1","bronze:WildBeam"],"picked":"SKIP","floor":21},{"not_picked":["bronze:Turbo","bronze:Repulsor+1"],"picked":"bronze:DelayedGuard","floor":22},{"not_picked":["bronze:BitShift","bronze:CutThrough"],"picked":"bronze:BronzeOrb","floor":25},{"not_picked":["bronze:BuggyMess","bronze:DelayedSlice"],"picked":"bronze:Flail","floor":26},{"not_picked":["bronze:NullPointer","bronze:CutThrough"],"picked":"bronze:Invalidate","floor":27},{"not_picked":["bronze:HyperBeam","bronze:OilSpill"],"picked":"bronze:Turbo","floor":29}],"player_experience":549000,"relics_obtained":[{"floor":11,"key":"Odd Mushroom"},{"floor":13,"key":"Guardian:PocketSentry"},{"floor":24,"key":"Toy Ornithopter"},{"floor":27,"key":"bronze:CableSpool"},{"floor":29,"key":"Ornamental Fan"}],"event_choices":[{"damage_healed":0,"gold_gain":0,"player_choice":"Donut","damage_taken":0,"max_hp_gain":5,"max_hp_loss":0,"event_name":"Big Fish","floor":4,"gold_loss":0},{"damage_healed":0,"gold_gain":0,"player_choice":"Fought Mushrooms","damage_taken":0,"max_hp_gain":0,"max_hp_loss":0,"event_name":"Mushrooms","floor":11,"gold_loss":0},{"cards_removed":["bronze:Strike"],"damage_healed":0,"gold_gain":0,"player_choice":"Offered Basic","damage_taken":0,"max_hp_gain":0,"max_hp_loss":0,"event_name":"Bonfire Elementals","floor":12,"gold_loss":0},{"damage_healed":0,"gold_gain":0,"player_choice":"Inject Mutagens","damage_taken":0,"relics_obtained":["MutagenicStrength"],"max_hp_gain":0,"max_hp_loss":0,"event_name":"Drug Dealer","floor":30,"gold_loss":0}],"is_beta":false,"boss_relics":[{"not_picked":["Calling Bell","Empty Cage"],"picked":"Snecko Eye"}],"items_purged_floors":[],"is_endless":false,"potions_floor_spawned":[9,13,14,16,20,27,29],"killed_by":"Slavers","ascension_level":2}}