{"host":"i1h39d0gfh5c6uxl","time":1611133341,"event":{"mods":["AchievementEnabler","BaseMod","Colored Map","Colored Powertips","Highlight Path","Minty Spire (QoL Compilation)"],"gold_per_floor":[114,114,130,143,143,143,160,160,187,203,47,47,47,59,59,59,59],"floor_reached":16,"language":"ENG","playtime":293,"items_purged":["Strike_R"],"score":92,"play_id":"c01e2375-f878-4143-aba9-d6184003a44a","local_time":"20210120170221","is_ascension_mode":false,"campfire_choices":[{"data":"Perfected Strike","floor":6,"key":"SMITH"},{"data":"Uppercut","floor":12,"key":"SMITH"},{"floor":15,"key":"REST"}],"circlet_count":0,"master_deck":["Strike_R","Strike_R","Defend_R","Defend_R","Defend_R","Bash","Impervious+1","Dual Wield+1","Battle Trance+1","Perfected Strike+1","Rampage","Twin Strike","Uppercut+1","Parasite","Juggernaut"],"relics":["Astrolabe","Blood Vial","Vajra"],"acts_visited":["Exordium"],"potions_floor_usage":[],"damage_taken":[{"damage":7,"enemies":"Jaw Worm","floor":1,"turns":4},{"damage":0,"enemies":"2 Louse","floor":3,"turns":2},{"damage":1,"enemies":"Cultist","floor":4,"turns":3},{"damage":17,"enemies":"Large Slime","floor":7,"turns":6},{"damage":12,"enemies":"3 Louse","floor":10,"turns":4},{"damage":16,"enemies":"Lots of Slimes","floor":14,"turns":4},{"damage":0,"enemies":"Hexaghost","floor":16,"turns":1}],"seed_played":"-6676153063410991319","potions_obtained":[{"floor":4,"key":"SkillPotion"},{"floor":7,"key":"DuplicationPotion"},{"floor":14,"key":"FairyPotion"}],"is_trial":false,"path_per_floor":["M","?","M","M","?","R","M","$","T","M","$","R","?","M","R","B"],"character_chosen":"IRONCLAD","items_purchased":["Uppercut"],"campfire_rested":1,"item_purchase_floors":[11],"current_hp_per_floor":[73,55,57,58,58,58,43,43,43,33,33,33,53,39,63,65,65],"gold":59,"neow_bonus":"BOSS_RELIC","is_daily":false,"chose_seed":false,"campfire_upgraded":2,"win_rate":0.0,"timestamp":1611133341,"path_taken":["M","?","M","M","?","R","?","$","T","M","$","R","?","M","R","BOSS"],"items_purchased_type":["Card"],"build_version":"2020-12-22","purchased_purges":1,"victory":false,"max_hp_per_floor":[80,80,80,80,80,80,80,80,80,80,80,80,80,80,80,80,80],"card_choices":[{"not_picked":["Heavy Blade","Carnage"],"picked":"Perfected Strike","floor":1},{"not_picked":["Feel No Pain","Havoc"],"picked":"Rampage","floor":3},{"not_picked":["Clash","Rampage"],"picked":"Twin Strike","floor":4},{"not_picked":["Entrench","Blood for Blood","Body Slam"],"picked":"SKIP","floor":7},{"not_picked":["Ghostly Armor","Disarm","Thunderclap"],"picked":"SKIP","floor":10},{"not_picked":["Fire Breathing","Shockwave"],"picked":"Juggernaut","floor":14}],"player_experience":1380368,"relics_obtained":[{"floor":9,"key":"Vajra"}],"event_choices":[{"damage_healed":0,"gold_gain":0,"player_choice":"Success","damage_taken":18,"relics_obtained":["Blood Vial"],"max_hp_gain":0,"max_hp_loss":0,"event_name":"Scrap Ooze","floor":2,"gold_loss":0},{"damage_healed":0,"gold_gain":0,"player_choice":"Ignored","damage_taken":0,"max_hp_gain":0,"max_hp_loss":0,"event_name":"NoteForYourself","floor":5,"gold_loss":0},{"damage_healed":20,"gold_gain":0,"player_choice":"Healed and dodged fight","damage_taken":0,"max_hp_gain":0,"max_hp_loss":0,"event_name":"Mushrooms","floor":13,"gold_loss":0,"cards_obtained":["Parasite"]}],"is_beta":false,"boss_relics":[],"items_purged_floors":[11],"is_endless":false,"potions_floor_spawned":[4,7,14],"killed_by":"Hexaghost","ascension_level":0}}