{"host":"b3acx0fd85ri4t7i","time":1611130932,"event":{"mods":["BaseMod","Colored Powertips","Minty Spire (QoL Compilation)","Quick Restart","Relic Stats","StSLib","[功能]功能增强和修复MOD"],"gold_per_floor":[209,227,1,1,160,160,160],"floor_reached":6,"language":"ZHS","playtime":276,"items_purged":["Strike_R","Defend_R","Defend_R","Strike_R","Strike_R","Bash","Strike_R","Defend_R"],"score":68,"play_id":"0368c589-653f-4085-932a-c275e4a31b72","local_time":"20210120162212","is_ascension_mode":true,"campfire_choices":[],"circlet_count":0,"master_deck":["AscendersBane","Strike_R","Defend_R","Flex","Thunderclap","Doubt"],"relics":["Burning Blood","CeramicFish","Blue Candle","Mercury Hourglass"],"acts_visited":["Exordium"],"potions_floor_usage":[6],"damage_taken":[{"damage":1.0,"enemies":"Cultist","floor":1.0,"turns":3.0},{"damage":11.0,"enemies":"Jaw Worm","floor":2.0,"turns":5.0},{"damage":31,"enemies":"3 Sentries","floor":6,"turns":4}],"seed_played":"-8022027749875977153","potions_obtained":[{"floor":1.0,"key":"SneckoOil"},{"floor":2.0,"key":"Block Potion"}],"is_trial":false,"path_per_floor":["M","M","$","?","?","E"],"character_chosen":"IRONCLAD","items_purchased":["CeramicFish","Blue Candle","Thunderclap"],"campfire_rested":0,"item_purchase_floors":[3,3,3],"current_hp_per_floor":[73,68,68,33,33,2,2],"gold":160,"neow_bonus":"HUNDRED_GOLD","is_daily":false,"chose_seed":false,"campfire_upgraded":0,"win_rate":0.0,"timestamp":1611130932,"path_taken":["M","?","$","?","?","E"],"items_purchased_type":["Relic","Relic","Card"],"build_version":"2020-12-22","purchased_purges":8,"victory":false,"max_hp_per_floor":[75,75,75,75,75,75,75],"relic_stats":{"counters":[3,12],"CeramicFish":18,"Blue Candle":[1],"obtain_stats":[{"CeramicFish":3,"Blue Candle":3,"Burning Blood":0,"Mercury Hourglass":4},{"CeramicFish":2,"Blue Candle":2,"Burning Blood":0,"Mercury Hourglass":2},{"CeramicFish":8,"Blue Candle":8,"Burning Blood":0,"Mercury Hourglass":8}],"Burning Blood":12,"Mercury Hourglass":[36]},"card_choices":[{"not_picked":["Dark Embrace","Carnage","Feel No Pain"],"picked":"SKIP","floor":1.0},{"not_picked":["Clash","Cleave"],"picked":"Flex","floor":2.0}],"player_experience":314588,"relics_obtained":[],"event_choices":[{"damage_healed":0.0,"max_hp_gain":0.0,"max_hp_loss":0.0,"gold_gain":0.0,"event_name":"Scrap Ooze","player_choice":"Success","floor":4.0,"gold_loss":0.0,"damage_taken":35.0,"relics_obtained":["Mercury Hourglass"]},{"damage_healed":0.0,"max_hp_gain":0.0,"max_hp_loss":0.0,"gold_gain":150.0,"event_name":"Liars Game","player_choice":"AGREE","floor":5.0,"gold_loss":0.0,"damage_taken":0.0,"cards_obtained":["Doubt"]}],"is_beta":false,"boss_relics":[],"items_purged_floors":[3,3,3,3,3,3,3,3],"is_endless":false,"potions_floor_spawned":[1,2],"killed_by":"3 Sentries","ascension_level":20}}