{"host":"lyzyr6cv4ove76ms","time":1611156317,"event":{"mods":["BaseMod","Colored Map","Infinite Spire","Minty Spire (QoL Compilation)","Replay The Spire","Robot Space Explorer","StSLib"],"gold_per_floor":[116,128,128,60,75,75,105,105,183,199,199,165,219,235,235,339,339,355,374,374,374,374,374,409,427,427,452,467,201,230,242,242,340,340,360,376,386,436,436,466,466,482,505,600,630,630,630,630,630,774,874,934,934,934,960,960,1034,1034,1114,1191,851,851,918,918,994,994,1119,1119,1197,987,1056,1056,768,829,929,1008,1033,1033,1105,1105,1175,1020,1020,1170,1220,1308,1346,1346,1346,1346,1346,1346,1454,1454,1534,1484,1590,1590,1708,1708,1891,1891,2029,2029,2180,2180,2340,2524,2599,2599,2623,2174,2358,2523,2523,2694,2694,2938,2938,3145,3060,3060,3266,3491,3491,3744,3744,3744,3396,3633,3633,3310,3553,3553,3868,3868,4137,3968,3968,3968,4248,4549,4561,4673,4685,5013,5025,5384,5472,5860,5872,6276,6288,6300,6190,6613,7103],"floor_reached":158,"language":"ENG","playtime":12117,"items_purged":["RobotSpaceExplorer:MiniLasers","ReplayTheSpireMod:Splinters","RobotSpaceExplorer:Defend+1","Decay","Doubt","Regret","Normality","Clumsy","RobotSpaceExplorer:Strike+1","Writhe"],"score":4258,"play_id":"2a8dbc60-82d4-49d1-8104-f7428a1fcd4e","local_time":"20210120162517","is_ascension_mode":false,"campfire_choices":[{"data":"RobotSpaceExplorer:StarLightning","floor":6.0,"key":"SMITH"},{"floor":8.0,"key":"REST"},{"data":"infinitespire:Fortify","floor":15.0,"key":"SMITH"},{"data":"infinitespire:Execution","floor":23.0,"key":"SMITH"},{"data":"RobotSpaceExplorer:DroneSwarm","floor":32.0,"key":"SMITH"},{"floor":47.0,"key":"RECALL"},{"data":"RobotSpaceExplorer:StunGrenade","floor":49.0,"key":"SMITH"},{"data":"RobotSpaceExplorer:Smokescreen","floor":58.0,"key":"SMITH"},{"floor":66.0,"key":"REST"},{"floor":80.0,"key":"REST"},{"floor":83.0,"key":"DIG"},{"floor":91.0,"key":"REST"},{"floor":100.0,"key":"REST"},{"floor":110.0,"key":"REST"},{"floor":115.0,"key":"REST"},{"floor":117.0,"key":"DIG"},{"floor":125,"key":"REST"},{"floor":143,"key":"REST"},{"floor":151,"key":"REST"},{"floor":154,"key":"REST"}],"circlet_count":0,"master_deck":["RobotSpaceExplorer:Strike+1","RobotSpaceExplorer:Defend+1","RobotSpaceExplorer:Defend+1","RobotSpaceExplorer:Scan+1","RobotSpaceExplorer:IronShell+1","RobotSpaceExplorer:StarLightning+1","RobotSpaceExplorer:DroneSwarm+1","RobotSpaceExplorer:Smokescreen+1","RobotSpaceExplorer:StunGrenade+1","infinitespire:Execution+1","RobotSpaceExplorer:IronShell+1","The Bomb+1","RobotSpaceExplorer:BlastShield+1","RobotSpaceExplorer:DroneSwarm+1","RobotSpaceExplorer:DroneSwarm+1","RobotSpaceExplorer:ChargingLaser+1","RobotSpaceExplorer:TrailblazerForm+1","infinitespire:Punishment+1","RobotSpaceExplorer:Autoloader+1","Injury","RobotSpaceExplorer:PlasmaMissile+1","RobotSpaceExplorer:TrailblazerForm+1","RobotSpaceExplorer:BlastShield+1"],"relics":["SacredBark","Omamori","Meat on the Bone","Vajra","Velvet Choker","Juzu Bracelet","Eternal Feather","Ancient Tea Set","Golden Egg","Oddly Smooth Stone","Divine Protection","Cursed Key","RobotSpaceExplorer:ToughPlating","Anchor","infinitespire:Lucky Rock","infinitespire:PuzzleCube","ReplayTheSpireMod:TigerMarble","infinitespire:EvilPickle","Replay:Wanted Poster","Gremlin Food","Molten Egg 2","infinitespire:BottledMercury","Garlic","Smiling Mask","Replay:Bronze Core","TungstenRod","Shuriken","Boot","Strawberry","RobotSpaceExplorer:FoglandsKnife","Replay:Arrowhead","Gremlin Horn","Blood Vial","Replay:Bandana","Tiny House","Thread and Needle","ReplayTheSpireMod:Lightbulb","Pen Nib","ReplayFunnel","infinitespire:Broken Mirror","Bag of Preparation","Mercury Hourglass","Potion Belt","RobotSpaceExplorer:ClockworkSextant","infinitespire:Magic Flask","infinitespire:Cupcake","Toy Ornithopter","MealTicket","infinitespire:Golems Mask","Membership Card","Incense Burner","Art of War","Prayer Wheel","BargainBundle","RobotSpaceExplorer:Reprocessor","Bottled Flame","MawBank","Bird Faced Urn","Kunai","Letter Opener","RobotSpaceExplorer:SearchSpecs","Medical Kit","Onion Ring"],"acts_visited":["Exordium","TheCity","TheBeyond","Exordium","TheCity","TheBeyond","Exordium","TheCity","TheBeyond","TheEnding"],"potions_floor_usage":[123,152,152,152,157,157,157],"damage_taken":[{"damage":8.0,"enemies":"Small Slimes","floor":1.0,"turns":7.0},{"damage":0.0,"enemies":"2 Louse","floor":2.0,"turns":4.0},{"damage":3.0,"enemies":"Jaw Worm","floor":5.0,"turns":5.0},{"damage":25.0,"enemies":"Gremlin Nob","floor":7.0,"turns":6.0},{"damage":2.0,"enemies":"Exordium Wildlife","floor":10.0,"turns":6.0},{"damage":6.0,"enemies":"Large Slime","floor":14.0,"turns":7.0},{"damage":5.0,"enemies":"Hexaghost","floor":16.0,"turns":12.0},{"damage":2.0,"enemies":"Chosen","floor":18.0,"turns":5.0},{"damage":0.0,"enemies":"3 Byrds","floor":19.0,"turns":5.0},{"damage":15.0,"enemies":"Slavers","floor":24.0,"turns":6.0},{"damage":0.0,"enemies":"Snake Plant","floor":25.0,"turns":5.0},{"damage":6.0,"enemies":"Gremlin Leader","floor":27.0,"turns":5.0},{"damage":0.0,"enemies":"Sentry and Sphere","floor":28.0,"turns":6.0},{"damage":0.0,"enemies":"Book of Stabbing","floor":30.0,"turns":6.0},{"damage":0.0,"enemies":"Cultist and Chosen","floor":31.0,"turns":5.0},{"damage":0.0,"enemies":"Pondfish","floor":33.0,"turns":7.0},{"damage":0.0,"enemies":"3 Shapes","floor":35.0,"turns":4.0},{"damage":0.0,"enemies":"3 Darklings","floor":36.0,"turns":5.0},{"damage":0.0,"enemies":"Maw","floor":37.0,"turns":8.0},{"damage":0.0,"enemies":"Mind Bloom Boss Battle","floor":38.0,"turns":5.0},{"damage":0.0,"enemies":"Giant Head","floor":40.0,"turns":8.0},{"damage":0.0,"enemies":"4 Shapes","floor":42.0,"turns":3.0},{"damage":23.0,"enemies":"Nightmare","floor":45.0,"turns":9.0},{"damage":0.0,"enemies":"Time Eater","floor":50.0,"turns":12.0},{"damage":0.0,"enemies":"Cultist","floor":52.0,"turns":3.0},{"damage":0.0,"enemies":"Lagavulin","floor":57.0,"turns":5.0},{"damage":0.0,"enemies":"Small Slimes","floor":59.0,"turns":2.0},{"damage":0.0,"enemies":"2 Louse","floor":63.0,"turns":2.0},{"damage":0.0,"enemies":"3 Sentries","floor":65.0,"turns":4.0},{"damage":0.0,"enemies":"Fading Forest","floor":67.0,"turns":11.0},{"damage":0.0,"enemies":"Spheric Guardian","floor":69.0,"turns":4.0},{"damage":0.0,"enemies":"3 Byrds","floor":71.0,"turns":3.0},{"damage":0.0,"enemies":"Gremlin Leader","floor":74.0,"turns":5.0},{"damage":12.0,"enemies":"Slavers","floor":76.0,"turns":4.0},{"damage":0.0,"enemies":"Colosseum Slavers","floor":79.0,"turns":4.0},{"damage":0.0,"enemies":"Colosseum Nobs","floor":79.0,"turns":4.0},{"damage":0.0,"enemies":"Cultist and Chosen","floor":81.0,"turns":4.0},{"damage":30.0,"enemies":"Collector","floor":84.0,"turns":8.0},{"damage":1.0,"enemies":"3 Darklings","floor":86.0,"turns":5.0},{"damage":50.0,"enemies":"2 Orb Walkers","floor":87.0,"turns":6.0},{"damage":0.0,"enemies":"3 Shapes","floor":93.0,"turns":3.0},{"damage":0.0,"enemies":"Giant Head","floor":95.0,"turns":10.0},{"damage":0.0,"enemies":"Spire Growth","floor":97.0,"turns":6.0},{"damage":25.0,"enemies":"3 Darklings","floor":99.0,"turns":4.0},{"damage":0.0,"enemies":"Time Eater","floor":101.0,"turns":11.0},{"damage":0.0,"enemies":"2 Louse","floor":103.0,"turns":3.0},{"damage":0.0,"enemies":"Small Slimes","floor":105.0,"turns":2.0},{"damage":0.0,"enemies":"Jaw Worm","floor":107.0,"turns":3.0},{"damage":0.0,"enemies":"Gremlin Nob","floor":108.0,"turns":4.0},{"damage":0.0,"enemies":"3 Sentries","floor":113.0,"turns":3.0},{"damage":0.0,"enemies":"Looter","floor":114.0,"turns":2.0},{"damage":0.0,"enemies":"Large Slime","floor":116.0,"turns":2.0},{"damage":0.0,"enemies":"Fading Forest","floor":118.0,"turns":10.0},{"damage":0,"enemies":"3 Byrds","floor":120,"turns":3},{"damage":9,"enemies":"2 Thieves","floor":123,"turns":2},{"damage":0,"enemies":"Sentry and Sphere","floor":124,"turns":3},{"damage":7,"enemies":"Slavers","floor":126,"turns":4},{"damage":0,"enemies":"Snake Plant","floor":130,"turns":2},{"damage":0,"enemies":"Chosen and Byrds","floor":133,"turns":3},{"damage":0,"enemies":"Automaton","floor":135,"turns":8},{"damage":0,"enemies":"3 Darklings","floor":137,"turns":3},{"damage":0,"enemies":"3 Shapes","floor":141,"turns":3},{"damage":0,"enemies":"R_Hoarder","floor":142,"turns":7},{"damage":0,"enemies":"Spire Growth","floor":146,"turns":4},{"damage":10,"enemies":"4 Shapes","floor":148,"turns":3},{"damage":0,"enemies":"Jaw Worm Horde","floor":150,"turns":3},{"damage":73,"enemies":"infinitespire:LordOfFortification","floor":152,"turns":16},{"damage":37,"enemies":"Shield and Spear","floor":156,"turns":6},{"damage":49,"enemies":"The Heart","floor":157,"turns":10}],"seed_played":"344464678239432911","potions_obtained":[{"floor":2.0,"key":"PowerPotion"},{"floor":10.0,"key":"Block Potion"},{"floor":16.0,"key":"LiquidBronze"},{"floor":18.0,"key":"Energy Potion"},{"floor":27.0,"key":"Fire Potion"},{"floor":31.0,"key":"FearPotion"},{"floor":35.0,"key":"DistilledChaos"},{"floor":59.0,"key":"RobotSpaceExplorer:PlasmaFlask"},{"floor":67.0,"key":"Energy Potion"},{"floor":107.0,"key":"ColorlessPotion"},{"floor":114.0,"key":"Toxic Potion"},{"floor":118.0,"key":"Dexterity Potion"},{"floor":120,"key":"Reflective Coating"},{"floor":124,"key":"Adrenaline Potion"},{"floor":133,"key":"Cursed Concoction"},{"floor":152,"key":"RobotSpaceExplorer:PlasmaFlask"}],"is_trial":false,"path_per_floor":["M","M","?","$","M","R","E","R","T","M","?","?","T","M","R","B",null,"M","M","?","AVR","?","R","E","M","T","E","M","$","E","M","R","B",null,"M","M","M","?","AVR","E","?","M","T","?","NM","?","R","?","R","B",null,"M","?","?","T","?","E","R","M","T","$","?","M","?","E","R","B",null,"M","$","M","?","$","E","?","E","T","AVR","?","R","M","$","R_BF","B",null,"M","?","?","?","?","R","?","M","T","E","$","M","?","M","R","B",null,"M","?","M","$","M","E","T","R","T","$","E","M","R","M","R_BF","B",null,"M","?","?","M","M","R","E","?","T","$","M","?","$","M","R_BF","B",null,"M","$","?","AVR","M","E","R","?","T","M","?","M","T","M","R","B",null,"R","$","E","B",null],"character_chosen":"RobotSpaceExplorer","items_purchased":["RobotSpaceExplorer:StarLightning","The Bomb","Garlic","RobotSpaceExplorer:TrailblazerForm","TungstenRod","Blood Vial","Mercury Hourglass","Potion Belt","Membership Card","Incense Burner","Art of War","Prayer Wheel","BargainBundle","Bottled Flame","Medical Kit"],"campfire_rested":11,"item_purchase_floors":[4,29,61,70,73,82,112,112,129,129,132,132,132,138,155],"current_hp_per_floor":[67,67,67,67,64,64,39,61,61,59,41,41,41,47,47,42,75,73,73,73,73,73,75,60,60,60,54,54,54,54,54,63,63,75,75,75,75,75,75,75,75,75,75,75,52,52,64,64,71,71,71,71,71,71,71,71,71,71,71,71,71,71,71,71,71,71,71,71,71,71,71,71,71,71,71,59,66,66,66,78,78,78,78,48,83,82,45,45,45,45,81,81,83,83,83,83,83,83,58,83,83,83,83,83,83,83,83,83,83,83,83,83,83,83,83,83,83,83,83,83,83,83,74,76,83,76,61,61,76,78,78,88,88,88,88,88,88,88,84,84,84,84,84,84,84,84,84,74,74,82,84,32,84,84,84,51,43],"gold":7103,"neow_bonus":"BOSS_RELIC","is_daily":false,"chose_seed":false,"campfire_upgraded":6,"win_rate":0.0,"timestamp":1611156317,"path_taken":["M","M","?","$","M","R","E","R","T","M","?","?","?","?","R","BOSS","M","M","?","AVR","?","R","E","M","T","E","M","?","E","M","R","BOSS","M","M","M","?","AVR","E","?","M","T","?","NM","?","R","?","R","BOSS","M","?","?","?","?","E","R","M","T","$","?","M","?","E","R","BOSS","M","?","M","?","$","E","?","E","T","AVR","?","R","M","$","R_BF","BOSS","M","?","?","?","?","R","?","M","T","E","$","M","?","M","R","BOSS","M","?","M","$","M","E","?","R","T","$","E","M","R","M","R_BF","BOSS","M","?","?","M","M","R","E","?","T","$","M","?","?","M","R_BF","BOSS","M","$","?","AVR","M","E","R","?","T","M","?","M","?","M","R","BOSS","R","$","E","BOSS"],"items_purchased_type":["Card","Card","Relic","Card","Relic","Relic","Relic","Relic","Relic","Relic","Relic","Relic","Relic","Relic","Relic"],"build_version":"2020-12-22","purchased_purges":10,"victory":true,"max_hp_per_floor":[75,75,75,75,75,75,75,75,75,75,75,75,75,75,75,75,75,75,75,75,75,75,75,75,75,75,75,75,75,75,75,75,75,75,75,75,75,75,75,75,75,75,75,75,75,75,75,71,71,71,71,71,71,71,71,71,71,71,71,71,71,71,71,71,71,71,71,71,71,71,71,71,71,71,71,71,78,78,78,78,78,78,78,78,83,83,83,83,83,83,83,83,83,83,83,83,83,83,83,83,83,83,83,83,83,83,83,83,83,83,83,83,83,83,83,83,83,83,83,83,83,83,83,83,83,83,88,88,88,88,88,88,88,88,88,88,88,88,84,84,84,84,84,84,84,84,84,84,84,84,84,84,84,84,84,84,84],"card_choices":[{"not_picked":["RobotSpaceExplorer:Ammunition","RobotSpaceExplorer:Counterblock"],"picked":"RobotSpaceExplorer:IronShell","floor":1.0},{"not_picked":["RobotSpaceExplorer:Electroshield","RobotSpaceExplorer:ShovelStrike","RobotSpaceExplorer:Ammunition"],"picked":"SKIP","floor":2.0},{"not_picked":["RobotSpaceExplorer:ShockKick","RobotSpaceExplorer:SelfCleaning","RobotSpaceExplorer:LaserBurst"],"picked":"SKIP","floor":5.0},{"not_picked":["RobotSpaceExplorer:Asteroid","RobotSpaceExplorer:FrostMissile","RobotSpaceExplorer:Ammunition"],"picked":"SKIP","floor":7.0},{"not_picked":["RobotSpaceExplorer:Counterblock","RobotSpaceExplorer:ScrapMissile","RobotSpaceExplorer:PowerCollector"],"picked":"SKIP","floor":10.0},{"not_picked":["ReplayTheSpireMod:Black Plague","infinitespire:TheBestDefense"],"picked":"infinitespire:Fortify","floor":11.0},{"not_picked":["RobotSpaceExplorer:Ammunition","RobotSpaceExplorer:GlueSpray","RobotSpaceExplorer:FranticSearch"],"picked":"SKIP","floor":14.0},{"not_picked":["RobotSpaceExplorer:Accelerator","RobotSpaceExplorer:Scanner"],"picked":"RobotSpaceExplorer:DroneSwarm","floor":16.0},{"not_picked":["RobotSpaceExplorer:ScrapToss","RobotSpaceExplorer:Electropulse+1"],"picked":"RobotSpaceExplorer:Smokescreen","floor":18.0},{"not_picked":["RobotSpaceExplorer:MiniBoosters+1","RobotSpaceExplorer:Fix"],"picked":"RobotSpaceExplorer:StunGrenade","floor":19.0},{"not_picked":["RobotSpaceExplorer:SurgingShield+1","RobotSpaceExplorer:SurgingStrike+1","RobotSpaceExplorer:FrostMissile"],"picked":"SKIP","floor":24.0},{"not_picked":["RobotSpaceExplorer:GearShield","RobotSpaceExplorer:DoubleBlock+1","RobotSpaceExplorer:Blitz"],"picked":"SKIP","floor":25.0},{"not_picked":["RobotSpaceExplorer:FrostMissile+1","RobotSpaceExplorer:SurgingStrike"],"picked":"RobotSpaceExplorer:IronShell+1","floor":27.0},{"not_picked":["RobotSpaceExplorer:ShockKick","RobotSpaceExplorer:FrostMissile","RobotSpaceExplorer:Probe"],"picked":"SKIP","floor":28.0},{"not_picked":["RobotSpaceExplorer:SurgingStrike","RobotSpaceExplorer:StunGrenade","RobotSpaceExplorer:MetalStrike+1"],"picked":"SKIP","floor":30.0},{"not_picked":["RobotSpaceExplorer:BlastShield","RobotSpaceExplorer:SurgingShield","RobotSpaceExplorer:Ammunition+1"],"picked":"SKIP","floor":31.0},{"not_picked":["RobotSpaceExplorer:IronShell","RobotSpaceExplorer:TurboDodge+1","RobotSpaceExplorer:LuckyStrike+1"],"picked":"SKIP","floor":35.0},{"not_picked":["RobotSpaceExplorer:SurgingStrike","RobotSpaceExplorer:SurgingShield+1","RobotSpaceExplorer:StunGrenade"],"picked":"SKIP","floor":36.0},{"not_picked":["RobotSpaceExplorer:TurboDodge","RobotSpaceExplorer:StunGrenade+1","RobotSpaceExplorer:SurgingShield"],"picked":"SKIP","floor":37.0},{"not_picked":["RobotSpaceExplorer:StarDust+1","RobotSpaceExplorer:FranticSearch","RobotSpaceExplorer:BigMissile"],"picked":"SKIP","floor":40.0},{"not_picked":["RobotSpaceExplorer:SlimeMissile+1","RobotSpaceExplorer:ImprovisedAttack","RobotSpaceExplorer:MiniDrones+1"],"picked":"SKIP","floor":42.0},{"not_picked":["RobotSpaceExplorer:ImprovisedAttack","RobotSpaceExplorer:StunGrenade"],"picked":"RobotSpaceExplorer:BlastShield","floor":44.0},{"not_picked":["RobotSpaceExplorer:SurgingStrike+1","RobotSpaceExplorer:JunkDive+1","RobotSpaceExplorer:IronShell"],"picked":"SKIP","floor":45.0},{"not_picked":["RobotSpaceExplorer:Multitool","RobotSpaceExplorer:Arsenal"],"picked":"RobotSpaceExplorer:DroneSwarm","floor":50.0},{"not_picked":["RobotSpaceExplorer:LaserBurst","RobotSpaceExplorer:SwiftStep","RobotSpaceExplorer:ImprovisedAttack"],"picked":"SKIP","floor":52.0},{"not_picked":["RobotSpaceExplorer:ScrapMissile+1","RobotSpaceExplorer:Scanner","RobotSpaceExplorer:Counterblock"],"picked":"SKIP","floor":57.0},{"not_picked":["RobotSpaceExplorer:StarDust","RobotSpaceExplorer:StunGrenade+1","RobotSpaceExplorer:SlimeMissile+1"],"picked":"SKIP","floor":59.0},{"not_picked":["RobotSpaceExplorer:FrostMissile+1","RobotSpaceExplorer:FranticSearch","RobotSpaceExplorer:SurgingShield"],"picked":"SKIP","floor":63.0},{"not_picked":["RobotSpaceExplorer:PowerCollector","RobotSpaceExplorer:BlastShield","RobotSpaceExplorer:TurboDodge"],"picked":"SKIP","floor":65.0},{"not_picked":["RobotSpaceExplorer:BlastShield","RobotSpaceExplorer:ShockMissile+1"],"picked":"RobotSpaceExplorer:ChargingLaser+1","floor":67.0},{"not_picked":["RobotSpaceExplorer:ScrapMissile+1","RobotSpaceExplorer:Probe+1","RobotSpaceExplorer:Smokescreen"],"picked":"SKIP","floor":69.0},{"not_picked":["RobotSpaceExplorer:DoubleFind+1","RobotSpaceExplorer:ToxicBomb","RobotSpaceExplorer:Blitz+1"],"picked":"SKIP","floor":71.0},{"not_picked":["RobotSpaceExplorer:Probe+1","RobotSpaceExplorer:ShockKick+1","RobotSpaceExplorer:SwiftStep"],"picked":"SKIP","floor":74.0},{"not_picked":["RobotSpaceExplorer:MakeshiftVolley+1","RobotSpaceExplorer:ShockKick+1","RobotSpaceExplorer:StarLightning+1"],"picked":"SKIP","floor":76.0},{"not_picked":["RobotSpaceExplorer:MiniDrones+1","RobotSpaceExplorer:Probe+1","RobotSpaceExplorer:Pulsar"],"picked":"SKIP","floor":81.0},{"not_picked":["RobotSpaceExplorer:Blitz+1","RobotSpaceExplorer:SlimeMissile+1","RobotSpaceExplorer:SurgingShield+1"],"picked":"SKIP","floor":86.0},{"not_picked":["RobotSpaceExplorer:GlueSpray","RobotSpaceExplorer:Ammunition","RobotSpaceExplorer:ChargingLaser+1"],"picked":"SKIP","floor":93.0},{"not_picked":["RobotSpaceExplorer:Counterblock","RobotSpaceExplorer:LaserBurst+1","RobotSpaceExplorer:Probe+1"],"picked":"SKIP","floor":95.0},{"not_picked":["RobotSpaceExplorer:ImprovisedAttack+1","RobotSpaceExplorer:Probe+1","RobotSpaceExplorer:MiniBoosters+1"],"picked":"SKIP","floor":97.0},{"not_picked":["RobotSpaceExplorer:FrostMissile+1","RobotSpaceExplorer:StarLightning+1","RobotSpaceExplorer:MetalStrike+1"],"picked":"SKIP","floor":99.0},{"not_picked":["ReplayTheSpireMod:Echoes of Time","infinitespire:NeuralNetwork"],"picked":"infinitespire:Punishment","floor":101.0},{"not_picked":["RobotSpaceExplorer:Scanner","RobotSpaceExplorer:Asteroid+1"],"picked":"RobotSpaceExplorer:Autoloader","floor":101.0},{"not_picked":["RobotSpaceExplorer:ShockKick+1","RobotSpaceExplorer:Pulsar","RobotSpaceExplorer:BigMissile+1"],"picked":"SKIP","floor":103.0},{"not_picked":["RobotSpaceExplorer:Pulsar","RobotSpaceExplorer:Counterblock","RobotSpaceExplorer:SurgingStrike+1"],"picked":"SKIP","floor":105.0},{"not_picked":["RobotSpaceExplorer:FrostMissile+1","RobotSpaceExplorer:ShovelStrike+1","RobotSpaceExplorer:ScrapMissile+1"],"picked":"SKIP","floor":107.0},{"not_picked":["RobotSpaceExplorer:Arsenal","RobotSpaceExplorer:ShockKick+1","RobotSpaceExplorer:LaserBurst+1"],"picked":"SKIP","floor":108.0},{"not_picked":["RobotSpaceExplorer:ImprovisedAttack+1","RobotSpaceExplorer:Probe+1","RobotSpaceExplorer:StunGrenade+1"],"picked":"SKIP","floor":113.0},{"not_picked":["RobotSpaceExplorer:FreezeRay","RobotSpaceExplorer:Blitz+1","RobotSpaceExplorer:IronShell"],"picked":"SKIP","floor":114.0},{"not_picked":["RobotSpaceExplorer:StunGrenade+1","RobotSpaceExplorer:MetalStrike+1","RobotSpaceExplorer:Probe+1"],"picked":"SKIP","floor":116.0},{"not_picked":["RobotSpaceExplorer:ScrapMissile+1","RobotSpaceExplorer:Pulsar","RobotSpaceExplorer:ImprovisedAttack+1"],"picked":"SKIP","floor":120},{"not_picked":["RobotSpaceExplorer:Calculate+1","RobotSpaceExplorer:Blitz+1","RobotSpaceExplorer:StunGrenade+1"],"picked":"SKIP","floor":123},{"not_picked":["RobotSpaceExplorer:Probe+1","RobotSpaceExplorer:Ammunition","RobotSpaceExplorer:StarDust+1"],"picked":"SKIP","floor":124},{"not_picked":["RobotSpaceExplorer:Jetpack","RobotSpaceExplorer:Blitz+1","RobotSpaceExplorer:MiniDrones+1"],"picked":"SKIP","floor":126},{"not_picked":["RobotSpaceExplorer:SwiftStep","RobotSpaceExplorer:GlueShot+1","RobotSpaceExplorer:Ammunition+1"],"picked":"SKIP","floor":130},{"not_picked":["RobotSpaceExplorer:DualCore+1","RobotSpaceExplorer:ToxicBomb","RobotSpaceExplorer:SurgingShield+1"],"picked":"SKIP","floor":133},{"not_picked":["RobotSpaceExplorer:ScrapToss+1","RobotSpaceExplorer:ImprovisedAttack+1","RobotSpaceExplorer:GlueShot"],"picked":"SKIP","floor":133},{"not_picked":["RobotSpaceExplorer:SurgingShield+1","RobotSpaceExplorer:MiniDrones+1","RobotSpaceExplorer:RigExplosive+1"],"picked":"SKIP","floor":137},{"not_picked":["RobotSpaceExplorer:MiniDrones+1","RobotSpaceExplorer:Counterblock+1","RobotSpaceExplorer:Pulsar"],"picked":"SKIP","floor":137},{"not_picked":["RobotSpaceExplorer:SlimeMissile+1","RobotSpaceExplorer:SurgingShield","RobotSpaceExplorer:Probe+1"],"picked":"SKIP","floor":141},{"not_picked":["RobotSpaceExplorer:Electroshield+1","RobotSpaceExplorer:LaserBurst+1","RobotSpaceExplorer:Ammunition"],"picked":"SKIP","floor":141},{"not_picked":["RobotSpaceExplorer:Explosion+1","RobotSpaceExplorer:DoubleFind+1","RobotSpaceExplorer:PowerCollector+1"],"picked":"SKIP","floor":142},{"not_picked":["RobotSpaceExplorer:JunkDive+1","RobotSpaceExplorer:ShockKick+1","RobotSpaceExplorer:FreezeRay"],"picked":"SKIP","floor":146},{"not_picked":["RobotSpaceExplorer:FranticSearch","RobotSpaceExplorer:Probe+1","RobotSpaceExplorer:ToxicBomb+1"],"picked":"SKIP","floor":146},{"not_picked":["RobotSpaceExplorer:ShovelStrike+1","RobotSpaceExplorer:MetalStrike+1","RobotSpaceExplorer:Electropulse+1"],"picked":"SKIP","floor":148},{"not_picked":["RobotSpaceExplorer:SlimeMissile+1","RobotSpaceExplorer:MetalStrike+1","RobotSpaceExplorer:Electroshield+1"],"picked":"SKIP","floor":148},{"not_picked":["RobotSpaceExplorer:Electropulse+1","RobotSpaceExplorer:SurgingStrike+1"],"picked":"RobotSpaceExplorer:PlasmaMissile+1","floor":150},{"not_picked":["RobotSpaceExplorer:ImprovisedAttack+1","RobotSpaceExplorer:DoubleFind+1","RobotSpaceExplorer:Reload+1"],"picked":"SKIP","floor":150},{"not_picked":["RobotSpaceExplorer:Multitool","RobotSpaceExplorer:Wormhole"],"picked":"RobotSpaceExplorer:TrailblazerForm","floor":152},{"not_picked":["RobotSpaceExplorer:ScrapToss+1","RobotSpaceExplorer:ToxicBomb"],"picked":"RobotSpaceExplorer:BlastShield","floor":156}],"player_experience":601855,"relics_obtained":[{"floor":7.0,"key":"Omamori"},{"floor":9.0,"key":"Meat on the Bone"},{"floor":13.0,"key":"Vajra"},{"floor":24.0,"key":"Ancient Tea Set"},{"floor":26.0,"key":"Golden Egg"},{"floor":27.0,"key":"Oddly Smooth Stone"},{"floor":30.0,"key":"Divine Protection"},{"floor":38.0,"key":"RobotSpaceExplorer:ToughPlating"},{"floor":40.0,"key":"infinitespire:Lucky Rock"},{"floor":44.0,"key":"infinitespire:PuzzleCube"},{"floor":45.0,"key":"ReplayTheSpireMod:TigerMarble"},{"floor":55.0,"key":"Gremlin Food"},{"floor":57.0,"key":"Molten Egg 2"},{"floor":60.0,"key":"infinitespire:BottledMercury"},{"floor":65.0,"key":"Smiling Mask"},{"floor":74.0,"key":"Shuriken"},{"floor":76.0,"key":"Boot"},{"floor":77.0,"key":"Strawberry"},{"floor":79.0,"key":"Replay:Arrowhead"},{"floor":79.0,"key":"Gremlin Horn"},{"floor":83.0,"key":"Replay:Bandana"},{"floor":87.0,"key":"Thread and Needle"},{"floor":94.0,"key":"ReplayTheSpireMod:Lightbulb"},{"floor":95.0,"key":"Pen Nib"},{"floor":108.0,"key":"ReplayFunnel"},{"floor":109.0,"key":"infinitespire:Broken Mirror"},{"floor":111.0,"key":"Bag of Preparation"},{"floor":113.0,"key":"RobotSpaceExplorer:ClockworkSextant"},{"floor":117.0,"key":"infinitespire:Magic Flask"},{"floor":126,"key":"MealTicket"},{"floor":128,"key":"infinitespire:Golems Mask"},{"floor":142,"key":"Bird Faced Urn"},{"floor":145,"key":"Kunai"},{"floor":149,"key":"Letter Opener"},{"floor":156,"key":"Onion Ring"}],"event_choices":[{"damage_healed":0.0,"max_hp_gain":0.0,"max_hp_loss":0.0,"gold_gain":0.0,"event_name":"Living Wall","player_choice":"Grow","floor":3.0,"gold_loss":0.0,"damage_taken":0.0,"cards_upgraded":["RobotSpaceExplorer:IronShell"]},{"damage_healed":0.0,"max_hp_gain":0.0,"max_hp_loss":0.0,"gold_gain":0.0,"event_name":"World of Goop","player_choice":"Left Gold","floor":12.0,"gold_loss":34.0,"damage_taken":0.0},{"damage_healed":0.0,"max_hp_gain":0.0,"max_hp_loss":0.0,"gold_gain":0.0,"event_name":"Back to Basics","player_choice":"Simplicity","floor":22.0,"gold_loss":0.0,"damage_taken":0.0,"cards_upgraded":["RobotSpaceExplorer:Strike","RobotSpaceExplorer:Strike","RobotSpaceExplorer:Strike","RobotSpaceExplorer:Strike","RobotSpaceExplorer:Defend","RobotSpaceExplorer:Defend","RobotSpaceExplorer:Defend","RobotSpaceExplorer:Defend"]},{"damage_healed":0.0,"max_hp_gain":0.0,"max_hp_loss":0.0,"gold_gain":0.0,"event_name":"MindBloom","player_choice":"Fight","floor":38.0,"gold_loss":0.0,"damage_taken":0.0},{"damage_healed":0.0,"max_hp_gain":0.0,"max_hp_loss":0.0,"gold_gain":0.0,"event_name":"Upgrade Shrine","player_choice":"Upgraded","floor":41.0,"gold_loss":0.0,"damage_taken":0.0,"cards_upgraded":["RobotSpaceExplorer:Scan"]},{"damage_healed":0.0,"max_hp_gain":0.0,"max_hp_loss":0.0,"gold_gain":0.0,"event_name":"Duplicator","player_choice":"Copied","floor":46.0,"gold_loss":0.0,"damage_taken":0.0,"cards_obtained":["RobotSpaceExplorer:DroneSwarm"]},{"damage_healed":0.0,"max_hp_gain":0.0,"max_hp_loss":4.0,"gold_gain":0.0,"event_name":"Winding Halls","player_choice":"Max HP","floor":48.0,"gold_loss":0.0,"damage_taken":0.0},{"damage_healed":0.0,"max_hp_gain":0.0,"max_hp_loss":0.0,"gold_gain":0.0,"event_name":"Shining Light","player_choice":"Ignored","floor":53.0,"gold_loss":0.0,"damage_taken":0.0},{"damage_healed":0.0,"max_hp_gain":0.0,"max_hp_loss":0.0,"gold_gain":0.0,"event_name":"Transmorgrifier","player_choice":"Ignored","floor":56.0,"gold_loss":0.0,"damage_taken":0.0},{"cards_removed":["RobotSpaceExplorer:Strike"],"damage_healed":0.0,"max_hp_gain":0.0,"max_hp_loss":0.0,"gold_gain":0.0,"event_name":"Living Wall","player_choice":"Forget","floor":62.0,"gold_loss":0.0,"damage_taken":0.0},{"cards_removed":["RobotSpaceExplorer:Defend"],"damage_healed":0.0,"max_hp_gain":0.0,"max_hp_loss":0.0,"gold_gain":0.0,"event_name":"Purifier","player_choice":"Purged","floor":64.0,"gold_loss":0.0,"damage_taken":0.0},{"damage_healed":0.0,"max_hp_gain":0.0,"max_hp_loss":0.0,"gold_gain":0.0,"event_name":"Beggar","player_choice":"Ignored","floor":72.0,"gold_loss":0.0,"damage_taken":0.0},{"damage_healed":0.0,"max_hp_gain":0.0,"max_hp_loss":0.0,"gold_gain":100.0,"event_name":"Golden Shrine","player_choice":"Pray","floor":75.0,"gold_loss":0.0,"damage_taken":0.0},{"damage_healed":0.0,"max_hp_gain":0.0,"max_hp_loss":0.0,"gold_gain":0.0,"event_name":"Colosseum","player_choice":"Fight","floor":79.0,"gold_loss":0.0,"damage_taken":0.0},{"damage_healed":0.0,"max_hp_gain":0.0,"max_hp_loss":0.0,"gold_gain":0.0,"event_name":"Colosseum","player_choice":"Fought Nobs","floor":79.0,"gold_loss":0.0,"damage_taken":0.0},{"damage_healed":0.0,"max_hp_gain":0.0,"max_hp_loss":0.0,"gold_gain":0.0,"event_name":"Mysterious Sphere","player_choice":"Fight","floor":87.0,"gold_loss":0.0,"damage_taken":0.0},{"damage_healed":0.0,"max_hp_gain":0.0,"max_hp_loss":0.0,"gold_gain":0.0,"event_name":"Transmorgrifier","player_choice":"Ignored","floor":89.0,"gold_loss":0.0,"damage_taken":0.0},{"damage_healed":0.0,"max_hp_gain":0.0,"max_hp_loss":0.0,"gold_gain":0.0,"event_name":"Match and Keep!","player_choice":"0 cards matched","floor":92.0,"gold_loss":0.0,"damage_taken":0.0,"cards_obtained":[]},{"damage_healed":0.0,"max_hp_gain":0.0,"max_hp_loss":0.0,"gold_gain":0.0,"event_name":"SensoryStone","player_choice":"Memory 1","floor":98.0,"gold_loss":0.0,"damage_taken":0.0},{"damage_healed":0,"gold_gain":0,"player_choice":"Obtained Relic","damage_taken":0,"relics_obtained":["Toy Ornithopter"],"max_hp_gain":0,"max_hp_loss":0,"event_name":"Addict","floor":121,"gold_loss":85},{"damage_healed":0,"gold_gain":0,"player_choice":"Ignored","damage_taken":0,"max_hp_gain":0,"max_hp_loss":0,"event_name":"NoteForYourself","floor":122,"gold_loss":0},{"damage_healed":0,"gold_gain":0,"player_choice":"Shed Blood","damage_taken":21,"max_hp_gain":5,"max_hp_loss":0,"event_name":"Forgotten Altar","floor":127,"gold_loss":0},{"cards_removed":["RobotSpaceExplorer:Strike"],"damage_healed":0,"gold_gain":0,"player_choice":"Offered Basic","damage_taken":0,"max_hp_gain":0,"max_hp_loss":0,"event_name":"Bonfire Elementals","floor":131,"gold_loss":0},{"damage_healed":0,"gold_gain":0,"player_choice":"Max HP","damage_taken":0,"max_hp_gain":0,"max_hp_loss":4,"event_name":"Winding Halls","floor":139,"gold_loss":0},{"damage_healed":0,"gold_gain":100,"player_choice":"Pray","damage_taken":0,"max_hp_gain":0,"max_hp_loss":0,"event_name":"Golden Shrine","floor":144,"gold_loss":0},{"damage_healed":0,"gold_gain":0,"player_choice":"Memory 1","damage_taken":0,"max_hp_gain":0,"max_hp_loss":0,"event_name":"SensoryStone","floor":147,"gold_loss":0}],"is_beta":false,"boss_relics":[{"not_picked":["Replay:Grab Bag","ChewingGum"],"picked":"Velvet Choker"},{"not_picked":["Replay:Ancient Bell","Pandora\u0027s Box"],"picked":"Cursed Key"},{"not_picked":["Empty Cage","ReplayTheSpireMod:DimensionalGlitch"],"picked":"Replay:Wanted Poster"},{"not_picked":["Replay:Grab Bag","Coffee Dripper"],"picked":"Replay:Bronze Core"},{"not_picked":["Snecko Eye","RobotSpaceExplorer:SearchSpecs"],"picked":"Tiny House"},{"not_picked":["Ring of Chaos","Replay:Drink Me","Kintsugi"]},{"not_picked":["Busted Crown","Sozu"],"picked":"infinitespire:Cupcake"},{"not_picked":["ReplayTheSpireMod:DimensionalGlitch","ChewingGum"],"picked":"RobotSpaceExplorer:Reprocessor"},{"not_picked":["Replay:Ancient Bell","Calling Bell"],"picked":"RobotSpaceExplorer:SearchSpecs"}],"items_purged_floors":[29,61,70,78,96,112,129,132,138,155],"is_endless":true,"potions_floor_spawned":[2,10,16,18,19,24,27,31,35,37,40,57,59,63,65,67,74,76,79,86,93,97,99,107,108,114,118,120,124,130,133,135,142,148,152],"ascension_level":0}}