{"host":"m1hsm1cztz438mir","time":1611168287,"event":{"mods":["2.2 Compatiblity","AchievementEnabler","Act Like it!","Aspiration","BaseMod","Better Altar","Better Match","Better Sensory Stone","Better Skull","Better Third Choice","Colored Map","Conjunction","Curses Come First","Halation","Minty Spire (QoL Compilation)","Permanent Neow","Relic Stats","Replay The Spire","Shop Mod","StSLib"],"gold_per_floor":[117,42,42,52,52,52,86,104,104,136,136,151,151,151,151,256,256,268,268,268,288,334,368,368,399,399,499,509,509,543,642,642,745,745,759,771,781,828,846,889,889,401,401,423,457,457,84,0,0,0],"floor_reached":51,"language":"ENG","playtime":3404,"items_purged":["Defend_R","Strike_R","Strike_R"],"score":1147,"play_id":"c8491003-70fc-417f-89fd-0a322bc315fc","local_time":"20210120184447","is_ascension_mode":true,"campfire_choices":[{"data":"ReplayTheSpireMod:Muscle Training","floor":6.0,"key":"SMITH"},{"data":"Barricade","floor":11.0,"key":"SMITH"},{"data":"Flex","floor":13.0,"key":"SMITH"},{"data":"Thunderclap","floor":15.0,"key":"SMITH"},{"data":"Demon Form","floor":24.0,"key":"SMITH"},{"data":"Sword Boomerang","floor":29.0,"key":"SMITH"},{"data":"Limit Break","floor":32.0,"key":"SMITH"},{"data":"Offering","floor":41.0,"key":"SMITH"},{"data":"Pummel","floor":46.0,"key":"SMITH"},{"data":"Battle Trance","floor":49,"key":"SMITH"}],"circlet_count":0,"master_deck":["Strike_R","Strike_R","Strike_R+1","Defend_R","Defend_R","Defend_R","Bash","Shrug It Off","Cleave+1","ReplayTheSpireMod:Muscle Training+1","Barricade+1","Flex+1","Thunderclap+1","Flex","Sickly","Demon Form+1","Sword Boomerang+1","ReplayTheSpireMod:Splinters","Thunderclap+1","Battle Trance+1","Limit Break+1","Reaper","Dropkick","Pummel+1","Offering+1","Feel No Pain+1"],"relics":["Burning Blood","Red Skull","Bag of Marbles","Pondfish Scales","Ring of Peace","ReplayTheSpireMod:Ring of Addiction","Chameleon Ring","Toy Ornithopter","Replay:Grab Bag","Coffee Dripper","ChewingGum","SacredBark","halation:PinkSoulGem","aspiration:StickyExplosives","Self Forming Clay","Replay:Wax Seal","Replay:Kaleidoscope","Kunai","Meat on the Bone","aspiration:RitualDagger","Bird Faced Urn","CeramicFish","Whetstone","halation:Jellyphish","Singing Bowl","halation:SelfBoilingWater","aspiration:HummingbirdHeart","Red Mask"],"acts_visited":["Exordium","TheCity","TheBeyond"],"potions_floor_usage":[50,50],"damage_taken":[{"damage":16.0,"enemies":"Small Slimes","floor":1.0,"turns":4.0},{"damage":1.0,"enemies":"Cultist","floor":4.0,"turns":3.0},{"damage":20.0,"enemies":"Gremlin Nob","floor":7.0,"turns":4.0},{"damage":13.0,"enemies":"Jaw Worm","floor":8.0,"turns":3.0},{"damage":13.0,"enemies":"3 Sentries","floor":10.0,"turns":5.0},{"damage":6.0,"enemies":"Blue Slaver","floor":12.0,"turns":2.0},{"damage":14.0,"enemies":"Hexaghost","floor":16.0,"turns":10.0},{"damage":23.0,"enemies":"Shell Parasite","floor":18.0,"turns":6.0},{"damage":22.0,"enemies":"Spheric Guardian","floor":21.0,"turns":4.0},{"damage":14.0,"enemies":"Replay:Snechameleon","floor":23.0,"turns":6.0},{"damage":0.0,"enemies":"Book of Stabbing","floor":25.0,"turns":5.0},{"damage":15.0,"enemies":"Colosseum Slavers","floor":27.0,"turns":3.0},{"damage":28.0,"enemies":"Colosseum Nobs","floor":27.0,"turns":4.0},{"damage":0.0,"enemies":"Centurion and Healer","floor":28.0,"turns":5.0},{"damage":11.0,"enemies":"Gremlin Leader","floor":30.0,"turns":5.0},{"damage":23.0,"enemies":"Champ","floor":33.0,"turns":7.0},{"damage":30.0,"enemies":"3 Darklings","floor":35.0,"turns":4.0},{"damage":38.0,"enemies":"Orb Walker","floor":36.0,"turns":4.0},{"damage":61.0,"enemies":"Maw","floor":37.0,"turns":8.0},{"damage":44.0,"enemies":"2 Orb Walkers","floor":38.0,"turns":5.0},{"damage":36.0,"enemies":"Transient","floor":39.0,"turns":5.0},{"damage":72.0,"enemies":"R_Hoarder","floor":40.0,"turns":7.0},{"damage":44.0,"enemies":"Sphere and 2 Shapes","floor":44.0,"turns":4.0},{"damage":3.0,"enemies":"Reptomancer","floor":45.0,"turns":2.0},{"damage":107,"enemies":"Donu and Deca","floor":50,"turns":7}],"seed_played":"6417335108596849665","potions_obtained":[{"floor":3.0,"key":"Swift Potion"},{"floor":3.0,"key":"AttackPotion"},{"floor":3.0,"key":"GamblersBrew"},{"floor":4.0,"key":"Flashbang"},{"floor":8.0,"key":"Conjunction:LightningMarble"},{"floor":10.0,"key":"Fire Potion"},{"floor":14.0,"key":"BloodPotion"},{"floor":14.0,"key":"SteroidPotion"},{"floor":14.0,"key":"Flashbang"},{"floor":16.0,"key":"Elixir"},{"floor":21.0,"key":"Explosive Potion"},{"floor":22.0,"key":"Venom Potion"},{"floor":23.0,"key":"EssenceOfSteel"},{"floor":28.0,"key":"LifebloodPotion"},{"floor":33.0,"key":"BlessingOfTheForge"},{"floor":38.0,"key":"LiquidBronze"},{"floor":40.0,"key":"ElixirPotion"},{"floor":44.0,"key":"EssenceOfSteel"},{"floor":45.0,"key":"Explosive Potion"}],"is_trial":false,"path_per_floor":["M","$","?","M","$","R","E","M","T","E","R","M","R","?","R","B",null,"M","?","?","M","?","E","R","E","T","?","M","R","E","?","R","B",null,"M","M","M","?","M","E","R","$","T","M","E","R","$","?","R","B",null],"character_chosen":"IRONCLAD","items_purchased":["Whetstone","BloodPotion","Adrenaline Potion","halation:Jellyphish","aspiration:HummingbirdHeart"],"campfire_rested":0,"item_purchase_floors":[42,42,42,42,47],"current_hp_per_floor":[62,62,62,67,67,67,53,46,46,39,39,39,39,39,39,57,74,57,57,57,46,46,43,43,59,59,33,39,39,39,39,39,34,66,54,41,74,50,74,60,60,60,60,50,74,74,74,74,74,62],"gold":0,"neow_bonus":"THREE_CARDS","is_daily":false,"chose_seed":false,"campfire_upgraded":10,"win_rate":0.0,"timestamp":1611168287,"path_taken":["M","$","?","?","?","R","E","M","T","E","R","M","R","?","R","BOSS","M","?","?","M","?","E","R","E","T","?","M","R","E","?","R","BOSS","M","M","M","?","M","E","R","$","T","M","E","R","$","?","R","BOSS"],"items_purchased_type":["Relic","Potion","Potion","Relic","Relic"],"build_version":"2020-12-22","purchased_purges":3,"victory":true,"max_hp_per_floor":[80,80,80,80,80,80,80,80,80,80,80,80,80,80,80,80,80,80,80,78,78,78,78,78,78,78,78,78,78,78,78,78,78,76,76,76,74,74,74,74,74,74,72,72,74,74,74,74,74,72],"relic_stats":{"Singing Bowl":2,"counters":[25,122],"Self Forming Clay":[210],"Bird Faced Urn":[16],"CeramicFish":18,"Kunai":[24],"Whetstone":["Cleave","Strike_R"],"obtain_stats":[{"Lantern":50,"Singing Bowl":43,"SacredBark":17,"CeramicFish":40,"Whetstone":42,"Burning Blood":0,"Chameleon Ring":14,"aspiration:PoetsPen":44,"Ring of Peace":14,"Red Mask":48,"Kunai":27,"Replay:Wax Seal":25,"Red Skull":7,"aspiration:StickyExplosives":22,"Self Forming Clay":23,"ReplayTheSpireMod:Ring of Addiction":14,"Replay:Grab Bag":17,"aspiration:HummingbirdHeart":47,"Replay:Kaleidoscope":27,"halation:SelfBoilingWater":45,"Pondfish Scales":10,"Bird Faced Urn":38,"halation:Jellyphish":42,"ChewingGum":17,"Bag of Marbles":9,"Coffee Dripper":17,"aspiration:RitualDagger":34,"halation:PinkSoulGem":20,"Toy Ornithopter":14,"halation:Trompette":45,"Meat on the Bone":30},{"Lantern":24,"Singing Bowl":22,"SacredBark":7,"CeramicFish":22,"Whetstone":22,"Burning Blood":0,"Chameleon Ring":6,"aspiration:PoetsPen":22,"Ring of Peace":6,"Red Mask":24,"Kunai":13,"Replay:Wax Seal":11,"Red Skull":3,"aspiration:StickyExplosives":9,"Self Forming Clay":10,"ReplayTheSpireMod:Ring of Addiction":6,"Replay:Grab Bag":7,"aspiration:HummingbirdHeart":24,"Replay:Kaleidoscope":13,"halation:SelfBoilingWater":24,"Pondfish Scales":5,"Bird Faced Urn":20,"halation:Jellyphish":22,"ChewingGum":7,"Bag of Marbles":4,"Coffee Dripper":7,"aspiration:RitualDagger":16,"halation:PinkSoulGem":8,"Toy Ornithopter":6,"halation:Trompette":23,"Meat on the Bone":15},{"Lantern":115,"Singing Bowl":109,"SacredBark":31,"CeramicFish":109,"Whetstone":109,"Burning Blood":0,"Chameleon Ring":21,"aspiration:PoetsPen":109,"Ring of Peace":21,"Red Mask":115,"Kunai":59,"Replay:Wax Seal":52,"Red Skull":11,"aspiration:StickyExplosives":41,"Self Forming Clay":47,"ReplayTheSpireMod:Ring of Addiction":21,"Replay:Grab Bag":31,"aspiration:HummingbirdHeart":115,"Replay:Kaleidoscope":59,"halation:SelfBoilingWater":115,"Pondfish Scales":19,"Bird Faced Urn":97,"halation:Jellyphish":109,"ChewingGum":31,"Bag of Marbles":14,"Coffee Dripper":31,"aspiration:RitualDagger":76,"halation:PinkSoulGem":37,"Toy Ornithopter":21,"halation:Trompette":113,"Meat on the Bone":69}],"Burning Blood":132,"Toy Ornithopter":50,"Meat on the Bone":36},"card_choices":[{"not_picked":["Headbutt","Replay:Undeath\u0027s Touch"],"picked":"Shrug It Off","floor":0.0},{"not_picked":["Flex","ReplayTheSpireMod:Corrosion Curse"],"picked":"Cleave","floor":1.0},{"not_picked":["Flex","Cleave"],"picked":"ReplayTheSpireMod:Muscle Training","floor":4.0},{"not_picked":["Massacre","Life Link"],"picked":"Barricade","floor":7.0},{"not_picked":["Shrug It Off","Reckless Charge"],"picked":"Flex","floor":8.0},{"not_picked":["Searing Blow","Eclipse"],"picked":"Thunderclap","floor":10.0},{"not_picked":["ReplayTheSpireMod:Strike From Hell","Perfected Strike"],"picked":"Flex","floor":12.0},{"not_picked":["Brutality","Bludgeon"],"picked":"Demon Form","floor":16.0},{"not_picked":["Shrug It Off","ReplayTheSpireMod:Strike From Hell+1"],"picked":"Sword Boomerang","floor":18.0},{"not_picked":["Body Slam+1","Wild Strike","Anger"],"picked":"SKIP","floor":21.0},{"not_picked":["True Grit","Warcry","Perfected Strike+1"],"picked":"SKIP","floor":23.0},{"not_picked":["Replay:Undeath\u0027s Touch+1","Clash","Demonic Infusion"],"picked":"SKIP","floor":25.0},{"not_picked":["Massacre","Abandon"],"picked":"Thunderclap+1","floor":27.0},{"not_picked":["Havoc","Run Through"],"picked":"Battle Trance","floor":28.0},{"not_picked":["Massacre","Headbutt+1"],"picked":"Limit Break","floor":30.0},{"not_picked":["Exhume","Juggernaut"],"picked":"Reaper","floor":33.0},{"not_picked":["Perfected Strike","Disarm+1","Anger"],"picked":"SKIP","floor":35.0},{"not_picked":["Feel No Pain","Body Slam"],"picked":"Dropkick","floor":36.0},{"not_picked":["ReplayTheSpireMod:Strike From Hell","Replay:Undeath\u0027s Touch"],"picked":"Pummel","floor":37.0},{"not_picked":["Flex","Run Through+1","Fire Breathing"],"picked":"SKIP","floor":39.0},{"not_picked":["Entrench","ReplayTheSpireMod:Strike From Hell+1"],"picked":"Offering","floor":40.0},{"not_picked":["Clash+1","Sword Boomerang"],"picked":"Feel No Pain+1","floor":44.0},{"not_picked":["Rage+1","Berserk","Fire Breathing+1"],"picked":"Singing Bowl","floor":45.0}],"player_experience":271899,"relics_obtained":[{"floor":7.0,"key":"Red Skull"},{"floor":9.0,"key":"Bag of Marbles"},{"floor":10.0,"key":"Pondfish Scales"},{"floor":14.0,"key":"Ring of Peace"},{"floor":14.0,"key":"ReplayTheSpireMod:Ring of Addiction"},{"floor":14.0,"key":"Chameleon Ring"},{"floor":14.0,"key":"Toy Ornithopter"},{"floor":22.0,"key":"aspiration:StickyExplosives"},{"floor":23.0,"key":"Self Forming Clay"},{"floor":25.0,"key":"Replay:Wax Seal"},{"floor":27.0,"key":"Replay:Kaleidoscope"},{"floor":27.0,"key":"Kunai"},{"floor":30.0,"key":"Meat on the Bone"},{"floor":38.0,"key":"Bird Faced Urn"},{"floor":40.0,"key":"CeramicFish"},{"floor":43.0,"key":"Singing Bowl"},{"floor":45.0,"key":"halation:SelfBoilingWater"}],"event_choices":[{"damage_healed":0.0,"max_hp_gain":0.0,"max_hp_loss":0.0,"gold_gain":0.0,"event_name":"Lab","player_choice":"Got Potions","floor":3.0,"gold_loss":0.0,"damage_taken":0.0},{"damage_healed":0.0,"max_hp_gain":0.0,"max_hp_loss":0.0,"gold_gain":0.0,"event_name":"Ghosts","player_choice":"Ignored","floor":19.0,"gold_loss":0.0,"damage_taken":0.0},{"damage_healed":0.0,"max_hp_gain":0.0,"max_hp_loss":0.0,"gold_gain":0.0,"event_name":"Colosseum","player_choice":"Fight","floor":27.0,"gold_loss":0.0,"damage_taken":0.0},{"damage_healed":0.0,"max_hp_gain":0.0,"max_hp_loss":0.0,"gold_gain":0.0,"event_name":"Colosseum","player_choice":"Fought Nobs","floor":27.0,"gold_loss":0.0,"damage_taken":0.0},{"damage_healed":0.0,"max_hp_gain":0.0,"max_hp_loss":0.0,"gold_gain":99.0,"event_name":"betterThird:BetterNest","player_choice":"Steal","floor":31.0,"gold_loss":0.0,"damage_taken":0.0},{"damage_healed":0.0,"max_hp_gain":0.0,"max_hp_loss":0.0,"gold_gain":0.0,"event_name":"Mysterious Sphere","player_choice":"Fight","floor":38.0,"gold_loss":0.0,"damage_taken":0.0},{"damage_healed":0,"gold_gain":0,"player_choice":"Paid","damage_taken":0,"relics_obtained":["Red Mask"],"max_hp_gain":0,"max_hp_loss":0,"event_name":"Tomb of Lord Red Mask","floor":48,"gold_loss":84}],"is_beta":false,"boss_relics":[{"not_picked":["aspiration:RunicSpoon","Runic Pyramid"],"picked":"Replay:Grab Bag"},{"not_picked":["Replay:Wanted Poster","Mark of Pain"],"picked":"Coffee Dripper"},{"not_picked":["ReplayTheSpireMod:Onyx Gauntlets","Busted Crown"],"picked":"ChewingGum"},{"not_picked":["halation:PlatinumPhoenix","Ring of Chaos"],"picked":"SacredBark"},{"not_picked":["aspiration:SilentSkillbook","halation:Prosthetics"],"picked":"aspiration:RitualDagger"}],"items_purged_floors":[2,42,47],"is_endless":false,"potions_floor_spawned":[4,8,10,16,21,23,27,28,33,38,40,44,45],"ascension_level":7}}