{"host":"3xls0xm49ftugio7","time":1611154356,"event":{"mods":["2.2 Compatiblity","AchievementEnabler","Act Like it!","BaseMod","Bestiary","Colored Powertips","Downfall","GifTheSpireLib","Minty Spire (QoL Compilation)","Quick Restart","Relic Stats","StSLib"],"gold_per_floor":[99,110,120,138,149,149,149,177,189,189,222,41,41,60,79,183,183,183,195,32,48,33,33,33,64,64,64,64,79,90,124,134,236,236,36,56,66,84,384,418,442,452,463,716,616,654,654,665,682,682,682,710,147,147,147,147,147,147],"floor_reached":56,"language":"ENG","playtime":5848,"items_purged":["hexamod:Strike","hexamod:Strike+1","hexamod:Strike+1"],"score":1254,"play_id":"d300446f-4c57-442d-b4cc-b64db563b85f","local_time":"20210120165236","is_ascension_mode":true,"campfire_choices":[{"data":"hexamod:TimeWarp","floor":1.0,"key":"SMITH"},{"floor":6.0,"key":"REST"},{"data":"hexamod:ForkedFlame","floor":10.0,"key":"SMITH"},{"floor":13.0,"key":"REST"},{"data":"hexamod:Float","floor":18.0,"key":"SMITH"},{"data":"hexamod:PowerFromBeyond","floor":23.0,"key":"SMITH"},{"floor":26.0,"key":"RECALL"},{"data":"hexamod:ShieldOfDarkness","floor":28.0,"key":"SMITH"},{"data":"hexamod:VolcanoVisage","floor":35.0,"key":"SMITH"},{"floor":45,"key":"REST"},{"floor":47,"key":"REST"},{"floor":54,"key":"REST"}],"circlet_count":0,"master_deck":["hexamod:Strike+1","hexamod:Defend+1","hexamod:Defend+1","hexamod:Defend+1","hexamod:Defend+1","hexamod:Sear+1","hexamod:Float+1","hexamod:TimeWarp+1","hexamod:PowerFromBeyond+1","hexamod:FlamesFromBeyond+1","hexamod:ShieldOfDarkness+1","hexamod:ForkedFlame+1","hexamod:Hexaguard+1","expansioncontent:QuickStudy+1","hexamod:FlamesFromBeyond+1","hexamod:FastForward+1","hexamod:ApocalypticArmor+1","hexamod:FastForward+1","hexamod:GhostShield+1","hexamod:TimeWarp+1","hexamod:PowerFromBeyond+1","hexamod:TimeOfNeed+1","hexamod:HeatShield+1","hexamod:RecurringNightmare+1","hexamod:ApocalypticArmor+1","hexamod:UnlimitedPower+1","hexamod:VolcanoVisage+1","hexamod:Incineration+1","hexamod:NightmareGuise+1","hexamod:NightmareGuise+1","hexamod:PowerFromBeyond+1","hexamod:Haunt+1","hexamod:SixthSeal","hexamod:SoulSteal+1","hexamod:InspiringFlames+1","hexamod:GhostOfSpireFuture+1","hexamod:PowerFromBeyond+1","hexamod:PowerFromBeyond+1","hexamod:PowerFromBeyond+1"],"relics":["hexamod:UnbrokenSoul","Lantern","Toxic Egg 2","Shuriken","sneckomod:SneckoTalon","Pocketwatch","Whetstone","Pen Nib","downfall:HeartBlessingRed","downfall:HeartBlessingGreen","Old Coin","FossilizedHelix","downfall:HeartBlessingBlue","hexamod:TheBrokenSeal","Blood Vial","Thread and Needle","Mercury Hourglass","Bag of Marbles"],"acts_visited":["TheCity","TheBeyond","TheEnding"],"potions_floor_usage":[42,55,56],"damage_taken":[{"damage":0.0,"enemies":"Cultist","floor":2.0,"turns":3.0},{"damage":0.0,"enemies":"Small Slimes","floor":3.0,"turns":2.0},{"damage":2.0,"enemies":"Jaw Worm","floor":4.0,"turns":3.0},{"damage":5.0,"enemies":"2 Fungi Beasts","floor":5.0,"turns":3.0},{"damage":10.0,"enemies":"Gremlin Nob","floor":8.0,"turns":3.0},{"damage":3.0,"enemies":"Blue Slaver","floor":9.0,"turns":3.0},{"damage":10.0,"enemies":"Lagavulin","floor":11.0,"turns":7.0},{"damage":0.0,"enemies":"downfall:FleeingMerchant","floor":12.0,"turns":4.0},{"damage":0.0,"enemies":"2 Fungi Beasts","floor":14.0,"turns":3.0},{"damage":8.0,"enemies":"Large Slime","floor":15.0,"turns":3.0},{"damage":27.0,"enemies":"DF_ARCHETYPE_STREAMLINE","floor":16.0,"turns":8.0},{"damage":11.0,"enemies":"Shell Parasite","floor":19.0,"turns":3.0},{"damage":0.0,"enemies":"downfall:FleeingMerchant","floor":20.0,"turns":5.0},{"damage":0.0,"enemies":"Spheric Guardian","floor":21.0,"turns":4.0},{"damage":10.0,"enemies":"downfall:FleeingMerchant","floor":22.0,"turns":4.0},{"damage":0.0,"enemies":"Slavers","floor":25.0,"turns":3.0},{"damage":2.0,"enemies":"Centurion and Healer","floor":29.0,"turns":4.0},{"damage":16.0,"enemies":"Shelled Parasite and Fungi","floor":30.0,"turns":6.0},{"damage":16.0,"enemies":"Gremlin Leader","floor":31.0,"turns":6.0},{"damage":0.0,"enemies":"Snecko","floor":32.0,"turns":6.0},{"damage":0.0,"enemies":"SI_MIRROR_ARCHETYPE","floor":33.0,"turns":6.0},{"damage":2.0,"enemies":"3 Shapes","floor":36.0,"turns":5.0},{"damage":22.0,"enemies":"3 Darklings","floor":37.0,"turns":4.0},{"damage":0,"enemies":"Writhing Mass","floor":38,"turns":5},{"damage":69,"enemies":"Reptomancer","floor":40,"turns":6},{"damage":0,"enemies":"Transient","floor":42,"turns":7},{"damage":0,"enemies":"Sphere and 2 Shapes","floor":43,"turns":5},{"damage":0,"enemies":"downfall:FleeingMerchant","floor":44,"turns":3},{"damage":0,"enemies":"Giant Head","floor":46,"turns":8},{"damage":14,"enemies":"Writhing Mass","floor":48,"turns":3},{"damage":0,"enemies":"Transient","floor":49,"turns":7},{"damage":9,"enemies":"WA_ARCHETYPE_DIVINITY","floor":50,"turns":14},{"damage":0,"enemies":"downfall:CharBossMerchant","floor":52,"turns":6},{"damage":14,"enemies":"downfall:NeowBoss","floor":55,"turns":18},{"damage":130,"enemies":"downfall:NeowBossFinal","floor":56,"turns":10}],"seed_played":"103281155867035507","potions_obtained":[{"floor":2.0,"key":"SpeedPotion"},{"floor":8.0,"key":"Block Potion"},{"floor":9.0,"key":"ColorlessPotion"},{"floor":9.0,"key":"CultistPotion"},{"floor":12.0,"key":"Fruit Juice"},{"floor":14.0,"key":"PowerPotion"},{"floor":15.0,"key":"Fire Potion"},{"floor":16.0,"key":"FearPotion"},{"floor":19.0,"key":"FairyPotion"},{"floor":21.0,"key":"Regen Potion"},{"floor":33.0,"key":"FairyPotion"},{"floor":40,"key":"SkillPotion"},{"floor":42,"key":"hexamod:SoulburnPotion"}],"is_trial":false,"path_per_floor":["R","M","M","M","M","R","T","E","M","R","E","$","R","M","M","B",null,"R","M","$","M","$","R","T","E","R","?","R","M","M","E","M","B",null,"R","M","M","M","?","E","T","M","M","$","R","E","R","M","M","B",null,"E","$","R","B","B"],"character_chosen":"THE_SPIRIT","items_purchased":["expansioncontent:QuickStudy","hexamod:TimeWarp","Mercury Hourglass","hexamod:PowerFromBeyond+1","Bag of Marbles"],"campfire_rested":5,"item_purchase_floors":[12,20,53,53,53],"current_hp_per_floor":[45,45,45,43,38,59,59,49,46,46,36,36,57,64,68,48,68,68,57,64,71,68,68,68,68,68,68,68,66,57,41,48,62,72,72,70,55,62,62,22,22,39,46,53,85,95,95,81,83,76,90,92,92,95,81,0,0,0],"gold":147,"neow_bonus":"THREE_RARE_CARDS","is_daily":false,"chose_seed":false,"campfire_upgraded":6,"win_rate":0.0,"timestamp":1611154356,"path_taken":["R","M","M","?","M","R","T","E","M","R","E","$","R","M","M","BOSS","R","M","$","M","$","R","T","E","R","?","R","M","M","E","M","BOSS","R","M","M","M","?","E","T","M","M","$","R","E","R","M","M","BOSS","E","$","R","BOSS","BOSS"],"items_purchased_type":["Card","Card","Relic","Card","Relic"],"build_version":"2020-12-22","purchased_purges":3,"victory":false,"max_hp_per_floor":[70,70,70,70,70,70,70,70,70,70,70,70,70,70,75,75,75,75,75,75,75,75,75,75,75,75,75,75,75,75,75,75,75,75,75,75,75,75,75,75,75,75,75,75,85,95,95,95,95,95,95,95,95,95,95,95,95,95],"relic_stats":{"Blood Vial":8,"counters":[35,190],"Shuriken":[42],"Pen Nib":[16],"Whetstone":["hexamod:TimeWarp"],"obtain_stats":[{"Lantern":7,"downfall:HeartBlessingRed":35,"hexamod:TheBrokenSeal":46,"downfall:HeartBlessingGreen":35,"Thread and Needle":52,"Pen Nib":31,"Whetstone":25,"sneckomod:SneckoTalon":17,"Old Coin":39,"Mercury Hourglass":53,"Blood Vial":46,"hexamod:UnbrokenSoul":34,"Shuriken":11,"downfall:HeartBlessingBlue":45,"Bag of Marbles":53,"Toxic Egg 2":8,"hexamod:SpiritBrand":0,"FossilizedHelix":40,"Pocketwatch":24},{"Lantern":4,"downfall:HeartBlessingRed":21,"hexamod:TheBrokenSeal":29,"downfall:HeartBlessingGreen":21,"Thread and Needle":33,"Pen Nib":19,"Whetstone":16,"sneckomod:SneckoTalon":11,"Old Coin":24,"Mercury Hourglass":33,"Blood Vial":29,"hexamod:UnbrokenSoul":21,"Shuriken":7,"downfall:HeartBlessingBlue":28,"Bag of Marbles":33,"Toxic Egg 2":5,"hexamod:SpiritBrand":0,"FossilizedHelix":25,"Pocketwatch":15},{"Lantern":11,"downfall:HeartBlessingRed":89,"hexamod:TheBrokenSeal":129,"downfall:HeartBlessingGreen":89,"Thread and Needle":162,"Pen Nib":77,"Whetstone":61,"sneckomod:SneckoTalon":42,"Old Coin":103,"Mercury Hourglass":162,"Blood Vial":132,"hexamod:UnbrokenSoul":89,"Shuriken":24,"downfall:HeartBlessingBlue":124,"Bag of Marbles":162,"Toxic Egg 2":14,"hexamod:SpiritBrand":0,"FossilizedHelix":109,"Pocketwatch":58}],"Pocketwatch":[114],"Mercury Hourglass":[41]},"card_choices":[{"not_picked":["hexamod:WildfireWeapon","hexamod:GhostflameInferno"],"picked":"hexamod:TimeWarp","floor":0.0},{"not_picked":["hexamod:NightmareGuise","hexamod:HauntingEcho"],"picked":"hexamod:PowerFromBeyond","floor":2.0},{"not_picked":["hexamod:ShieldOfDarkness","hexamod:AdvancingGuard"],"picked":"hexamod:FlamesFromBeyond","floor":3.0},{"not_picked":["hexamod:InspiringFlames","hexamod:SecondSeal"],"picked":"hexamod:ShieldOfDarkness","floor":4.0},{"not_picked":["hexamod:ChargedBarrage","hexamod:GhostOfSpirePast"],"picked":"hexamod:ForkedFlame","floor":5.0},{"not_picked":["hexamod:DynamicBlow","hexamod:SwordOfDarkness"],"picked":"hexamod:FourthSeal","floor":8.0},{"not_picked":["hexamod:ShieldOfDarkness+1","hexamod:Incineration"],"picked":"hexamod:Hexaguard+1","floor":9.0},{"not_picked":["hexamod:SecondSeal","hexamod:InspiringFlames+1"],"picked":"hexamod:SixthSeal","floor":11.0},{"not_picked":["hexamod:HeatMetal","hexamod:SearingWound+1"],"picked":"hexamod:FirstSeal","floor":12.0},{"not_picked":["hexamod:SkipABeat+1","hexamod:Firestarter"],"picked":"hexamod:FlamesFromBeyond+1","floor":14.0},{"not_picked":["hexamod:ThirdSeal","hexamod:RetreatToShadows+1"],"picked":"hexamod:FastForward+1","floor":15.0},{"not_picked":["hexamod:UnlimitedPower+1","hexamod:SixthSeal"],"picked":"hexamod:ApocalypticArmor","floor":16.0},{"not_picked":["hexamod:BurningTouch+1","hexamod:BacktrackSmack+1"],"picked":"hexamod:FastForward+1","floor":19.0},{"not_picked":["hexamod:HeatMetal","hexamod:RainOfEmbers"],"picked":"hexamod:GhostShield+1","floor":20.0},{"not_picked":["hexamod:BurningTouch+1","hexamod:RecurringNightmare+1"],"picked":"hexamod:PowerFromBeyond+1","floor":21.0},{"not_picked":["hexamod:PhantomFireball","hexamod:Again+1","hexamod:SuperheatedStrike"],"picked":"SKIP","floor":22.0},{"not_picked":["hexamod:ParanormalForm","hexamod:PhantomCloak"],"picked":"hexamod:TimeOfNeed+1","floor":25.0},{"not_picked":["hexamod:FlamesFromBeyond+1","hexamod:FirstSeal"],"picked":"hexamod:ThirdSeal","floor":29.0},{"not_picked":["hexamod:FlamesFromBeyond+1","hexamod:GhostShield+1"],"picked":"hexamod:HeatShield+1","floor":30.0},{"not_picked":["hexamod:NightmareStrike+1","hexamod:SecondSeal"],"picked":"hexamod:RecurringNightmare+1","floor":30.0},{"not_picked":["hexamod:SwordOfDarkness+1","hexamod:FlamesFromBeyond+1"],"picked":"hexamod:ApocalypticArmor","floor":31.0},{"not_picked":["hexamod:FlamesFromBeyond+1","hexamod:HeatCrush","hexamod:RadiantFlame"],"picked":"SKIP","floor":32.0},{"not_picked":["hexamod:HauntingEcho","hexamod:SwordOfDarkness","hexamod:Firestarter"],"picked":"SKIP","floor":32.0},{"not_picked":["hexamod:SixthSeal","hexamod:SearingWound+1"],"picked":"hexamod:UnlimitedPower+1","floor":33.0},{"not_picked":["hexamod:TimeWarp","hexamod:Toasty"],"picked":"hexamod:VolcanoVisage","floor":33.0},{"not_picked":["hexamod:SwordOfDarkness","hexamod:InspiringFlames+1"],"picked":"hexamod:Incineration+1","floor":36.0},{"not_picked":["hexamod:InspiringFlames+1","hexamod:Rewind+1","hexamod:Incineration"],"picked":"SKIP","floor":37.0},{"not_picked":["hexamod:ShieldOfDarkness+1","hexamod:ExtraCrispy+1"],"picked":"hexamod:NightmareGuise+1","floor":38},{"not_picked":["hexamod:ChargedBarrage+1","hexamod:ShieldOfDarkness+1"],"picked":"hexamod:NightmareGuise+1","floor":40},{"not_picked":["hexamod:RadiantFlame","hexamod:GhostOfSpirePast"],"picked":"hexamod:FifthSeal","floor":40},{"not_picked":["hexamod:ShieldOfDarkness+1","hexamod:Rewind+1"],"picked":"hexamod:PowerFromBeyond+1","floor":42},{"not_picked":["hexamod:PhantomCloak","hexamod:FourthSeal"],"picked":"hexamod:Haunt+1","floor":42},{"not_picked":["hexamod:SecondSeal","hexamod:ThirdSeal"],"picked":"hexamod:SixthSeal","floor":42},{"not_picked":["hexamod:SixthSeal","hexamod:ThirdSeal"],"picked":"hexamod:SecondSeal","floor":43},{"not_picked":["hexamod:StepThrough","hexamod:HauntingEcho"],"picked":"hexamod:SoulSteal+1","floor":43},{"not_picked":["hexamod:BurningTouch+1","hexamod:SpectersWail"],"picked":"hexamod:InspiringFlames+1","floor":43},{"not_picked":["hexamod:Firestarter+1","hexamod:RadiantFlame+1","hexamod:ThermalTransfer"],"picked":"SKIP","floor":44},{"not_picked":["hexamod:FirstSeal","hexamod:SecondSeal","hexamod:ThirdSeal"],"picked":"SKIP","floor":44},{"not_picked":["hexamod:FourthSeal","hexamod:SkipABeat+1","hexamod:Incineration"],"picked":"SKIP","floor":44},{"not_picked":["hexamod:InspiringFlames+1","hexamod:BurningTouch+1"],"picked":"hexamod:GhostOfSpireFuture+1","floor":46},{"not_picked":["hexamod:SixthSeal","hexamod:ThirdSeal","hexamod:SecondSeal"],"picked":"SKIP","floor":46},{"not_picked":["hexamod:SpectersWail","hexamod:WildfireWeapon"],"picked":"hexamod:PowerFromBeyond+1","floor":48},{"not_picked":["hexamod:SpectersWail+1","hexamod:EtherealExpedition+1"],"picked":"hexamod:PowerFromBeyond+1","floor":49},{"not_picked":["hexamod:NecessarySacrifice+1","hexamod:DynamicBlow+1","hexamod:Rewind+1"],"picked":"SKIP","floor":52}],"player_experience":938006,"relics_obtained":[{"floor":7.0,"key":"Lantern"},{"floor":8.0,"key":"Toxic Egg 2"},{"floor":11.0,"key":"Shuriken"},{"floor":24.0,"key":"Pocketwatch"},{"floor":25.0,"key":"Whetstone"},{"floor":31.0,"key":"Pen Nib"},{"floor":39,"key":"Old Coin"},{"floor":40,"key":"FossilizedHelix"},{"floor":46,"key":"Blood Vial"},{"floor":52,"key":"Thread and Needle"}],"event_choices":[],"is_beta":false,"boss_relics":[{"not_picked":["Cursed Key","Philosopher\u0027s Stone"],"picked":"sneckomod:SneckoTalon"},{"not_picked":["Coffee Dripper","bronze:MakeshiftBattery"],"picked":"hexamod:UnbrokenSoul"}],"items_purged_floors":[20,44,53],"is_endless":false,"potions_floor_spawned":[2,8,9,14,15,16,19,21,25,29,30,38,40,42,48,49,52],"killed_by":"downfall:NeowBossFinal","ascension_level":6}}