{"host":"xjgju6xnzap4dxqe","time":1611118662,"event":{"mods":["2.2 Compatiblity","Aspiration","BaseMod","Block Reminder","Colored Map","DeckTracker","Disable Question Mark Monsters","Downfall","Energized Spire","Minty Spire (QoL Compilation)","Permanent Neow","Quick Restart","Spikes Relics","StS++","StSLib","Unceasing Turn Reminder","everything is the same but u backflip on backflip","slay the spire mod where everything is the same but ironclad has a cowboy hat"],"gold_per_floor":[119,69,69,89,8,8,34,51,51,51,75,109,129,148,148,148,148],"floor_reached":16,"language":"ENG","playtime":720,"items_purged":[],"score":158,"play_id":"bd5d823a-8484-4c5c-be21-efc82ae84d65","local_time":"20210119205742","is_ascension_mode":true,"campfire_choices":[{"data":"StSpp:CounterStrike","floor":6,"key":"SMITH"},{"data":"Infernal Blade","floor":15,"key":"SMITH"}],"circlet_count":0,"master_deck":["Strike_R","Strike_R","Strike_R","Strike_R","Defend_R","Defend_R","Defend_R","Defend_R","Bash","Body Slam","StSpp:CounterStrike+1","Inflame","Pommel Strike","Shrug It Off","Injury","Warcry","StSpp:Sprint","Power Through","Infernal Blade+1"],"relics":["Burning Blood","NeowsBlessing","StSpp:WoodenPendulum","BrokenLever","Golden Idol","RollingBoulder"],"acts_visited":["Exordium"],"potions_floor_usage":[11,12,16,16],"damage_taken":[{"damage":0,"enemies":"Small Slimes","floor":1,"turns":1},{"damage":0,"enemies":"Jaw Worm","floor":4,"turns":1},{"damage":0,"enemies":"Gremlin Nob","floor":7,"turns":1},{"damage":0,"enemies":"Cultist","floor":8,"turns":4},{"damage":4,"enemies":"Looter","floor":11,"turns":4},{"damage":52,"enemies":"3 Sentries","floor":12,"turns":10},{"damage":0,"enemies":"2 Fungi Beasts","floor":13,"turns":5},{"damage":0,"enemies":"Red Slaver","floor":14,"turns":4},{"damage":64,"enemies":"Slime Boss","floor":16,"turns":12}],"seed_played":"5950487319644870647","potions_obtained":[{"floor":4,"key":"Explosive Potion"},{"floor":11,"key":"PowerPotion"},{"floor":12,"key":"Weak Potion"},{"floor":14,"key":"Regen Potion"}],"is_trial":false,"path_per_floor":["M","?","?","M","$","R","E","M","T","?","M","E","M","M","R","B"],"character_chosen":"IRONCLAD","items_purchased":["Inflame"],"campfire_rested":0,"item_purchase_floors":[5],"current_hp_per_floor":[80,80,80,80,80,80,80,80,80,80,80,34,40,46,46,0,0],"gold":148,"neow_bonus":"THREE_ENEMY_KILL","is_daily":false,"chose_seed":false,"campfire_upgraded":2,"win_rate":0.0,"timestamp":1611118662,"path_taken":["M","?","?","M","?","R","E","M","T","?","M","E","M","M","R","BOSS"],"items_purchased_type":["Card"],"build_version":"2020-12-22","purchased_purges":0,"victory":false,"max_hp_per_floor":[80,80,80,80,80,80,80,80,80,80,80,80,80,80,80,80,80],"card_choices":[{"not_picked":["StSpp:Succumb","Feel No Pain"],"picked":"Body Slam","floor":1},{"not_picked":["Absolvement","Intimidate"],"picked":"StSpp:CounterStrike","floor":4},{"not_picked":["StSpp:CounterStrike","Bloodletting"],"picked":"Pommel Strike","floor":7},{"not_picked":["Iron Wave","Thunderclap","Second Wind","Clash"],"picked":"Shrug It Off","floor":8},{"not_picked":["Reaper","Clothesline","Clash","Blood for Blood"],"picked":"Warcry","floor":11},{"not_picked":["Metallicize","StSpp:Succumb","Cleave","Heavy Blade"],"picked":"StSpp:Sprint","floor":12},{"not_picked":["Body Slam","Warcry","Rupture","Heavy Blade"],"picked":"Power Through","floor":13},{"not_picked":["Anger","Uppercut","Sentinel","Thunderclap"],"picked":"Infernal Blade","floor":14}],"player_experience":56329,"relics_obtained":[{"floor":7,"key":"StSpp:WoodenPendulum"},{"floor":9,"key":"BrokenLever"},{"floor":12,"key":"RollingBoulder"}],"event_choices":[{"cards_removed":["Strike_R"],"damage_healed":0,"gold_gain":0,"player_choice":"Card Removal","damage_taken":0,"max_hp_gain":0,"max_hp_loss":0,"event_name":"The Cleric","floor":2,"gold_loss":50},{"damage_healed":0,"gold_gain":0,"player_choice":"Ignored","damage_taken":0,"max_hp_gain":0,"max_hp_loss":0,"event_name":"Shining Light","floor":3,"gold_loss":0},{"damage_healed":0,"gold_gain":0,"player_choice":"Take Wound","damage_taken":0,"relics_obtained":["Golden Idol"],"max_hp_gain":0,"max_hp_loss":0,"event_name":"Golden Idol","floor":10,"gold_loss":0,"cards_obtained":["Injury"]}],"is_beta":false,"boss_relics":[],"items_purged_floors":[],"is_endless":false,"potions_floor_spawned":[4,11,12,14],"killed_by":"Slime Boss","ascension_level":3}}