{"host":"drk0p5jtlzl1xmwe","time":1611148850,"event":{"mods":["2.2 Compatiblity","AchievementEnabler","Act Like it!","Bard","BaseMod","Better Note","Better Vampires","Ekko","Friendly Minions","Hermit","Hubris","Infinite Spire","Luminous","Marisa????????","Minty Spire (QoL Compilation)","Rare Cards Sparkle","Relic Stats","Replay The Spire","Shade Mod","StSLib","The Animator","The Bug Knight","The Cursed","The Disciple","The Gatherer","The Servant 0.9.4","The Spell Scribe"],"gold_per_floor":[115,115,115,45,59,84,84,112,112,112,128,128,160,171,171,276,276,288,203,24,36,52,52,77,17,92,126,142,142,142,142,160,160,160],"floor_reached":33,"language":"ENG","playtime":961,"items_purged":["Strike_G"],"score":504,"play_id":"69f6ca3d-0074-4b84-93b6-b40127d303b1","local_time":"20210120132050","is_ascension_mode":true,"campfire_choices":[{"data":"Neutralize","floor":7,"key":"SMITH"},{"data":"Survivor","floor":10,"key":"SMITH"},{"data":"Footwork","floor":12,"key":"SMITH"},{"data":"Catalyst","floor":15,"key":"SMITH"},{"data":"Deadly Poison","floor":23,"key":"SMITH"},{"floor":31,"key":"REST"}],"circlet_count":0,"master_deck":["Strike_G","Strike_G","Strike_G","Strike_G","Defend_G","Defend_G","Defend_G","Defend_G","Defend_G","Survivor+1","Neutralize+1","Footwork+1","Poisoned Stab","Noxious Fumes+1","Cloak And Dagger","Noxious Fumes+1","Catalyst+1","ReplayTheSpireMod:Necrosis+1","PiercingWail","Footwork+1","Replay:Poison Smokescreen+1","Replay:Poison Smokescreen+1","Deadly Poison+1","Tactician+1","Caltrops+1","Caltrops+1","Bouncing Flask","Catalyst"],"relics":["Ring of the Snake","NeowsBlessing","Smiling Mask","Frozen Egg 2","Golden Egg","hubris:CrystalStatue","hubris:DisguiseKit","hubris:HollowSoul","ReplayTheSpireMod:Lightbulb","hubris:TenFootPole","infinitespire:Broken Mirror","Shovel"],"acts_visited":["Exordium","TheCity"],"potions_floor_usage":[11,13,27,27,27,33],"damage_taken":[{"damage":0,"enemies":"2 Louse","floor":1,"turns":1},{"damage":0,"enemies":"Jaw Worm","floor":5,"turns":1},{"damage":0,"enemies":"Lagavulin","floor":6,"turns":1},{"damage":26,"enemies":"Gremlin Nob","floor":8,"turns":5},{"damage":0,"enemies":"Small Slimes","floor":11,"turns":3},{"damage":2,"enemies":"Replay:BlueRogue","floor":13,"turns":6},{"damage":0,"enemies":"Red Slaver","floor":14,"turns":4},{"damage":0,"enemies":"Hexaghost","floor":16,"turns":8},{"damage":6,"enemies":"Chosen","floor":18,"turns":6},{"damage":7,"enemies":"Centurion and Healer","floor":21,"turns":6},{"damage":1,"enemies":"Cultist and Chosen","floor":22,"turns":6},{"damage":7,"enemies":"HollowMod:Nosk","floor":24,"turns":5},{"damage":16,"enemies":"Slavers","floor":27,"turns":4},{"damage":18,"enemies":"Snake Plant","floor":28,"turns":4},{"damage":21,"enemies":"Centurion and Healer","floor":32,"turns":6},{"damage":22,"enemies":"Sentry and Sphere","floor":33,"turns":3}],"seed_played":"1389802820406666429","potions_obtained":[{"floor":8,"key":"Adrenaline Potion"},{"floor":11,"key":"PowerPotion"},{"floor":16,"key":"LiquidBronze"},{"floor":22,"key":"Energy Potion"},{"floor":24,"key":"LifebloodPotion"},{"floor":28,"key":"Reflective Coating"},{"floor":32,"key":"Swift Potion"}],"is_trial":false,"path_per_floor":["M","?","?","$","M","E","R","E","T","R","M","R","E","M","R","B",null,"M","?","$","M","M","R","E","$","T","E","M","PTL","PTL","R","M","M"],"character_chosen":"THE_SILENT","items_purchased":["Footwork","Footwork+1","Replay:Poison Smokescreen","Caltrops+1"],"campfire_rested":1,"item_purchase_floors":[4,20,20,25],"current_hp_per_floor":[70,67,67,67,67,67,67,41,41,41,41,41,39,39,39,39,62,56,56,56,49,48,48,41,41,41,25,7,7,7,28,7,0,0],"gold":160,"neow_bonus":"THREE_ENEMY_KILL","is_daily":false,"chose_seed":false,"campfire_upgraded":5,"win_rate":0.0,"timestamp":1611148850,"path_taken":["M","?","?","?","M","E","R","E","T","R","M","R","E","?","R","BOSS","M","?","$","M","M","R","E","?","T","E","M","PTL","PTL","R","M","M"],"items_purchased_type":["Card","Card","Card","Card"],"build_version":"2020-12-22","purchased_purges":1,"victory":false,"max_hp_per_floor":[70,70,70,70,70,70,70,70,70,70,70,70,70,70,70,70,70,70,70,70,70,70,70,70,70,70,70,70,70,70,70,70,70,70],"relic_stats":{"Shovel":0,"counters":[16,71],"Smiling Mask":25,"obtain_stats":[{"Golden Egg":8,"hubris:DisguiseKit":13,"hubris:CrystalStatue":9,"Shovel":27,"NeowsBlessing":0,"infinitespire:Broken Mirror":26,"hubris:HollowSoul":17,"hubris:TenFootPole":24,"Frozen Egg 2":6,"Smiling Mask":2,"ReplayTheSpireMod:Lightbulb":19,"Ring of the Snake":0},{"Golden Egg":4,"hubris:DisguiseKit":6,"hubris:CrystalStatue":4,"Shovel":13,"NeowsBlessing":0,"infinitespire:Broken Mirror":12,"hubris:HollowSoul":8,"hubris:TenFootPole":12,"Frozen Egg 2":3,"Smiling Mask":1,"ReplayTheSpireMod:Lightbulb":9,"Ring of the Snake":0},{"Golden Egg":8,"hubris:DisguiseKit":17,"hubris:CrystalStatue":8,"Shovel":56,"NeowsBlessing":0,"infinitespire:Broken Mirror":52,"hubris:HollowSoul":29,"hubris:TenFootPole":52,"Frozen Egg 2":3,"Smiling Mask":1,"ReplayTheSpireMod:Lightbulb":35,"Ring of the Snake":0}],"Ring of the Snake":[34]},"card_choices":[{"not_picked":["hubris:SlightOfHand","Backflip","Quick Slash"],"picked":"SKIP","floor":1},{"not_picked":["Quick Slash","Bouncing Flask"],"picked":"Poisoned Stab","floor":5},{"not_picked":["Finisher","Underhanded Strike","Acrobatics"],"picked":"SKIP","floor":6},{"not_picked":["A Thousand Cuts+1","Dodge and Roll"],"picked":"Noxious Fumes+1","floor":8},{"not_picked":["Outmaneuver","Deflect"],"picked":"Cloak And Dagger","floor":11},{"not_picked":["Poisoned Stab","Toxin Wave"],"picked":"Noxious Fumes+1","floor":13},{"not_picked":["Hidden Blade","Escape Plan","PathToVictory"],"picked":"Catalyst","floor":14},{"not_picked":["Adrenaline","Atom Bomb","DevaForm"],"picked":"ReplayTheSpireMod:Necrosis","floor":16},{"not_picked":["Quick Slash","Bane","JustLucky"],"picked":"PiercingWail","floor":18},{"not_picked":["Hidden Blade","Deflect","LikeWater"],"picked":"Deadly Poison","floor":21},{"not_picked":["hubris:TrickCloak","Blade Dance","Distraction","Weave"],"picked":"SKIP","floor":22},{"not_picked":["Dagger Spray","Phantasmal Killer","WindmillStrike"],"picked":"Tactician+1","floor":24},{"not_picked":["Dagger Spray+1","Poisoned Stab","JustLucky"],"picked":"Bouncing Flask","floor":27},{"not_picked":["Acrobatics+1","Night Terror","Heel Hook+1","ForeignInfluence"],"picked":"SKIP","floor":28},{"not_picked":["Backstab","Outmaneuver","ThirdEye"],"picked":"Catalyst","floor":32}],"player_experience":672826,"relics_obtained":[{"floor":6,"key":"Frozen Egg 2"},{"floor":8,"key":"Golden Egg"},{"floor":9,"key":"hubris:CrystalStatue"},{"floor":13,"key":"hubris:DisguiseKit"},{"floor":24,"key":"hubris:TenFootPole"},{"floor":26,"key":"infinitespire:Broken Mirror"},{"floor":27,"key":"Shovel"}],"event_choices":[{"damage_healed":0,"gold_gain":0,"player_choice":"Success","damage_taken":3,"relics_obtained":["Smiling Mask"],"max_hp_gain":0,"max_hp_loss":0,"event_name":"Scrap Ooze","floor":2,"gold_loss":0},{"damage_healed":0,"gold_gain":0,"player_choice":"Obtained Relic","damage_taken":0,"relics_obtained":["ReplayTheSpireMod:Lightbulb"],"max_hp_gain":0,"max_hp_loss":0,"event_name":"Addict","floor":19,"gold_loss":85}],"is_beta":false,"boss_relics":[{"not_picked":["Runic Dome","Pandora\u0027s Box"],"picked":"hubris:HollowSoul"}],"items_purged_floors":[20],"is_endless":false,"potions_floor_spawned":[8,11,16,22,24,28,32],"killed_by":"Sentry and Sphere","ascension_level":5}}