{"host":"v711dtdb46xe9u7l","time":1611160445,"event":{"mods":["BaseMod","Bestiary","Highlight Path","Minty Spire (QoL Compilation)","Quick Restart","StSLib"],"gold_per_floor":[115,132,152,163,143,171,171,205,276,276,290,305,318,348,348,348,348],"floor_reached":16,"language":"ENG","playtime":1154,"items_purged":[],"score":161,"play_id":"93c8ff3a-4ecd-46b1-98d5-4cbe6cf73019","local_time":"20210120163405","is_ascension_mode":true,"campfire_choices":[{"data":"Sunder","floor":7,"key":"SMITH"},{"data":"Multi-Cast","floor":10,"key":"SMITH"},{"data":"Zap","floor":15,"key":"SMITH"}],"circlet_count":0,"master_deck":["Strike_B","Strike_B","Strike_B","Defend_B","Defend_B","Defend_B","Zap+1","Dualcast","Auto Shields","Coolheaded","Conserve Battery","Sunder+1","Multi-Cast+1","Rebound","Go for the Eyes","Biased Cognition"],"relics":["Empty Cage","Orichalcum","Turnip","Meat on the Bone","Toy Ornithopter"],"acts_visited":["Exordium"],"potions_floor_usage":[6,13,14],"damage_taken":[{"damage":13,"enemies":"Small Slimes","floor":1,"turns":3},{"damage":1,"enemies":"Cultist","floor":2,"turns":4},{"damage":1,"enemies":"Jaw Worm","floor":3,"turns":6},{"damage":0,"enemies":"2 Fungi Beasts","floor":4,"turns":5},{"damage":16,"enemies":"Lagavulin","floor":6,"turns":12},{"damage":4,"enemies":"Gremlin Nob","floor":8,"turns":3},{"damage":14,"enemies":"Gremlin Gang","floor":11,"turns":5},{"damage":4,"enemies":"Exordium Thugs","floor":12,"turns":4},{"damage":0,"enemies":"Looter","floor":13,"turns":3},{"damage":13,"enemies":"Lagavulin","floor":14,"turns":7},{"damage":40,"enemies":"Hexaghost","floor":16,"turns":10}],"seed_played":"-209894262937399312","potions_obtained":[{"floor":3,"key":"Block Potion"},{"floor":4,"key":"SmokeBomb"},{"floor":5,"key":"Dexterity Potion"},{"floor":11,"key":"AttackPotion"},{"floor":14,"key":"Strength Potion"}],"is_trial":false,"path_per_floor":["M","M","M","M","?","E","R","E","T","R","M","M","M","E","R","B"],"character_chosen":"DEFECT","items_purchased":[],"campfire_rested":0,"item_purchase_floors":[],"current_hp_per_floor":[55,54,53,53,53,37,37,33,33,33,31,39,39,38,38,0,0],"gold":348,"neow_bonus":"BOSS_RELIC","is_daily":false,"chose_seed":false,"campfire_upgraded":3,"win_rate":0.0,"timestamp":1611160445,"path_taken":["M","M","M","M","?","E","R","E","T","R","M","M","?","E","R","BOSS"],"items_purchased_type":[],"build_version":"2020-12-22","purchased_purges":0,"victory":false,"max_hp_per_floor":[75,75,75,75,75,75,75,75,75,75,75,75,75,75,75,75,75],"card_choices":[{"not_picked":["Beam Cell","Compile Driver"],"picked":"Auto Shields","floor":1},{"not_picked":["Genetic Algorithm","Compile Driver"],"picked":"Coolheaded","floor":2},{"not_picked":["Stack","Melter"],"picked":"Conserve Battery","floor":3},{"not_picked":["Steam","Leap","Beam Cell"],"picked":"SKIP","floor":4},{"not_picked":["Force Field","Turbo"],"picked":"Sunder","floor":6},{"not_picked":["Rebound","Reprogram"],"picked":"Multi-Cast","floor":8},{"not_picked":["Static Discharge","Stack"],"picked":"Rebound","floor":11},{"not_picked":["Stack","Aggregate"],"picked":"Go for the Eyes","floor":12},{"not_picked":["Heatsinks","Turbo","Chaos"],"picked":"SKIP","floor":13},{"not_picked":["Ball Lightning","Rebound"],"picked":"Biased Cognition","floor":14}],"player_experience":357994,"relics_obtained":[{"floor":6,"key":"Orichalcum"},{"floor":8,"key":"Turnip"},{"floor":9,"key":"Meat on the Bone"},{"floor":14,"key":"Toy Ornithopter"}],"event_choices":[{"damage_healed":0,"gold_gain":0,"player_choice":"Bought 1 Potion","damage_taken":0,"max_hp_gain":0,"max_hp_loss":0,"event_name":"The Woman in Blue","floor":5,"gold_loss":0}],"is_beta":false,"boss_relics":[],"items_purged_floors":[],"is_endless":false,"potions_floor_spawned":[3,4,11,14],"killed_by":"Hexaghost","ascension_level":6}}