{"host":"k8gerrcpv9xe1nxe","time":1611119371,"event":{"mods":["2.2 Compatiblity","AchievementEnabler","BaseMod","Bestiary","Minty Spire (QoL Compilation)","Relic Stats","StSLib"],"gold_per_floor":[112,132,66,85,96,126,126,156,156,156,173,502,38,70,70,173,173,188,188,172,191,208,208,233,251,251,251,251,350,370,400,400,501,501,514,514,514,531,551,576,576,601,624,258,273,291,291,291,291,291,43,78,78],"floor_reached":54,"language":"ENG","playtime":3019,"items_purged":["Strike_R","Strike_R"],"score":2081,"play_id":"f0665057-dc78-4ca9-bc98-514dd754969e","local_time":"20210120000931","is_ascension_mode":true,"campfire_choices":[{"data":"Uppercut","floor":7,"key":"SMITH"},{"data":"1","floor":10,"key":"LIFT"},{"data":"2","floor":15,"key":"LIFT"},{"data":"3","floor":23,"key":"LIFT"},{"data":"Dark Embrace","floor":27,"key":"SMITH"},{"floor":32,"key":"DIG"},{"floor":41,"key":"RECALL"},{"data":"Corruption","floor":50,"key":"SMITH"}],"circlet_count":0,"master_deck":["AscendersBane","Defend_R","Defend_R","Defend_R","Defend_R","Bash","Uppercut+1","Iron Wave+1","Metallicize","Burning Pact","Thunderclap+1","Shrug It Off","Combust","Reaper","Reaper","Spot Weakness","Dark Embrace+1","Corruption+1","Impervious","Ghostly Armor+1","Twin Strike+1","Warcry+1","True Grit+1","Armaments+1","Shrug It Off","Sentinel","Shrug It Off"],"relics":["Sozu","Meat on the Bone","Thread and Needle","Girya","TungstenRod","Old Coin","Dead Branch","Black Star","Whetstone","StrikeDummy","Shovel","Omamori","Orichalcum","Astrolabe","Ancient Tea Set","Strawberry","Oddly Smooth Stone","InkBottle","Gambling Chip","Happy Flower","Membership Card","Letter Opener","ClockworkSouvenir","Incense Burner","Bag of Preparation","Centennial Puzzle"],"acts_visited":["Exordium","TheCity","TheBeyond","TheEnding"],"potions_floor_usage":[],"damage_taken":[{"damage":0,"enemies":"Cultist","floor":1,"turns":3},{"damage":0,"enemies":"Jaw Worm","floor":2,"turns":3},{"damage":0,"enemies":"Small Slimes","floor":4,"turns":3},{"damage":4,"enemies":"Red Slaver","floor":5,"turns":3},{"damage":19,"enemies":"Gremlin Nob","floor":6,"turns":4},{"damage":1,"enemies":"3 Sentries","floor":8,"turns":7},{"damage":0,"enemies":"2 Fungi Beasts","floor":11,"turns":3},{"damage":0,"enemies":"Lagavulin","floor":12,"turns":6},{"damage":0,"enemies":"3 Sentries","floor":14,"turns":5},{"damage":2,"enemies":"The Guardian","floor":16,"turns":9},{"damage":26,"enemies":"3 Byrds","floor":18,"turns":5},{"damage":10,"enemies":"2 Thieves","floor":20,"turns":4},{"damage":0,"enemies":"Snecko","floor":21,"turns":4},{"damage":6,"enemies":"Centurion and Healer","floor":22,"turns":8},{"damage":23,"enemies":"Gremlin Leader","floor":24,"turns":5},{"damage":19,"enemies":"3 Cultists","floor":25,"turns":5},{"damage":5,"enemies":"Cultist and Chosen","floor":30,"turns":5},{"damage":47,"enemies":"Slavers","floor":31,"turns":4},{"damage":0,"enemies":"Champ","floor":33,"turns":6},{"damage":7,"enemies":"3 Shapes","floor":35,"turns":5},{"damage":11,"enemies":"3 Darklings","floor":38,"turns":2},{"damage":2,"enemies":"Writhing Mass","floor":39,"turns":5},{"damage":48,"enemies":"Reptomancer","floor":40,"turns":8},{"damage":1,"enemies":"Nemesis","floor":42,"turns":3},{"damage":21,"enemies":"Jaw Worm Horde","floor":45,"turns":4},{"damage":0,"enemies":"3 Darklings","floor":46,"turns":3},{"damage":156,"enemies":"Awakened One","floor":48,"turns":9},{"damage":6,"enemies":"Shield and Spear","floor":52,"turns":5},{"damage":32,"enemies":"The Heart","floor":53,"turns":7}],"seed_played":"-6531883398233974606","potions_obtained":[],"is_trial":false,"path_per_floor":["M","M","?","M","M","E","R","E","T","R","M","E","$","E","R","B",null,"M","?","M","M","M","R","E","M","T","R","?","?","M","E","R","B",null,"M","?","?","M","M","E","R","E","T","$","M","M","?","B",null,"R","$","E","B",null],"character_chosen":"IRONCLAD","items_purchased":["Dead Branch","Combust","Membership Card","Letter Opener","Sentinel","ClockworkSouvenir","Incense Burner","Shrug It Off"],"campfire_rested":0,"item_purchase_floors":[13,13,44,44,44,51,51,51],"current_hp_per_floor":[72,72,72,72,68,49,49,48,48,48,48,48,48,48,48,46,72,52,52,61,70,80,80,80,78,78,78,78,78,80,63,63,63,76,80,80,80,80,79,74,74,87,87,87,87,87,87,19,70,70,70,87,64],"gold":78,"neow_bonus":"BOSS_RELIC","is_daily":false,"chose_seed":false,"campfire_upgraded":3,"win_rate":0.0,"timestamp":1611119371,"path_taken":["M","?","?","M","?","E","R","E","T","R","M","E","?","E","R","BOSS","M","?","M","M","?","R","E","M","T","R","?","?","M","E","R","BOSS","M","?","?","?","M","E","R","E","T","$","M","M","?","BOSS","R","$","E","BOSS"],"items_purchased_type":["Relic","Card","Relic","Relic","Card","Relic","Relic","Card"],"build_version":"2020-12-22","purchased_purges":2,"victory":true,"max_hp_per_floor":[80,80,80,80,80,80,80,80,80,80,80,80,80,80,80,80,80,80,80,80,80,80,80,80,80,80,80,80,80,80,80,80,80,80,80,80,80,80,80,87,87,87,87,87,87,87,87,87,87,87,87,87,87],"relic_stats":{"Happy Flower":[9],"counters":[29,143],"Dead Branch":[345],"Astrolabe":["Limit Break","Ghostly Armor","Twin Strike"],"Bag of Preparation":[2],"Whetstone":["Thunderclap","Iron Wave"],"Letter Opener":[267],"Orichalcum":[12],"Sozu":12,"Centennial Puzzle":[1],"Shovel":1,"Gambling Chip":[27],"Black Star":5,"obtain_stats":[{"Incense Burner":51,"Bag of Preparation":52,"Whetstone":24,"Ancient Tea Set":37,"Burning Blood":0,"Old Coin":12,"ClockworkSouvenir":51,"Sozu":0,"Centennial Puzzle":52,"Shovel":31,"Strawberry":40,"Gambling Chip":42,"InkBottle":42,"Girya":8,"Happy Flower":43,"Dead Branch":13,"Astrolabe":34,"Oddly Smooth Stone":40,"Thread and Needle":6,"Omamori":31,"Letter Opener":44,"Orichalcum":32,"Black Star":17,"Membership Card":44,"StrikeDummy":24,"TungstenRod":9,"Meat on the Bone":3},{"Incense Burner":27,"Bag of Preparation":28,"Whetstone":15,"Ancient Tea Set":20,"Burning Blood":0,"Old Coin":8,"ClockworkSouvenir":27,"Sozu":0,"Centennial Puzzle":28,"Shovel":18,"Strawberry":23,"Gambling Chip":24,"InkBottle":24,"Girya":6,"Happy Flower":24,"Dead Branch":8,"Astrolabe":19,"Oddly Smooth Stone":23,"Thread and Needle":5,"Omamori":18,"Letter Opener":24,"Orichalcum":18,"Black Star":10,"Membership Card":24,"StrikeDummy":15,"TungstenRod":6,"Meat on the Bone":2},{"Incense Burner":131,"Bag of Preparation":136,"Whetstone":72,"Ancient Tea Set":97,"Burning Blood":0,"Old Coin":32,"ClockworkSouvenir":131,"Sozu":0,"Centennial Puzzle":136,"Shovel":86,"Strawberry":112,"Gambling Chip":115,"InkBottle":115,"Girya":23,"Happy Flower":115,"Dead Branch":32,"Astrolabe":92,"Oddly Smooth Stone":112,"Thread and Needle":16,"Omamori":86,"Letter Opener":115,"Orichalcum":86,"Black Star":46,"Membership Card":115,"StrikeDummy":72,"TungstenRod":23,"Meat on the Bone":6}],"TungstenRod":126,"InkBottle":[20],"Meat on the Bone":12},"card_choices":[{"not_picked":["Cleave","Iron Wave"],"picked":"Uppercut","floor":1},{"not_picked":["Warcry","Armaments","Rampage"],"picked":"SKIP","floor":2},{"not_picked":["Flex","Clash"],"picked":"Iron Wave","floor":4},{"not_picked":["Power Through","Clothesline"],"picked":"Metallicize","floor":5},{"not_picked":["Anger","Warcry","Body Slam"],"picked":"SKIP","floor":6},{"not_picked":["Berserk","Clash"],"picked":"Burning Pact","floor":8},{"not_picked":["Seeing Red","Sentinel"],"picked":"Thunderclap","floor":11},{"not_picked":["Uppercut","Sever Soul"],"picked":"Shrug It Off","floor":12},{"not_picked":["Perfected Strike","Pommel Strike","Rage"],"picked":"SKIP","floor":14},{"not_picked":["Berserk","Immolate"],"picked":"Reaper","floor":16},{"not_picked":["Sword Boomerang+1","Uppercut","Metallicize"],"picked":"SKIP","floor":18},{"not_picked":["Heavy Blade+1","Combust+1","Metallicize"],"picked":"SKIP","floor":20},{"not_picked":["Twin Strike","Body Slam+1"],"picked":"Spot Weakness","floor":21},{"not_picked":["Flex","Sentinel","Clash"],"picked":"SKIP","floor":22},{"not_picked":["Clothesline","Blood for Blood","Rupture"],"picked":"SKIP","floor":24},{"not_picked":["Cleave","Bloodletting+1"],"picked":"Dark Embrace","floor":25},{"not_picked":["Metallicize+1","Clothesline","Havoc"],"picked":"SKIP","floor":30},{"not_picked":["Clash","Corruption","Anger"],"picked":"SKIP","floor":31},{"not_picked":["Feed","Fiend Fire"],"picked":"Impervious","floor":33},{"not_picked":["Headbutt+1","Iron Wave+1"],"picked":"Warcry+1","floor":35},{"not_picked":["Iron Wave+1","Havoc","Clothesline+1"],"picked":"SKIP","floor":38},{"not_picked":["Clothesline+1","Warcry"],"picked":"True Grit+1","floor":39},{"not_picked":["Warcry","Corruption"],"picked":"Armaments+1","floor":40},{"not_picked":["Rampage+1","Ghostly Armor"],"picked":"Shrug It Off","floor":42},{"not_picked":["Warcry","Entrench","Combust"],"picked":"SKIP","floor":45},{"not_picked":["Infernal Blade","Clash+1","Dropkick"],"picked":"SKIP","floor":46},{"not_picked":["Iron Wave+1","Evolve+1","Warcry"],"picked":"SKIP","floor":52}],"player_experience":144678,"relics_obtained":[{"floor":6,"key":"Thread and Needle"},{"floor":8,"key":"Girya"},{"floor":9,"key":"TungstenRod"},{"floor":12,"key":"Old Coin"},{"floor":24,"key":"Whetstone"},{"floor":24,"key":"StrikeDummy"},{"floor":31,"key":"Shovel"},{"floor":31,"key":"Omamori"},{"floor":32,"key":"Orichalcum"},{"floor":37,"key":"Ancient Tea Set"},{"floor":40,"key":"Strawberry"},{"floor":40,"key":"Oddly Smooth Stone"},{"floor":42,"key":"InkBottle"},{"floor":42,"key":"Gambling Chip"},{"floor":43,"key":"Happy Flower"},{"floor":52,"key":"Bag of Preparation"},{"floor":52,"key":"Centennial Puzzle"}],"event_choices":[{"damage_healed":0,"gold_gain":0,"player_choice":"Paid Gold","damage_taken":0,"relics_obtained":["Meat on the Bone"],"max_hp_gain":0,"max_hp_loss":0,"event_name":"WeMeetAgain","floor":3,"gold_loss":66},{"damage_healed":0,"gold_gain":0,"player_choice":"Copied","damage_taken":0,"max_hp_gain":0,"max_hp_loss":0,"event_name":"Duplicator","floor":19,"gold_loss":0,"cards_obtained":["Reaper"]},{"damage_healed":0,"gold_gain":0,"player_choice":"Read","damage_taken":0,"max_hp_gain":0,"max_hp_loss":0,"event_name":"The Library","floor":28,"gold_loss":0,"cards_obtained":["Corruption"]},{"damage_healed":0,"gold_gain":99,"player_choice":"Stole From Cult","damage_taken":0,"max_hp_gain":0,"max_hp_loss":0,"event_name":"Nest","floor":29,"gold_loss":0},{"cards_removed":["Limit Break"],"damage_healed":0,"gold_gain":0,"player_choice":"Removed Skill","damage_taken":0,"max_hp_gain":0,"max_hp_loss":0,"event_name":"Falling","floor":36,"gold_loss":0},{"damage_healed":0,"gold_gain":0,"player_choice":"Relic","damage_taken":0,"max_hp_gain":0,"max_hp_loss":0,"event_name":"Wheel of Change","floor":37,"gold_loss":0},{"damage_healed":0,"gold_gain":0,"player_choice":"Took Portal","damage_taken":0,"max_hp_gain":0,"max_hp_loss":0,"event_name":"SecretPortal","floor":47,"gold_loss":0}],"is_beta":false,"boss_relics":[{"not_picked":["Velvet Choker","Runic Cube"],"picked":"Black Star"},{"not_picked":["Philosopher\u0027s Stone","Runic Pyramid"],"picked":"Astrolabe"}],"items_purged_floors":[13,44],"is_endless":false,"potions_floor_spawned":[2,11,14,16,21,22,30,31,35,42,45,52],"ascension_level":11}}