{"host":"bq4pt811tk9yrmjl","time":1611109297,"event":{"mods":["AchievementEnabler","BaseMod","Colored Map","Colored Powertips","Defuse TimeMaze Blight","Hermit","Minty Spire (QoL Compilation)","StSLib","SuperFastMode"],"gold_per_floor":[119,134,134,134,134,134,178,199,199,44,44,44,60,84,84,215,215,170,170,18,18,18,18,18,18,18,18,18,18,18,18,18,18,18,18,18,18,18,18,18,18,18,18,18,18,18,18,18,18,18,18,18,18,18,18,18],"floor_reached":55,"language":"ENG","playtime":1352,"items_purged":[],"score":716,"play_id":"33ff6d95-c9b7-4259-b6af-c95323cf94b9","local_time":"20210120002137","is_ascension_mode":true,"campfire_choices":[{"data":"Bouncing Flask","floor":6,"key":"SMITH"},{"data":"Cloak And Dagger","floor":12,"key":"SMITH"},{"floor":15,"key":"RECALL"},{"data":"Blade Dance","floor":23,"key":"SMITH"},{"data":"Adrenaline","floor":25,"key":"SMITH"},{"floor":27,"key":"REST"},{"data":"Deflect","floor":29,"key":"SMITH"},{"floor":32,"key":"REST"},{"floor":40,"key":"REST"},{"data":"Bullet Time","floor":44,"key":"SMITH"},{"data":"Blade Dance","floor":46,"key":"SMITH"},{"data":"Survivor","floor":49,"key":"SMITH"},{"data":"Defend_G","floor":52,"key":"SMITH"}],"circlet_count":0,"master_deck":["Strike_G","Strike_G+1","Strike_G+1","Strike_G","Strike_G","Defend_G","Defend_G","Defend_G","Defend_G","Defend_G+1","Survivor+1","Neutralize+1","Bouncing Flask+1","Cloak And Dagger+1","Deflect+1","Adrenaline+1","Blade Dance+1","PiercingWail+1","Bullet Time+1","Dodge and Roll+1","Accuracy+1","Leg Sweep+1","Blade Dance+1","Footwork+1","Dodge and Roll+1","Deflect+1"],"relics":["Ring of the Snake","NeowsBlessing","Golden Idol","Shuriken","Omamori","Ectoplasm","MutagenicStrength","Whetstone","Frozen Egg 2","Letter Opener","Sozu","Anchor","Bottled Tornado","Du-Vu Doll","HornCleat"],"acts_visited":["Exordium","TheCity","TheBeyond","TheEnding"],"potions_floor_usage":[16,18,18,22,33,36],"damage_taken":[{"damage":0.0,"enemies":"Jaw Worm","floor":1.0,"turns":1.0},{"damage":0.0,"enemies":"Small Slimes","floor":2.0,"turns":1.0},{"damage":0,"enemies":"Lagavulin","floor":7,"turns":1},{"damage":0,"enemies":"Cultist","floor":8,"turns":2},{"damage":0,"enemies":"Large Slime","floor":13,"turns":7},{"damage":4,"enemies":"Lots of Slimes","floor":14,"turns":5},{"damage":44,"enemies":"Slime Boss","floor":16,"turns":13},{"damage":10,"enemies":"2 Thieves","floor":18,"turns":3},{"damage":0,"enemies":"Chosen","floor":21,"turns":3},{"damage":2,"enemies":"Snake Plant","floor":22,"turns":4},{"damage":5,"enemies":"Book of Stabbing","floor":28,"turns":5},{"damage":35,"enemies":"Gremlin Leader","floor":30,"turns":5},{"damage":0,"enemies":"3 Cultists","floor":31,"turns":4},{"damage":69,"enemies":"Collector","floor":33,"turns":10},{"damage":0,"enemies":"3 Shapes","floor":35,"turns":3},{"damage":0,"enemies":"Orb Walker","floor":36,"turns":2},{"damage":16,"enemies":"3 Darklings","floor":38,"turns":5},{"damage":0,"enemies":"Writhing Mass","floor":39,"turns":7},{"damage":0,"enemies":"Jaw Worm Horde","floor":41,"turns":4},{"damage":0,"enemies":"4 Shapes","floor":45,"turns":6},{"damage":0,"enemies":"Writhing Mass","floor":47,"turns":7},{"damage":8,"enemies":"Mind Bloom Boss Battle","floor":48,"turns":5},{"damage":40,"enemies":"Awakened One","floor":50,"turns":17},{"damage":47,"enemies":"Shield and Spear","floor":54,"turns":7},{"damage":23,"enemies":"The Heart","floor":55,"turns":4}],"seed_played":"5572402197371946288","potions_obtained":[{"floor":7,"key":"PowerPotion"},{"floor":8,"key":"SkillPotion"},{"floor":13,"key":"LiquidBronze"},{"floor":28,"key":"Ancient Potion"},{"floor":33,"key":"CunningPotion"}],"is_trial":false,"path_per_floor":["M","M","?","?","$","R","E","M","T","$","?","R","M","M","R","B",null,"M","?","$","M","M","R","?","R","T","R","E","R","E","M","R","B",null,"M","M","?","M","M","R","M","?","T","R","M","R","M","?","R","B",null,"R","$","E","B"],"character_chosen":"THE_SILENT","items_purchased":["Omamori","FairyPotion","Block Potion"],"campfire_rested":3,"item_purchase_floors":[10,20,20],"current_hp_per_floor":[70,70,70,70,70,70,70,70,70,70,70,70,70,66,66,22,70,60,60,60,60,58,58,58,58,58,70,65,65,30,30,51,21,70,70,70,70,54,54,70,70,70,70,70,70,70,70,62,62,22,70,70,70,23,0,0],"gold":18,"neow_bonus":"THREE_ENEMY_KILL","is_daily":false,"chose_seed":false,"campfire_upgraded":9,"win_rate":0.0,"timestamp":1611109297,"path_taken":["M","M","?","?","$","R","E","M","T","$","?","R","M","?","R","BOSS","M","?","$","M","M","R","?","R","T","R","E","R","E","?","R","BOSS","M","M","?","M","?","R","M","?","T","R","M","R","?","?","R","BOSS","R","$","E","BOSS"],"items_purchased_type":["Relic","Potion","Potion"],"build_version":"2020-12-22","purchased_purges":0,"victory":false,"max_hp_per_floor":[70,70,70,70,70,70,70,70,70,70,70,70,70,70,70,70,70,70,70,70,70,70,70,70,70,70,70,70,70,70,70,70,70,70,70,70,70,70,70,70,70,70,70,70,70,70,70,70,70,70,70,70,70,70,70,70],"card_choices":[{"not_picked":["Outmaneuver","Backflip","Dagger Spray"],"picked":"SKIP","floor":1.0},{"not_picked":["Backflip","Deadly Poison"],"picked":"Bouncing Flask","floor":2.0},{"not_picked":["Sucker Punch","Reflex","Flying Knee"],"picked":"SKIP","floor":7},{"not_picked":["Flying Knee","Blur"],"picked":"Cloak And Dagger","floor":8},{"not_picked":["Underhanded Strike","Dodge and Roll"],"picked":"Deflect","floor":13},{"not_picked":["Calculated Gamble","Dagger Throw","Expertise"],"picked":"SKIP","floor":14},{"not_picked":["Grand Finale","Malaise"],"picked":"Adrenaline","floor":16},{"not_picked":["Predator","Cloak And Dagger"],"picked":"Blade Dance","floor":18},{"not_picked":["Backflip","Skewer","Underhanded Strike"],"picked":"SKIP","floor":21},{"not_picked":["Sucker Punch","Terror","Phantasmal Killer"],"picked":"SKIP","floor":22},{"not_picked":["Blade Dance","Calculated Gamble+1"],"picked":"Escape Plan+1","floor":28},{"not_picked":["Calculated Gamble","Dagger Spray","Dodge and Roll"],"picked":"SKIP","floor":30},{"not_picked":["Cloak And Dagger","Dagger Throw"],"picked":"PiercingWail+1","floor":31},{"not_picked":["Die Die Die","Night Terror"],"picked":"Bullet Time","floor":33},{"not_picked":["All Out Attack","Flechettes+1"],"picked":"Dodge and Roll+1","floor":35},{"not_picked":["Well Laid Plans+1","Escape Plan+1"],"picked":"Accuracy+1","floor":36},{"not_picked":["Escape Plan","Sucker Punch"],"picked":"Leg Sweep+1","floor":38},{"not_picked":["Tactician","Prepared+1","Dash"],"picked":"SKIP","floor":39},{"not_picked":["Slice","Sucker Punch+1","Eviscerate+1"],"picked":"SKIP","floor":41},{"not_picked":["Underhanded Strike","Die Die Die"],"picked":"Blade Dance","floor":45},{"not_picked":["Finisher","Poisoned Stab"],"picked":"Footwork+1","floor":47},{"not_picked":["Well Laid Plans+1","PiercingWail"],"picked":"Dodge and Roll+1","floor":48},{"not_picked":["Bouncing Flask","PiercingWail"],"picked":"Deflect+1","floor":54}],"player_experience":191185,"relics_obtained":[{"floor":7,"key":"Shuriken"},{"floor":26,"key":"Whetstone"},{"floor":28,"key":"Frozen Egg 2"},{"floor":30,"key":"Letter Opener"},{"floor":43,"key":"Bottled Tornado"},{"floor":48,"key":"Du-Vu Doll"},{"floor":54,"key":"HornCleat"}],"event_choices":[{"damage_healed":0.0,"max_hp_gain":0.0,"max_hp_loss":0.0,"gold_gain":0.0,"event_name":"Golden Idol","player_choice":"Take Wound","floor":3.0,"gold_loss":0.0,"damage_taken":0.0,"relics_obtained":["Golden Idol"],"cards_obtained":["Injury"]},{"cards_removed":["Injury"],"damage_healed":0,"gold_gain":0,"player_choice":"Forget","damage_taken":0,"max_hp_gain":0,"max_hp_loss":0,"event_name":"Living Wall","floor":4,"gold_loss":0},{"damage_healed":0,"gold_gain":0,"player_choice":"Upgraded","damage_taken":0,"max_hp_gain":0,"max_hp_loss":0,"event_name":"Upgrade Shrine","floor":11,"gold_loss":0,"cards_upgraded":["Neutralize"]},{"damage_healed":0,"gold_gain":0,"player_choice":"Inject Mutagens","damage_taken":0,"relics_obtained":["MutagenicStrength"],"max_hp_gain":0,"max_hp_loss":0,"event_name":"Drug Dealer","floor":19,"gold_loss":0},{"damage_healed":0,"gold_gain":0,"player_choice":"Ignored","damage_taken":0,"max_hp_gain":0,"max_hp_loss":0,"event_name":"Transmorgrifier","floor":24,"gold_loss":0},{"cards_removed":["Escape Plan"],"damage_healed":0,"gold_gain":0,"player_choice":"Gave Card","damage_taken":0,"relics_obtained":["Anchor"],"max_hp_gain":0,"max_hp_loss":0,"event_name":"WeMeetAgain","floor":37,"gold_loss":0},{"damage_healed":0,"gold_gain":0,"player_choice":"Ignored","damage_taken":0,"max_hp_gain":0,"max_hp_loss":0,"event_name":"Transmorgrifier","floor":42,"gold_loss":0},{"damage_healed":0,"gold_gain":0,"player_choice":"Fight","damage_taken":0,"max_hp_gain":0,"max_hp_loss":0,"event_name":"MindBloom","floor":48,"gold_loss":0}],"is_beta":false,"boss_relics":[{"not_picked":["Runic Pyramid","HoveringKite"],"picked":"Ectoplasm"},{"not_picked":["SlaversCollar","Cursed Key"],"picked":"Sozu"}],"items_purged_floors":[],"is_endless":false,"potions_floor_spawned":[7,8,13,28,33,35,38,39,48],"killed_by":"The Heart","ascension_level":1}}