{"host":"vrsxkkch9ccrec7k","time":1611102043,"event":{"mods":["Act Like it!","BaseMod","Bestiary","Better Altar","Better Match","Better Note","Better Sensory Stone","Better Skull","Better Third Choice","Better Vampires","Downfall","Minty Spire (QoL Compilation)","Permanent Neow","Relic Stats","Spicy Shops","StSLib"],"gold_per_floor":[112,132,149,149,114,114,140,140,140,140,158,158,26,53,53,53,53],"floor_reached":16,"language":"ENG","playtime":629,"items_purged":["Strike_B"],"score":205,"play_id":"69abc173-1536-4cbc-9924-04a5e9d45f94","local_time":"20210119192043","is_ascension_mode":true,"campfire_choices":[{"data":"Streamline","floor":6,"key":"SMITH"},{"data":"Zap","floor":8,"key":"SMITH"},{"data":"Loop","floor":10,"key":"SMITH"},{"data":"Genetic Algorithm","floor":12,"key":"SMITH"},{"data":"Sweeping Beam","floor":15,"key":"SMITH"}],"circlet_count":0,"master_deck":["AscendersBane","Strike_B","Strike_B","Strike_B","Defend_B","Defend_B","Defend_B","Defend_B","Zap+1","Dualcast","Streamline+1","Sweeping Beam+1","Coolheaded","Loop+1","Genetic Algorithm+1"],"relics":["Cracked Core","Juzu Bracelet","Mummified Hand","Meat on the Bone","Question Card","InkBottle"],"acts_visited":["Exordium"],"potions_floor_usage":[7,14,16],"damage_taken":[{"damage":5,"enemies":"2 Louse","floor":1,"turns":2},{"damage":2,"enemies":"Jaw Worm","floor":2,"turns":4},{"damage":7,"enemies":"Small Slimes","floor":3,"turns":3},{"damage":15,"enemies":"3 Sentries","floor":7,"turns":5},{"damage":14,"enemies":"Exordium Thugs","floor":11,"turns":4},{"damage":9,"enemies":"Gremlin Nob","floor":14,"turns":3},{"damage":57,"enemies":"Slime Boss","floor":16,"turns":8}],"seed_played":"7814618197410656522","potions_obtained":[{"floor":3,"key":"PowerPotion"},{"floor":14,"key":"FocusPotion"}],"is_trial":false,"path_per_floor":["M","M","M","?","?","R","E","R","T","R","M","R","$","E","R","B"],"character_chosen":"DEFECT","items_purchased":["champ:CounterPotion"],"campfire_rested":0,"item_purchase_floors":[13],"current_hp_per_floor":[59,57,50,39,56,56,41,41,41,41,39,39,39,42,42,0,0],"gold":53,"neow_bonus":"RANDOM_COMMON_RELIC","is_daily":false,"chose_seed":false,"campfire_upgraded":5,"win_rate":0.0,"timestamp":1611102043,"path_taken":["M","M","M","?","?","R","E","R","T","R","M","R","$","E","R","BOSS"],"items_purchased_type":["Potion"],"build_version":"2020-12-22","purchased_purges":1,"victory":false,"max_hp_per_floor":[71,71,71,71,71,71,71,71,71,71,71,71,71,71,71,71,71],"relic_stats":{"counters":[7,29],"Mummified Hand":[4],"Juzu Bracelet":0,"Question Card":2,"obtain_stats":[{"Mummified Hand":4,"Juzu Bracelet":0,"Cracked Core":0,"Question Card":9,"InkBottle":14,"Meat on the Bone":7},{"Mummified Hand":3,"Juzu Bracelet":0,"Cracked Core":0,"Question Card":4,"InkBottle":6,"Meat on the Bone":4},{"Mummified Hand":9,"Juzu Bracelet":0,"Cracked Core":0,"Question Card":14,"InkBottle":21,"Meat on the Bone":14}],"InkBottle":[2],"Meat on the Bone":24},"card_choices":[{"not_picked":["Hologram","Steam Power"],"picked":"Streamline","floor":1},{"not_picked":["Steam","Redo"],"picked":"Sweeping Beam","floor":2},{"not_picked":["BootSequence","Stack"],"picked":"Coolheaded","floor":3},{"not_picked":["Steam","Redo"],"picked":"Loop","floor":7},{"not_picked":["Force Field","Steam Power","Leap"],"picked":"Genetic Algorithm","floor":11},{"not_picked":["Redo","Turbo","Hyperbeam","Scrape"],"picked":"SKIP","floor":14}],"player_experience":1632268,"relics_obtained":[{"floor":7,"key":"Meat on the Bone"},{"floor":9,"key":"Question Card"},{"floor":14,"key":"InkBottle"}],"event_choices":[{"damage_healed":0,"gold_gain":0,"player_choice":"Relic ","damage_taken":11,"max_hp_gain":0,"max_hp_loss":0,"event_name":"betterThird:BetterScrap","floor":4,"gold_loss":0,"cards_obtained":["Caltrops"]},{"damage_healed":17,"gold_gain":0,"player_choice":"Healed","damage_taken":0,"max_hp_gain":0,"max_hp_loss":0,"event_name":"The Cleric","floor":5,"gold_loss":35}],"is_beta":false,"boss_relics":[],"items_purged_floors":[13],"is_endless":false,"potions_floor_spawned":[3,14],"killed_by":"Slime Boss","ascension_level":18}}