{"host":"ibckqdmmf9y74ymf","time":1611184209,"event":{"mods":["2.2 Compatiblity","Ascension Unlocker","BaseMod","Colored Map","Curses Come First","Highlight Path","Minty Spire (QoL Compilation)","Quick Restart","Rare Cards Sparkle","Relic Stats","StSLib"],"gold_per_floor":[112,112,132,207,103,103,131,131,131,159,175,15,65,93,93,166,166,178,189,189,200,200,228,228,244,244,275,288,288,288,323,323,323,323],"floor_reached":33,"language":"ENG","playtime":1262,"items_purged":["Defend_P"],"score":756,"play_id":"7a115baf-088b-48cf-9707-7d0608c7e1be","local_time":"20210121001009","is_ascension_mode":true,"campfire_choices":[{"data":"EmptyFist","floor":6,"key":"SMITH"},{"data":"Eruption","floor":8,"key":"SMITH"},{"data":"FlurryOfBlows","floor":15,"key":"SMITH"},{"floor":30,"key":"REST"},{"data":"Scrawl","floor":32,"key":"SMITH"}],"circlet_count":0,"master_deck":["AscendersBane","Strike_P","Strike_P","Strike_P","Strike_P","Defend_P","Defend_P","Defend_P","Eruption+1","Vigilance","EmptyFist+1","Evaluate","ThirdEye","DevaForm","CrushJoints","Worship","WheelKick","SashWhip","FearNoEvil","Vengeance","FlurryOfBlows+1","FlurryOfBlows","Scrawl+1","TalkToTheHand","Conclude","SandsOfTime+1","Protect"],"relics":["PureWater","NeowsBlessing","Tiny Chest","Pantograph","Happy Flower","Orrery","Nunchaku","Philosopher\u0027s Stone","StrikeDummy","MealTicket","Pocketwatch","Red Mask","Calipers","Bottled Lightning"],"acts_visited":["Exordium","TheCity"],"potions_floor_usage":[10,16,20,23,25,31,33],"damage_taken":[{"damage":0,"enemies":"Jaw Worm","floor":1,"turns":1},{"damage":0,"enemies":"Small Slimes","floor":3,"turns":1},{"damage":0,"enemies":"Gremlin Nob","floor":7,"turns":1},{"damage":17,"enemies":"3 Sentries","floor":10,"turns":9},{"damage":0,"enemies":"Cultist","floor":11,"turns":3},{"damage":10,"enemies":"Lagavulin","floor":14,"turns":6},{"damage":0,"enemies":"Slime Boss","floor":16,"turns":3},{"damage":0,"enemies":"Chosen","floor":18,"turns":2},{"damage":7,"enemies":"2 Thieves","floor":19,"turns":3},{"damage":0,"enemies":"Shelled Parasite and Fungi","floor":20,"turns":1},{"damage":0,"enemies":"3 Cultists","floor":21,"turns":2},{"damage":18,"enemies":"Slavers","floor":23,"turns":4},{"damage":0,"enemies":"Cultist and Chosen","floor":25,"turns":3},{"damage":0,"enemies":"Masked Bandits","floor":27,"turns":2},{"damage":8,"enemies":"Snake Plant","floor":28,"turns":3},{"damage":13,"enemies":"Book of Stabbing","floor":31,"turns":4},{"damage":62,"enemies":"Automaton","floor":33,"turns":6}],"seed_played":"-6637227430947072800","potions_obtained":[{"floor":1,"key":"DistilledChaos"},{"floor":14,"key":"FearPotion"},{"floor":16,"key":"SteroidPotion"},{"floor":18,"key":"SmokeBomb"},{"floor":21,"key":"BlessingOfTheForge"},{"floor":23,"key":"Dexterity Potion"},{"floor":28,"key":"ColorlessPotion"}],"is_trial":false,"path_per_floor":["M","$","M","?","$","R","E","R","T","E","M","$","?","E","R","B",null,"M","M","M","M","T","E","?","M","T","?","M","T","R","E","R","B"],"character_chosen":"WATCHER","items_purchased":["ThirdEye","Orrery"],"campfire_rested":1,"item_purchase_floors":[5,12],"current_hp_per_floor":[61,61,61,50,50,50,50,50,50,33,33,33,33,23,23,48,63,63,56,56,56,56,38,38,38,38,38,30,30,50,37,37,0,0],"gold":323,"neow_bonus":"THREE_ENEMY_KILL","is_daily":false,"chose_seed":false,"campfire_upgraded":4,"win_rate":0.0,"timestamp":1611184209,"path_taken":["M","$","M","?","$","R","E","R","T","E","M","$","?","E","R","BOSS","M","?","?","M","?","E","?","M","T","?","?","?","R","E","R","BOSS"],"items_purchased_type":["Card","Relic"],"build_version":"2020-12-22","purchased_purges":1,"victory":false,"max_hp_per_floor":[68,68,68,68,68,68,68,68,68,68,68,68,68,68,68,68,68,68,68,68,68,68,68,68,68,68,68,68,68,68,68,68,68,68],"relic_stats":{"Nunchaku":[12],"Happy Flower":[14],"counters":[17,54],"Pantograph":50,"Tiny Chest":2,"MealTicket":0,"obtain_stats":[{"Calipers":29,"NeowsBlessing":0,"Happy Flower":10,"Nunchaku":14,"Pantograph":9,"Orrery":12,"Tiny Chest":7,"Philosopher\u0027s Stone":17,"MealTicket":23,"Red Mask":27,"Bottled Lightning":31,"PureWater":0,"StrikeDummy":22,"Pocketwatch":26},{"Calipers":15,"NeowsBlessing":0,"Happy Flower":4,"Nunchaku":6,"Pantograph":3,"Orrery":5,"Tiny Chest":3,"Philosopher\u0027s Stone":7,"MealTicket":12,"Red Mask":14,"Bottled Lightning":16,"PureWater":0,"StrikeDummy":11,"Pocketwatch":13},{"Calipers":44,"NeowsBlessing":0,"Happy Flower":12,"Nunchaku":21,"Pantograph":3,"Orrery":15,"Tiny Chest":3,"Philosopher\u0027s Stone":24,"MealTicket":36,"Red Mask":41,"Bottled Lightning":48,"PureWater":0,"StrikeDummy":32,"Pocketwatch":39}],"Pocketwatch":[9]},"card_choices":[{"not_picked":["WindmillStrike","PathToVictory"],"picked":"EmptyFist","floor":1},{"not_picked":["EmptyMind","PathToVictory"],"picked":"Evaluate","floor":3},{"not_picked":["Protect","ThirdEye"],"picked":"DevaForm","floor":7},{"not_picked":["FlurryOfBlows","Halt"],"picked":"CrushJoints","floor":10},{"not_picked":["CrushJoints","FlurryOfBlows"],"picked":"Worship","floor":11},{"not_picked":["EmptyFist","FlurryOfBlows"],"picked":"WheelKick","floor":12},{"not_picked":["DevaForm","PathToVictory"],"picked":"SashWhip","floor":12},{"not_picked":["Indignation","EmptyMind"],"picked":"FearNoEvil","floor":12},{"not_picked":["Crescendo","CutThroughFate"],"picked":"Vengeance","floor":12},{"not_picked":["ClearTheMind","BowlingBash"],"picked":"FlurryOfBlows","floor":12},{"not_picked":["Alpha","Perseverance"],"picked":"FlurryOfBlows","floor":14},{"not_picked":["DevaForm","MasterReality"],"picked":"Scrawl","floor":16},{"not_picked":["SandsOfTime","FlyingSleeves","SignatureMove"],"picked":"SKIP","floor":18},{"not_picked":["WindmillStrike","SignatureMove","SandsOfTime"],"picked":"SKIP","floor":19},{"not_picked":["Halt","FlurryOfBlows","Nirvana"],"picked":"SKIP","floor":21},{"not_picked":["DeceiveReality","ConjureBlade"],"picked":"TalkToTheHand","floor":23},{"not_picked":["ThirdEye","Halt"],"picked":"SandsOfTime+1","floor":25},{"not_picked":["Halt","CarveReality","DeceiveReality"],"picked":"SKIP","floor":28},{"not_picked":["Indignation","Weave"],"picked":"Protect","floor":31}],"player_experience":643672,"relics_obtained":[{"floor":7,"key":"Tiny Chest"},{"floor":9,"key":"Pantograph"},{"floor":10,"key":"Happy Flower"},{"floor":14,"key":"Nunchaku"},{"floor":22,"key":"StrikeDummy"},{"floor":23,"key":"MealTicket"},{"floor":26,"key":"Pocketwatch"},{"floor":27,"key":"Red Mask"},{"floor":29,"key":"Calipers"},{"floor":31,"key":"Bottled Lightning"}],"event_choices":[{"damage_healed":0,"gold_gain":75,"player_choice":"Gather Gold","damage_taken":11,"max_hp_gain":0,"max_hp_loss":0,"event_name":"World of Goop","floor":4,"gold_loss":0},{"damage_healed":0,"gold_gain":50,"player_choice":"Pray","damage_taken":0,"max_hp_gain":0,"max_hp_loss":0,"event_name":"Golden Shrine","floor":13,"gold_loss":0},{"damage_healed":0,"gold_gain":0,"player_choice":"Read","damage_taken":0,"max_hp_gain":0,"max_hp_loss":0,"event_name":"The Library","floor":24,"gold_loss":0,"cards_obtained":["Conclude"]},{"damage_healed":0,"gold_gain":0,"player_choice":"Fought Bandits","damage_taken":0,"max_hp_gain":0,"max_hp_loss":0,"event_name":"Masked Bandits","floor":27,"gold_loss":0}],"is_beta":false,"boss_relics":[{"not_picked":["Fusion Hammer","Tiny House"],"picked":"Philosopher\u0027s Stone"}],"items_purged_floors":[5],"is_endless":false,"potions_floor_spawned":[1,14,16,18,21,23,28],"killed_by":"Automaton","ascension_level":20}}