{"host":"0cm5wy4nhuju7tij","time":1611131657,"event":{"mods":["100% Spire Juice","2.2 Compatiblity","AchievementEnabler","Aspiration","BaseMod","Better Third Choice","BetterRewards","CCEM","CapriCore","Chen","Colored Powertips","Curses Come First","Custom Start","Displayed Cursed Tome","Downfall","Energized Spire","Evolution","Filter the Spire","Highlight Path","Jess\u0027s Bottle","Minty Spire (QoL Compilation)","Permanent Neow","Relic Stats","SOS???????","Shop Mod","Spicy Shops","StSLib","The Cursed","The Juggle","The Sage","TheFirefly"],"gold_per_floor":[110,123,138,158,158,185,185,185,210,239,252,252,271,302,302,400,400,414,414,429,440,450,485,502,47,101,126,126,146,171,183,183,280,280,294,294,306,132,150,150,181,181,181,181,213,225,239,256,256,256],"floor_reached":51,"language":"ENG","playtime":2851,"items_purged":["Defend_B","Strike_B"],"score":959,"play_id":"41ec6732-1dcc-437d-b8b4-2e454f28ee77","local_time":"20210120033417","is_ascension_mode":true,"campfire_choices":[{"data":"Electrodynamics","floor":7,"key":"SMITH"},{"data":"Stack","floor":12,"key":"SMITH"},{"data":"Self Repair","floor":15,"key":"SMITH"},{"data":"Darkness","floor":28,"key":"SMITH"},{"floor":32,"key":"DIG"},{"floor":40,"key":"DIG"},{"floor":44,"key":"DIG"},{"floor":49,"key":"DIG"}],"circlet_count":0,"master_deck":["Cold Snap","Cold Snap+1","Strike_B+1","Defend_B+1","Zap+1","Dualcast","Barrage+1","Stack+1","Auto Shields","Self Repair+1","Electrodynamics+1","Conserve Battery","Melter","Cold Snap","Sweeping Beam","Electrodynamics","Chill","Leap","Cold Snap+1","Self Repair+1","Glacier","Chaos","Meteor Strike","Coolheaded+1","Darkness+1","Storm","Machine Learning","Redo","Consume","Go for the Eyes+1","Go for the Eyes+1","Chill+1","Buffer","Rainbow","Leap+1","aspiration:Polymerization","All For One","Zap","Stack+1","Stack+1","Darkness+1","Cold Snap+1"],"relics":["Cracked Core","EVO:Axolotl","CCEMRelics:SpiritsEdge","Anchor","Whetstone","CCEMRelics:Icicle","energizedSpire:DeadBattery","Mummified Hand","Orrery","Vajra","Regal Pillow","Shovel","Mango","aspiration:Stellarator","CCEMRelics:BiPhaseBiplane","aspiration:StickyExplosives_weak","Lantern","Bottled Tornado","InkBottle","Centennial Puzzle"],"acts_visited":["Exordium","TheCity","TheBeyond"],"potions_floor_usage":[18,45,50],"damage_taken":[{"damage":0,"enemies":"2 Louse","floor":1,"turns":3},{"damage":0,"enemies":"Cultist","floor":2,"turns":2},{"damage":2,"enemies":"Jaw Worm","floor":3,"turns":2},{"damage":8,"enemies":"Red Slaver","floor":4,"turns":4},{"damage":17,"enemies":"Lagavulin","floor":6,"turns":8},{"damage":2,"enemies":"3 Sentries","floor":10,"turns":3},{"damage":0,"enemies":"2 Fungi Beasts","floor":11,"turns":3},{"damage":2,"enemies":"Blue Slaver","floor":13,"turns":2},{"damage":9,"enemies":"Lagavulin","floor":14,"turns":4},{"damage":0,"enemies":"Slime Boss","floor":16,"turns":7},{"damage":0,"enemies":"Spheric Guardian","floor":18,"turns":1},{"damage":0,"enemies":"Chosen","floor":20,"turns":4},{"damage":0,"enemies":"Sentry and Sphere","floor":21,"turns":2},{"damage":11,"enemies":"Chosen and Byrds","floor":22,"turns":5},{"damage":16,"enemies":"Book of Stabbing","floor":23,"turns":6},{"damage":0,"enemies":"Snecko","floor":24,"turns":3},{"damage":2,"enemies":"Gremlin Leader","floor":27,"turns":5},{"damage":0,"enemies":"Centurion and Healer","floor":29,"turns":2},{"damage":1,"enemies":"Book of Stabbing","floor":30,"turns":3},{"damage":2,"enemies":"Cultist and Chosen","floor":31,"turns":6},{"damage":14,"enemies":"Champ","floor":33,"turns":14},{"damage":19,"enemies":"3 Darklings","floor":35,"turns":3},{"damage":0,"enemies":"Orb Walker","floor":37,"turns":2},{"damage":2,"enemies":"Transient","floor":39,"turns":5},{"damage":34,"enemies":"Giant Head","floor":41,"turns":10},{"damage":0,"enemies":"Reptomancer","floor":45,"turns":6},{"damage":9,"enemies":"Spire Growth","floor":46,"turns":4},{"damage":0,"enemies":"Sphere and 2 Shapes","floor":47,"turns":2},{"damage":0,"enemies":"3 Darklings","floor":48,"turns":2},{"damage":4,"enemies":"Awakened One","floor":50,"turns":12}],"seed_played":"-8899495065317654825","potions_obtained":[{"floor":2,"key":"LiquidBronze"},{"floor":3,"key":"BlessingOfTheForge"},{"floor":4,"key":"Fruit Juice"},{"floor":18,"key":"Fire Potion"},{"floor":29,"key":"Regen Potion"},{"floor":36,"key":"LiquidMemories"},{"floor":48,"key":"PotionOfCapacity"}],"is_trial":false,"path_per_floor":["M","M","M","M","?","E","R","?","T","E","M","R","M","E","R","B",null,"M","?","M","M","M","E","M","$","T","E","R","M","E","M","R","B",null,"M","?","M","$","M","R","E","?","T","R","E","M","M","M","R","B",null],"character_chosen":"DEFECT","items_purchased":["Meteor Strike","Orrery","Consume","CCEMRelics:BiPhaseBiplane"],"campfire_rested":0,"item_purchase_floors":[25,25,25,38],"current_hp_per_floor":[75,75,73,65,50,40,40,40,40,45,52,52,57,55,55,65,75,83,83,83,83,83,83,83,83,83,81,81,81,83,83,97,97,97,78,78,78,78,86,86,72,72,72,72,84,85,95,95,95,91],"gold":256,"neow_bonus":"UPGRADE_CARD","is_daily":false,"chose_seed":false,"campfire_upgraded":4,"win_rate":0.0,"timestamp":1611131657,"path_taken":["M","M","M","M","?","E","R","?","T","E","?","R","M","E","R","BOSS","M","?","M","M","?","E","M","$","T","E","R","M","E","M","R","BOSS","M","?","M","$","?","R","E","?","T","R","E","M","M","M","R","BOSS"],"items_purchased_type":["Card","Relic","Card","Relic"],"build_version":"2020-12-22","purchased_purges":2,"victory":true,"max_hp_per_floor":[75,75,75,75,75,75,75,75,75,75,75,75,75,75,75,75,75,83,83,83,83,83,83,83,83,83,83,83,83,83,83,97,97,97,97,97,97,97,97,97,97,97,97,97,97,97,97,97,97,97],"relic_stats":{"Regal Pillow":0,"Centennial Puzzle":[3],"Shovel":4,"counters":[30,135],"Mummified Hand":[59],"Whetstone":["Strike_B","Barrage"],"obtain_stats":[{"Regal Pillow":27,"Lantern":41,"aspiration:Stellarator":34,"Vajra":26,"Mango":32,"EVO:Axolotl":0,"Whetstone":10,"Bottled Tornado":44,"energizedSpire:DeadBattery":17,"CCEMRelics:SpiritsEdge":6,"aspiration:StickyExplosives_weak":40,"Anchor":9,"Centennial Puzzle":49,"Shovel":30,"Mummified Hand":23,"CCEMRelics:BiPhaseBiplane":38,"Orrery":25,"Cracked Core":0,"CCEMRelics:Icicle":14,"InkBottle":45},{"Regal Pillow":17,"Lantern":25,"aspiration:Stellarator":21,"Vajra":16,"Mango":20,"EVO:Axolotl":0,"Whetstone":6,"Bottled Tornado":25,"energizedSpire:DeadBattery":10,"CCEMRelics:SpiritsEdge":5,"aspiration:StickyExplosives_weak":24,"Anchor":5,"Centennial Puzzle":29,"Shovel":19,"Mummified Hand":15,"CCEMRelics:BiPhaseBiplane":23,"Orrery":16,"Cracked Core":0,"CCEMRelics:Icicle":9,"InkBottle":26},{"Regal Pillow":64,"Lantern":109,"aspiration:Stellarator":89,"Vajra":59,"Mango":75,"EVO:Axolotl":0,"Whetstone":22,"Bottled Tornado":109,"energizedSpire:DeadBattery":38,"CCEMRelics:SpiritsEdge":19,"aspiration:StickyExplosives_weak":99,"Anchor":19,"Centennial Puzzle":123,"Shovel":69,"Mummified Hand":56,"CCEMRelics:BiPhaseBiplane":94,"Orrery":59,"Cracked Core":0,"CCEMRelics:Icicle":31,"InkBottle":115}],"InkBottle":[9]},"card_choices":[{"not_picked":["Steam","Turbo"],"picked":"Barrage","floor":1},{"not_picked":["Steam","Lockon"],"picked":"Stack","floor":2},{"not_picked":["Streamline","Beam Cell"],"picked":"Auto Shields","floor":3},{"not_picked":["Gash","Fusion"],"picked":"Self Repair","floor":4},{"not_picked":["BootSequence","Force Field"],"picked":"Electrodynamics","floor":6},{"not_picked":["Blizzard","Barrage"],"picked":"Conserve Battery","floor":10},{"not_picked":["Hologram","Auto Shields"],"picked":"Melter","floor":11},{"not_picked":["Stack","Sweeping Beam"],"picked":"Cold Snap","floor":13},{"not_picked":["Static Discharge","Gash"],"picked":"Sweeping Beam","floor":14},{"not_picked":["Multi-Cast","Seek"],"picked":"Electrodynamics","floor":16},{"not_picked":["Leap","Conserve Battery+1"],"picked":"Chill","floor":18},{"not_picked":["Ball Lightning+1","Conserve Battery"],"picked":"Cold Snap+1","floor":20},{"not_picked":["Scrape+1","Beam Cell+1"],"picked":"Self Repair+1","floor":21},{"not_picked":["Rebound","Ball Lightning+1"],"picked":"Glacier","floor":22},{"not_picked":["Ball Lightning","Static Discharge+1"],"picked":"Chaos","floor":23},{"not_picked":["Conserve Battery","Streamline","Leap"],"picked":"SKIP","floor":24},{"not_picked":["Aggregate","Turbo"],"picked":"Coolheaded+1","floor":25},{"not_picked":["Cold Snap+1","Reprogram"],"picked":"Darkness","floor":25},{"not_picked":["Barrage+1","Leap"],"picked":"Storm","floor":25},{"not_picked":["Auto Shields","Reprogram"],"picked":"Machine Learning","floor":25},{"not_picked":["Streamline","Beam Cell+1"],"picked":"Redo","floor":25},{"not_picked":["Conserve Battery+1","Cold Snap"],"picked":"Go for the Eyes+1","floor":27},{"not_picked":["BootSequence","Redo"],"picked":"Go for the Eyes+1","floor":29},{"not_picked":["Storm","Scrape"],"picked":"Chill+1","floor":30},{"not_picked":["Steam","Gash"],"picked":"Buffer","floor":31},{"not_picked":["Electrodynamics","Meteor Strike"],"picked":"Rainbow","floor":33},{"not_picked":["Heatsinks+1","Barrage+1","Cold Snap"],"picked":"SKIP","floor":35},{"not_picked":["Sweeping Beam","Compile Driver"],"picked":"Leap+1","floor":37},{"not_picked":["Conserve Battery","Reinforced Body","Multi-Cast"],"picked":"SKIP","floor":39},{"not_picked":["Coolheaded+1","Reprogram"],"picked":"aspiration:Polymerization","floor":41},{"not_picked":["Genetic Algorithm","Sweeping Beam"],"picked":"Stack+1","floor":45},{"not_picked":["Cold Snap+1","Conserve Battery+1"],"picked":"Stack+1","floor":46},{"not_picked":["Lockon+1","Skim"],"picked":"Darkness+1","floor":47},{"not_picked":["Genetic Algorithm+1","Compile Driver+1"],"picked":"Cold Snap+1","floor":48}],"player_experience":222572,"relics_obtained":[{"floor":6,"key":"CCEMRelics:SpiritsEdge"},{"floor":9,"key":"Anchor"},{"floor":10,"key":"Whetstone"},{"floor":14,"key":"CCEMRelics:Icicle"},{"floor":23,"key":"Mummified Hand"},{"floor":26,"key":"Vajra"},{"floor":27,"key":"Regal Pillow"},{"floor":30,"key":"Shovel"},{"floor":32,"key":"Mango"},{"floor":40,"key":"aspiration:StickyExplosives_weak"},{"floor":41,"key":"Lantern"},{"floor":44,"key":"Bottled Tornado"},{"floor":45,"key":"InkBottle"},{"floor":49,"key":"Centennial Puzzle"}],"event_choices":[{"damage_healed":65,"gold_gain":0,"player_choice":"Upgrade","damage_taken":15,"max_hp_gain":0,"max_hp_loss":75,"event_name":"betterThird:BetterShining","floor":5,"gold_loss":0,"cards_upgraded":["Defend_B","Cold Snap"]},{"cards_removed":["Defend_B"],"damage_healed":0,"gold_gain":0,"player_choice":"Purged","damage_taken":0,"max_hp_gain":0,"max_hp_loss":0,"event_name":"Purifier","floor":8,"gold_loss":0},{"damage_healed":0,"gold_gain":0,"cards_transformed":["Defend_B"],"player_choice":"Transformed","damage_taken":0,"max_hp_gain":0,"max_hp_loss":0,"event_name":"Transmorgrifier","floor":19,"gold_loss":0,"cards_obtained":["Leap"]},{"damage_healed":0,"gold_gain":0,"player_choice":"Got Potions","damage_taken":0,"max_hp_gain":0,"max_hp_loss":0,"event_name":"Lab","floor":36,"gold_loss":0},{"damage_healed":0,"gold_gain":0,"player_choice":"2 cards matched","damage_taken":0,"max_hp_gain":0,"max_hp_loss":0,"event_name":"Match and Keep!","floor":42,"gold_loss":0,"cards_obtained":["All For One","Zap"]}],"is_beta":false,"boss_relics":[{"not_picked":["Philosopher\u0027s Stone","Velvet Choker"],"picked":"energizedSpire:DeadBattery"},{"not_picked":["aspiration:BursterCore","Black Star"],"picked":"aspiration:Stellarator"}],"items_purged_floors":[25,38],"is_endless":false,"potions_floor_spawned":[2,3,4,10,16,18,20,29,31,35,39,41,48],"ascension_level":1}}