{"host":"dlqyscxstsnu98l1","time":1611164622,"event":{"mods":["AchievementEnabler","BaseMod","Bestiary","Colored Map","Colored Powertips","Conspire","GifTheSpireLib","Highlight Path","Minty Spire (QoL Compilation)","Random Character Button","Replay The Spire","SacredBarkPlus","StSLib"],"gold_per_floor":[114,131,56,66,85,117,17,42,115,115,115,47,47,47,47,151,151,170,181,56,56,56,56,68,68,68,97,97,113,32,32,32,49,49,144,144,164,180,180,191,191,191,226,226,250,266,284,319,345,358,358,358,358],"floor_reached":52,"language":"ENG","playtime":2763,"items_purged":["Strike_B","Defend_B"],"score":622,"play_id":"521bc676-caa1-4298-b0cd-d4cb1a7d12bb","local_time":"20210120114342","is_ascension_mode":true,"campfire_choices":[{"floor":10,"key":"REST"},{"data":"Thunder Strike","floor":13,"key":"SMITH"},{"data":"Tempest","floor":15,"key":"SMITH"},{"floor":23,"key":"REST"},{"data":"ReplayTheSpireMod:Fabricate Wheel","floor":25,"key":"SMITH"},{"floor":28,"key":"REST"},{"floor":34,"key":"RECALL"},{"data":"Amplify","floor":42,"key":"SMITH"},{"data":"Amplify","floor":44,"key":"SMITH"},{"data":"Zap","floor":51,"key":"SMITH"}],"circlet_count":0,"master_deck":["Defend_B","Zap+1","Dualcast","Conserve Battery","Ball Lightning","Skim","Sweeping Beam","Streamline","Thunder Strike+1","Ball Lightning","Tempest+1","CommonCold","ReplayTheSpireMod:Splinters","Self Repair+1","Self Repair+1","Conserve Battery","Decay","Creative AI+1","Leap","Loop+1","Storm+1","Amplify+1","Capacitor+1","Writhe","Amplify+1","Static Discharge+1","Self Repair+1","Heatsinks+1"],"relics":["Cracked Core","NeowsBlessing","conspire:BottledYoYo","conspire:GiftBox","Frozen Egg 2","Kintsugi","Ring of Misfortune","Ring of Fury","ReplayTheSpireMod:Shallot","Prayer Wheel","Bag of Preparation","conspire:SpecialSausage","Replay:Antivirus Software","Ornamental Fan","Replay:Wax Seal","conspire:Flyswatter","Orichalcum"],"acts_visited":["Exordium","TheCity","TheBeyond"],"potions_floor_usage":[16,35,40,47,47,48,52],"damage_taken":[{"damage":0,"enemies":"Cultist","floor":1,"turns":1},{"damage":0,"enemies":"Jaw Worm","floor":2,"turns":1},{"damage":0,"enemies":"Small Slimes","floor":4,"turns":1},{"damage":0,"enemies":"conspire:2 RoseBushes","floor":5,"turns":5},{"damage":30,"enemies":"Lagavulin","floor":6,"turns":6},{"damage":16,"enemies":"Gremlin Nob","floor":8,"turns":4},{"damage":41,"enemies":"Hexaghost","floor":16,"turns":9},{"damage":5,"enemies":"Chosen","floor":18,"turns":4},{"damage":44,"enemies":"2 Thieves","floor":19,"turns":3},{"damage":25,"enemies":"3 Cultists","floor":24,"turns":4},{"damage":33,"enemies":"conspire:Head Lice","floor":27,"turns":8},{"damage":17,"enemies":"Cultist and Chosen","floor":29,"turns":5},{"damage":15,"enemies":"Sentry and Sphere","floor":33,"turns":3},{"damage":29,"enemies":"Automaton","floor":35,"turns":7},{"damage":42,"enemies":"3 Darklings","floor":37,"turns":3},{"damage":7,"enemies":"Orb Walker","floor":38,"turns":3},{"damage":34,"enemies":"4 Shapes","floor":40,"turns":3},{"damage":12,"enemies":"R_Hoarder","floor":43,"turns":5},{"damage":42,"enemies":"Spire Growth","floor":46,"turns":4},{"damage":32,"enemies":"3 Darklings","floor":47,"turns":5},{"damage":0,"enemies":"Giant Head","floor":48,"turns":7},{"damage":0,"enemies":"Maw","floor":50,"turns":4},{"damage":77,"enemies":"Awakened One","floor":52,"turns":3}],"seed_played":"5059060195013994003","potions_obtained":[{"floor":5,"key":"Strength Potion"},{"floor":8,"key":"Explosive Potion"},{"floor":18,"key":"LiquidMemories"},{"floor":24,"key":"AttackPotion"},{"floor":35,"key":"SkillPotion"},{"floor":43,"key":"BlessingOfTheForge"},{"floor":46,"key":"Block Potion"},{"floor":48,"key":"SmokeBomb"},{"floor":50,"key":"Venom Potion"}],"is_trial":false,"path_per_floor":["M","M","$","M","M","E","$","E","T","R","T","$","R","$","R","B",null,"M","M","$","?","?","R","M","R","T","E","R","M","$","PTL","PTL","M","R","B",null,"M","M","?","M","?","R","E","R","T","M","M","E","T","M","R","B"],"character_chosen":"DEFECT","items_purchased":["Tempest","Self Repair+1","Conserve Battery","Storm+1"],"campfire_rested":3,"item_purchase_floors":[12,20,20,30],"current_hp_per_floor":[75,75,75,75,75,45,45,29,29,51,51,51,51,51,51,10,75,70,26,26,26,26,48,43,43,43,30,52,55,55,55,55,50,50,41,75,53,66,66,52,71,71,69,69,69,37,25,55,55,65,65,0,0],"gold":358,"neow_bonus":"THREE_ENEMY_KILL","is_daily":false,"chose_seed":false,"campfire_upgraded":6,"win_rate":0.0,"timestamp":1611164622,"path_taken":["M","M","$","M","M","E","$","E","T","R","?","$","R","?","R","BOSS","M","M","$","?","?","R","M","R","T","E","R","M","?","PTL","PTL","M","R","BOSS","M","M","?","?","?","R","E","R","T","M","M","E","?","M","R","BOSS"],"items_purchased_type":["Card","Card","Card","Card"],"build_version":"2020-12-22","purchased_purges":2,"victory":false,"max_hp_per_floor":[75,75,75,75,75,75,75,75,75,75,75,75,75,75,75,75,75,75,75,75,75,75,75,75,75,75,75,75,75,75,75,75,75,75,75,75,75,75,75,75,75,75,75,75,75,75,75,75,75,75,75,75,75],"card_choices":[{"not_picked":["Sweeping Beam","Compile Driver"],"picked":"Conserve Battery","floor":1},{"not_picked":["Turbo","Rebound"],"picked":"Ball Lightning","floor":2},{"not_picked":["ReplayTheSpireMod:Repulse","Panic Button"],"picked":"Skim","floor":4},{"not_picked":["ReplayTheSpireMod:Dual Polarity","Crystallizer"],"picked":"Sweeping Beam","floor":5},{"not_picked":["Barrage","Meteor Strike"],"picked":"Streamline","floor":6},{"not_picked":["Seek","Rainbow"],"picked":"Thunder Strike","floor":8},{"not_picked":["Crystallizer","Time Bomb"],"picked":"Ball Lightning","floor":8},{"not_picked":["Machine Learning+1","Reboot"],"picked":"ReplayTheSpireMod:Fabricate Wheel","floor":16},{"not_picked":["Ball Lightning","Barrage","Beam Cell+1"],"picked":"SKIP","floor":18},{"not_picked":["Gash+1","FTL"],"picked":"Self Repair+1","floor":19},{"not_picked":["Streamline","Recycle","Blizzard+1"],"picked":"SKIP","floor":24},{"not_picked":["Conserve Battery","Barrage"],"picked":"Leap","floor":27},{"not_picked":["Tempest","Multi-Cast"],"picked":"Loop+1","floor":29},{"not_picked":["Streamline","Skim","Beam Cell"],"picked":"SKIP","floor":29},{"not_picked":["Conserve Battery","Crystallizer+1","ReplayTheSpireMod:Repulse"],"picked":"SKIP","floor":33},{"not_picked":["Melter","Aggregate","Hologram+1"],"picked":"SKIP","floor":33},{"not_picked":["ReplayRNGCard","Mirror Shield"],"picked":"Amplify","floor":35},{"not_picked":["Coolheaded","Barrage","Sweeping Beam+1"],"picked":"SKIP","floor":37},{"not_picked":["Conserve Battery","Ball Lightning+1","Stack"],"picked":"SKIP","floor":37},{"not_picked":["BasicCrystalCard+1","ReplayTheSpireMod:Reroute Power+1"],"picked":"Capacitor+1","floor":38},{"not_picked":["Hologram","Melter+1","Fusion+1"],"picked":"SKIP","floor":38},{"not_picked":["FTL+1","Redo","Undo+1"],"picked":"SKIP","floor":40},{"not_picked":["Time Bomb","Aggregate+1","BasicCrystalCard"],"picked":"SKIP","floor":40},{"not_picked":["ReplayTheSpireMod:Omega Cannon","Sweeping Beam+1"],"picked":"Amplify","floor":43},{"not_picked":["Go for the Eyes","Heatsinks+1"],"picked":"Static Discharge+1","floor":46},{"not_picked":["Compile Driver+1","Genetic Algorithm+1","Barrage"],"picked":"SKIP","floor":46},{"not_picked":["Tempest+1","Compile Driver"],"picked":"Self Repair+1","floor":47},{"not_picked":["Doom and Gloom","Reinforced Body"],"picked":"Heatsinks+1","floor":47},{"not_picked":["Hello World+1","Ball Lightning+1","Barrage"],"picked":"SKIP","floor":48},{"not_picked":["Heatsinks+1","conspire:Rain","conspire:SharedLibrary+1"],"picked":"SKIP","floor":50},{"not_picked":["Turbo","Redo+1","Auto Shields"],"picked":"SKIP","floor":50}],"player_experience":88212,"relics_obtained":[{"floor":6,"key":"conspire:BottledYoYo"},{"floor":8,"key":"conspire:GiftBox"},{"floor":9,"key":"Frozen Egg 2"},{"floor":22,"key":"Ring of Misfortune"},{"floor":22,"key":"Ring of Fury"},{"floor":26,"key":"ReplayTheSpireMod:Shallot"},{"floor":27,"key":"Bag of Preparation"},{"floor":43,"key":"Ornamental Fan"},{"floor":45,"key":"Replay:Wax Seal"},{"floor":48,"key":"conspire:Flyswatter"},{"floor":49,"key":"Orichalcum"}],"event_choices":[{"damage_healed":0,"gold_gain":0,"player_choice":"Smashed Altar","damage_taken":0,"max_hp_gain":0,"max_hp_loss":0,"event_name":"Forgotten Altar","floor":21,"gold_loss":0,"cards_obtained":["Decay"]},{"damage_healed":0,"gold_gain":0,"player_choice":"Gave Potion","damage_taken":0,"relics_obtained":["Replay:Antivirus Software"],"max_hp_gain":0,"max_hp_loss":0,"event_name":"WeMeetAgain","floor":39,"gold_loss":0},{"damage_healed":19,"gold_gain":0,"player_choice":"Writhe","damage_taken":0,"max_hp_gain":0,"max_hp_loss":0,"event_name":"Winding Halls","floor":41,"gold_loss":0,"cards_obtained":["Writhe"]}],"is_beta":false,"boss_relics":[{"not_picked":["SacredBark","Painkiller Herb"],"picked":"Kintsugi"},{"not_picked":["conspire:SlowCooker","Fusion Hammer"],"picked":"conspire:SpecialSausage"}],"items_purged_floors":[3,7],"is_endless":false,"potions_floor_spawned":[5,8,18,24,29,35,43,46,48,50],"killed_by":"Awakened One","ascension_level":2}}