{"host":"coel31jtabpraq8l","time":1611168772,"event":{"mods":["BaseMod","Highlight Path","Minty Spire (QoL Compilation)","SuperFastMode"],"gold_per_floor":[119,294,313,332,347,382,395,324,324,336,76,90,90,18,18,117,117,129,29,47,61,61,61,74,74,74],"floor_reached":25,"language":"ENG","playtime":1397,"items_purged":["Strike_P","Strike_P"],"score":217,"play_id":"136bb431-140b-4d1e-bfed-1fba4a6e0b25","local_time":"20210120135252","is_ascension_mode":true,"campfire_choices":[{"floor":13,"key":"REST"},{"floor":15,"key":"REST"},{"floor":23,"key":"REST"}],"circlet_count":0,"master_deck":["Defend_P","Defend_P","Defend_P","Defend_P","Eruption","Vigilance","Conclude","Doubt","CutThroughFate","Crescendo","ThirdEye","FollowUp","WaveOfTheHand","FollowUp","Nirvana","Devotion","MentalFortress+1","WaveOfTheHand","Evaluate","CutThroughFate"],"relics":["HolyWater","NeowsBlessing","Orichalcum","Shuriken","Kunai","Pen Nib"],"acts_visited":["Exordium","TheCity"],"potions_floor_usage":[6,16,16,16,16,16,16,21],"damage_taken":[{"damage":0,"enemies":"2 Louse","floor":1,"turns":1},{"damage":0,"enemies":"Cultist","floor":3,"turns":1},{"damage":0,"enemies":"Jaw Worm","floor":4,"turns":1},{"damage":4,"enemies":"3 Louse","floor":5,"turns":2},{"damage":15,"enemies":"Lagavulin","floor":6,"turns":4},{"damage":4,"enemies":"Blue Slaver","floor":7,"turns":2},{"damage":0,"enemies":"Gremlin Gang","floor":10,"turns":1},{"damage":16,"enemies":"Looter","floor":12,"turns":3},{"damage":64,"enemies":"Slime Boss","floor":16,"turns":10},{"damage":29,"enemies":"2 Thieves","floor":18,"turns":5},{"damage":2,"enemies":"Shell Parasite","floor":20,"turns":3},{"damage":16,"enemies":"Snake Plant","floor":21,"turns":7},{"damage":21,"enemies":"Snecko","floor":24,"turns":6},{"damage":41,"enemies":"Chosen and Byrds","floor":25,"turns":4}],"seed_played":"-925648268419344478","potions_obtained":[{"floor":1,"key":"FearPotion"},{"floor":4,"key":"Strength Potion"},{"floor":5,"key":"Ancient Potion"},{"floor":7,"key":"Energy Potion"},{"floor":12,"key":"EntropicBrew"},{"floor":20,"key":"DistilledChaos"}],"is_trial":false,"path_per_floor":["M","?","M","M","M","E","M","?","T","M","$","M","R","$","R","B",null,"M","$","M","M","?","R","M","M"],"character_chosen":"WATCHER","items_purchased":["WaveOfTheHand","Pen Nib","Nirvana"],"campfire_rested":3,"item_purchase_floors":[11,11,14],"current_hp_per_floor":[72,72,72,72,68,53,49,49,49,49,49,33,54,54,72,8,72,43,43,41,25,25,46,25,0,0],"gold":74,"neow_bonus":"THREE_ENEMY_KILL","is_daily":false,"chose_seed":false,"campfire_upgraded":0,"win_rate":0.0,"timestamp":1611168772,"path_taken":["M","?","M","M","M","E","M","?","T","M","$","M","R","$","R","BOSS","M","$","?","M","?","R","M","M"],"items_purchased_type":["Card","Relic","Card"],"build_version":"2020-12-22","purchased_purges":2,"victory":false,"max_hp_per_floor":[72,72,72,72,72,72,72,72,72,72,72,72,72,72,72,72,72,72,72,72,72,72,72,72,72,72],"card_choices":[{"not_picked":["BowlingBash","EmptyBody"],"picked":"Conclude","floor":1},{"not_picked":["Sanctity","JustLucky"],"picked":"CutThroughFate","floor":3},{"not_picked":["TalkToTheHand","Wireheading","PathToVictory"],"picked":"SKIP","floor":4},{"not_picked":["SashWhip","EmptyFist"],"picked":"Crescendo","floor":5},{"not_picked":["Study","MentalFortress"],"picked":"ThirdEye","floor":6},{"not_picked":["Conclude","DeceiveReality"],"picked":"FollowUp","floor":7},{"not_picked":["Omniscience","Protect","CrushJoints"],"picked":"SKIP","floor":10},{"not_picked":["ThirdEye","Protect"],"picked":"FollowUp","floor":12},{"not_picked":["SpiritShield","Brilliance"],"picked":"Devotion","floor":16},{"not_picked":["FlyingSleeves","SandsOfTime"],"picked":"MentalFortress+1","floor":18},{"not_picked":["FollowUp","WaveOfTheHand","Consecrate"],"picked":"SKIP","floor":20},{"not_picked":["Consecrate","FlyingSleeves","TalkToTheHand"],"picked":"SKIP","floor":21},{"not_picked":["Crescendo+1","LessonLearned"],"picked":"CutThroughFate","floor":24}],"player_experience":630471,"relics_obtained":[{"floor":6,"key":"Orichalcum"},{"floor":9,"key":"Kunai"}],"event_choices":[{"damage_healed":0,"gold_gain":175,"player_choice":"AGREE","damage_taken":0,"max_hp_gain":0,"max_hp_loss":0,"event_name":"Liars Game","floor":2,"gold_loss":0,"cards_obtained":["Doubt"]},{"damage_healed":0,"gold_gain":0,"player_choice":"Paid Gold","damage_taken":0,"relics_obtained":["Shuriken"],"max_hp_gain":0,"max_hp_loss":0,"event_name":"WeMeetAgain","floor":8,"gold_loss":71},{"damage_healed":0,"gold_gain":0,"cards_transformed":["Strike_P","Strike_P"],"player_choice":"Became Test Subject","damage_taken":0,"max_hp_gain":0,"max_hp_loss":0,"event_name":"Drug Dealer","floor":22,"gold_loss":0,"cards_obtained":["WaveOfTheHand","Evaluate"]}],"is_beta":false,"boss_relics":[{"not_picked":["Astrolabe","Empty Cage"],"picked":"HolyWater"}],"items_purged_floors":[11,19],"is_endless":false,"potions_floor_spawned":[1,4,5,7,12,20],"killed_by":"Chosen and Byrds","ascension_level":1}}