{"host":"3ui03y3mxa3ndqsx","time":1611148910,"event":{"mods":["Act Like it!","BaseMod","Downfall","Minty Spire (QoL Compilation)","Quick Restart","StSLib","¡¾ÒÅÎï¿¨ÅÆ¡¿REMEMod"],"gold_per_floor":[99,118,103,113,213,225,225,225,225,125,144,129,139,155,173,173,173,173],"floor_reached":16,"language":"ZHS","playtime":819,"items_purged":[],"score":94,"play_id":"02428848-4f49-4cfa-9ca8-cd45700ebc39","local_time":"20210120212150","is_ascension_mode":false,"campfire_choices":[{"data":"hexamod:BurningTouch","floor":1.0,"key":"SMITH"},{"data":"hexamod:PhantomFireball","floor":10.0,"key":"SMITH"}],"circlet_count":0,"master_deck":["hexamod:Strike","hexamod:Strike","hexamod:Strike","hexamod:Defend","hexamod:Defend","hexamod:Defend","hexamod:Sear","hexamod:Float","hexamod:GiftsFromTheDead","hexamod:BurningTouch+1","hexamod:VolcanoVisage","hexamod:HauntingEcho","hexamod:PhantomFireball+1","hexamod:PhantomFireball","hexamod:Firestarter","hexamod:BacktrackSmack","hexamod:HeatShield"],"relics":["hexamod:SpiritBrand","REME_ComplimentaryCards","downfall:HeartBlessingBlue"],"acts_visited":["Exordium"],"potions_floor_usage":[],"damage_taken":[{"damage":8.0,"enemies":"2 Louse","floor":2.0,"turns":4.0},{"damage":0.0,"enemies":"downfall:FleeingMerchant","floor":3.0,"turns":4.0},{"damage":0.0,"enemies":"Cultist","floor":4.0,"turns":3.0},{"damage":0.0,"enemies":"Small Slimes","floor":6.0,"turns":4.0},{"damage":11.0,"enemies":"3 Louse","floor":11.0,"turns":4.0},{"damage":5.0,"enemies":"downfall:FleeingMerchant","floor":12.0,"turns":4.0},{"damage":8,"enemies":"Red Slaver","floor":13,"turns":2},{"damage":0,"enemies":"Large Slime","floor":14,"turns":3},{"damage":5,"enemies":"2 Fungi Beasts","floor":15,"turns":4},{"damage":36,"enemies":"DF_ARCHETYPE_STREAMLINE","floor":16,"turns":4}],"seed_played":"-1121105729781497441","potions_obtained":[{"floor":4.0,"key":"Fire Potion"},{"floor":13,"key":"AttackPotion"},{"floor":14,"key":"Fire Potion"}],"is_trial":false,"path_per_floor":["R","M","$","M","?","M","T","?","?","R","M","$","M","M","M","B"],"character_chosen":"THE_SPIRIT","items_purchased":[],"campfire_rested":0,"item_purchase_floors":[],"current_hp_per_floor":[63,55,55,55,55,55,55,55,55,65,54,49,41,41,36,0,0,0],"gold":173,"neow_bonus":"TRANSFORM_TWO_CARDS","is_daily":false,"chose_seed":false,"campfire_upgraded":2,"win_rate":0.0,"timestamp":1611148910,"path_taken":["R","M","$","M","?","?","T","?","?","R","M","$","M","M","M","BOSS"],"items_purchased_type":[],"build_version":"2020-12-22","purchased_purges":0,"victory":false,"max_hp_per_floor":[63,63,63,63,63,63,63,63,63,73,73,73,73,73,73,73,73,73],"card_choices":[{"not_picked":["hexamod:SpectersWail","hexamod:GhostLash","hexamod:NightmareStrike"],"picked":"SKIP","floor":2.0},{"not_picked":["hexamod:Again","hexamod:ThermalTransfer"],"picked":"hexamod:HauntingEcho","floor":3.0},{"not_picked":["hexamod:BurningTouch","hexamod:SpectralAdrenaline","hexamod:HeatMetal"],"picked":"SKIP","floor":4.0},{"not_picked":["hexamod:Firestarter","hexamod:SwordOfDarkness"],"picked":"hexamod:PhantomFireball","floor":6.0},{"not_picked":["hexamod:NecessarySacrifice","hexamod:GiftsFromTheDead"],"picked":"hexamod:Firestarter","floor":11.0},{"not_picked":["hexamod:HeatCrush","hexamod:SwordOfDarkness","hexamod:BacktrackSmack"],"picked":"SKIP","floor":12.0},{"not_picked":["hexamod:SkipABeat","hexamod:RetreatToShadows"],"picked":"hexamod:BacktrackSmack","floor":13},{"not_picked":["hexamod:NecessarySacrifice","hexamod:AdvancingGuard"],"picked":"hexamod:HeatShield","floor":14},{"not_picked":["hexamod:BurningTouch","hexamod:ChargedBarrage","hexamod:GhostOfSpirePast"],"picked":"SKIP","floor":15}],"player_experience":215831,"relics_obtained":[],"event_choices":[{"damage_healed":0.0,"max_hp_gain":0.0,"max_hp_loss":0.0,"gold_gain":0.0,"event_name":"Scrap Ooze","player_choice":"Fled","floor":8.0,"gold_loss":0.0,"damage_taken":0.0}],"is_beta":false,"boss_relics":[],"items_purged_floors":[],"is_endless":false,"potions_floor_spawned":[4,13,14,15],"killed_by":"DF_ARCHETYPE_STREAMLINE","ascension_level":0}}