{"host":"sc0o2qwpf9j16a4i","time":1611173740,"event":{"mods":["AchievementEnabler","BaseMod","BetterRewards","Block Reminder","Colored Map","Colored Powertips","Custom Start","Highlight Path","Minty Spire (QoL Compilation)","Relic Stats"],"gold_per_floor":[110,124,142,107,127,127,153,153,223,251,271,271,286,306,306,379,379,389,418,418,436,174,174,206,121,121,121,141,141,141,161,161,240,240,259,71,71,88,8,8,8],"floor_reached":40,"language":"ENG","playtime":1389,"items_purged":["Strike_G","Strike_G"],"score":1186,"play_id":"b9168ae8-556d-437b-a27b-8eed37a82b5d","local_time":"20210120221540","is_ascension_mode":true,"campfire_choices":[{"floor":6,"key":"REST"},{"floor":15,"key":"REST"},{"floor":23,"key":"REST"},{"floor":29,"key":"REST"},{"floor":32,"key":"REST"}],"circlet_count":0,"master_deck":["AscendersBane","Strike_G","Defend_G","Defend_G","Defend_G","Defend_G","Defend_G","Survivor","Neutralize","Noxious Fumes","Choke","Dagger Spray","Bouncing Flask","Deflect","Poisoned Stab","Leg Sweep","Catalyst","Envenom","Infinite Blades","Backflip","Deadly Poison+1"],"relics":["Ring of the Snake","Lantern","Pen Nib","ClockworkSouvenir","Pantograph","Sling","Thread and Needle","The Courier","Snake Skull","Cursed Key","Red Mask","Ice Cream","Shuriken","Happy Flower","Runic Pyramid","OrangePellets"],"acts_visited":["Exordium","TheCity","TheBeyond"],"potions_floor_usage":[5,7,7,14,16,30,33],"damage_taken":[{"damage":0,"enemies":"Jaw Worm","floor":1,"turns":5},{"damage":0,"enemies":"Small Slimes","floor":2,"turns":3},{"damage":0,"enemies":"Cultist","floor":3,"turns":3},{"damage":12,"enemies":"Exordium Thugs","floor":5,"turns":5},{"damage":0,"enemies":"3 Sentries","floor":7,"turns":7},{"damage":9,"enemies":"Lagavulin","floor":10,"turns":7},{"damage":0,"enemies":"2 Fungi Beasts","floor":11,"turns":3},{"damage":0,"enemies":"Red Slaver","floor":13,"turns":3},{"damage":27,"enemies":"Exordium Thugs","floor":14,"turns":5},{"damage":21,"enemies":"Slime Boss","floor":16,"turns":9},{"damage":3,"enemies":"Chosen","floor":18,"turns":4},{"damage":27,"enemies":"Masked Bandits","floor":19,"turns":5},{"damage":7,"enemies":"Shell Parasite","floor":21,"turns":3},{"damage":26,"enemies":"Book of Stabbing","floor":24,"turns":5},{"damage":0,"enemies":"Cultist and Chosen","floor":28,"turns":6},{"damage":0,"enemies":"Shelled Parasite and Fungi","floor":30,"turns":1},{"damage":15,"enemies":"Snake Plant","floor":31,"turns":4},{"damage":11,"enemies":"Champ","floor":33,"turns":10},{"damage":7,"enemies":"3 Shapes","floor":35,"turns":6},{"damage":0,"enemies":"Orb Walker","floor":38,"turns":4},{"damage":62,"enemies":"Reptomancer","floor":40,"turns":5}],"seed_played":"-2339233426602238748","potions_obtained":[{"floor":2,"key":"Dexterity Potion"},{"floor":3,"key":"EssenceOfSteel"},{"floor":5,"key":"GamblersBrew"},{"floor":13,"key":"BlessingOfTheForge"},{"floor":14,"key":"PowerPotion"},{"floor":27,"key":"SmokeBomb"},{"floor":27,"key":"DuplicationPotion"},{"floor":35,"key":"LiquidBronze"}],"is_trial":false,"path_per_floor":["M","M","M","?","M","R","E","?","T","E","M","?","M","M","R","B",null,"M","?","T","M","$","R","E","?","T","?","M","R","M","M","R","B",null,"M","$","?","M","$","E"],"character_chosen":"THE_SILENT","items_purchased":["Noxious Fumes","Lantern","Pen Nib","ClockworkSouvenir","Pantograph","Sling","Choke","Ice Cream","OrangePellets"],"campfire_rested":5,"item_purchase_floors":[0,0,0,0,0,0,0,22,36],"current_hp_per_floor":[21,21,21,37,25,44,44,44,44,35,35,35,35,8,27,31,57,54,27,27,20,20,39,13,13,13,13,13,32,32,17,36,50,62,55,55,55,55,55,0,0],"gold":8,"neow_bonus":"","is_daily":false,"chose_seed":false,"campfire_upgraded":0,"win_rate":0.0,"timestamp":1611173740,"path_taken":["M","M","M","?","M","R","E","?","T","E","M","?","M","M","R","BOSS","M","?","?","M","$","R","E","?","T","?","M","R","M","M","R","BOSS","M","$","?","M","?","E"],"items_purchased_type":["Card","Relic","Relic","Relic","Relic","Relic","Card","Relic","Relic"],"build_version":"2020-12-22","purchased_purges":2,"victory":false,"max_hp_per_floor":[66,66,66,66,66,66,66,66,66,66,66,66,66,66,66,66,66,66,66,66,66,66,66,66,66,66,66,66,66,66,66,66,66,66,66,66,66,66,66,66,66],"relic_stats":{"OrangePellets":[0],"Happy Flower":[35],"counters":[230,1231],"Shuriken":[12],"Pantograph":50,"Pen Nib":[16],"Snake Skull":[181],"Cursed Key":0,"obtain_stats":[{"TwistedFunnel":0,"Ice Cream":22,"Gremlin Horn":12,"CeramicFish":7,"Vajra":6,"Whetstone":13,"Ginger":17,"Bottled Tornado":13,"Boot":20,"Sling":0,"Blood Vial":20,"Strawberry":7,"MealTicket":0,"Philosopher\u0027s Stone":34,"Prayer Wheel":36,"Kunai":26,"Toxic Egg 2":39,"Pear":45,"Happy Flower":26,"Blue Candle":9,"Astrolabe":17,"Velvet Choker":17,"Oddly Smooth Stone":9,"Eternal Feather":28,"Pen Nib":13,"Letter Opener":7,"War Paint":6,"Paper Crane":9,"Akabeko":4,"WarpedTongs":29,"Du-Vu Doll":12,"OrangePellets":20,"SlaversCollar":17,"Shuriken":9,"Bronze Scales":9,"Pandora\u0027s Box":17,"Molten Egg 2":42,"Nloth\u0027s Gift":19,"Regal Pillow":9,"Lantern":7,"Mango":28,"StoneCalendar":0,"Snake Skull":10,"Bag of Preparation":11,"Cursed Key":17,"Ancient Tea Set":9,"Empty Cage":34,"ClockworkSouvenir":0,"Tough Bandages":0,"Matryoshka":30,"Ninja Scroll":14,"Pantograph":4,"Gambling Chip":25,"Tiny Chest":30,"WingedGreaves":7,"Red Mask":19,"Chemical X":11,"InkBottle":17,"Ring of the Snake":0,"Runic Pyramid":34,"Potion Belt":0,"Lee\u0027s Waffle":0,"NeowsBlessing":0,"The Specimen":0,"Golden Idol":13,"Thread and Needle":13,"PreservedInsect":14,"The Courier":27,"Omamori":11,"Frozen Egg 2":7,"Odd Mushroom":11,"MawBank":7,"Medical Kit":0,"White Beast Statue":9,"Mercury Hourglass":10,"Calling Bell":17,"Peace Pipe":36,"Strange Spoon":0,"Busted Crown":34,"Ornamental Fan":28,"Bloody Idol":22,"Orrery":29,"Turnip":9,"Art of War":24,"Bag of Marbles":0,"Bottled Lightning":29,"Membership Card":37,"Toy Ornithopter":24,"FossilizedHelix":37,"TungstenRod":45},{"TwistedFunnel":20,"Ice Cream":222,"Gremlin Horn":17,"CeramicFish":163,"Vajra":142,"Whetstone":41,"Ginger":124,"Bottled Tornado":166,"Boot":8,"Sling":13,"Blood Vial":112,"Strawberry":120,"MealTicket":13,"Philosopher\u0027s Stone":94,"Prayer Wheel":154,"Kunai":149,"Toxic Egg 2":66,"Pear":100,"Happy Flower":9,"Blue Candle":15,"Astrolabe":43,"Velvet Choker":6,"Oddly Smooth Stone":55,"Eternal Feather":47,"Pen Nib":77,"Letter Opener":24,"War Paint":15,"Paper Crane":107,"Akabeko":22,"WarpedTongs":10,"Du-Vu Doll":33,"OrangePellets":126,"SlaversCollar":182,"Shuriken":32,"Bronze Scales":25,"Pandora\u0027s Box":58,"Molten Egg 2":67,"Nloth\u0027s Gift":59,"Regal Pillow":39,"Lantern":55,"Mango":10,"StoneCalendar":50,"Snake Skull":108,"Bag of Preparation":5,"Cursed Key":88,"Ancient Tea Set":142,"Empty Cage":201,"ClockworkSouvenir":116,"Tough Bandages":138,"Matryoshka":92,"Ninja Scroll":19,"Pantograph":177,"Gambling Chip":198,"Tiny Chest":11,"WingedGreaves":4,"Red Mask":221,"Chemical X":56,"InkBottle":124,"Ring of the Snake":0,"Runic Pyramid":64,"Potion Belt":159,"Lee\u0027s Waffle":50,"NeowsBlessing":0,"The Specimen":102,"Golden Idol":5,"Thread and Needle":122,"PreservedInsect":87,"The Courier":129,"Omamori":32,"Frozen Egg 2":106,"Odd Mushroom":165,"MawBank":38,"Medical Kit":102,"White Beast Statue":85,"Mercury Hourglass":85,"Calling Bell":124,"Peace Pipe":133,"Strange Spoon":102,"Busted Crown":152,"Ornamental Fan":150,"Bloody Idol":8,"Orrery":62,"Turnip":4,"Art of War":128,"Bag of Marbles":138,"Bottled Lightning":48,"Membership Card":133,"Toy Ornithopter":9,"FossilizedHelix":155,"TungstenRod":157},{"TwistedFunnel":130,"Ice Cream":1190,"Gremlin Horn":111,"CeramicFish":853,"Vajra":761,"Whetstone":225,"Ginger":650,"Bottled Tornado":869,"Boot":40,"Sling":86,"Blood Vial":588,"Strawberry":629,"MealTicket":86,"Philosopher\u0027s Stone":494,"Prayer Wheel":813,"Kunai":796,"Toxic Egg 2":368,"Pear":533,"Happy Flower":47,"Blue Candle":97,"Astrolabe":239,"Velvet Choker":28,"Oddly Smooth Stone":307,"Eternal Feather":267,"Pen Nib":405,"Letter Opener":149,"War Paint":97,"Paper Crane":559,"Akabeko":142,"WarpedTongs":53,"Du-Vu Doll":204,"OrangePellets":662,"SlaversCollar":969,"Shuriken":199,"Bronze Scales":153,"Pandora\u0027s Box":325,"Molten Egg 2":374,"Nloth\u0027s Gift":328,"Regal Pillow":220,"Lantern":307,"Mango":53,"StoneCalendar":284,"Snake Skull":565,"Bag of Preparation":18,"Cursed Key":455,"Ancient Tea Set":761,"Empty Cage":1081,"ClockworkSouvenir":613,"Tough Bandages":749,"Matryoshka":475,"Ninja Scroll":121,"Pantograph":941,"Gambling Chip":1052,"Tiny Chest":62,"WingedGreaves":11,"Red Mask":1187,"Chemical X":310,"InkBottle":650,"Ring of the Snake":0,"Runic Pyramid":361,"Potion Belt":836,"Lee\u0027s Waffle":284,"NeowsBlessing":0,"The Specimen":541,"Golden Idol":18,"Thread and Needle":637,"PreservedInsect":448,"The Courier":680,"Omamori":199,"Frozen Egg 2":554,"Odd Mushroom":861,"MawBank":218,"Medical Kit":541,"White Beast Statue":438,"Mercury Hourglass":438,"Calling Bell":650,"Peace Pipe":711,"Strange Spoon":541,"Busted Crown":808,"Ornamental Fan":799,"Bloody Idol":40,"Orrery":343,"Turnip":11,"Art of War":676,"Bag of Marbles":749,"Bottled Lightning":273,"Membership Card":711,"Toy Ornithopter":47,"FossilizedHelix":818,"TungstenRod":826}],"Ring of the Snake":[324]},"card_choices":[{"not_picked":["Dodge and Roll","Flying Knee"],"picked":"Dagger Spray","floor":1},{"not_picked":["Poisoned Stab","Noxious Fumes"],"picked":"Bouncing Flask","floor":2},{"not_picked":["Outmaneuver","Predator"],"picked":"Deflect","floor":3},{"not_picked":["Noxious Fumes","Slice"],"picked":"Poisoned Stab","floor":5},{"not_picked":["Tools of the Trade","Acrobatics","Dagger Spray"],"picked":"SKIP","floor":7},{"not_picked":["Tactician","Underhanded Strike"],"picked":"Leg Sweep","floor":10},{"not_picked":["Endless Agony","Blade Dance","Noxious Fumes"],"picked":"SKIP","floor":11},{"not_picked":["Sucker Punch","Dagger Spray"],"picked":"Catalyst","floor":13},{"not_picked":["Dagger Spray","Riddle With Holes","Slice"],"picked":"SKIP","floor":14},{"not_picked":["After Image","Night Terror"],"picked":"Envenom","floor":16},{"not_picked":["Underhanded Strike","Masterful Stab"],"picked":"Infinite Blades","floor":18},{"not_picked":["Predator","Deflect"],"picked":"Backflip","floor":19},{"not_picked":["Dodge and Roll","Blade Dance","Underhanded Strike"],"picked":"SKIP","floor":21},{"not_picked":["All Out Attack+1","Caltrops","Flechettes"],"picked":"SKIP","floor":24},{"not_picked":["Dagger Spray","Blade Dance","Sucker Punch"],"picked":"SKIP","floor":28},{"not_picked":["Expertise","Slice"],"picked":"Deadly Poison+1","floor":31},{"not_picked":["Terror+1","Sucker Punch","Deadly Poison+1"],"picked":"SKIP","floor":35},{"not_picked":["Outmaneuver+1","Acrobatics","Quick Slash"],"picked":"SKIP","floor":38}],"player_experience":808841,"relics_obtained":[{"floor":7,"key":"Thread and Needle"},{"floor":9,"key":"The Courier"},{"floor":10,"key":"Snake Skull"},{"floor":19,"key":"Red Mask"},{"floor":24,"key":"Shuriken"}],"event_choices":[{"damage_healed":16,"gold_gain":0,"player_choice":"Healed","damage_taken":0,"max_hp_gain":0,"max_hp_loss":0,"event_name":"The Cleric","floor":4,"gold_loss":35},{"damage_healed":0,"gold_gain":0,"player_choice":"Ignored","damage_taken":0,"max_hp_gain":0,"max_hp_loss":0,"event_name":"Shining Light","floor":8,"gold_loss":0},{"cards_removed":["Strike_G"],"damage_healed":0,"gold_gain":0,"player_choice":"Purged","damage_taken":0,"max_hp_gain":0,"max_hp_loss":0,"event_name":"Purifier","floor":12,"gold_loss":0},{"damage_healed":0,"gold_gain":0,"player_choice":"Fought Bandits","damage_taken":0,"max_hp_gain":0,"max_hp_loss":0,"event_name":"Masked Bandits","floor":19,"gold_loss":0},{"damage_healed":0,"gold_gain":0,"player_choice":"Obtained Relic","damage_taken":0,"relics_obtained":["Happy Flower"],"max_hp_gain":0,"max_hp_loss":0,"event_name":"Addict","floor":25,"gold_loss":85},{"damage_healed":0,"gold_gain":0,"player_choice":"Got Potions","damage_taken":0,"max_hp_gain":0,"max_hp_loss":0,"event_name":"Lab","floor":27,"gold_loss":0},{"cards_removed":["Strike_G"],"damage_healed":0,"gold_gain":0,"player_choice":"Purged","damage_taken":0,"max_hp_gain":0,"max_hp_loss":0,"event_name":"Purifier","floor":37,"gold_loss":0}],"is_beta":false,"boss_relics":[{"not_picked":["Tiny House","Runic Dome"],"picked":"Cursed Key"},{"not_picked":["Sozu","SlaversCollar"],"picked":"Runic Pyramid"}],"items_purged_floors":[36,39],"is_endless":false,"potions_floor_spawned":[2,3,5,13,14,28,30,35],"killed_by":"Reptomancer","ascension_level":20}}