{"host":"u9xtr94typ21duox","time":1611118891,"event":{"mods":["BaseMod","Key Reminder","KinomotoSakuraMod(ƒæ÷Æ±æ”£)","LagranYue(¿≠∏Ò¿ °§‘¬)","Marisa£®ÏF”Í°°ƒß¿Ì…≥£©","Minty Spire (QoL Compilation)","Reimu£®≤©¿ˆ¡È√Œ£©","Replay The Spire","StSLib","Td1madao Mod","The Administrix","The Bladedancer","The Bug Knight","The Construct","The Cursed","The Gatherer","The Runesmith","The Servant 0.9.4","WarShipGirlsR/’ΩΩ¢…Ÿ≈ÆR mod","Youmu£®ªÍ∆«—˝√Œ£©","vexMod"],"gold_per_floor":[98,95,20,34,47,58,33,33,60,89,89,119,129,147,147,243,343,362,374,388,402,327,327,346,346,346,346,376,376,302,330,330,330,330],"floor_reached":33,"language":"ZHS","playtime":946,"items_purged":["Poor:ReiMu"],"score":344,"play_id":"99d83682-cb20-4032-a45b-175fd5f057a2","local_time":"20210120130131","is_ascension_mode":true,"campfire_choices":[{"data":"ReplayTheSpireMod:Limb From Limb","floor":8,"key":"SMITH"},{"data":"ReplayTheSpireMod:LeadingStrike","floor":11,"key":"SMITH"},{"data":"ReplayTheSpireMod:Limb From Limb","floor":15,"key":"SMITH"},{"data":"Limit Break","floor":23,"key":"SMITH"},{"data":"Bash","floor":25,"key":"SMITH"},{"floor":27,"key":"REST"},{"data":"ReplayTheSpireMod:Muscle Training","floor":32,"key":"SMITH"}],"circlet_count":0,"master_deck":["Strike_R","Strike_R","Strike_R","Strike_R","Defend_R","Defend_R","Defend_R","Defend_R","Bash+1","Dropkick","Thunderclap","ReplayTheSpireMod:Limb From Limb+1","Thunderclap","ReplayTheSpireMod:LeadingStrike+1","ReplayTheSpireMod:Limb From Limb+1","Limit Break+1","Seeing Red+1","Battle Trance+1","ReplayTheSpireMod:Muscle Training+1","Warcry+1"],"relics":["Burning Blood","LagranYue:RandomDrawCardRelic","vexMod:RetaliationKit","keyreminder:keyreminder","HollowMod:PaleOreRelic","Nunchaku","Replay:Wanted Poster","Vajra","Prayer Wheel","RuthlessExorcism:ReiMu"],"acts_visited":["Exordium","TheCity"],"potions_floor_usage":[12,20,31,33,33],"damage_taken":[{"damage":5,"enemies":"2 Louse","floor":1,"turns":3},{"damage":9,"enemies":"Jaw Worm","floor":2,"turns":4},{"damage":0,"enemies":"Small Slimes","floor":4,"turns":3},{"damage":15,"enemies":"2 Fungi Beasts","floor":5,"turns":3},{"damage":17,"enemies":"Red Slaver","floor":6,"turns":5},{"damage":13,"enemies":"Gremlin Nob","floor":10,"turns":3},{"damage":13,"enemies":"Lagavulin","floor":12,"turns":7},{"damage":0,"enemies":"Lots of Slimes","floor":13,"turns":2},{"damage":8,"enemies":"Blue Slaver","floor":14,"turns":2},{"damage":38,"enemies":"The Guardian","floor":16,"turns":6},{"damage":2,"enemies":"Chosen","floor":18,"turns":3},{"damage":8,"enemies":"3 Byrds","floor":19,"turns":4},{"damage":27,"enemies":"Snake Plant","floor":20,"turns":4},{"damage":35,"enemies":"3 Cultists","floor":21,"turns":6},{"damage":5,"enemies":"Snecko","floor":24,"turns":3},{"damage":13,"enemies":"HollowMod:Nosk","floor":28,"turns":3},{"damage":14,"enemies":"Replay:Snechameleon","floor":31,"turns":2},{"damage":40,"enemies":"Champ","floor":33,"turns":3}],"seed_played":"-893635458976671706","potions_obtained":[{"floor":1,"key":"Weak Potion"},{"floor":5,"key":"Block Potion"},{"floor":13,"key":"Elixir"},{"floor":14,"key":"GamblersBrew"},{"floor":20,"key":"Swift Potion"},{"floor":31,"key":"SkillPotion"}],"is_trial":false,"path_per_floor":["M","M","$","M","M","M","?","R","T","E","R","E","M","M","R","B",null,"M","M","M","M","?","R","M","R","T","R","E","?","$","E","R","B"],"character_chosen":"IRONCLAD","items_purchased":["ReplayTheSpireMod:Muscle Training"],"campfire_rested":1,"item_purchase_floors":[30],"current_hp_per_floor":[80,77,77,80,71,60,60,60,60,53,53,46,52,50,50,18,80,80,78,57,28,28,28,29,29,29,53,46,46,46,38,38,0,0],"gold":330,"neow_bonus":"ONE_RARE_RELIC","is_daily":false,"chose_seed":false,"campfire_upgraded":6,"win_rate":0.0,"timestamp":1611118891,"path_taken":["M","M","$","M","M","M","?","R","T","E","R","E","M","M","R","BOSS","M","M","M","M","?","R","M","R","T","R","E","?","$","E","R","BOSS"],"items_purchased_type":["Card"],"build_version":"2020-12-22","purchased_purges":1,"victory":false,"max_hp_per_floor":[80,80,80,80,80,80,80,80,80,80,80,80,80,80,80,80,80,80,80,80,80,80,80,80,80,80,80,80,80,80,80,80,80,80],"card_choices":[{"not_picked":["Dual Wield","Power Through"],"picked":"Dropkick","floor":1},{"not_picked":["Evolve","Flex"],"picked":"Thunderclap","floor":2},{"not_picked":["Warcry","Havoc","Anger"],"picked":"SKIP","floor":4},{"not_picked":["Iron Wave","Cleave"],"picked":"ReplayTheSpireMod:Limb From Limb","floor":5},{"not_picked":["Perfected Strike","Carnage"],"picked":"Thunderclap","floor":6},{"not_picked":["Hemogenesis","ReplayTheSpireMod:Limb From Limb"],"picked":"ReplayTheSpireMod:LeadingStrike","floor":10},{"not_picked":["Evolve","Infernal Blade","Sword Boomerang"],"picked":"SKIP","floor":12},{"not_picked":["Headbutt","Abandon"],"picked":"ReplayTheSpireMod:Limb From Limb","floor":13},{"not_picked":["Havoc","Thunderclap","Metallicize"],"picked":"SKIP","floor":14},{"not_picked":["Berserk","Eclipse"],"picked":"Limit Break","floor":16},{"not_picked":["Body Slam","Anger"],"picked":"Seeing Red+1","floor":18},{"not_picked":["Twin Strike","Warcry","Anger"],"picked":"SKIP","floor":19},{"not_picked":["Ghostly Armor+1","Flame Barrier+1","Body Slam"],"picked":"SKIP","floor":20},{"not_picked":["Body Slam","Uppercut+1","Ghostly Armor"],"picked":"SKIP","floor":21},{"not_picked":["Burning Pact","ReplayTheSpireMod:Strike From Hell"],"picked":"Battle Trance+1","floor":24},{"not_picked":["ReplayTheSpireMod:Stacked+1","Body Slam+1","Battle Trance"],"picked":"SKIP","floor":28},{"not_picked":["Run Through","Iron Wave"],"picked":"Warcry+1","floor":31}],"player_experience":318598,"relics_obtained":[{"floor":10,"key":"HollowMod:PaleOreRelic"},{"floor":12,"key":"Nunchaku"},{"floor":26,"key":"Vajra"},{"floor":28,"key":"Prayer Wheel"},{"floor":31,"key":"RuthlessExorcism:ReiMu"}],"event_choices":[{"cards_removed":["Strike_R"],"damage_healed":0,"gold_gain":0,"player_choice":"Gave Gold","damage_taken":0,"max_hp_gain":0,"max_hp_loss":0,"event_name":"Beggar","floor":22,"gold_loss":75}],"is_beta":false,"boss_relics":[{"not_picked":["Snecko Eye","Replay:Drink Me"],"picked":"Replay:Wanted Poster"}],"items_purged_floors":[3],"is_endless":false,"potions_floor_spawned":[1,5,13,14,20,28,31],"killed_by":"Champ","ascension_level":3}}