{"host":"g8zw5beq5mqt80bj","time":1611133403,"event":{"mods":["2.2 Compatiblity","AchievementEnabler","BaseMod","Colored Map","Colored Powertips","DeckTracker","Highlight Path","Minty Spire (QoL Compilation)","Quick Restart","Random Character Button","Rare Cards Sparkle"],"gold_per_floor":[113,10,185,204,204,232,250,265,290,309,309,309,335,350,350,350,350],"floor_reached":16,"language":"POL","playtime":697,"items_purged":[],"score":112,"play_id":"c1be1281-c82e-448c-84f4-b28268c0edbd","local_time":"20210120100323","is_ascension_mode":false,"campfire_choices":[{"floor":11,"key":"REST"},{"floor":15,"key":"REST"}],"circlet_count":0,"master_deck":["Strike_R","Strike_R","Strike_R","Strike_R","Strike_R","Defend_R","Defend_R","Defend_R","Defend_R","Bash+1","Iron Wave","Flame Barrier","Thunderclap","Doubt","Spot Weakness","Iron Wave","Infernal Blade","Rampage","Headbutt+1","Inflame","Dropkick"],"relics":["Burning Blood","Shovel","Pen Nib","Juzu Bracelet","Lantern"],"acts_visited":["Exordium"],"potions_floor_usage":[13,13,16],"damage_taken":[{"damage":1.0,"enemies":"2 Louse","floor":1.0,"turns":3.0},{"damage":3,"enemies":"Jaw Worm","floor":4,"turns":4},{"damage":38,"enemies":"Gremlin Nob","floor":6,"turns":5},{"damage":2,"enemies":"Small Slimes","floor":7,"turns":4},{"damage":2,"enemies":"2 Fungi Beasts","floor":8,"turns":3},{"damage":12,"enemies":"Blue Slaver","floor":10,"turns":2},{"damage":19,"enemies":"Lagavulin","floor":13,"turns":4},{"damage":3,"enemies":"3 Louse","floor":14,"turns":2},{"damage":68,"enemies":"The Guardian","floor":16,"turns":7}],"seed_played":"-4465009643043023932","potions_obtained":[{"floor":6,"key":"SkillPotion"},{"floor":7,"key":"PowerPotion"},{"floor":13,"key":"EntropicBrew"}],"is_trial":false,"path_per_floor":["M","$","?","M","?","E","M","M","T","M","R","?","E","M","R","B"],"character_chosen":"IRONCLAD","items_purchased":["Flame Barrier","Thunderclap"],"campfire_rested":2,"item_purchase_floors":[2,2],"current_hp_per_floor":[72,72,72,72,77,45,49,53,53,47,70,55,42,45,68,0,0],"gold":350,"neow_bonus":"ONE_RARE_RELIC","is_daily":false,"chose_seed":false,"campfire_upgraded":0,"win_rate":0.0,"timestamp":1611133403,"path_taken":["M","$","?","M","?","E","M","M","T","M","R","?","E","M","R","BOSS"],"items_purchased_type":["Card","Card"],"build_version":"2020-12-22","purchased_purges":0,"victory":false,"max_hp_per_floor":[72,72,72,72,77,77,77,77,77,77,77,77,77,77,77,77,77],"card_choices":[{"not_picked":["Warcry","Thunderclap"],"picked":"Iron Wave","floor":1.0},{"not_picked":["Headbutt","Clash"],"picked":"Spot Weakness","floor":4},{"not_picked":["Berserk","Body Slam"],"picked":"Iron Wave","floor":6},{"not_picked":["Rupture","Perfected Strike"],"picked":"Infernal Blade","floor":7},{"not_picked":["Havoc","Dark Embrace"],"picked":"Rampage","floor":8},{"not_picked":["True Grit","Feel No Pain"],"picked":"Headbutt","floor":10},{"not_picked":["Sword Boomerang","Brutality"],"picked":"Inflame","floor":13},{"not_picked":["Havoc","Fire Breathing"],"picked":"Dropkick","floor":14}],"player_experience":109456,"relics_obtained":[{"floor":6,"key":"Pen Nib"},{"floor":9,"key":"Juzu Bracelet"},{"floor":13,"key":"Lantern"}],"event_choices":[{"damage_healed":0.0,"max_hp_gain":0.0,"max_hp_loss":0.0,"gold_gain":175.0,"event_name":"Liars Game","player_choice":"AGREE","floor":3.0,"gold_loss":0.0,"damage_taken":0.0,"cards_obtained":["Doubt"]},{"damage_healed":0,"gold_gain":0,"player_choice":"Donut","damage_taken":0,"max_hp_gain":5,"max_hp_loss":0,"event_name":"Big Fish","floor":5,"gold_loss":0},{"damage_healed":0,"gold_gain":0,"player_choice":"Entered Light","damage_taken":15,"max_hp_gain":0,"max_hp_loss":0,"event_name":"Shining Light","floor":12,"gold_loss":0,"cards_upgraded":["Headbutt","Bash"]}],"is_beta":false,"boss_relics":[],"items_purged_floors":[],"is_endless":false,"potions_floor_spawned":[6,7,13],"killed_by":"The Guardian","ascension_level":0}}