{"host":"78gzzqthv4qrbzd5","time":1611117131,"event":{"mods":["BaseMod","Hermit","Jorbs\u0027s Wanderer Trilogy","Marisa????????","Minty Spire (QoL Compilation)","StSLib","The Bug Knight","The Cursed","The Hierophant","The Jungle","The Senshi","The Witch"],"gold_per_floor":[109,122,136,156,171,201,201,216,243,262,72,72,101,101,101,101,101],"floor_reached":16,"language":"ENG","playtime":832,"items_purged":[],"score":164,"play_id":"501a978c-39db-48fe-b5f2-6d1f1a64b9db","local_time":"20210119233211","daily_mods":["Vintage"],"is_ascension_mode":false,"campfire_choices":[{"floor":7,"key":"REST"},{"data":"TheCursedMod:CursedWand","floor":15,"key":"SMITH"}],"circlet_count":0,"master_deck":["TheCursedMod:Strike_TheCursed","TheCursedMod:Strike_TheCursed","TheCursedMod:Strike_TheCursed","TheCursedMod:Defend_TheCursed","TheCursedMod:Defend_TheCursed","TheCursedMod:Defend_TheCursed","TheCursedMod:Defend_TheCursed","TheCursedMod:CursedWand+1","TheCursedMod:CleanUpWorkshop","TheCursedMod:Dregs","TheCursedMod:ManaBullet","TheCursedMod:ReleasedStrength","TheCursedMod:CursedArmor","Enlightenment"],"relics":["TheCursedMod:BlackMagic101","Singing Bowl","FossilizedHelix","TheCursedMod:Tack","Blood Vial","Ginger","Bag of Preparation","Akabeko","PreservedInsect","MealTicket","Membership Card","Ancient Tea Set"],"acts_visited":["Exordium"],"potions_floor_usage":[16,16],"damage_taken":[{"damage":1,"enemies":"Small Slimes","floor":1,"turns":4},{"damage":2,"enemies":"2 Louse","floor":2,"turns":3},{"damage":4,"enemies":"Cultist","floor":3,"turns":5},{"damage":0,"enemies":"Looter","floor":4,"turns":4},{"damage":12,"enemies":"Exordium Thugs","floor":5,"turns":8},{"damage":17,"enemies":"Gremlin Nob","floor":6,"turns":5},{"damage":0,"enemies":"Blue Slaver","floor":8,"turns":3},{"damage":11,"enemies":"Exordium Wildlife","floor":10,"turns":6},{"damage":8,"enemies":"Lagavulin","floor":13,"turns":5},{"damage":62,"enemies":"Hexaghost","floor":16,"turns":14}],"seed_played":"-926671078356362718","potions_obtained":[{"floor":1,"key":"SmokeBomb"},{"floor":6,"key":"FearPotion"},{"floor":10,"key":"Energy Potion"},{"floor":13,"key":"Weak Potion"}],"is_trial":true,"path_per_floor":["M","M","M","M","M","E","R","M","T","M","$","?","E","?","R","B"],"character_chosen":"THE_CURSED","items_purchased":["Membership Card","TheCursedMod:ReleasedStrength"],"campfire_rested":1,"item_purchase_floors":[11,11],"current_hp_per_floor":[74,72,68,68,58,43,65,67,67,58,73,66,60,60,60,0,0],"gold":101,"neow_bonus":"","is_daily":false,"chose_seed":false,"campfire_upgraded":1,"win_rate":0.0,"timestamp":1611117131,"path_taken":["M","M","M","M","M","E","R","M","T","M","$","?","E","?","R","BOSS"],"items_purchased_type":["Relic","Card"],"build_version":"2020-12-22","purchased_purges":0,"victory":false,"max_hp_per_floor":[75,75,75,75,75,75,75,75,75,75,75,75,75,75,75,75,75],"card_choices":[{"not_picked":["TheCursedMod:Evocation","TheCursedMod:VitalStrike"],"picked":"TheCursedMod:ManaBullet","floor":6},{"not_picked":["TheCursedMod:CursedBlade","TheCursedMod:Stretching"],"picked":"TheCursedMod:CursedArmor","floor":13}],"player_experience":159434,"relics_obtained":[{"floor":1,"key":"Singing Bowl"},{"floor":2,"key":"FossilizedHelix"},{"floor":3,"key":"TheCursedMod:Tack"},{"floor":4,"key":"Blood Vial"},{"floor":5,"key":"Ginger"},{"floor":6,"key":"Bag of Preparation"},{"floor":8,"key":"Akabeko"},{"floor":9,"key":"PreservedInsect"},{"floor":10,"key":"MealTicket"},{"floor":13,"key":"Ancient Tea Set"}],"event_choices":[{"cards_removed":["TheCursedMod:Strike_TheCursed"],"damage_healed":0,"gold_gain":0,"player_choice":"Card Removal","damage_taken":7,"max_hp_gain":0,"max_hp_loss":0,"event_name":"Golden Wing","floor":12,"gold_loss":0},{"damage_healed":0,"gold_gain":0,"player_choice":"1 cards matched","damage_taken":0,"max_hp_gain":0,"max_hp_loss":0,"event_name":"Match and Keep!","floor":14,"gold_loss":0,"cards_obtained":["Enlightenment"]}],"is_beta":false,"boss_relics":[],"items_purged_floors":[],"is_endless":true,"potions_floor_spawned":[1,6,10,13],"killed_by":"Hexaghost","ascension_level":0}}