{"host":"a7ive3y9k7sy3f3w","time":1611168868,"event":{"mods":["2.2 Compatiblity","AchievementEnabler","BaseMod","Colored Map","DeckTracker","Highlight Path","Minty Spire (QoL Compilation)","Random Character Button","Rare Cards Sparkle"],"gold_per_floor":[116,167,186,186,186,197,197,208,508,523,539,564,579,590,590,694,694,664,664,664,325,325,18,18,18,18,34,46,90,108,125,125,228,228,242,6,6,22,22,22],"floor_reached":39,"language":"POL","playtime":3076,"items_purged":[],"score":396,"play_id":"cb295ed6-fd44-4f6e-8853-63276991ec2b","local_time":"20210120195428","daily_mods":["SealedDeck","Allstar","Heirloom"],"is_ascension_mode":true,"campfire_choices":[{"data":"Whirlwind","floor":7.0,"key":"SMITH"},{"data":"Metallicize","floor":15.0,"key":"SMITH"},{"data":"Transmutation","floor":24,"key":"SMITH"},{"floor":32,"key":"REST"}],"circlet_count":0,"master_deck":["Heavy Blade","True Grit","Armaments","Sentinel","Anger","Whirlwind+1","Fire Breathing","Cleave","Cleave","Sword Boomerang","Ghostly Armor","Anger","Headbutt","Armaments","Metallicize+1","Body Slam","Fiend Fire","Uppercut","Transmutation+1","Iron Wave","Twin Strike+1","Armaments","Power Through","Havoc+1","Juggernaut","Mind Blast","Ball Lightning+1"],"relics":["Burning Blood","Lizard Tail","Meat on the Bone","Old Coin","Regal Pillow","SlaversCollar","Nunchaku","Shuriken","Sundial","Mark of Pain","PrismaticShard"],"acts_visited":["Exordium","TheCity","TheBeyond"],"potions_floor_usage":[30,31,33],"damage_taken":[{"damage":0.0,"enemies":"2 Louse","floor":1.0,"turns":2.0},{"damage":0.0,"enemies":"Jaw Worm","floor":3.0,"turns":3.0},{"damage":0.0,"enemies":"Cultist","floor":6.0,"turns":3.0},{"damage":2.0,"enemies":"3 Louse","floor":8.0,"turns":2.0},{"damage":0.0,"enemies":"Looter","floor":10.0,"turns":2.0},{"damage":10.0,"enemies":"Exordium Thugs","floor":11.0,"turns":3.0},{"damage":0.0,"enemies":"Large Slime","floor":13.0,"turns":4.0},{"damage":0.0,"enemies":"Exordium Wildlife","floor":14.0,"turns":2.0},{"damage":37.0,"enemies":"The Guardian","floor":16.0,"turns":10.0},{"damage":24,"enemies":"2 Thieves","floor":18,"turns":5},{"damage":14,"enemies":"Chosen","floor":27,"turns":5},{"damage":21,"enemies":"Shelled Parasite and Fungi","floor":28,"turns":6},{"damage":18,"enemies":"Centurion and Healer","floor":29,"turns":7},{"damage":13,"enemies":"Cultist and Chosen","floor":30,"turns":6},{"damage":13,"enemies":"Shelled Parasite and Fungi","floor":31,"turns":8},{"damage":88,"enemies":"Automaton","floor":33,"turns":9},{"damage":0,"enemies":"3 Shapes","floor":35,"turns":1},{"damage":57,"enemies":"3 Darklings","floor":38,"turns":5},{"damage":51,"enemies":"Jaw Worm Horde","floor":39,"turns":4}],"seed_played":"1234341845011530009","potions_obtained":[{"floor":8.0,"key":"EntropicBrew"},{"floor":11.0,"key":"EssenceOfSteel"},{"floor":30,"key":"Block Potion"},{"floor":31,"key":"Ancient Potion"},{"floor":35,"key":"SpeedPotion"}],"is_trial":true,"path_per_floor":["M","?","M","T","?","M","R","M","T","M","M","T","M","M","R","B",null,"M","?","?","$","?","$","R","?","T","M","M","M","M","M","R","B",null,"M","$","?","M","M"],"character_chosen":"IRONCLAD","items_purchased":["Nunchaku","Transmutation","Shuriken","Strength Potion","PrismaticShard","Mind Blast"],"campfire_rested":1,"item_purchase_floors":[21,21,23,23,36,36],"current_hp_per_floor":[80,80,80,80,80,80,80,80,80,80,76,76,80,80,80,49,80,62,62,47,47,75,75,75,75,75,67,52,52,57,50,85,60,85,85,85,85,46,0,0],"gold":22,"neow_bonus":"","is_daily":false,"chose_seed":false,"campfire_upgraded":3,"win_rate":0.0,"timestamp":1611168868,"path_taken":["M","?","M","?","?","M","R","M","T","M","?","?","M","M","R","BOSS","M","?","?","$","?","$","R","?","T","?","M","M","M","M","R","BOSS","M","$","?","M","M"],"items_purchased_type":["Relic","Card","Relic","Potion","Relic","Card"],"build_version":"2020-12-22","purchased_purges":0,"victory":false,"max_hp_per_floor":[80,80,80,80,80,80,80,80,80,80,80,80,80,80,80,80,80,80,80,85,85,85,85,85,85,85,85,85,85,85,85,85,85,85,85,85,85,85,85,85],"card_choices":[{"not_picked":["Perfected Strike","Disarm"],"picked":"Sword Boomerang","floor":1.0},{"not_picked":["Anger","Disarm"],"picked":"Ghostly Armor","floor":3.0},{"not_picked":["Perfected Strike","Cleave"],"picked":"Anger","floor":6.0},{"not_picked":["Sword Boomerang","Warcry"],"picked":"Headbutt","floor":8.0},{"not_picked":["Havoc","True Grit"],"picked":"Heavy Blade","floor":10.0},{"not_picked":["Pommel Strike","Anger"],"picked":"Armaments","floor":11.0},{"not_picked":["Barricade","Shrug It Off"],"picked":"Metallicize","floor":13.0},{"not_picked":["Havoc","Perfected Strike"],"picked":"Body Slam","floor":14.0},{"not_picked":["Feed","Juggernaut"],"picked":"Fiend Fire","floor":16.0},{"not_picked":["Headbutt","Entrench"],"picked":"Uppercut","floor":18},{"not_picked":["Twin Strike","Pommel Strike"],"picked":"Iron Wave","floor":27},{"not_picked":["Pommel Strike","Rupture"],"picked":"Twin Strike+1","floor":28},{"not_picked":["Cleave","Heavy Blade+1"],"picked":"Armaments","floor":29},{"not_picked":["Armaments","Flex"],"picked":"Power Through","floor":30},{"not_picked":["Brutality","Pommel Strike"],"picked":"Havoc+1","floor":31},{"not_picked":["Berserk","Double Tap"],"picked":"Juggernaut","floor":33},{"not_picked":["Havoc","Shockwave","Feel No Pain"],"picked":"SKIP","floor":35},{"not_picked":["Iron Wave","Redo+1"],"picked":"Ball Lightning+1","floor":38}],"player_experience":48794,"relics_obtained":[{"floor":4.0,"key":"Meat on the Bone"},{"floor":9.0,"key":"Old Coin"},{"floor":12.0,"key":"Regal Pillow"},{"floor":26,"key":"Sundial"}],"event_choices":[{"damage_healed":0.0,"max_hp_gain":0.0,"max_hp_loss":0.0,"gold_gain":51.0,"event_name":"Golden Wing","player_choice":"Gained Gold","floor":2.0,"gold_loss":0.0,"damage_taken":0.0},{"damage_healed":0.0,"max_hp_gain":0.0,"max_hp_loss":0.0,"gold_gain":0.0,"event_name":"The Cleric","player_choice":"Leave","floor":5.0,"gold_loss":0.0,"damage_taken":0.0},{"damage_healed":0,"gold_gain":0,"player_choice":"Ignored","damage_taken":0,"max_hp_gain":0,"max_hp_loss":0,"event_name":"Ghosts","floor":19,"gold_loss":0},{"damage_healed":0,"gold_gain":0,"player_choice":"Shed Blood","damage_taken":20,"max_hp_gain":5,"max_hp_loss":0,"event_name":"Forgotten Altar","floor":20,"gold_loss":0},{"damage_healed":28,"gold_gain":0,"player_choice":"Heal","damage_taken":0,"max_hp_gain":0,"max_hp_loss":0,"event_name":"The Library","floor":22,"gold_loss":0},{"cards_removed":["Heavy Blade"],"damage_healed":0,"gold_gain":0,"player_choice":"Purged","damage_taken":0,"max_hp_gain":0,"max_hp_loss":0,"event_name":"Purifier","floor":25,"gold_loss":0},{"cards_removed":["Cleave"],"damage_healed":0,"gold_gain":0,"player_choice":"Removed Attack","damage_taken":0,"max_hp_gain":0,"max_hp_loss":0,"event_name":"Falling","floor":37,"gold_loss":0}],"is_beta":false,"boss_relics":[{"not_picked":["Calling Bell","Snecko Eye"],"picked":"SlaversCollar"},{"not_picked":["SacredBark","Coffee Dripper"],"picked":"Mark of Pain"}],"items_purged_floors":[],"is_endless":false,"potions_floor_spawned":[8,11,14,30,31,35],"killed_by":"Jaw Worm Horde","ascension_level":1}}