{"host":"f6f8cjhjgha9mpdq","time":1611127750,"event":{"mods":["BaseMod","Minty Spire (QoL Compilation)","Permanent Neow","StSLib","SuperFastMode"],"gold_per_floor":[118,128,128,141,153,153,180,180,232,232,232],"floor_reached":10,"language":"KOR","playtime":335,"items_purged":[],"score":122,"play_id":"a00c17f2-f94c-4a67-9079-8ee09b51e896","local_time":"20210120162910","is_ascension_mode":true,"campfire_choices":[{"data":"Zap","floor":6,"key":"SMITH"},{"data":"Multi-Cast","floor":8,"key":"SMITH"}],"circlet_count":0,"master_deck":["AscendersBane","Strike_B","Strike_B","Strike_B","Strike_B","Defend_B","Defend_B","Defend_B","Zap+1","Dualcast","Hologram","Ball Lightning","Multi-Cast+1","Compile Driver"],"relics":["Sozu","Cables","Bag of Preparation"],"acts_visited":["Exordium"],"potions_floor_usage":[],"damage_taken":[{"damage":11,"enemies":"Small Slimes","floor":1,"turns":4},{"damage":0,"enemies":"2 Louse","floor":2,"turns":4},{"damage":6,"enemies":"Cultist","floor":4,"turns":3},{"damage":10,"enemies":"Gremlin Gang","floor":5,"turns":4},{"damage":35,"enemies":"3 Sentries","floor":7,"turns":6},{"damage":15,"enemies":"Lagavulin","floor":10,"turns":4}],"seed_played":"-616909666339569342","potions_obtained":[],"is_trial":false,"path_per_floor":["M","M","?","M","M","R","E","R","T","E"],"character_chosen":"DEFECT","items_purchased":[],"campfire_rested":0,"item_purchase_floors":[],"current_hp_per_floor":[53,53,53,47,37,37,2,2,2,0,0],"gold":232,"neow_bonus":"BOSS_RELIC","is_daily":false,"chose_seed":false,"campfire_upgraded":2,"win_rate":0.0,"timestamp":1611127750,"path_taken":["M","M","?","M","M","R","E","R","T","E"],"items_purchased_type":[],"build_version":"2020-12-22","purchased_purges":0,"victory":false,"max_hp_per_floor":[71,71,71,71,71,71,71,71,71,71,71],"card_choices":[{"not_picked":["Fusion","Barrage"],"picked":"Hologram","floor":1},{"not_picked":["Genetic Algorithm","Force Field"],"picked":"Ball Lightning","floor":2},{"not_picked":["Hologram","Consume"],"picked":"Compile Driver","floor":4},{"not_picked":["Capacitor","Static Discharge","Scrape"],"picked":"SKIP","floor":5},{"not_picked":["Gash","All For One","Conserve Battery"],"picked":"SKIP","floor":7}],"player_experience":578592,"relics_obtained":[{"floor":7,"key":"Cables"},{"floor":9,"key":"Bag of Preparation"}],"event_choices":[{"damage_healed":0,"gold_gain":0,"cards_transformed":["Defend_B"],"player_choice":"Change","damage_taken":0,"max_hp_gain":0,"max_hp_loss":0,"event_name":"Living Wall","floor":3,"gold_loss":0,"cards_obtained":["Multi-Cast"]}],"is_beta":false,"boss_relics":[],"items_purged_floors":[],"is_endless":false,"potions_floor_spawned":[1,7],"killed_by":"Lagavulin","ascension_level":16}}