{"host":"g1wmg2w41xhsnw8g","time":1611107231,"event":{"mods":["2.2 Compatiblity","Act Like it!","BaseMod","Better Altar","Better Match","Better Note","Better Sensory Stone","Better Skull","Better Third Choice","BetterRewards","Booster Modes","CapriCore","Colored Map","Colored Powertips","Defuse TimeMaze Blight","Displayed Cursed Tome","Evolution","Fox Events","Friendly Minions","GifTheSpireLib","Good Game Mod","Googly Eyes","Infinite Spire","Minty Spire (QoL Compilation)","Red Circlet Mod","Relic Sorter","SCP261 Mod","Shop Mod","Spicy Shops","StSLib","The Marked","The Poker Player","The Sage","Transform Curses","Wandering Minibosses","????"],"gold_per_floor":[118,131,131,85,85,117,132,132,132,148,173,183,193,213,32,130,130,96,121,130,144,162,162,162],"floor_reached":23,"language":"ENG","playtime":1463,"items_purged":["Regret"],"score":312,"play_id":"d0b70438-d3a3-4bed-9b4a-7d34549a9d05","local_time":"20210119204711","is_ascension_mode":true,"campfire_choices":[{"data":"theMarked:Improvise","floor":8,"key":"SMITH"}],"circlet_count":0,"master_deck":["theMarked:SwordAndMagic","theMarked:Parkour","theMarked:WastefulAttack+1","theMarked:ChainLightning+1","theMarked:ElectricStrings","theMarked:WardOff+1","theMarked:HeightenedSenses+1","theMarked:WastefulDefense","theMarked:RepellingDischarge","theMarked:SoldierOfQuellstein","theMarked:Generate","theMarked:WardOff","infinitespire:TheBestDefense","Meteor Strike","theMarked:Improvise+1","theMarked:StartUp","theMarked:Frustration","theMarked:ParalyzingBlade","theMarked:BindingBlade","CurseOfTheBell","theMarked:EmpowerWeapon+1","theMarked:SummonStrength+1"],"relics":["theMarked:ArtifactOfAir","REME:ComplimentaryCards","EVO:Axolotl","MerchantsRug","betterThird:SlimedRelic","HornCleat","Happy Flower","infinitespire:Lucky Rock","Calling Bell","CeramicFish","Singing Bowl","infinitespire:CursedDice"],"acts_visited":["Exordium","TheCity"],"potions_floor_usage":[6,10,12,13,16,23],"damage_taken":[{"damage":0,"enemies":"Small Slimes","floor":1,"turns":2},{"damage":0,"enemies":"2 Louse","floor":2,"turns":1},{"damage":15,"enemies":"Gremlin Nob","floor":6,"turns":5},{"damage":2,"enemies":"Cultist","floor":7,"turns":2},{"damage":11,"enemies":"Exordium Wildlife","floor":10,"turns":6},{"damage":2,"enemies":"Lots of Slimes","floor":12,"turns":3},{"damage":0,"enemies":"Exordium Thugs","floor":13,"turns":2},{"damage":2,"enemies":"Exordium Wildlife","floor":14,"turns":2},{"damage":11,"enemies":"Hexaghost","floor":16,"turns":8},{"damage":24,"enemies":"2 Thieves","floor":18,"turns":5},{"damage":0,"enemies":"Spheric Guardian","floor":19,"turns":3},{"damage":17,"enemies":"Centurion and Healer","floor":21,"turns":5},{"damage":42,"enemies":"3 Cultists","floor":22,"turns":7},{"damage":31,"enemies":"Nightmare","floor":23,"turns":5}],"seed_played":"-3262647981489610804","potions_obtained":[{"floor":1,"key":"SCP261:BlastolaColaPotion"},{"floor":7,"key":"Explosive Potion"},{"floor":10,"key":"PowerPotion"},{"floor":12,"key":"BlessingOfTheForge"},{"floor":14,"key":"SCP261:GirlTearsPotion"},{"floor":22,"key":"LiquidMemories"}],"is_trial":false,"path_per_floor":["M","M","?","?","?","E","M","R","T","M","T","M","M","M","R","B",null,"M","M","?","M","M","NM"],"character_chosen":"THE_DEFAULT","items_purchased":["MerchantsRug","War Paint","theMarked:ParalyzingBlade","theMarked:SummonPotion"],"campfire_rested":0,"item_purchase_floors":[0,0,15,15],"current_hp_per_floor":[77,77,58,47,47,32,30,30,30,19,19,17,17,15,15,4,77,55,55,55,40,31,0,0],"gold":162,"neow_bonus":"","is_daily":false,"chose_seed":false,"campfire_upgraded":1,"win_rate":0.0,"timestamp":1611107231,"path_taken":["M","M","?","?","?","E","M","R","T","?","?","M","M","?","R","BOSS","M","M","?","M","?","NM"],"items_purchased_type":["Relic","Relic","Card","Potion"],"build_version":"2020-12-22","purchased_purges":1,"victory":false,"max_hp_per_floor":[77,77,77,77,77,77,77,77,77,77,77,77,77,77,77,77,77,79,79,79,81,83,83,83],"card_choices":[{"not_picked":["theMarked:HeritageOfTheMarked","theMarked:ContemptForTheProud"],"picked":"theMarked:Generate","floor":1},{"not_picked":["theMarked:Frustration","theMarked:Static"],"picked":"theMarked:WardOff","floor":2},{"not_picked":["infinitespire:FutureSight","infinitespire:Collect"],"picked":"infinitespire:TheBestDefense","floor":3},{"not_picked":["theMarked:Parkour","theMarked:Frustration","theMarked:WastefulAttack"],"picked":"SKIP","floor":6},{"not_picked":["theMarked:Aftermath","theMarked:Parry"],"picked":"theMarked:Improvise","floor":7},{"not_picked":["theMarked:HeightenedSenses","theMarked:WastefulDefense"],"picked":"theMarked:StartUp","floor":10},{"not_picked":["theMarked:WastefulDefense","theMarked:Snap","theMarked:LightningStrikesTwice"],"picked":"SKIP","floor":12},{"not_picked":["theMarked:SwordAndMagic","theMarked:RogueSparks","theMarked:WastefulAttack"],"picked":"SKIP","floor":13},{"not_picked":["theMarked:ResourceFulStrike","theMarked:Generate"],"picked":"theMarked:Frustration","floor":14},{"not_picked":["theMarked:TakeOffHeels","theMarked:Snap"],"picked":"theMarked:BindingBlade","floor":16},{"not_picked":["theMarked:Seal","theMarked:ResourceFulStrike","theMarked:Improvise"],"picked":"Singing Bowl","floor":18},{"not_picked":["theMarked:TakeCover","theMarked:ResourceFulStrike"],"picked":"theMarked:EmpowerWeapon+1","floor":19},{"not_picked":["theMarked:SwordAndMagic","theMarked:MagicAdept","theMarked:MaelstromOfLightning"],"picked":"Singing Bowl","floor":21},{"not_picked":["theMarked:SelfDefenseTraining+1","theMarked:WastefulAttack+1","theMarked:ChainLightning"],"picked":"Singing Bowl","floor":22}],"player_experience":1152901,"relics_obtained":[{"floor":6,"key":"Happy Flower"},{"floor":9,"key":"Whetstone"},{"floor":11,"key":"infinitespire:Lucky Rock"},{"floor":17,"key":"CeramicFish"},{"floor":17,"key":"Singing Bowl"},{"floor":17,"key":"infinitespire:CursedDice"}],"event_choices":[{"damage_healed":0,"gold_gain":0,"player_choice":"Slimed","damage_taken":11,"max_hp_gain":0,"max_hp_loss":0,"event_name":"betterThird:BetterGoop","floor":4,"gold_loss":46},{"damage_healed":0,"gold_gain":0,"player_choice":"Box","damage_taken":0,"relics_obtained":["HornCleat"],"max_hp_gain":0,"max_hp_loss":0,"event_name":"Big Fish","floor":5,"gold_loss":0,"cards_obtained":["Regret"]},{"cards_removed":["theMarked:BindingBlade"],"damage_healed":0,"gold_gain":0,"player_choice":"Take \u0026 Give","damage_taken":0,"max_hp_gain":0,"max_hp_loss":0,"event_name":"betterNote:BetterNote","floor":20,"gold_loss":0,"cards_obtained":["theMarked:SummonStrength"]}],"is_beta":false,"boss_relics":[{"not_picked":["Runic Dome","Sozu"],"picked":"Calling Bell"}],"items_purged_floors":[15],"is_endless":false,"potions_floor_spawned":[1,7,10,12,14,22],"killed_by":"Nightmare","ascension_level":1}}