{"host":"szp1d6dso4pv7ddl","time":1611101804,"event":{"mods":["AchievementEnabler","Alarm Clock","BaseMod","Bestiary","Block Reminder","Colored Map","Colored Powertips","Curses Come First","Dark Map","Displayed Cursed Tome","Highlight Path","Minty Spire (QoL Compilation)","Permanent Neow","Quick Restart","Relic Sorter","Relic Stats","StSLib","Synergy Search"],"gold_per_floor":[115,128,148,98,98,98,21,55,55,66,100,116,128,3,3,80,80,92,92,106,0,0,0,13,13,13,23,23,36,135,149,149,224,224,236,236,236],"floor_reached":36,"language":"ENG","playtime":2422,"items_purged":["Defend_R"],"score":639,"play_id":"a7005345-a974-46c1-aa50-f1356abe9c23","local_time":"20210119161644","is_ascension_mode":true,"campfire_choices":[{"data":"Inflame","floor":6,"key":"SMITH"},{"data":"Pommel Strike","floor":15,"key":"SMITH"},{"data":"Barricade","floor":23,"key":"SMITH"},{"floor":25,"key":"REST"},{"floor":32,"key":"REST"}],"circlet_count":0,"master_deck":["AscendersBane","Bash+1","Inflame+1","Dropkick","Pommel Strike+1","Cleave","Ghostly Armor","Barricade+1","Sword Boomerang","Twin Strike","Iron Wave","True Grit","Impervious","Sever Soul","Sentinel","Juggernaut","Ghostly Armor","Shrug It Off","Berserk","Body Slam","Seeing Red","Sentinel","Body Slam"],"relics":["Burning Blood","Letter Opener","Potion Belt","Darkstone Periapt","Whetstone","Runic Dome","Pandora\u0027s Box"],"acts_visited":["Exordium","TheCity","TheBeyond"],"potions_floor_usage":[11,11,16,16,33],"damage_taken":[{"damage":3,"enemies":"Cultist","floor":1,"turns":3},{"damage":5,"enemies":"Small Slimes","floor":2,"turns":3},{"damage":6,"enemies":"2 Louse","floor":3,"turns":4},{"damage":29,"enemies":"Lagavulin","floor":8,"turns":6},{"damage":4,"enemies":"Exordium Wildlife","floor":10,"turns":5},{"damage":15,"enemies":"3 Sentries","floor":11,"turns":4},{"damage":17,"enemies":"Gremlin Gang","floor":12,"turns":3},{"damage":2,"enemies":"Looter","floor":13,"turns":3},{"damage":23,"enemies":"Slime Boss","floor":16,"turns":9},{"damage":29,"enemies":"Shell Parasite","floor":18,"turns":6},{"damage":12,"enemies":"Spheric Guardian","floor":20,"turns":4},{"damage":7,"enemies":"Chosen and Byrds","floor":24,"turns":7},{"damage":31,"enemies":"Centurion and Healer","floor":27,"turns":8},{"damage":0,"enemies":"Cultist and Chosen","floor":29,"turns":8},{"damage":31,"enemies":"Shelled Parasite and Fungi","floor":31,"turns":8},{"damage":2,"enemies":"Champ","floor":33,"turns":14},{"damage":30,"enemies":"Orb Walker","floor":35,"turns":5},{"damage":43,"enemies":"3 Darklings","floor":36,"turns":2}],"seed_played":"1522840561425223391","potions_obtained":[{"floor":1,"key":"Explosive Potion"},{"floor":10,"key":"PowerPotion"},{"floor":11,"key":"GamblersBrew"},{"floor":13,"key":"FearPotion"},{"floor":20,"key":"Ancient Potion"},{"floor":24,"key":"Weak Potion"},{"floor":33,"key":"AttackPotion"}],"is_trial":false,"path_per_floor":["M","M","M","?","?","R","$","E","T","M","E","M","M","$","R","B",null,"M","?","M","?","?","R","M","R","T","M","$","M","?","M","R","B",null,"M","M"],"character_chosen":"IRONCLAD","items_purchased":["Ghostly Armor","True Grit"],"campfire_rested":2,"item_purchase_floors":[7,14],"current_hp_per_floor":[71,72,72,72,65,65,65,42,42,44,35,24,28,28,28,11,59,36,36,30,30,30,30,29,51,51,26,26,32,32,7,29,33,65,41,0,0],"gold":236,"neow_bonus":"TRANSFORM_TWO_CARDS","is_daily":false,"chose_seed":false,"campfire_upgraded":3,"win_rate":0.0,"timestamp":1611101804,"path_taken":["M","M","?","?","?","R","?","E","T","?","E","M","M","$","R","BOSS","M","?","M","?","?","R","?","R","T","M","?","M","?","M","R","BOSS","M","M"],"items_purchased_type":["Card","Card"],"build_version":"2020-12-22","purchased_purges":1,"victory":false,"max_hp_per_floor":[75,75,75,75,75,75,75,75,75,75,75,75,75,75,75,75,75,75,75,75,75,75,75,75,75,75,75,75,75,75,75,75,75,75,75,75,75],"relic_stats":{"Darkstone Periapt":0,"counters":[18,102],"Pandora\u0027s Box":["Body Slam","Seeing Red","Sentinel"],"Letter Opener":[50],"Whetstone":["Bash","Strike_R"],"obtain_stats":[{"Potion Belt":8,"Darkstone Periapt":9,"Runic Dome":17,"Pandora\u0027s Box":34,"Whetstone":11,"Letter Opener":26,"Burning Blood":0},{"Potion Belt":4,"Darkstone Periapt":4,"Runic Dome":9,"Pandora\u0027s Box":16,"Whetstone":6,"Letter Opener":12,"Burning Blood":0},{"Potion Belt":16,"Darkstone Periapt":16,"Runic Dome":40,"Pandora\u0027s Box":95,"Whetstone":25,"Letter Opener":57,"Burning Blood":0}],"Burning Blood":102},"card_choices":[{"not_picked":["Warcry","Clash"],"picked":"Pommel Strike","floor":1},{"not_picked":["Flame Barrier","Thunderclap"],"picked":"Cleave","floor":2},{"not_picked":["Searing Blow","Power Through","Pommel Strike"],"picked":"SKIP","floor":3},{"not_picked":["Anger","Body Slam"],"picked":"Barricade","floor":8},{"not_picked":["Burning Pact","Cleave"],"picked":"Sword Boomerang","floor":10},{"not_picked":["Wild Strike","Uppercut"],"picked":"Twin Strike","floor":11},{"not_picked":["Wild Strike","Heavy Blade"],"picked":"Iron Wave","floor":12},{"not_picked":["Body Slam","Havoc","Blood for Blood"],"picked":"SKIP","floor":13},{"not_picked":["Feed","Double Tap"],"picked":"Impervious","floor":16},{"not_picked":["Pommel Strike","Uppercut","Anger"],"picked":"SKIP","floor":18},{"not_picked":["Headbutt","Armaments+1"],"picked":"Juggernaut","floor":20},{"not_picked":["Iron Wave","Armaments"],"picked":"Ghostly Armor","floor":24},{"not_picked":["Cleave","Dual Wield"],"picked":"Shrug It Off","floor":27},{"not_picked":["Wild Strike","Clothesline","True Grit"],"picked":"SKIP","floor":29},{"not_picked":["Twin Strike","Sword Boomerang"],"picked":"Berserk","floor":31},{"not_picked":["Perfected Strike","Pommel Strike"],"picked":"Body Slam","floor":35}],"player_experience":1228589,"relics_obtained":[{"floor":8,"key":"Potion Belt"},{"floor":9,"key":"Darkstone Periapt"},{"floor":11,"key":"Whetstone"},{"floor":26,"key":"Letter Opener"}],"event_choices":[{"cards_removed":["Regret"],"damage_healed":0,"gold_gain":0,"player_choice":"Card Removal","damage_taken":0,"max_hp_gain":0,"max_hp_loss":0,"event_name":"The Cleric","floor":4,"gold_loss":50},{"cards_removed":["Strike_R"],"damage_healed":0,"gold_gain":0,"player_choice":"Card Removal","damage_taken":7,"max_hp_gain":0,"max_hp_loss":0,"event_name":"Golden Wing","floor":5,"gold_loss":0},{"damage_healed":0,"gold_gain":0,"cards_transformed":["Strike_R","Strike_R"],"player_choice":"Became Test Subject","damage_taken":0,"max_hp_gain":0,"max_hp_loss":0,"event_name":"Drug Dealer","floor":19,"gold_loss":0,"cards_obtained":["Sever Soul","Sentinel"]},{"damage_healed":0,"gold_gain":0,"player_choice":"Paid Fearfully","damage_taken":0,"max_hp_gain":0,"max_hp_loss":0,"event_name":"Masked Bandits","floor":21,"gold_loss":106},{"damage_healed":0,"gold_gain":99,"player_choice":"Stole From Cult","damage_taken":0,"max_hp_gain":0,"max_hp_loss":0,"event_name":"Nest","floor":30,"gold_loss":0}],"is_beta":false,"boss_relics":[{"not_picked":["Busted Crown","Astrolabe"],"picked":"Runic Dome"},{"not_picked":["Coffee Dripper","Calling Bell"],"picked":"Pandora\u0027s Box"}],"items_purged_floors":[14],"is_endless":false,"potions_floor_spawned":[1,10,11,13,20,24,33],"killed_by":"3 Darklings","ascension_level":14}}