{"host":"jyuuog6ydc2s7nd8","time":1611150267,"event":{"mods":["BaseMod","Better Vampires","Minty Spire (QoL Compilation)","Shop Mod","StSLib","The Hierophant","The Servant 0.9.4","TheBandit","[IsaacMod]ÒÔÈö¼âËþ"],"gold_per_floor":[115,128,90,15,15,15,15,26,77,108,108,45,45,104,104,176,176,187,45,45,45,95,95,126,126,179,29,110,110,143,157,157,231,231,256,256,181,211,123,123,123,149,222,222,247,247,280,300,300,300,300,300,300,87,112,112],"floor_reached":57,"language":"ZHS","playtime":2049,"items_purged":["Defend_G","Defend_G","Strike_G","Writhe","Strike_G","Defend_G","Strike_G","Neutralize+1","Calculated Gamble+1"],"score":3844,"play_id":"a12e6ef0-0aaa-4b91-b835-dc27e3ce573e","local_time":"20210120214427","is_ascension_mode":true,"campfire_choices":[{"data":"Neutralize","floor":7.0,"key":"SMITH"},{"data":"Acrobatics","floor":11.0,"key":"SMITH"},{"data":"Calculated Gamble","floor":13.0,"key":"SMITH"},{"data":"Backflip","floor":15.0,"key":"SMITH"},{"data":"Survivor","floor":23.0,"key":"SMITH"},{"floor":25.0,"key":"RECALL"},{"data":"Defend_G","floor":29.0,"key":"SMITH"},{"data":"Tactician","floor":32.0,"key":"SMITH"},{"data":"Defend_G+1","floor":40,"key":"PURGE"},{"data":"Impatience","floor":44,"key":"SMITH"},{"data":"Blur","floor":49,"key":"SMITH"},{"data":"Impatience+1","floor":53,"key":"PURGE"}],"circlet_count":0,"master_deck":["AscendersBane","Survivor+1","Underhanded Strike+1","Acrobatics+1","Backflip+1","Tactician+1","Blur+1","Footwork+1"],"relics":["Ring of the Snake","HushsDoor","SteamSale","TheBean","PunchingBag","Tiny Chest","Coffee Dripper","SatanicBible","BelialBook","BookofShadows","D6","Centennial Puzzle","ClockworkSouvenir","GnawedLeaf","Frozen Egg 2","ChampionBelt","GuppysTail","GuppysHairball","GuppysPaw","Peace Pipe","Anchor","PokeGo","AnarchistCookbook","Blood Vial","Tingsha","Potion Belt","SharpPlug"],"acts_visited":["Exordium","TheCity","TheBeyond","TheEnding"],"potions_floor_usage":[56,56,56],"damage_taken":[{"damage":0.0,"enemies":"Cultist","floor":1.0,"turns":4.0},{"damage":3.0,"enemies":"2 Louse","floor":2.0,"turns":3.0},{"damage":1.0,"enemies":"Small Slimes","floor":8.0,"turns":3.0},{"damage":30.0,"enemies":"Lagavulin","floor":10.0,"turns":5.0},{"damage":11.0,"enemies":"Lagavulin Event","floor":14.0,"turns":6.0},{"damage":2.0,"enemies":"The Guardian","floor":16.0,"turns":16.0},{"damage":0.0,"enemies":"Shell Parasite","floor":18.0,"turns":4.0},{"damage":0.0,"enemies":"Slavers","floor":24.0,"turns":6.0},{"damage":0.0,"enemies":"Gremlin Leader","floor":30.0,"turns":2.0},{"damage":0.0,"enemies":"3 Byrds","floor":31.0,"turns":4.0},{"damage":0.0,"enemies":"Automaton","floor":33.0,"turns":5.0},{"damage":0.0,"enemies":"Nemesis","floor":35.0,"turns":1.0},{"damage":0,"enemies":"Giant Head","floor":38,"turns":1},{"damage":0,"enemies":"Reptomancer","floor":42,"turns":1},{"damage":0,"enemies":"Nemesis","floor":45,"turns":1},{"damage":0,"enemies":"Giant Head","floor":47,"turns":1},{"damage":0,"enemies":"3 Darklings","floor":48,"turns":1},{"damage":0,"enemies":"Time Eater","floor":50,"turns":3},{"damage":0,"enemies":"Awakened One","floor":51,"turns":2},{"damage":0,"enemies":"Shield and Spear","floor":55,"turns":3},{"damage":0,"enemies":"The Heart","floor":56,"turns":5}],"seed_played":"-2851008229073464852","potions_obtained":[{"floor":1.0,"key":"SkillPotion"},{"floor":8.0,"key":"FairyPotion"},{"floor":16.0,"key":"LiquidMemories"},{"floor":24.0,"key":"SneckoOil"},{"floor":45,"key":"Fire Potion"},{"floor":48,"key":"Fire Potion"},{"floor":55,"key":"SkillPotion"}],"is_trial":false,"path_per_floor":["M","M","$","?","?","?","R","M","T","E","R","$","R","?","R","B",null,"M","$","?","?","?","R","E","R","T","$","T","R","E","M","R","B",null,"M","?","$","M","$","R","?","E","T","R","M","T","M","M","R","B","B",null,"R","$","E","B",null],"character_chosen":"THE_SILENT","items_purchased":["Backflip","SatanicBible","BelialBook","BookofShadows","ClockworkSouvenir","GuppysTail","GuppysHairball","GuppysPaw"],"campfire_rested":0,"item_purchase_floors":[12,17,17,19,27,34,34,34],"current_hp_per_floor":[59,56,56,56,56,56,56,55,55,25,25,25,25,14,14,12,34,34,34,34,34,34,34,34,34,34,34,34,34,34,34,34,34,2,2,2,2,2,2,2,2,2,2,2,2,2,2,2,2,2,2,2,2,2,2,2],"gold":112,"neow_bonus":"REMOVE_CARD","is_daily":false,"chose_seed":false,"campfire_upgraded":9,"win_rate":0.0,"timestamp":1611150267,"path_taken":["M","?","$","?","?","?","R","M","T","E","R","$","R","?","R","BOSS","M","$","?","?","?","R","E","R","T","$","?","R","E","M","R","BOSS","M","?","$","M","$","R","?","E","T","R","?","?","M","M","R","BOSS","BOSS","R","$","E","BOSS"],"items_purchased_type":["Card","Relic","Relic","Relic","Relic","Relic","Relic","Relic"],"build_version":"2020-12-22","purchased_purges":9,"victory":true,"max_hp_per_floor":[66,66,66,66,66,66,66,66,66,66,66,66,66,66,66,66,41,41,41,41,41,41,41,41,41,41,41,41,41,41,41,41,41,2,2,2,2,2,2,2,2,2,2,2,2,2,2,2,2,2,2,2,2,2,2,2],"card_choices":[{"not_picked":["Distraction","Flechettes"],"picked":"Underhanded Strike","floor":1.0},{"not_picked":["Backflip","Blade Dance"],"picked":"Acrobatics","floor":2.0},{"not_picked":["All Out Attack","Poisoned Stab"],"picked":"Calculated Gamble","floor":8.0},{"not_picked":["Choke","Crippling Poison","Blade Dance"],"picked":"SKIP","floor":10.0},{"not_picked":["Slice","Acrobatics","Cloak And Dagger+1"],"picked":"SKIP","floor":18.0},{"not_picked":["Bane+1","Backflip+1","Deflect"],"picked":"SKIP","floor":24.0},{"not_picked":["Dodge and Roll","All Out Attack"],"picked":"Tactician","floor":30.0},{"not_picked":["Quick Slash","Slice","Concentrate"],"picked":"SKIP","floor":31.0},{"not_picked":["Blade Dance","Escape Plan+1","Calculated Gamble+1"],"picked":"SKIP","floor":35.0},{"not_picked":["Bane+1","Setup","Dodge and Roll+1"],"picked":"SKIP","floor":38},{"not_picked":["Secret Technique","Mayhem+1"],"picked":"Impatience","floor":41},{"not_picked":["Blade Dance","Outmaneuver+1"],"picked":"Blur","floor":42},{"not_picked":["Deadly Poison","Blade Dance+1","Prepared"],"picked":"SKIP","floor":45},{"not_picked":["Dodge and Roll","Leg Sweep+1","Poisoned Stab"],"picked":"SKIP","floor":47},{"not_picked":["Distraction","Cloak And Dagger"],"picked":"Footwork+1","floor":48},{"not_picked":["PiercingWail","Slice+1","Underhanded Strike"],"picked":"SKIP","floor":55}],"player_experience":1868280,"relics_obtained":[{"floor":9.0,"key":"TheBean"},{"floor":10.0,"key":"PunchingBag"},{"floor":14.0,"key":"Tiny Chest"},{"floor":24.0,"key":"Centennial Puzzle"},{"floor":28.0,"key":"GnawedLeaf"},{"floor":30.0,"key":"Frozen Egg 2"},{"floor":35.0,"key":"Peace Pipe"},{"floor":38,"key":"Anchor"},{"floor":42,"key":"PokeGo"},{"floor":43,"key":"AnarchistCookbook"},{"floor":45,"key":"Blood Vial"},{"floor":46,"key":"Tingsha"},{"floor":47,"key":"Potion Belt"},{"floor":55,"key":"SharpPlug"}],"event_choices":[{"cards_removed":["Strike_G"],"damage_healed":0.0,"max_hp_gain":0.0,"max_hp_loss":0.0,"gold_gain":0.0,"event_name":"The Cleric","player_choice":"Card Removal","floor":4.0,"gold_loss":75.0,"damage_taken":0.0},{"damage_healed":0.0,"max_hp_gain":0.0,"max_hp_loss":0.0,"gold_gain":0.0,"event_name":"Liars Game","player_choice":"Ignored","floor":5.0,"gold_loss":0.0,"damage_taken":0.0},{"cards_removed":["Defend_G"],"damage_healed":0.0,"max_hp_gain":0.0,"max_hp_loss":0.0,"gold_gain":0.0,"event_name":"Living Wall","player_choice":"Forget","floor":6.0,"gold_loss":0.0,"damage_taken":0.0},{"damage_healed":0.0,"max_hp_gain":0.0,"max_hp_loss":0.0,"gold_gain":0.0,"event_name":"Dead Adventurer","player_choice":"Searched \u00272\u0027 times","floor":14.0,"gold_loss":0.0,"damage_taken":0.0},{"damage_healed":0.0,"max_hp_gain":0.0,"max_hp_loss":0.0,"gold_gain":0.0,"event_name":"Accursed Blacksmith","player_choice":"Forge","floor":20.0,"gold_loss":0.0,"damage_taken":0.0,"cards_upgraded":["Underhanded Strike"]},{"damage_healed":0.0,"max_hp_gain":0.0,"max_hp_loss":0.0,"gold_gain":0.0,"event_name":"The Mausoleum","player_choice":"Opened","floor":21.0,"gold_loss":0.0,"damage_taken":0.0,"relics_obtained":["D6"],"cards_obtained":["Writhe"]},{"damage_healed":0.0,"max_hp_gain":0.0,"max_hp_loss":0.0,"gold_gain":50.0,"event_name":"Nest","player_choice":"Stole From Cult","floor":22.0,"gold_loss":0.0,"damage_taken":0.0},{"damage_healed":0,"gold_gain":0,"player_choice":"0 cards matched","damage_taken":0,"max_hp_gain":0,"max_hp_loss":0,"event_name":"Match and Keep!","floor":36,"gold_loss":0,"cards_obtained":[]},{"damage_healed":0,"gold_gain":0,"player_choice":"Memory 1","damage_taken":0,"max_hp_gain":0,"max_hp_loss":0,"event_name":"SensoryStone","floor":41,"gold_loss":0}],"is_beta":false,"boss_relics":[{"not_picked":["HoveringKite","Astrolabe"],"picked":"Coffee Dripper"},{"not_picked":[]},{"not_picked":["Black Star","Sozu"],"picked":"ChampionBelt"},{"not_picked":[]}],"items_purged_floors":[3,12,17,27,34,37,39,54,54],"is_endless":false,"potions_floor_spawned":[1,8,16,24,33,45,48,55],"ascension_level":20}}