{"host":"rgcz6yx3duq0lh14","time":1611161154,"event":{"mods":["100% Spire Juice","ATMod(à¢‡ıMod)","AchievementEnabler","Act Like it!","Aspiration","Astrologer","BaseMod","CapriCore","Chen","Colored Map","Decade(â§è¨ñæ)","Friendly Minions","Gensokyo","GungeonMod","Hallownest","Hermit","Jedi Mod","KinomotoSakuraMod(ñÿîVñ{?)","Koishi","Mari Mod (Legacy)","Mari\u0027s V1 Patch","MarisaÅiñ∂âJÅ@ñÇóùçπÅj","Minty Spire (QoL Compilation)","MostiFishMod","Pale of the Ancients","Permanent Neow","Potionbrewer","Prisma Mod","Quarter Circle Forward PUNCH!","Quick Restart","ReimuÅiîé??öÎÅj","Replay The Spire","Robot Space Explorer","RumiaBox-òIïƒ?ìIê_îÈ·¥éq","SIMod","Spicy Shops","StSLib","The Alterego","The Animator","The Bug Knight","The Cursed","The Dragon Tamer","The Forsaken","The Gatherer","The Immortal","The Marked","The Mystic","The Poker Player","The Runesmith","The Servant 0.9.4","TheWitcher","Yakumo Yukari mod","YoumuÅiç∞ÈÆódöÎÅj","Åy?ï®?îvÅzREMEMod"],"gold_per_floor":[114,114,60,60,75,407,407,423,423,423,635,650,670,703,703,804,804,818,831,831,347,391,426,456,503,581,612,612,492,514,556,556,675,675,701,724,529,529,529,569,599,650,650,650,650,687,713,504,504,538,538,538,106,106,106],"floor_reached":56,"language":"ZHS","playtime":3491,"items_purged":["Injury"],"score":1863,"play_id":"90213d08-29a6-44f3-acc0-caa806ec2048","local_time":"20210121004554","is_ascension_mode":true,"campfire_choices":[{"data":"mysticmod:SpellRecall","floor":7,"key":"SMITH"},{"data":"AT_ShrugMaster","floor":10,"key":"SMITH"},{"floor":15,"key":"DIG"},{"data":"mysticmod:PunishingArmor","floor":32,"key":"SMITH"},{"data":"mysticmod:Momentum","floor":44,"key":"SMITH"},{"floor":49,"key":"RECALL"},{"data":"mysticmod:StyleChange","floor":52,"key":"SMITH"}],"circlet_count":0,"master_deck":["mysticmod:ShockingGrasp","mysticmod:KnowledgePool","AT_ShrugMaster+1","mysticmod:ComponentsPouch","mysticmod:Daze","mysticmod:Sideswipe","mysticmod:CureLightWounds","mysticmod:ComboCaster","mysticmod:Fly","mysticmod:GeminiForm","Runesmith:Reinforce","mysticmod:Flourish","mysticmod:SpellRecall+1","mysticmod:StyleChange+1","mysticmod:PunishingArmor+1","mysticmod:LightningBolt","mysticmod:BladedDash","mysticmod:Discipline","mysticmod:EnergizedRift+1","mysticmod:EbbAndFlow","mysticmod:Lunge","mysticmod:EarthenWall","mysticmod:Momentum+1","mysticmod:SpellRecall","mysticmod:ArcaneAccuracy","mysticmod:Lunge","mysticmod:SummonFamiliar+1","mysticmod:AllIn+1","mysticmod:FiveFootStep+1","mysticmod:MysticalShield","mysticmod:MagicMissile","mysticmod:BladeMaster","mysticmod:ArcaneAccuracy","mysticmod:Probe+1"],"relics":["mysticmod:SpellBook","AT_ATBox","DaveBox","REME_ComplimentaryCards","Pandora\u0027s Box","SynthV:TestCard","AT_ForceNature","DemoMod:GundromedaStrain","AT_Manta","potionbrewer:SlideRule","Regal Pillow","Black Star","Gensokyo:ConquerorOfFear","Membership Card","mysticmod:TrainingManual","Omamori","Replay:Rubber Ducky","Replay:Bandana","AT_GoldPhoenixTree","Lizard Tail","Bag of Marbles","DemoMod:WeirdEgg","SnafuTest:BearRelic","Gensokyo:LionMask","Blue Candle","Torii","DemoMod:RiddleOfLead","Pen Nib","AT_ImmortalShieldbow","DemoMod:GlassGuonStoneRelic","qcfpunch:Broken_Tusk","DemoMod:MeltedRock","Replay:Wax Seal","ReplayTheSpireMod:TigerMarble","The Courier","JellyFishMachine","AT_EbonyIvory","ReplayFunnel","mysticmod:BentSpoon","Lee\u0027s Waffle","Replay:Baseball","Anchor","jedi:ominousloannote","theForsaken:Gavel","Divine Protection","Akabeko","Pear","CrazyTorch:ReiMu","SecretRecord","theForsaken:HumbleEgg","Snack Pack","MagicDraw4","Gremlin Food","HollowMod:PaleOreRelic"],"acts_visited":["Exordium","Gensokyo:Gensokyo","Gensokyo:Gensokyoer","TheEnding"],"potions_floor_usage":[16,22,27,55,55,55],"damage_taken":[{"damage":3,"enemies":"Gensokyo:2_Kodama","floor":1,"turns":5},{"damage":7,"enemies":"Gensokyo:3_Fairies","floor":5,"turns":7},{"damage":21,"enemies":"Gensokyo:Cirno","floor":6,"turns":7},{"damage":0,"enemies":"Gensokyo:Python","floor":8,"turns":2},{"damage":0,"enemies":"Gensokyo:3_Kodama","floor":11,"turns":5},{"damage":0,"enemies":"Gensokyo:Python_and_Kodama","floor":12,"turns":2},{"damage":0,"enemies":"Gensokyo:LivingMonolith","floor":13,"turns":1},{"damage":0,"enemies":"Gensokyo:Aya","floor":14,"turns":4},{"damage":9,"enemies":"Gensokyo:Kokoro","floor":16,"turns":8},{"damage":0,"enemies":"Gensokyo:2_Gloops","floor":18,"turns":2},{"damage":0,"enemies":"Gensokyo:Chomper","floor":19,"turns":3},{"damage":10,"enemies":"Gensokyo:Wraith","floor":22,"turns":3},{"damage":0,"enemies":"Gensokyo:Reisen","floor":23,"turns":6},{"damage":0,"enemies":"Gensokyo:Slime_Group","floor":24,"turns":3},{"damage":0,"enemies":"Gensokyo:Koishi","floor":25,"turns":4},{"damage":0,"enemies":"Gensokyo:Reisen","floor":27,"turns":6},{"damage":0,"enemies":"Gensokyo:Swordslinger","floor":30,"turns":3},{"damage":0,"enemies":"Gensokyo:Tenshi","floor":31,"turns":4},{"damage":0,"enemies":"Gensokyo:Kaguya","floor":33,"turns":9},{"damage":0,"enemies":"Gensokyo:AncientGuardian","floor":35,"turns":3},{"damage":0,"enemies":"Gensokyo:3_Bats","floor":36,"turns":2},{"damage":3,"enemies":"Gensokyo:Marisa","floor":40,"turns":4},{"damage":0,"enemies":"Gensokyo:AtlasGolem","floor":41,"turns":2},{"damage":0,"enemies":"Gensokyo:Doremy","floor":42,"turns":4},{"damage":0,"enemies":"Gensokyo:Marisa","floor":46,"turns":1},{"damage":0,"enemies":"Gensokyo:3_Boulders","floor":47,"turns":2},{"damage":0,"enemies":"Gensokyo:Yuyuko","floor":50,"turns":4},{"damage":0,"enemies":"Shield and Spear","floor":54,"turns":1},{"damage":0,"enemies":"The Heart","floor":55,"turns":4}],"seed_played":"-7446651794119118957","potions_obtained":[{"floor":6,"key":"FearPotion"},{"floor":8,"key":"Elixir"},{"floor":13,"key":"PowerPotion"},{"floor":18,"key":"REME_GoldPotion"},{"floor":23,"key":"potionbrewer:InfectionPotion"},{"floor":31,"key":"ZuzhouPotion:ReiMu"},{"floor":40,"key":"GrandPatriotsElixir:ReiMu"},{"floor":46,"key":"PowerPotion"}],"is_trial":false,"path_per_floor":["M","?","COS","?","M","E","R","M","T","R","M","M","M","E","R_BF","B",null,"M","M","?","$","M","E","M","E","T","E","?","?","M","E","R","B",null,"M","M","$","?","?","E","M","E","T","R","?","E","M","$","R","B",null,"R","$","E","B",null],"character_chosen":"MYSTIC_CLASS","items_purchased":["Membership Card","mysticmod:TrainingManual","Omamori","Replay:Rubber Ducky","mysticmod:EbbAndFlow","Pen Nib","AT_ImmortalShieldbow","mysticmod:BentSpoon","Lee\u0027s Waffle","Replay:Baseball","Anchor","jedi:ominousloannote","theForsaken:Gavel","Divine Protection","Akabeko","Pear","mysticmod:ArcaneAccuracy","CrazyTorch:ReiMu","SecretRecord","theForsaken:HumbleEgg","Snack Pack","MagicDraw4"],"campfire_rested":0,"item_purchase_floors":[21,21,21,21,21,37,37,48,48,48,48,53,53,53,53,53,53,53,53,53,53,53],"current_hp_per_floor":[74,74,74,77,71,53,53,55,55,55,65,69,69,76,76,77,77,77,77,77,77,74,77,77,77,77,77,77,77,77,77,77,77,87,87,87,87,87,87,87,87,87,87,87,66,66,66,73,73,73,73,73,83,83,83],"gold":106,"neow_bonus":"ONE_RANDOM_RARE_CARD","is_daily":false,"chose_seed":false,"campfire_upgraded":5,"win_rate":0.0,"timestamp":1611161154,"path_taken":["M","?","COS","?","M","E","R","M","T","R","M","M","?","E","R_BF","BOSS","M","M","?","$","M","E","M","E","T","E","?","?","M","E","R","BOSS","M","M","$","?","?","E","?","E","T","R","?","E","M","$","R","BOSS","R","$","E","BOSS"],"items_purchased_type":["Relic","Relic","Relic","Relic","Card","Relic","Relic","Relic","Relic","Relic","Relic","Relic","Relic","Relic","Relic","Relic","Card","Relic","Relic","Relic","Relic","Relic"],"build_version":"2020-12-22","purchased_purges":1,"victory":true,"max_hp_per_floor":[77,77,77,77,77,77,77,77,77,77,77,77,77,77,77,77,77,77,77,77,77,77,77,77,77,77,77,77,77,77,77,77,77,87,87,87,87,87,87,87,87,87,87,87,66,66,66,73,73,73,73,73,83,83,83],"card_choices":[{"not_picked":["mysticmod:Alacrity","mysticmod:PureInstinct"],"picked":"mysticmod:Flourish","floor":1},{"not_picked":["mysticmod:ChargedParry","mysticmod:Alacrity","mysticmod:PureInstinct","mysticmod:Probe","mysticmod:IllusionOfCalm"],"picked":"SKIP","floor":5},{"not_picked":["mysticmod:Snowball","mysticmod:Disengage","mysticmod:SummonFamiliar","mysticmod:Probe"],"picked":"mysticmod:SpellRecall","floor":6},{"not_picked":["mysticmod:Sideswipe","mysticmod:TomeOfSpells","mysticmod:EnergizedRift","mysticmod:FloatingDisk"],"picked":"mysticmod:StyleChange","floor":8},{"not_picked":["mysticmod:TomeOfSpells","mysticmod:HunkerDown","mysticmod:Sideswipe","mysticmod:ComponentsPouch"],"picked":"mysticmod:PunishingArmor","floor":11},{"not_picked":["mysticmod:CorrosiveTouch","mysticmod:SummonFamiliar","mysticmod:TomeOfSpells","mysticmod:MagicWeapon"],"picked":"mysticmod:LightningBolt","floor":12},{"not_picked":["mysticmod:GeminiForm","mysticmod:PunishingArmor","mysticmod:CorrosiveTouch","mysticmod:SummonFamiliar"],"picked":"mysticmod:BladedDash","floor":13},{"not_picked":["mysticmod:CorrosiveTouch","mysticmod:KnowledgePool","mysticmod:ComponentsPouch","mysticmod:Sideswipe","mysticmod:PowerSlash"],"picked":"SKIP","floor":14},{"not_picked":["mysticmod:Disintegrate","mysticmod:GeminiForm","mysticmod:ObscuringMist","mysticmod:Spellstrike"],"picked":"mysticmod:Discipline","floor":16},{"not_picked":["mysticmod:LightningBolt+1","mysticmod:BulkUp","mysticmod:PureInstinct","mysticmod:GreaterInvisibility","mysticmod:BladeMaster"],"picked":"SKIP","floor":18},{"not_picked":["mysticmod:Disengage+1","mysticmod:CorrosiveTouch","mysticmod:Grapple","mysticmod:Probe"],"picked":"mysticmod:EnergizedRift+1","floor":19},{"not_picked":["mysticmod:Shield","mysticmod:Riposte","mysticmod:TomeOfSpells","mysticmod:Flourish"],"picked":"mysticmod:Lunge","floor":22},{"not_picked":["mysticmod:Alacrity","mysticmod:Disengage","mysticmod:LightningBolt+1","mysticmod:PureInstinct"],"picked":"mysticmod:EarthenWall","floor":23},{"not_picked":["mysticmod:PowerAttack","mysticmod:BladedDash","mysticmod:Riposte","mysticmod:PureInstinct","mysticmod:Grease+1"],"picked":"SKIP","floor":24},{"not_picked":["mysticmod:Snowball","mysticmod:ComponentsPouch+1","mysticmod:BulkUp","mysticmod:EnchantedMoulinet"],"picked":"mysticmod:Momentum","floor":25},{"not_picked":["mysticmod:SummonFamiliar","mysticmod:Sideswipe","mysticmod:PreparedCaster","mysticmod:MirrorEntity"],"picked":"mysticmod:SpellRecall","floor":27},{"not_picked":["mysticmod:Grease+1","mysticmod:BladeMaster","mysticmod:Sideswipe","mysticmod:ComponentsPouch+1","mysticmod:GeminiForm"],"picked":"SKIP","floor":30},{"not_picked":["mysticmod:Shield","mysticmod:Alacrity","mysticmod:Sideswipe+1","mysticmod:Dedication+1","mysticmod:SummonFamiliar"],"picked":"SKIP","floor":31},{"not_picked":["mysticmod:MirrorEntity","mysticmod:EnchantedMoulinet","mysticmod:GeminiForm","mysticmod:Disintegrate"],"picked":"mysticmod:Lunge","floor":33},{"not_picked":["mysticmod:BladedDash","mysticmod:CureLightWounds","mysticmod:KeenEdge+1","mysticmod:TomeOfSpells+1"],"picked":"mysticmod:SummonFamiliar+1","floor":35},{"not_picked":["mysticmod:BulkUp","mysticmod:CorrosiveTouch+1","mysticmod:Fly+1","mysticmod:SuddenClarity","mysticmod:Disengage"],"picked":"SKIP","floor":36},{"not_picked":["mysticmod:KeenEdge","mysticmod:Dedication+1","mysticmod:GeminiForm","mysticmod:Disengage"],"picked":"mysticmod:AllIn+1","floor":40},{"not_picked":["mysticmod:ComponentsPouch","mysticmod:ChargedParry+1","mysticmod:Disengage","mysticmod:Daze"],"picked":"mysticmod:FiveFootStep+1","floor":41},{"not_picked":["mysticmod:Sideswipe","mysticmod:Riposte","mysticmod:Alacrity","mysticmod:PreparedCaster"],"picked":"mysticmod:MysticalShield","floor":42},{"not_picked":["mysticmod:Grapple","mysticmod:Probe","mysticmod:MysticalShield","mysticmod:EnchantedMoulinet"],"picked":"mysticmod:MagicMissile","floor":46},{"not_picked":["mysticmod:TomeOfSpells+1","mysticmod:FloatingDisk+1","mysticmod:BladedDash","mysticmod:CorrosiveTouch"],"picked":"mysticmod:BladeMaster","floor":47},{"not_picked":["mysticmod:HunkerDown","mysticmod:ComponentsPouch+1","mysticmod:SuddenClarity+1","mysticmod:SummonFamiliar+1"],"picked":"mysticmod:Probe+1","floor":54}],"player_experience":951858,"relics_obtained":[{"floor":1,"key":"SynthV:TestCard"},{"floor":6,"key":"DemoMod:GundromedaStrain"},{"floor":9,"key":"AT_Manta"},{"floor":14,"key":"potionbrewer:SlideRule"},{"floor":15,"key":"Regal Pillow"},{"floor":22,"key":"Gensokyo:ConquerorOfFear"},{"floor":23,"key":"Replay:Bandana"},{"floor":23,"key":"AT_GoldPhoenixTree"},{"floor":25,"key":"Lizard Tail"},{"floor":25,"key":"Bag of Marbles"},{"floor":27,"key":"DemoMod:WeirdEgg"},{"floor":27,"key":"SnafuTest:BearRelic"},{"floor":31,"key":"Blue Candle"},{"floor":31,"key":"Torii"},{"floor":40,"key":"qcfpunch:Broken_Tusk"},{"floor":40,"key":"DemoMod:MeltedRock"},{"floor":42,"key":"Replay:Wax Seal"},{"floor":42,"key":"ReplayTheSpireMod:TigerMarble"},{"floor":43,"key":"The Courier"},{"floor":46,"key":"AT_EbonyIvory"},{"floor":46,"key":"ReplayFunnel"},{"floor":54,"key":"Gremlin Food"},{"floor":54,"key":"HollowMod:PaleOreRelic"}],"event_choices":[],"is_beta":false,"boss_relics":[{"not_picked":["GuanYuAspect","aspiration:ServantSkillbook"],"picked":"Black Star"},{"not_picked":["OneHitWonderSystem","FeatherPendant"],"picked":"DemoMod:RiddleOfLead"}],"items_purged_floors":[21],"is_endless":false,"potions_floor_spawned":[6,8,13,14,18,23,31,40,42,46,47],"ascension_level":1}}