{"host":"nbmmy2ys5j9alw05","time":1611132317,"event":{"mods":["AchievementEnabler","BaseMod","Bestiary","Better Vampires","Colored Map","Colored Powertips","Googly Eyes","Minty Spire (QoL Compilation)","Quick Restart","StSLib","The Hierophant","The IronCluck","everything is the same but u backflip on backflip"],"gold_per_floor":[116,116,116,40,40,40,73,84,164,50,0,0,0,25,25,121,121,133,133,146,166,166,166,197,197,197,79,96,96,114,133,133,237,237,255,305,305,319,333,333,333,333],"floor_reached":41,"language":"ENG","playtime":1435,"items_purged":["Regret"],"score":688,"play_id":"39f0e8fe-1301-490e-a53e-4db4020fe26e","local_time":"20210120004517","is_ascension_mode":true,"campfire_choices":[{"data":"A Thousand Cuts","floor":6,"key":"SMITH"},{"data":"Noxious Fumes","floor":15,"key":"SMITH"},{"data":"Footwork","floor":23,"key":"SMITH"},{"data":"Cloak And Dagger","floor":25,"key":"SMITH"},{"floor":32,"key":"REST"},{"floor":40,"key":"REST"}],"circlet_count":0,"master_deck":["AscendersBane","Defend_G","Defend_G","Defend_G","Defend_G","Defend_G","Survivor","Neutralize","Blur","A Thousand Cuts+1","Poisoned Stab","Noxious Fumes+1","Footwork+1","Leg Sweep","Escape Plan","Corpse Explosion","Cloak And Dagger+1","Cloak And Dagger","Dagger Spray+1","Blade Dance","Bite+1","Bite+1","Footwork","Dodge and Roll+1","Catalyst","A Thousand Cuts","Caltrops","Slice+1"],"relics":["Ring of the Snake","NeowsBlessing","Ornamental Fan","Bottled Flame","Nunchaku","The Courier","Cursed Key","Whetstone","Vajra","SacredBark","Mango"],"acts_visited":["Exordium","TheCity","TheBeyond"],"potions_floor_usage":[14,30,30,33,33,36,39,41],"damage_taken":[{"damage":0,"enemies":"Jaw Worm","floor":1,"turns":1},{"damage":0,"enemies":"Lagavulin","floor":7,"turns":1},{"damage":0,"enemies":"Small Slimes","floor":8,"turns":1},{"damage":11,"enemies":"3 Sentries","floor":14,"turns":6},{"damage":2,"enemies":"The Guardian","floor":16,"turns":11},{"damage":1,"enemies":"Spheric Guardian","floor":18,"turns":5},{"damage":0,"enemies":"Shell Parasite","floor":20,"turns":7},{"damage":15,"enemies":"3 Cultists","floor":21,"turns":3},{"damage":6,"enemies":"Book of Stabbing","floor":24,"turns":7},{"damage":7,"enemies":"Snecko","floor":28,"turns":5},{"damage":5,"enemies":"Centurion and Healer","floor":30,"turns":5},{"damage":6,"enemies":"3 Cultists","floor":31,"turns":4},{"damage":57,"enemies":"Champ","floor":33,"turns":16},{"damage":30,"enemies":"3 Darklings","floor":35,"turns":3},{"damage":23,"enemies":"Mind Bloom Boss Battle","floor":36,"turns":7},{"damage":8,"enemies":"3 Shapes","floor":38,"turns":4},{"damage":15,"enemies":"3 Darklings","floor":39,"turns":3},{"damage":70,"enemies":"Transient","floor":41,"turns":4}],"seed_played":"5888853994560135550","potions_obtained":[{"floor":1,"key":"AttackPotion"},{"floor":21,"key":"Energy Potion"},{"floor":24,"key":"Explosive Potion"},{"floor":28,"key":"EssenceOfSteel"},{"floor":31,"key":"LiquidMemories"},{"floor":33,"key":"Swift Potion"},{"floor":35,"key":"PowerPotion"},{"floor":39,"key":"CunningPotion"}],"is_trial":false,"path_per_floor":["M","?","?","$","?","R","E","M","T","$","?","$","?","E","R","B",null,"M","?","M","M","?","R","E","R","T","$","M","?","M","M","R","B",null,"M","?","?","M","M","R","M"],"character_chosen":"THE_SILENT","items_purchased":["A Thousand Cuts","Footwork","Leg Sweep","Footwork"],"campfire_rested":2,"item_purchase_floors":[4,10,10,27],"current_hp_per_floor":[63,68,68,68,61,61,61,61,61,61,61,61,54,43,43,41,67,66,66,66,51,51,51,53,53,53,53,52,40,41,41,62,20,58,31,28,28,20,5,30,0,0],"gold":333,"neow_bonus":"THREE_ENEMY_KILL","is_daily":false,"chose_seed":false,"campfire_upgraded":4,"win_rate":0.0,"timestamp":1611132317,"path_taken":["M","?","?","$","?","R","E","M","T","$","?","?","?","E","R","BOSS","M","?","M","M","?","R","E","R","T","$","M","?","M","M","R","BOSS","M","?","?","M","?","R","M"],"items_purchased_type":["Card","Card","Card","Card"],"build_version":"2020-12-22","purchased_purges":1,"victory":false,"max_hp_per_floor":[70,75,75,75,75,75,75,75,75,75,75,75,75,75,75,75,75,75,75,75,75,66,66,66,66,66,66,66,71,71,71,71,71,71,71,85,85,85,85,85,85,85],"card_choices":[{"not_picked":["Eviscerate","Expertise"],"picked":"Blur","floor":1},{"not_picked":["Catalyst","Reflex"],"picked":"Poisoned Stab","floor":7},{"not_picked":["Backflip","Poisoned Stab"],"picked":"Noxious Fumes","floor":8},{"not_picked":["PiercingWail","Skewer"],"picked":"Escape Plan","floor":14},{"not_picked":["Storm of Steel","Doppelganger"],"picked":"Corpse Explosion","floor":16},{"not_picked":["Deadly Poison","Poisoned Stab"],"picked":"Cloak And Dagger","floor":18},{"not_picked":["Outmaneuver","Flying Knee"],"picked":"Dagger Spray+1","floor":20},{"not_picked":["PiercingWail","Die Die Die"],"picked":"Blade Dance","floor":21},{"not_picked":["PiercingWail+1","Flying Knee","Poisoned Stab"],"picked":"SKIP","floor":24},{"not_picked":["Underhanded Strike","Flying Knee","Distraction"],"picked":"SKIP","floor":28},{"not_picked":["Sucker Punch","Backflip"],"picked":"Dodge and Roll+1","floor":30},{"not_picked":["Blade Dance","Well Laid Plans"],"picked":"Catalyst","floor":31},{"not_picked":["Night Terror","Doppelganger"],"picked":"A Thousand Cuts","floor":33},{"not_picked":["Deadly Poison","Dagger Throw+1"],"picked":"Caltrops","floor":35},{"not_picked":["Reflex","Crippling Poison+1"],"picked":"Slice+1","floor":38},{"not_picked":["Setup+1","Slice+1","Predator+1"],"picked":"SKIP","floor":39}],"player_experience":496870,"relics_obtained":[{"floor":7,"key":"Ornamental Fan"},{"floor":9,"key":"Bottled Flame"},{"floor":14,"key":"The Courier"},{"floor":24,"key":"Whetstone"},{"floor":26,"key":"Vajra"},{"floor":36,"key":"Mango"}],"event_choices":[{"damage_healed":0,"gold_gain":0,"player_choice":"Donut","damage_taken":0,"max_hp_gain":5,"max_hp_loss":0,"event_name":"Big Fish","floor":2,"gold_loss":0},{"cards_removed":["Strike_G"],"damage_healed":0,"gold_gain":0,"player_choice":"Forget","damage_taken":0,"max_hp_gain":0,"max_hp_loss":0,"event_name":"Living Wall","floor":3,"gold_loss":0},{"cards_removed":["Strike_G"],"damage_healed":0,"gold_gain":0,"player_choice":"Card Removal","damage_taken":7,"max_hp_gain":0,"max_hp_loss":0,"event_name":"Golden Wing","floor":5,"gold_loss":0},{"cards_removed":["Strike_G"],"damage_healed":0,"gold_gain":0,"player_choice":"Card Removal","damage_taken":0,"max_hp_gain":0,"max_hp_loss":0,"event_name":"The Cleric","floor":11,"gold_loss":50},{"damage_healed":0,"gold_gain":0,"player_choice":"Success","damage_taken":7,"relics_obtained":["Nunchaku"],"max_hp_gain":0,"max_hp_loss":0,"event_name":"Scrap Ooze","floor":13,"gold_loss":0},{"damage_healed":0,"gold_gain":0,"player_choice":"Read","damage_taken":0,"max_hp_gain":0,"max_hp_loss":0,"event_name":"The Library","floor":19,"gold_loss":0,"cards_obtained":["Cloak And Dagger"]},{"damage_healed":0,"gold_gain":0,"player_choice":"Became a vampire","damage_taken":0,"max_hp_gain":0,"max_hp_loss":9,"event_name":"Vampires","floor":22,"gold_loss":0,"cards_obtained":["Bite","Bite"]},{"damage_healed":0,"gold_gain":0,"player_choice":"Shed Blood","damage_taken":17,"max_hp_gain":5,"max_hp_loss":0,"event_name":"Forgotten Altar","floor":29,"gold_loss":0},{"damage_healed":0,"gold_gain":0,"player_choice":"Fight","damage_taken":0,"max_hp_gain":0,"max_hp_loss":0,"event_name":"MindBloom","floor":36,"gold_loss":0},{"damage_healed":0,"gold_gain":0,"player_choice":"Ignored","damage_taken":0,"max_hp_gain":0,"max_hp_loss":0,"event_name":"Transmorgrifier","floor":37,"gold_loss":0}],"is_beta":false,"boss_relics":[{"not_picked":["Pandora\u0027s Box","Philosopher\u0027s Stone"],"picked":"Cursed Key"},{"not_picked":["Snecko Eye","Runic Pyramid"],"picked":"SacredBark"}],"items_purged_floors":[27],"is_endless":false,"potions_floor_spawned":[1,21,24,28,31,33,35,39],"killed_by":"Transient","ascension_level":10}}