{"host":"sav7uxregyirlf69","time":1611159788,"event":{"mods":["AchievementEnabler","BaseMod","Colored Map","DeckTracker","Keyboard Shortcuts","Minty Spire (QoL Compilation)","READ ME - Guardian Mod","StSLib","SuperFastMode"],"gold_per_floor":[116,116,116,134,59,85,104,137,207,46,60,80,80,80,80,154,204,216,229,239,135,153,153,153,153],"floor_reached":24,"language":"KOR","playtime":513,"items_purged":["Strike_G"],"score":466,"play_id":"e1c34b46-d983-4fc6-8826-1fcebe1b7ceb","local_time":"20210121012308","is_ascension_mode":true,"campfire_choices":[{"data":"Venomology","floor":13.0,"key":"SMITH"},{"data":"Neutralize","floor":15.0,"key":"SMITH"},{"data":"Tactician","floor":23,"key":"SMITH"}],"circlet_count":0,"master_deck":["AscendersBane","Strike_G","Strike_G+1","Defend_G","Defend_G","Defend_G","Defend_G","Defend_G","Survivor","Neutralize+1","Bouncing Flask","Venomology+1","Crippling Poison","Corpse Explosion","Dash","Dagger Spray","Adrenaline","Tactician+1","Calculated Gamble","Acrobatics"],"relics":["Ring of the Snake","NeowsBlessing","Gambling Chip","Omamori","Matryoshka","TheAbacus","Tiny House"],"acts_visited":["Exordium","TheCity"],"potions_floor_usage":[22,22,24,24],"damage_taken":[{"damage":0.0,"enemies":"Small Slimes","floor":1.0,"turns":1.0},{"damage":0.0,"enemies":"Jaw Worm","floor":4.0,"turns":1.0},{"damage":0.0,"enemies":"Gremlin Nob","floor":6.0,"turns":1.0},{"damage":0.0,"enemies":"Cultist","floor":7.0,"turns":4.0},{"damage":26.0,"enemies":"Lagavulin","floor":8.0,"turns":9.0},{"damage":0.0,"enemies":"Gremlin Gang","floor":11.0,"turns":1.0},{"damage":0.0,"enemies":"3 Louse","floor":12.0,"turns":2.0},{"damage":10.0,"enemies":"Hexaghost","floor":16.0,"turns":8.0},{"damage":7.0,"enemies":"Shell Parasite","floor":18.0,"turns":5.0},{"damage":0.0,"enemies":"Spheric Guardian","floor":19.0,"turns":3.0},{"damage":13.0,"enemies":"Snecko","floor":20.0,"turns":4.0},{"damage":10,"enemies":"Chosen and Byrds","floor":22,"turns":5},{"damage":34,"enemies":"Gremlin Leader","floor":24,"turns":6}],"seed_played":"-250085571833749812","potions_obtained":[{"floor":1.0,"key":"AttackPotion"},{"floor":6.0,"key":"Weak Potion"},{"floor":7.0,"key":"Explosive Potion"},{"floor":8.0,"key":"PowerPotion"},{"floor":17.0,"key":"SneckoOil"},{"floor":19.0,"key":"Fire Potion"},{"floor":20.0,"key":"Energy Potion"}],"is_trial":false,"path_per_floor":["M","?","?","M","$","E","M","E","T","$","M","M","R","?","R","B",null,"M","M","M","$","M","R","E"],"character_chosen":"THE_SILENT","items_purchased":["Corpse Explosion","TheAbacus","Acrobatics"],"campfire_rested":0,"item_purchase_floors":[5,10,21],"current_hp_per_floor":[59,59,59,59,59,59,59,33,33,33,33,33,33,33,33,23,60,53,53,40,40,30,30,0,0],"gold":153,"neow_bonus":"THREE_ENEMY_KILL","is_daily":false,"chose_seed":false,"campfire_upgraded":3,"win_rate":0.0,"timestamp":1611159788,"path_taken":["M","?","?","?","$","E","M","E","T","$","M","?","R","?","R","BOSS","M","M","?","$","M","R","E"],"items_purchased_type":["Card","Relic","Card"],"build_version":"2020-12-22","purchased_purges":1,"victory":false,"max_hp_per_floor":[66,66,66,66,66,66,66,66,66,66,66,66,66,66,66,66,71,71,71,71,71,71,71,71,71],"card_choices":[{"not_picked":["Underhanded Strike","Reflex"],"picked":"Bouncing Flask","floor":1.0},{"not_picked":["Dagger Spray","Blur"],"picked":"Crippling Poison","floor":4.0},{"not_picked":["Underhanded Strike","Accuracy"],"picked":"Dash","floor":6.0},{"not_picked":["Heel Hook","Underhanded Strike","Acrobatics"],"picked":"SKIP","floor":7.0},{"not_picked":["Deadly Poison","Escape Plan"],"picked":"Dagger Spray","floor":8.0},{"not_picked":["Bouncing Flask","Deflect","Dagger Spray"],"picked":"SKIP","floor":11.0},{"not_picked":["Poisoned Stab","Deadly Poison","Wraith Form v2"],"picked":"SKIP","floor":12.0},{"not_picked":["Phantasmal Killer","Unload"],"picked":"Adrenaline","floor":16.0},{"not_picked":["Setup","Bouncing Flask"],"picked":"Tactician","floor":17.0},{"not_picked":["Cloak And Dagger","Dash"],"picked":"Calculated Gamble","floor":18.0},{"not_picked":["Tactician","Poisoned Stab","Eviscerate"],"picked":"SKIP","floor":19.0},{"not_picked":["Tactician","Poisoned Stab","Eviscerate"],"picked":"SKIP","floor":19.0},{"not_picked":["Cloak And Dagger","PiercingWail","Deadly Poison"],"picked":"SKIP","floor":20.0},{"not_picked":["Quick Slash","Night Terror","Sucker Punch"],"picked":"SKIP","floor":22}],"player_experience":1336487,"relics_obtained":[{"floor":6.0,"key":"Gambling Chip"},{"floor":8.0,"key":"Omamori"},{"floor":9.0,"key":"Matryoshka"}],"event_choices":[{"damage_healed":0.0,"max_hp_gain":0.0,"max_hp_loss":0.0,"gold_gain":0.0,"cards_transformed":["Strike_G"],"event_name":"Living Wall","player_choice":"Change","floor":2.0,"gold_loss":0.0,"damage_taken":0.0,"cards_obtained":["Night Terror"]},{"damage_healed":0.0,"max_hp_gain":0.0,"max_hp_loss":0.0,"gold_gain":0.0,"cards_transformed":["Strike_G"],"event_name":"Transmorgrifier","player_choice":"Transformed","floor":3.0,"gold_loss":0.0,"damage_taken":0.0,"cards_obtained":["Venomology"]},{"cards_removed":["Night Terror"],"damage_healed":0.0,"max_hp_gain":0.0,"max_hp_loss":0.0,"gold_gain":0.0,"event_name":"Purifier","player_choice":"Purged","floor":14.0,"gold_loss":0.0,"damage_taken":0.0}],"is_beta":false,"boss_relics":[{"not_picked":["Ectoplasm","Snecko Eye"],"picked":"Tiny House"}],"items_purged_floors":[21],"is_endless":false,"potions_floor_spawned":[1,6,7,8,19,20],"killed_by":"Gremlin Leader","ascension_level":20}}