{"host":"p1xsuo25udtrkbq2","time":1611125520,"event":{"mods":["BaseMod","Colored Map","Highlight Path","Minty Spire (QoL Compilation)","Quick Restart","Rare Cards Sparkle","Relic Stats","Slay the Relics Exporter","StSLib","everything is the same but u backflip on backflip"],"gold_per_floor":[118,118,118,141,166,206,206,226,226,246,279,300,300,0,0,128,128,141,141,156,156,171,171,23,57,84,127,139,170,182,215,227,239,239],"floor_reached":33,"language":"ENG","playtime":2998,"items_purged":["Strike_R"],"score":508,"play_id":"d27d3977-20ce-4604-b56a-a19d5a3d3552","local_time":"20210120015200","is_ascension_mode":true,"campfire_choices":[{"data":"Bash","floor":7,"key":"SMITH"},{"data":"Armaments","floor":13,"key":"SMITH"},{"floor":15,"key":"REST"},{"data":"Whirlwind","floor":23,"key":"SMITH"},{"data":"Battle Trance","floor":30,"key":"SMITH"},{"data":"Immolate","floor":32,"key":"SMITH"}],"circlet_count":0,"master_deck":["AscendersBane","Strike_R","Strike_R+1","Strike_R","Strike_R","Defend_R","Defend_R","Defend_R","Defend_R","Bash+1","Carnage","Flex","Shrug It Off","Shrug It Off","Cleave+1","Armaments+1","Whirlwind+1","Immolate+1","Shockwave+1","Ghostly","Ghostly","Ghostly","Ghostly","Ghostly","Hemokinesis+1","Reaper","Flash of Steel","Battle Trance+1","Corruption"],"relics":["Burning Blood","NeowsBlessing","Golden Idol","Mercury Hourglass","Ginger","StoneCalendar","Ancient Tea Set","Whetstone","Velvet Choker","Happy Flower","Bag of Preparation","Smiling Mask","MawBank"],"acts_visited":["Exordium","TheCity"],"potions_floor_usage":[6,16,22,27,27,33],"damage_taken":[{"damage":0,"enemies":"2 Louse","floor":1,"turns":1},{"damage":0,"enemies":"Jaw Worm","floor":4,"turns":1},{"damage":0,"enemies":"Small Slimes","floor":5,"turns":1},{"damage":19,"enemies":"3 Sentries","floor":6,"turns":6},{"damage":11,"enemies":"Looter","floor":8,"turns":3},{"damage":14,"enemies":"Exordium Thugs","floor":10,"turns":4},{"damage":21,"enemies":"Lagavulin","floor":11,"turns":6},{"damage":13,"enemies":"Blue Slaver","floor":12,"turns":3},{"damage":22,"enemies":"The Guardian","floor":16,"turns":8},{"damage":0,"enemies":"Spheric Guardian","floor":18,"turns":3},{"damage":0,"enemies":"2 Thieves","floor":20,"turns":3},{"damage":3,"enemies":"Snecko","floor":22,"turns":4},{"damage":8,"enemies":"Slavers","floor":25,"turns":2},{"damage":2,"enemies":"Gremlin Leader","floor":27,"turns":4},{"damage":3,"enemies":"Snake Plant","floor":29,"turns":4},{"damage":1,"enemies":"Sentry and Sphere","floor":31,"turns":4},{"damage":40,"enemies":"Champ","floor":33,"turns":8}],"seed_played":"8516624330525312428","potions_obtained":[{"floor":4,"key":"BlessingOfTheForge"},{"floor":10,"key":"FearPotion"},{"floor":11,"key":"Energy Potion"},{"floor":12,"key":"SteroidPotion"},{"floor":16,"key":"SmokeBomb"},{"floor":18,"key":"PowerPotion"},{"floor":22,"key":"Weak Potion"}],"is_trial":false,"path_per_floor":["M","?","?","M","M","E","R","M","T","M","E","M","R","$","R","B",null,"M","?","M","?","M","R","$","E","T","E","$","M","R","M","R","B"],"character_chosen":"IRONCLAD","items_purchased":["Whirlwind","Whetstone","Happy Flower"],"campfire_rested":1,"item_purchase_floors":[14,14,24],"current_hp_per_floor":[78,74,71,74,74,61,61,56,56,48,33,26,26,26,48,32,64,70,37,37,37,37,37,37,35,35,37,37,37,37,37,37,0,0],"gold":239,"neow_bonus":"THREE_ENEMY_KILL","is_daily":false,"chose_seed":false,"campfire_upgraded":5,"win_rate":0.0,"timestamp":1611125520,"path_taken":["M","?","?","M","M","E","R","M","T","M","E","?","R","$","R","BOSS","M","?","M","?","?","R","$","E","T","E","$","M","R","M","R","BOSS"],"items_purchased_type":["Card","Relic","Relic"],"build_version":"2020-12-22","purchased_purges":1,"victory":false,"max_hp_per_floor":[80,74,74,74,74,74,74,74,74,74,74,74,74,74,74,74,74,74,37,37,37,37,37,37,37,37,37,37,37,37,37,37,37,37],"relic_stats":{"Happy Flower":[7],"counters":[17,65],"Golden Idol":96,"StoneCalendar":[104],"Bag of Preparation":[8],"Ginger":[5],"Whetstone":["Strike_R","Cleave"],"Smiling Mask":0,"MawBank":72,"obtain_stats":[{"NeowsBlessing":0,"Happy Flower":24,"Golden Idol":2,"Velvet Choker":17,"StoneCalendar":9,"Bag of Preparation":25,"Ginger":6,"Whetstone":14,"Ancient Tea Set":11,"Smiling Mask":26,"MawBank":27,"Burning Blood":0,"Mercury Hourglass":3},{"NeowsBlessing":0,"Happy Flower":12,"Golden Idol":1,"Velvet Choker":9,"StoneCalendar":5,"Bag of Preparation":13,"Ginger":4,"Whetstone":8,"Ancient Tea Set":7,"Smiling Mask":13,"MawBank":14,"Burning Blood":0,"Mercury Hourglass":1},{"NeowsBlessing":0,"Happy Flower":43,"Golden Idol":1,"Velvet Choker":33,"StoneCalendar":12,"Bag of Preparation":45,"Ginger":9,"Whetstone":25,"Ancient Tea Set":22,"Smiling Mask":45,"MawBank":49,"Burning Blood":0,"Mercury Hourglass":1}],"Burning Blood":65,"Mercury Hourglass":[198]},"card_choices":[{"not_picked":["Twin Strike","Perfected Strike"],"picked":"Carnage","floor":1},{"not_picked":["Dropkick","Wild Strike"],"picked":"Flex","floor":4},{"not_picked":["Rupture","Burning Pact"],"picked":"Shrug It Off","floor":5},{"not_picked":["Heavy Blade","Seeing Red"],"picked":"Shrug It Off","floor":6},{"not_picked":["Dropkick","Iron Wave","Heavy Blade"],"picked":"SKIP","floor":8},{"not_picked":["Pummel","Power Through"],"picked":"Cleave","floor":10},{"not_picked":["Warcry","Cleave"],"picked":"Armaments","floor":11},{"not_picked":["True Grit","Carnage","Twin Strike"],"picked":"SKIP","floor":12},{"not_picked":["Offering","Corruption"],"picked":"Immolate","floor":16},{"not_picked":["Perfected Strike","Flex"],"picked":"Shockwave+1","floor":18},{"not_picked":["Reckless Charge+1","Evolve"],"picked":"Hemokinesis+1","floor":20},{"not_picked":["Shockwave","Whirlwind"],"picked":"Battle Trance","floor":22},{"not_picked":["Havoc+1","True Grit"],"picked":"Corruption","floor":25},{"not_picked":["Pommel Strike","Sword Boomerang","Rupture"],"picked":"SKIP","floor":27},{"not_picked":["Heavy Blade","Perfected Strike","Whirlwind"],"picked":"SKIP","floor":29}],"player_experience":928830,"relics_obtained":[{"floor":6,"key":"Ginger"},{"floor":9,"key":"StoneCalendar"},{"floor":11,"key":"Ancient Tea Set"},{"floor":25,"key":"Bag of Preparation"},{"floor":26,"key":"Smiling Mask"},{"floor":27,"key":"MawBank"}],"event_choices":[{"damage_healed":0,"gold_gain":0,"player_choice":"Lose Max HP","damage_taken":0,"relics_obtained":["Golden Idol"],"max_hp_gain":0,"max_hp_loss":6,"event_name":"Golden Idol","floor":2,"gold_loss":0},{"damage_healed":0,"gold_gain":0,"player_choice":"Success","damage_taken":3,"relics_obtained":["Mercury Hourglass"],"max_hp_gain":0,"max_hp_loss":0,"event_name":"Scrap Ooze","floor":3,"gold_loss":0},{"damage_healed":0,"gold_gain":0,"player_choice":"Became a Ghost","damage_taken":0,"max_hp_gain":0,"max_hp_loss":37,"event_name":"Ghosts","floor":19,"gold_loss":0,"cards_obtained":["Ghostly","Ghostly","Ghostly","Ghostly","Ghostly"]},{"damage_healed":0,"gold_gain":0,"player_choice":"2 cards matched","damage_taken":0,"max_hp_gain":0,"max_hp_loss":0,"event_name":"Match and Keep!","floor":21,"gold_loss":0,"cards_obtained":["Reaper","Flash of Steel"]},{"damage_healed":0,"gold_gain":0,"player_choice":"2 cards matched","damage_taken":0,"max_hp_gain":0,"max_hp_loss":0,"event_name":"Match and Keep!","floor":21,"gold_loss":0,"cards_obtained":["Reaper","Flash of Steel"]}],"is_beta":false,"boss_relics":[{"not_picked":["Pandora\u0027s Box","Busted Crown"],"picked":"Velvet Choker"}],"items_purged_floors":[14],"is_endless":false,"potions_floor_spawned":[4,10,11,12,16,18,20,22],"killed_by":"Champ","ascension_level":10}}