{"host":"2srookcy7001h5fw","time":1611129442,"event":{"mods":["ATMod(阿瑾Mod)","Act Like it!","Arknights The Spire","BaseMod","Colored Powertips","Friendly Minions","Gensokyo","GungeonMod","Hallownest","Kiyohime（清姬）","Luminous","Marisa（F雨　魔理沙）","Minty Spire (QoL Compilation)","Prisma Mod","Spicy Shops","StSLib","The Animator","The Blackbeard","The Mystic","WarShipGirlsR/战舰少女R mod"],"gold_per_floor":[113,113,113,132,132,132,161,215,215,225,225,235,235,249,249,249,249],"floor_reached":16,"language":"ZHS","playtime":798,"items_purged":[],"score":125,"play_id":"941aa19c-84a5-40d2-b54a-795807b445af","local_time":"20210120155722","is_ascension_mode":false,"campfire_choices":[{"floor":6,"key":"RECALL"},{"floor":13,"key":"DIG"},{"floor":15,"key":"DIG"}],"circlet_count":0,"master_deck":["ats:Strike C","ats:Strike G+1","ats:Strike S","ats:Strike V","ats:Armor Crushing Shot+1","ats:Defend","ats:Defend","ats:Defend","ats:Defend","ats:Emotion Absorption","AT_FamilyPortrait","ats:Childhood Dance","ats:Explosion Area Strengthen","Hallownest:curseDreamersLament","ats:Song Of Battle","ats:Burning Ground","ats:Part Time Job"],"relics":["ats:Sanity","AT_ATBox","NeowsBlessing","Shovel","Mummified Hand","Hallownest:TeacherSealRelic","ats:Originium","Vajra","AT_BellDemon","Toy Ornithopter","Hallownest:DreamNailRelic","Whetstone","AT_SilvercatRing","DemoMod:PinkGuonStone","Regal Pillow"],"acts_visited":["Hallownest:Greenpath"],"potions_floor_usage":[10,12],"damage_taken":[{"damage":0,"enemies":"Hallownest:monsterHuskWarrior","floor":1,"turns":1},{"damage":0,"enemies":"Hallownest:monsterHuskGuard","floor":4,"turns":1},{"damage":1,"enemies":"Hallownest:eliteCrystalGuardian","floor":7,"turns":1},{"damage":9,"enemies":"Hallownest:2_Baldur","floor":10,"turns":3},{"damage":16,"enemies":"Hallownest:Wandering_and_Horned","floor":12,"turns":5},{"damage":22,"enemies":"Hallownest:MossCreep_and_Mosskin","floor":14,"turns":4},{"damage":40,"enemies":"Hallownest:BossHornet","floor":16,"turns":9}],"seed_played":"2599953621808835178","potions_obtained":[{"floor":1,"key":"Regen Potion"},{"floor":10,"key":"SteroidPotion"},{"floor":12,"key":"ats:Emergency Sanity Potion"}],"is_trial":false,"path_per_floor":["M","?","?","M","?","R","E","T","T","M","?","M","R","M","R","B"],"character_chosen":"DOCTOR_CLASS","items_purchased":[],"campfire_rested":0,"item_purchase_floors":[],"current_hp_per_floor":[72,72,54,54,54,54,53,53,53,53,53,42,42,33,33,0,0],"gold":249,"neow_bonus":"THREE_ENEMY_KILL","is_daily":false,"chose_seed":false,"campfire_upgraded":0,"win_rate":0.0,"timestamp":1611129442,"path_taken":["M","?","?","M","?","R","E","?","T","M","?","M","R","M","R","BOSS"],"items_purchased_type":[],"build_version":"2020-12-22","purchased_purges":0,"victory":false,"max_hp_per_floor":[72,72,72,72,72,72,72,72,72,72,72,72,72,79,79,79,79],"card_choices":[{"not_picked":["ats:Assault Order","ats:Powerful Strike"],"picked":"ats:Childhood Dance","floor":1},{"not_picked":["ats:Poison Spread","ats:Directed Diagnosis"],"picked":"ats:Explosion Area Strengthen","floor":4},{"not_picked":["ats:Calcification","ats:Consecutive Shot Auto"],"picked":"ats:Song Of Battle","floor":7},{"not_picked":["ats:Powerful Strike","ats:Chain Hook"],"picked":"ats:Burning Ground","floor":10},{"not_picked":["ats:Blood Oath","ats:Assault Order"],"picked":"ats:Part Time Job","floor":12},{"not_picked":["ats:Powerful Strike","ats:Childhood Dance","ats:Flexible Camouflage"],"picked":"SKIP","floor":14}],"player_experience":613151,"relics_obtained":[{"floor":7,"key":"ats:Originium"},{"floor":7,"key":"Vajra"},{"floor":9,"key":"AT_BellDemon"},{"floor":10,"key":"Toy Ornithopter"},{"floor":12,"key":"Whetstone"},{"floor":13,"key":"AT_SilvercatRing"},{"floor":14,"key":"DemoMod:PinkGuonStone"},{"floor":15,"key":"Regal Pillow"}],"event_choices":[],"is_beta":false,"boss_relics":[],"items_purged_floors":[],"is_endless":false,"potions_floor_spawned":[1,10,12],"killed_by":"Hallownest:BossHornet","ascension_level":0}}