{"host":"9n6i2vl93jt4o42q","time":1611186550,"event":{"mods":["BaseMod","Minty Spire (QoL Compilation)","Relic Stats"],"gold_per_floor":[118,118,141,164,179,179,219,238,238,238,259,409,106,9,9,102,102,123,143,143,143,161,161,161,161],"floor_reached":24,"language":"ENG","playtime":1611,"items_purged":["Doubt"],"score":396,"play_id":"4e7eca7f-3e9f-4ce5-b0b9-75d81d898508","local_time":"20210121004910","is_ascension_mode":true,"campfire_choices":[{"data":"Cleave","floor":6.0,"key":"SMITH"},{"floor":10.0,"key":"REST"},{"data":"True Grit","floor":15.0,"key":"SMITH"},{"data":"Feed","floor":23,"key":"SMITH"}],"circlet_count":0,"master_deck":["AscendersBane","Strike_R","Strike_R","Strike_R","Defend_R","Defend_R","Defend_R","Defend_R","Bash","Inflame","Thunderclap","Cleave+1","Bloodletting","True Grit+1","Ghostly Armor","Sentinel","Headbutt","Shrug It Off","Feed+1","Battle Trance","Clothesline","Exhume","Power Through","Headbutt","Second Wind","Pommel Strike"],"relics":["Burning Blood","Golden Idol","Letter Opener","Gremlin Horn","Coffee Dripper"],"acts_visited":["Exordium","TheCity"],"potions_floor_usage":[16],"damage_taken":[{"damage":12.0,"enemies":"2 Louse","floor":1.0,"turns":3.0},{"damage":11.0,"enemies":"Jaw Worm","floor":3.0,"turns":4.0},{"damage":4.0,"enemies":"Small Slimes","floor":4.0,"turns":3.0},{"damage":12.0,"enemies":"Looter","floor":5.0,"turns":3.0},{"damage":32.0,"enemies":"Gremlin Nob","floor":7.0,"turns":4.0},{"damage":7.0,"enemies":"Exordium Thugs","floor":8.0,"turns":3.0},{"damage":1.0,"enemies":"2 Fungi Beasts","floor":11.0,"turns":2.0},{"damage":38,"enemies":"Slime Boss","floor":16,"turns":14},{"damage":25,"enemies":"2 Thieves","floor":18,"turns":5},{"damage":25,"enemies":"Shell Parasite","floor":19,"turns":4},{"damage":0,"enemies":"Centurion and Healer","floor":22,"turns":7},{"damage":60,"enemies":"Snecko","floor":24,"turns":10}],"seed_played":"6941760114460764877","potions_obtained":[{"floor":4.0,"key":"DistilledChaos"},{"floor":7.0,"key":"Explosive Potion"},{"floor":8.0,"key":"Explosive Potion"},{"floor":22,"key":"BloodPotion"}],"is_trial":false,"path_per_floor":["M","?","M","M","M","R","E","M","T","R","M","?","$","$","R","B",null,"M","M","?","?","M","R","M"],"character_chosen":"IRONCLAD","items_purchased":["Shrug It Off","Feed","Battle Trance","Clothesline"],"campfire_rested":1,"item_purchase_floors":[13,13,14,14],"current_hp_per_floor":[62,62,57,59,53,53,27,26,26,46,51,51,51,51,51,22,59,43,27,27,27,36,36,0,0],"gold":161,"neow_bonus":"THREE_CARDS","is_daily":false,"chose_seed":false,"campfire_upgraded":3,"win_rate":0.0,"timestamp":1611186550,"path_taken":["M","?","M","M","M","R","E","M","T","R","M","?","?","$","R","BOSS","M","M","?","?","M","R","M"],"items_purchased_type":["Card","Card","Card","Card"],"build_version":"2020-12-22","purchased_purges":1,"victory":false,"max_hp_per_floor":[75,68,68,68,68,68,68,68,68,68,68,68,68,68,68,71,71,74,77,77,77,80,80,80,80],"relic_stats":{"Gremlin Horn":[5,6],"counters":[12,62],"Golden Idol":60,"Letter Opener":[35],"obtain_stats":[{"Gremlin Horn":9,"Golden Idol":2,"Coffee Dripper":17,"Letter Opener":7,"Burning Blood":0},{"Gremlin Horn":6,"Golden Idol":1,"Coffee Dripper":8,"Letter Opener":5,"Burning Blood":0},{"Gremlin Horn":20,"Golden Idol":3,"Coffee Dripper":36,"Letter Opener":17,"Burning Blood":0}],"Burning Blood":66},"card_choices":[{"not_picked":["Headbutt","Feel No Pain"],"picked":"Inflame","floor":0.0},{"not_picked":["Body Slam","Rupture"],"picked":"Thunderclap","floor":1.0},{"not_picked":["Wild Strike","Sword Boomerang"],"picked":"Cleave","floor":3.0},{"not_picked":["Spot Weakness","Flex"],"picked":"Bloodletting","floor":4.0},{"not_picked":["Perfected Strike","Body Slam"],"picked":"True Grit","floor":5.0},{"not_picked":["Havoc","Clothesline"],"picked":"Ghostly Armor","floor":7.0},{"not_picked":["Hemokinesis","Sword Boomerang"],"picked":"Sentinel","floor":8.0},{"not_picked":["Infernal Blade","Dropkick"],"picked":"Headbutt","floor":11.0},{"not_picked":["Demon Form","Brutality"],"picked":"Exhume","floor":16},{"not_picked":["Headbutt","Anger","Twin Strike"],"picked":"SKIP","floor":18},{"not_picked":["Dark Embrace","Clash"],"picked":"Power Through","floor":19},{"not_picked":["Anger","Clash"],"picked":"Pommel Strike","floor":22}],"player_experience":2186829,"relics_obtained":[{"floor":7.0,"key":"Letter Opener"},{"floor":9.0,"key":"Gremlin Horn"}],"event_choices":[{"damage_healed":0.0,"max_hp_gain":0.0,"max_hp_loss":7.0,"gold_gain":0.0,"event_name":"Golden Idol","player_choice":"Lose Max HP","floor":2.0,"gold_loss":0.0,"damage_taken":0.0,"relics_obtained":["Golden Idol"]},{"damage_healed":0.0,"max_hp_gain":0.0,"max_hp_loss":0.0,"gold_gain":150.0,"event_name":"Liars Game","player_choice":"AGREE","floor":12.0,"gold_loss":0.0,"damage_taken":0.0,"cards_obtained":["Doubt"]},{"damage_healed":0,"gold_gain":0,"cards_transformed":["Strike_R","Strike_R"],"player_choice":"Became Test Subject","damage_taken":0,"max_hp_gain":0,"max_hp_loss":0,"event_name":"Drug Dealer","floor":20,"gold_loss":0,"cards_obtained":["Headbutt","Second Wind"]},{"damage_healed":0,"gold_gain":0,"player_choice":"Ignored","damage_taken":0,"max_hp_gain":0,"max_hp_loss":0,"event_name":"Cursed Tome","floor":21,"gold_loss":0}],"is_beta":false,"boss_relics":[{"not_picked":["Runic Cube","Runic Dome"],"picked":"Coffee Dripper"}],"items_purged_floors":[13],"is_endless":false,"potions_floor_spawned":[4,7,8,22],"killed_by":"Snecko","ascension_level":20}}