{"host":"avws0slrk61yon7w","time":1611142963,"event":{"mods":["AchievementEnabler","BaseMod","BetterRewards","Downfall","Minty Spire (QoL Compilation)","Relic Sorter","Shop Mod","StSLib","egg"],"gold_per_floor":[99,99,114,114,126,139,163,176,208,223,252,252,283,458,472,577,577,577,591,591,691,341,141,141,41,58,72,72,91,91,121,140,241,241,241,253,267,267,267,298,298,135,163,313,339,356,374,374,386,386,386,418,61,61,61,61,61,61],"floor_reached":56,"language":"ENG","playtime":5744,"items_purged":["Slimebound:Strike_Slimebound","Slimebound:Defend_Slimebound"],"score":970,"play_id":"9a2d2c17-ff54-4bcf-944d-516ab98fd577","local_time":"20210120044243","is_ascension_mode":true,"campfire_choices":[{"data":"Slimebound:SlimeSlap","floor":1,"key":"SMITH"},{"data":"Slimebound:TagTeam","floor":18,"key":"SMITH"},{"floor":23,"key":"RECALL"},{"data":"Sadistic Nature","floor":25,"key":"SMITH"},{"data":"Slimebound:LevelUp","floor":28,"key":"SMITH"},{"data":"Slimebound:LevelUp","floor":30,"key":"SMITH"},{"data":"Slimebound:Gluttony","floor":35,"key":"SMITH"},{"data":"Slimebound:PressTheAttack","floor":54,"key":"SMITH"}],"circlet_count":0,"master_deck":["Slimebound:Strike_Slimebound","Slimebound:Defend_Slimebound+1","Slimebound:Defend_Slimebound","Slimebound:Defend_Slimebound+1","Slimebound:Split","Slimebound:CorrosiveSpit","Slimebound:SlimeSlap+1","Slimebound:GoopSpray","Slimebound:PressTheAttack+1","Slimebound:GoopSpray","Slimebound:MassFeed","Slimebound:SamplingLick","Slimebound:LevelUp+1","Slimebound:Repurpose","Slimebound:TagTeam+1","Slimebound:GrowthPunch","Sadistic Nature+1","Slimebound:LevelUp+1","Slimebound:ItLooksTasty","Slimebound:SpikyOuterGoop+1","Slimebound:Gluttony+1","Slimebound:Recycling","Slimebound:LeadByExample+1","expansioncontent:Chronoboost","expansioncontent:Chronoboost"],"relics":["Slimebound:AbsorbEndCombat","Guardian:PocketSentry","Ice Cream","Lizard Tail","Pocketwatch","Empty Cage","downfall:GremlinWheel","downfall:HeartBlessingBlue","downfall:HeartBlessingGreen","Ginger","downfall:HeartBlessingRed","Philosopher\u0027s Stone","Centennial Puzzle","Shuriken","Toy Ornithopter","Mercury Hourglass","Slimebound:AggressiveSlimeRelic","Slimebound:SlimedTailRelic","Lantern","Bag of Preparation"],"acts_visited":["Exordium","TheCity","TheBeyond","TheEnding"],"potions_floor_usage":[9,11,13,13,13,16,16,16,16,21,22,33,39,43,50,50,50],"damage_taken":[{"damage":3,"enemies":"Jaw Worm","floor":3,"turns":4},{"damage":0,"enemies":"2 Louse","floor":5,"turns":2},{"damage":5,"enemies":"Small Slimes","floor":6,"turns":3},{"damage":1,"enemies":"Exordium Wildlife","floor":8,"turns":3},{"damage":24,"enemies":"Gremlin Nob","floor":9,"turns":4},{"damage":1,"enemies":"Red Slaver","floor":10,"turns":5},{"damage":1,"enemies":"3 Sentries","floor":11,"turns":4},{"damage":13,"enemies":"Gremlin Nob","floor":13,"turns":4},{"damage":0,"enemies":"3 Louse","floor":15,"turns":3},{"damage":30,"enemies":"WA_ARCHETYPE_RETAIN","floor":16,"turns":8},{"damage":8,"enemies":"Shell Parasite","floor":19,"turns":3},{"damage":21,"enemies":"Shell Parasite","floor":21,"turns":4},{"damage":0,"enemies":"downfall:FleeingMerchant","floor":22,"turns":4},{"damage":5,"enemies":"Sentry and Sphere","floor":26,"turns":3},{"damage":14,"enemies":"Centurion and Healer","floor":27,"turns":4},{"damage":0,"enemies":"Snecko","floor":29,"turns":3},{"damage":0,"enemies":"Slavers","floor":31,"turns":3},{"damage":0,"enemies":"3 Cultists","floor":32,"turns":3},{"damage":26,"enemies":"IC_MUSHROOM_ARCHETYPE","floor":33,"turns":5},{"damage":6,"enemies":"3 Shapes","floor":36,"turns":4},{"damage":12,"enemies":"3 Darklings","floor":37,"turns":4},{"damage":8,"enemies":"3 Darklings","floor":39,"turns":5},{"damage":19,"enemies":"Reptomancer","floor":40,"turns":5},{"damage":2,"enemies":"downfall:FleeingMerchant","floor":42,"turns":4},{"damage":3,"enemies":"Nemesis","floor":43,"turns":5},{"damage":0,"enemies":"Giant Head","floor":45,"turns":6},{"damage":7,"enemies":"Spire Growth","floor":46,"turns":3},{"damage":0,"enemies":"Transient","floor":47,"turns":5},{"damage":7,"enemies":"4 Shapes","floor":49,"turns":3},{"damage":34,"enemies":"SI_POISON_ARCHETYPE","floor":50,"turns":7},{"damage":84,"enemies":"downfall:CharBossMerchant","floor":52,"turns":7},{"damage":18,"enemies":"downfall:NeowBoss","floor":55,"turns":10},{"damage":134,"enemies":"downfall:NeowBossFinal","floor":56,"turns":9}],"seed_played":"-600872832739029465","potions_obtained":[{"floor":5,"key":"Fire Potion"},{"floor":6,"key":"GamblersBrew"},{"floor":8,"key":"DistilledChaos"},{"floor":10,"key":"EntropicBrew"},{"floor":19,"key":"ColorlessPotion"},{"floor":26,"key":"Block Potion"},{"floor":27,"key":"PowerPotion"},{"floor":31,"key":"PowerPotion"},{"floor":36,"key":"Guardian:BlockOnCardUsePotion"},{"floor":43,"key":"SmokeBomb"},{"floor":45,"key":"EssenceOfSteel"},{"floor":46,"key":"hexamod:SoulburnPotion"}],"is_trial":false,"path_per_floor":["R","?","M","?","M","M","T","M","E","M","E","?","E","?","M","B",null,"R","M","?","?","$","R","T","R","M","M","R","M","R","E","M","B",null,"R","M","M","T","?","E","T","$","E","?","E","M","M","?","M","B",null,"E","$","R","B","B"],"character_chosen":"SLIMEBOUND","items_purchased":["Sadistic Nature","Slimebound:LevelUp","ColorlessPotion","Bag of Preparation","FairyPotion","FairyPotion"],"campfire_rested":0,"item_purchase_floors":[22,22,42,53,53,53],"current_hp_per_floor":[65,47,50,50,54,53,53,58,36,39,46,46,39,39,51,29,71,71,65,65,50,58,68,68,68,67,64,64,70,70,79,83,80,87,87,84,78,78,78,67,67,73,83,83,90,85,90,85,92,70,96,20,20,20,10,0,0,0],"gold":61,"neow_bonus":"ONE_RANDOM_RARE_CARD","is_daily":false,"chose_seed":false,"campfire_upgraded":7,"win_rate":0.0,"timestamp":1611142963,"path_taken":["R","?","M","?","M","M","T","M","E","M","E","?","E","?","M","BOSS","R","M","?","?","$","R","T","R","?","M","R","M","R","E","M","BOSS","R","M","M","?","?","E","T","$","E","?","E","M","?","?","M","BOSS","E","$","R","BOSS","BOSS"],"items_purchased_type":["Card","Card","Potion","Relic","Potion","Potion"],"build_version":"2020-12-22","purchased_purges":2,"victory":false,"max_hp_per_floor":[65,65,65,65,65,65,65,65,65,65,65,65,65,65,71,71,71,71,71,71,71,71,81,81,81,81,84,84,84,84,87,87,87,87,87,87,87,87,87,87,87,87,87,87,90,90,90,90,96,96,96,96,96,96,96,96,96,96],"card_choices":[{"not_picked":["Slimebound:ComboTackle","Slimebound:SamplingLick"],"picked":"Slimebound:GoopSpray","floor":3},{"not_picked":["Slimebound:SamplingLick","Slimebound:FinishingTackle"],"picked":"Slimebound:PressTheAttack","floor":5},{"not_picked":["Slimebound:Prepare","Slimebound:Chomp","Slimebound:SamplingLick"],"picked":"SKIP","floor":6},{"not_picked":["Slimebound:SlimeBarrage","Slimebound:SlimeBrawl","Slimebound:ForwardTackle"],"picked":"SKIP","floor":8},{"not_picked":["Slimebound:SplitBruiser","Slimebound:LeechEnergy"],"picked":"Slimebound:GoopSpray","floor":9},{"not_picked":["Slimebound:FinishingTackle","Slimebound:Nibble"],"picked":"Slimebound:MassFeed","floor":10},{"not_picked":["Slimebound:MinionMaster","Slimebound:ProtectTheBoss"],"picked":"Slimebound:SamplingLick","floor":11},{"not_picked":["Slimebound:SlimeBrawl","Slimebound:SplitBruiser"],"picked":"Slimebound:LevelUp","floor":13},{"not_picked":["Slimebound:Schlurp","Slimebound:PressTheAttack"],"picked":"Slimebound:Repurpose","floor":15},{"not_picked":["Slimebound:Recycling","Slimebound:PrepareCrush"],"picked":"Slimebound:TagTeam","floor":16},{"not_picked":["Slimebound:SplitMire+1","Slimebound:FormOfPuddle"],"picked":"Slimebound:GrowthPunch","floor":19},{"not_picked":["Slimebound:Equalize","Slimebound:SplitMire","Slimebound:HauntingLick"],"picked":"SKIP","floor":22},{"not_picked":["Slimebound:RainOfGoop+1","Slimebound:RollThrough"],"picked":"Slimebound:ItLooksTasty","floor":26},{"not_picked":["Slimebound:SplitAcid","Slimebound:MassRepurpose"],"picked":"Slimebound:SpikyOuterGoop+1","floor":27},{"not_picked":["Slimebound:GoopSpray+1","Slimebound:ItLooksTasty","Slimebound:ProtectTheBoss"],"picked":"SKIP","floor":29},{"not_picked":["Slimebound:MegaLick+1","Slimebound:HungryTackle"],"picked":"Slimebound:Gluttony","floor":31},{"not_picked":["Slimebound:LeechEnergy","Slimebound:SplitMire","Slimebound:LevelUp"],"picked":"SKIP","floor":32},{"not_picked":["Slimebound:SlimeSlap","Slimebound:DouseInSlime"],"picked":"Slimebound:Recycling","floor":33},{"not_picked":["Slimebound:SamplingLick","Slimebound:SlimeBarrage+1","Slimebound:Dissolve"],"picked":"SKIP","floor":36},{"not_picked":["Slimebound:ItLooksTasty","Slimebound:SplitMire+1","Slimebound:GoopSpray"],"picked":"SKIP","floor":37},{"not_picked":["Slimebound:PressTheAttack","Slimebound:FinishingTackle"],"picked":"Slimebound:LeadByExample+1","floor":40},{"not_picked":["Slimebound:LeadByExample","Slimebound:Gluttony","Slimebound:SelfFormingGoo"],"picked":"SKIP","floor":42},{"not_picked":["Slimebound:Chomp+1","Slimebound:GrowthPunch+1","Slimebound:SplitBruiser+1"],"picked":"SKIP","floor":43},{"not_picked":["Slimebound:Chomp","Slimebound:MassFeed","Slimebound:LeadByExample"],"picked":"SKIP","floor":45},{"not_picked":["Slimebound:SplitAcid+1","Slimebound:PressTheAttack","Slimebound:LeechingTouch+1"],"picked":"SKIP","floor":46},{"not_picked":["Slimebound:LeechEnergy+1","Slimebound:PressTheAttack+1","Slimebound:Nibble"],"picked":"SKIP","floor":47},{"not_picked":["expansioncontent:GuardianWhirl","expansioncontent:AwakenDeath"],"picked":"expansioncontent:Chronoboost","floor":48},{"not_picked":["expansioncontent:Hexaburn","expansioncontent:GuardianWhirl"],"picked":"expansioncontent:Chronoboost","floor":48},{"not_picked":["Slimebound:Chomp","Slimebound:HauntingLick+1","Slimebound:ViciousTackle"],"picked":"SKIP","floor":49},{"not_picked":["Slimebound:SlimeSpikes+1","Slimebound:ViciousTackle","Slimebound:SamplingLick+1"],"picked":"SKIP","floor":52}],"player_experience":468724,"relics_obtained":[{"floor":9,"key":"Ice Cream"},{"floor":11,"key":"Lizard Tail"},{"floor":13,"key":"Pocketwatch"},{"floor":21,"key":"downfall:GremlinWheel"},{"floor":24,"key":"Ginger"},{"floor":31,"key":"War Paint"},{"floor":35,"key":"Centennial Puzzle"},{"floor":38,"key":"Shuriken"},{"floor":40,"key":"Toy Ornithopter"},{"floor":41,"key":"Mercury Hourglass"},{"floor":43,"key":"Slimebound:AggressiveSlimeRelic"},{"floor":45,"key":"Slimebound:SlimedTailRelic"},{"floor":52,"key":"Lantern"}],"event_choices":[{"damage_healed":0,"gold_gain":0,"player_choice":"Success","damage_taken":18,"relics_obtained":["Guardian:PocketSentry"],"max_hp_gain":0,"max_hp_loss":0,"event_name":"Scrap Ooze","floor":2,"gold_loss":0},{"damage_healed":0,"gold_gain":0,"player_choice":"Relic","damage_taken":0,"max_hp_gain":0,"max_hp_loss":0,"event_name":"Wheel of Change","floor":35,"gold_loss":0}],"is_beta":false,"boss_relics":[{"not_picked":["Runic Dome","Tiny House"],"picked":"Empty Cage"},{"not_picked":["Astrolabe","Coffee Dripper"],"picked":"Philosopher\u0027s Stone"}],"items_purged_floors":[22,42],"is_endless":false,"potions_floor_spawned":[5,6,8,10,19,26,27,31,36,43,45,46,49],"killed_by":"downfall:NeowBossFinal","ascension_level":1}}