{"host":"51mqhfpmwwd4kxyt","time":1611157448,"event":{"mods":["BaseMod","Downfall","Hermit","Highlight Path","Minty Spire (QoL Compilation)","READ ME - Guardian Mod","Remilia??????","StSLib","The Animator","The Bug Knight","The Cursed","The Jungle","The Servant 0.9.4"],"gold_per_floor":[109,109,125,135,135,135,149,149,149,224,112,127,138,152,152,152,152],"floor_reached":16,"language":"ENG","playtime":566,"items_purged":["Defend_G"],"score":127,"play_id":"14ea5537-8cd1-4e80-8fa4-77c662bf3f9e","local_time":"20210120104408","is_ascension_mode":true,"campfire_choices":[{"data":"Setup","floor":6,"key":"SMITH"},{"floor":8,"key":"REST"},{"data":"Tactician","floor":15,"key":"SMITH"}],"circlet_count":0,"master_deck":["Strike_G","Strike_G","Strike_G","Defend_G","Defend_G","Defend_G","Defend_G","Survivor","Neutralize","Concentrate","Setup+1","Die Die Die","Reflex","Blur","Tactician+1","Phantasmal Killer"],"relics":["Ring of the Snake","NeowsBlessing","Boot"],"acts_visited":["Exordium"],"potions_floor_usage":[16,16],"damage_taken":[{"damage":0,"enemies":"2 Louse","floor":1,"turns":1},{"damage":0,"enemies":"Small Slimes","floor":3,"turns":1},{"damage":0,"enemies":"Jaw Worm","floor":4,"turns":1},{"damage":5,"enemies":"2 Fungi Beasts","floor":7,"turns":7},{"damage":0,"enemies":"3 Louse","floor":12,"turns":2},{"damage":13,"enemies":"Large Slime","floor":13,"turns":14},{"damage":0,"enemies":"Red Slaver","floor":14,"turns":5},{"damage":58,"enemies":"Slime Boss","floor":16,"turns":16}],"seed_played":"-8249983133092757638","potions_obtained":[{"floor":3,"key":"GamblersBrew"},{"floor":7,"key":"SpeedPotion"},{"floor":14,"key":"BlessingOfTheForge"}],"is_trial":false,"path_per_floor":["M","?","M","M","?","R","M","R","T","?","$","M","M","M","R","B"],"character_chosen":"THE_SILENT","items_purchased":["Reflex"],"campfire_rested":1,"item_purchase_floors":[11],"current_hp_per_floor":[63,63,63,63,56,56,51,70,70,59,59,59,46,46,46,0,0],"gold":152,"neow_bonus":"THREE_ENEMY_KILL","is_daily":false,"chose_seed":false,"campfire_upgraded":2,"win_rate":0.0,"timestamp":1611157448,"path_taken":["M","?","M","M","?","R","M","R","T","?","?","M","M","M","R","BOSS"],"items_purchased_type":["Card"],"build_version":"2020-12-22","purchased_purges":1,"victory":false,"max_hp_per_floor":[70,70,70,70,70,70,70,70,70,70,70,70,70,70,70,70,70],"card_choices":[{"not_picked":["Deflect","Sucker Punch","Skewer"],"picked":"SKIP","floor":1},{"not_picked":["Blade Dance","Flying Knee"],"picked":"Concentrate","floor":3},{"not_picked":["Deflect","Sucker Punch"],"picked":"Setup","floor":4},{"not_picked":["Cloak And Dagger","Accuracy"],"picked":"Die Die Die","floor":7},{"not_picked":["Blade Dance","Bane"],"picked":"Blur","floor":12},{"not_picked":["Underhanded Strike","Infinite Blades"],"picked":"Tactician","floor":13},{"not_picked":["Heel Hook","Poisoned Stab"],"picked":"Phantasmal Killer","floor":14}],"player_experience":413481,"relics_obtained":[{"floor":9,"key":"Boot"}],"event_choices":[{"cards_removed":["Strike_G"],"damage_healed":0,"gold_gain":0,"player_choice":"Forget","damage_taken":0,"max_hp_gain":0,"max_hp_loss":0,"event_name":"Living Wall","floor":2,"gold_loss":0},{"cards_removed":["Strike_G"],"damage_healed":0,"gold_gain":0,"player_choice":"Card Removal","damage_taken":7,"max_hp_gain":0,"max_hp_loss":0,"event_name":"Golden Wing","floor":5,"gold_loss":0},{"damage_healed":0,"gold_gain":75,"player_choice":"Gather Gold","damage_taken":11,"max_hp_gain":0,"max_hp_loss":0,"event_name":"World of Goop","floor":10,"gold_loss":0}],"is_beta":false,"boss_relics":[],"items_purged_floors":[11],"is_endless":false,"potions_floor_spawned":[3,7,14],"killed_by":"Slime Boss","ascension_level":7}}