{"host":"ks0rgj8xgppw8yky","time":1611157075,"event":{"mods":["BaseMod","Better Match","Better Note","Better Sensory Stone","Colored Powertips","Conspire","Downfall","GungeonMod","Hubris","Jorbs\u0027s Wanderer Trilogy","Marisa????????","Melee Mod","Minty Spire (QoL Compilation)","Remilia??????","StSLib","The Bug Knight","The Cursed","The Druid","The Forsaken","The Jungle","The Servant 0.9.4"],"gold_per_floor":[112,37,52,227,502,518,534,189,242,242,257,276,276,302,302,401,401,414,431,114,182,221,221,264,264,335,352,371,371,382,421,421,516,516,533,533,552,43,93,124,124,136,136,136,136,136,136,154,154,154,154],"floor_reached":50,"language":"ENG","playtime":3580,"items_purged":["Strike_G","Regret","Strike_G","Strike_G"],"score":553,"play_id":"65900ed6-9ea0-4360-ac71-e19663e907b7","local_time":"20210120103753","is_ascension_mode":false,"campfire_choices":[{"data":"Dodge and Roll","floor":10,"key":"SMITH"},{"data":"Neutralize","floor":15,"key":"SMITH"},{"floor":23,"key":"REST"},{"floor":25,"key":"REST"},{"floor":29,"key":"REST"},{"floor":32,"key":"REST"},{"floor":41,"key":"REST"},{"floor":44,"key":"REST"},{"floor":49,"key":"REST"}],"circlet_count":0,"master_deck":["Strike_G","Strike_G","Defend_G","Defend_G","Defend_G","Defend_G","Defend_G","Survivor","Neutralize+1","Bouncing Flask+1","Choke","Doubt","Dodge and Roll+1","Prepared","After Image","Backstab+1","Die Die Die+1","Sucker Punch+1","HandOfGreed+1","Backflip","Poisoned Stab+1","Dash+1","Quick Slash+1","Quick Slash+1","Flying Knee+1","Quick Slash+1","Poisoned Stab+1","Dodge and Roll+1","theForsaken:PlagueCurse","Footwork"],"relics":["Runic Dome","Singing Bowl","Boot","Molten Egg 2","WristBlade","Gremlin Horn","hubris:HollowSoul","Strawberry","Vajra","Du-Vu Doll","Bird Faced Urn","DemoMod:OrangeGuonStone","theForsaken:PlagueMask"],"acts_visited":["Exordium","TheCity","TheBeyond"],"potions_floor_usage":[14,14,16,33,33,33,48,50],"damage_taken":[{"damage":0,"enemies":"Small Slimes","floor":1,"turns":4},{"damage":0,"enemies":"conspire:RoseBush","floor":3,"turns":3},{"damage":1,"enemies":"Cultist","floor":6,"turns":4},{"damage":3,"enemies":"3 Louse","floor":7,"turns":4},{"damage":8,"enemies":"Gremlin Gang","floor":11,"turns":6},{"damage":0,"enemies":"2 Fungi Beasts","floor":12,"turns":5},{"damage":0,"enemies":"3 Sentries","floor":14,"turns":6},{"damage":49,"enemies":"Slime Boss","floor":16,"turns":17},{"damage":4,"enemies":"2 Thieves","floor":18,"turns":3},{"damage":30,"enemies":"Centurion and Healer","floor":19,"turns":8},{"damage":0,"enemies":"Cultist and Chosen","floor":21,"turns":6},{"damage":10,"enemies":"Shelled Parasite and Fungi","floor":22,"turns":6},{"damage":18,"enemies":"Sentry and Sphere","floor":24,"turns":7},{"damage":0,"enemies":"Centurion and Healer","floor":27,"turns":5},{"damage":3,"enemies":"Shelled Parasite and Fungi","floor":28,"turns":5},{"damage":10,"enemies":"conspire:HollyBat","floor":30,"turns":8},{"damage":5,"enemies":"Cultist and Chosen","floor":31,"turns":5},{"damage":61,"enemies":"Automaton","floor":33,"turns":11},{"damage":3,"enemies":"Orb Walker","floor":35,"turns":2},{"damage":0,"enemies":"3 Shapes","floor":37,"turns":3},{"damage":0,"enemies":"Mind Bloom Boss Battle","floor":39,"turns":3},{"damage":63,"enemies":"Nemesis","floor":40,"turns":6},{"damage":49,"enemies":"Writhing Mass","floor":42,"turns":5},{"damage":0,"enemies":"Jaw Worm Horde","floor":48,"turns":4},{"damage":21,"enemies":"Awakened One","floor":50,"turns":3}],"seed_played":"-7601858870305940042","potions_obtained":[{"floor":1,"key":"AttackPotion"},{"floor":6,"key":"Fire Potion"},{"floor":12,"key":"BlessingOfTheForge"},{"floor":14,"key":"DuplicationPotion"},{"floor":18,"key":"Strength Potion"},{"floor":24,"key":"champ:CounterPotion"},{"floor":27,"key":"Poison Potion"},{"floor":31,"key":"Explosive Potion"},{"floor":33,"key":"Slimebound:ThreeZeroPotion"},{"floor":37,"key":"Guardian:BlockOnCardUsePotion"},{"floor":40,"key":"Block Potion"},{"floor":48,"key":"AttackPotion"}],"is_trial":false,"path_per_floor":["M","$","M","?","?","M","M","$","T","R","M","M","?","E","R","B",null,"M","M","$","M","M","R","M","R","T","M","M","R","M","M","R","B",null,"M","?","M","$","?","E","R","M","T","R","T","?","?","M","R","B"],"character_chosen":"THE_SILENT","items_purchased":["Singing Bowl","HandOfGreed+1","Poisoned Stab+1","Strawberry","Vajra"],"campfire_rested":7,"item_purchase_floors":[8,20,38,38,38],"current_hp_per_floor":[70,70,70,70,70,69,66,66,66,66,60,60,60,60,60,11,72,70,40,40,40,30,52,34,56,56,58,55,76,66,63,78,19,80,77,77,77,84,84,23,49,4,4,31,31,31,31,33,60,0,0],"gold":154,"neow_bonus":"BOSS_RELIC","is_daily":false,"chose_seed":false,"campfire_upgraded":2,"win_rate":0.0,"timestamp":1611157073,"path_taken":["M","$","M","?","?","M","M","$","T","R","?","M","?","E","R","BOSS","M","M","$","M","?","R","M","R","T","M","M","R","M","M","R","BOSS","M","?","M","$","?","E","R","M","T","R","?","?","?","M","R","BOSS"],"items_purchased_type":["Relic","Card","Card","Relic","Relic"],"build_version":"2020-12-22","purchased_purges":4,"victory":false,"max_hp_per_floor":[70,70,70,70,70,70,70,70,70,70,72,72,72,72,72,72,72,74,74,74,74,74,74,74,74,74,76,76,76,76,78,78,80,80,80,80,80,87,87,89,89,91,91,91,91,91,91,91,91,91,91],"card_choices":[{"not_picked":["hubris:TrickCloak","Underhanded Strike"],"picked":"Bouncing Flask","floor":1},{"not_picked":["Accuracy","hubris:TrickCloak"],"picked":"Choke","floor":3},{"not_picked":["Cloak And Dagger","Expertise"],"picked":"Dodge and Roll","floor":6},{"not_picked":["Outmaneuver","PiercingWail"],"picked":"Prepared","floor":7},{"not_picked":["Tactician","Cloak And Dagger","hubris:SlightOfHand"],"picked":"Singing Bowl","floor":11},{"not_picked":["conspire:PoisonWeapons","Dodge and Roll"],"picked":"After Image","floor":12},{"not_picked":["conspire:PoisonWeapons","hubris:TrickCloak"],"picked":"Backstab+1","floor":14},{"not_picked":["Unload+1","Malaise"],"picked":"Die Die Die+1","floor":16},{"not_picked":["Underhanded Strike+1","Accuracy","Flying Knee+1"],"picked":"Singing Bowl","floor":18},{"not_picked":["conspire:DoublingDagger","hubris:SlightOfHand"],"picked":"Sucker Punch+1","floor":19},{"not_picked":["Well Laid Plans","Underhanded Strike+1"],"picked":"Backflip","floor":21},{"not_picked":["Distraction","Masterful Stab+1"],"picked":"Poisoned Stab+1","floor":22},{"not_picked":["Caltrops","Bane+1"],"picked":"Dash+1","floor":24},{"not_picked":["Blade Dance","Eviscerate+1","Dodge and Roll+1"],"picked":"Singing Bowl","floor":27},{"not_picked":["Cloak And Dagger","Reflex"],"picked":"Quick Slash+1","floor":28},{"not_picked":["Blade Dance","Deflect"],"picked":"Quick Slash+1","floor":30},{"not_picked":["Underhanded Strike+1","Terror","Concentrate+1"],"picked":"Singing Bowl","floor":31},{"not_picked":["Malaise","Wraith Form v2","Unload+1"],"picked":"Singing Bowl","floor":33},{"not_picked":["Choke+1","Acrobatics+1"],"picked":"Flying Knee+1","floor":35},{"not_picked":["Outmaneuver","Well Laid Plans+1"],"picked":"Quick Slash+1","floor":37},{"not_picked":["Blur","All Out Attack+1"],"picked":"Dodge and Roll+1","floor":39},{"not_picked":["Well Laid Plans","Prepared+1","Choke+1"],"picked":"Singing Bowl","floor":40},{"not_picked":["Setup","Underhanded Strike+1","Masterful Stab+1"],"picked":"Singing Bowl","floor":42},{"not_picked":["Night Terror","Flying Knee+1"],"picked":"Footwork","floor":48}],"player_experience":1009702,"relics_obtained":[{"floor":9,"key":"Boot"},{"floor":14,"key":"Molten Egg 2"},{"floor":26,"key":"Gremlin Horn"},{"floor":39,"key":"Du-Vu Doll"},{"floor":40,"key":"Bird Faced Urn"},{"floor":43,"key":"DemoMod:OrangeGuonStone"}],"event_choices":[{"damage_healed":0,"gold_gain":175,"player_choice":"AGREE","damage_taken":0,"max_hp_gain":0,"max_hp_loss":0,"event_name":"Liars Game","floor":4,"gold_loss":0,"cards_obtained":["Doubt"]},{"damage_healed":0,"gold_gain":275,"player_choice":"Desecrate","damage_taken":0,"max_hp_gain":0,"max_hp_loss":0,"event_name":"Golden Shrine","floor":5,"gold_loss":0,"cards_obtained":["Regret"]},{"damage_healed":0,"gold_gain":0,"player_choice":"Forge","damage_taken":0,"max_hp_gain":0,"max_hp_loss":0,"event_name":"Accursed Blacksmith","floor":13,"gold_loss":0,"cards_upgraded":["Bouncing Flask"]},{"damage_healed":0,"gold_gain":0,"player_choice":"Leave","damage_taken":0,"max_hp_gain":0,"max_hp_loss":0,"event_name":"conspire:Investor","floor":36,"gold_loss":0},{"damage_healed":0,"gold_gain":0,"player_choice":"Fight","damage_taken":0,"max_hp_gain":0,"max_hp_loss":0,"event_name":"MindBloom","floor":39,"gold_loss":0},{"damage_healed":0,"gold_gain":0,"player_choice":"Ignored","damage_taken":0,"max_hp_gain":0,"max_hp_loss":0,"event_name":"Mysterious Sphere","floor":46,"gold_loss":0},{"damage_healed":0,"gold_gain":0,"player_choice":"Obtain Plague Curse","damage_taken":0,"max_hp_gain":0,"max_hp_loss":0,"event_name":"Plague Doctor","floor":47,"gold_loss":0,"cards_obtained":["theForsaken:PlagueCurse"]}],"is_beta":false,"boss_relics":[{"not_picked":["Calling Bell","Empty Cage"],"picked":"WristBlade"},{"not_picked":["HoveringKite","hubris:BlackHole"],"picked":"hubris:HollowSoul"}],"items_purged_floors":[2,8,20,38],"is_endless":false,"potions_floor_spawned":[1,6,12,14,18,24,27,31,33,37,40,48],"killed_by":"Awakened One","ascension_level":0}}