{"host":"xxyfyv4t3rs3ce5d","time":1611183190,"event":{"mods":["BaseMod","Hubris","Infinite Spire","Minty Spire (QoL Compilation)","Replay The Spire","Shop Mod","StSLib","The Jungle"],"gold_per_floor":[115,290,290,365,385,385,396,396,420,420,495,531,5,26,26,156,156,181,206,219,234,234,234,234,80,80,98,98,98,98,111,111,210,210,220,270,17,17,17,44,0,0,27,46,64,64,80,96,96,96,96,96,96,122,122],"floor_reached":56,"language":"ENG","playtime":1857,"items_purged":["Doubt","Amnesia"],"score":1425,"play_id":"629b0c5d-9ed2-4bcf-8700-1b6002418aa9","local_time":"20210120175310","is_ascension_mode":false,"campfire_choices":[{"data":"Zap","floor":6,"key":"SMITH"},{"data":"Dramatic Entrance","floor":8,"key":"SMITH"},{"data":"Dualcast","floor":15,"key":"SMITH"},{"data":"hubris:InfiniteBlow+34","floor":24,"key":"SMITH"},{"data":"Electrodynamics","floor":28,"key":"SMITH"},{"data":"hubris:InfiniteBlow+35","floor":30,"key":"SMITH"},{"floor":32,"key":"RECALL"},{"data":"hubris:InfiniteBlow+36","floor":42,"key":"SMITH"},{"data":"hubris:InfiniteBlow+37","floor":46,"key":"SMITH"},{"data":"hubris:InfiniteBlow+38","floor":49,"key":"SMITH"},{"data":"hubris:InfiniteBlow+39","floor":52,"key":"SMITH"}],"circlet_count":0,"master_deck":["Strike_B","Strike_B","Strike_B","Strike_B","Defend_B","Defend_B","Defend_B","Defend_B","Zap+1","Dualcast+1","Dramatic Entrance+1","Electrodynamics+1","Leap+1","hubris:InfiniteBlow+40","Machine Learning","Secret Weapon+1","Parasite"],"relics":["Cracked Core","Anchor","Bloody Idol","infinitespire:Satchel","hubris:Reverence","Vajra","Lizard Tail","Inserter","Sling","Enchiridion","hubris:VirtuousBlindfold","Ring of Greed","Golden Egg","Tiny Chest","Ring of Misfortune","hubris:BallOfYels","hubris:Towel","Bag of Preparation","Red Mask","ReplayTheSpireMod:Lightbulb","Thread and Needle"],"acts_visited":["Exordium","TheCity","TheBeyond","TheEnding"],"potions_floor_usage":[5,12,12,12,12,12,16,19,20],"damage_taken":[{"damage":6,"enemies":"Jaw Worm","floor":1,"turns":2},{"damage":0,"enemies":"2 Louse","floor":5,"turns":2},{"damage":0,"enemies":"Small Slimes","floor":7,"turns":2},{"damage":0,"enemies":"3 Sentries","floor":12,"turns":5},{"damage":0,"enemies":"2 Fungi Beasts","floor":14,"turns":2},{"damage":55,"enemies":"Hexaghost","floor":16,"turns":12},{"damage":14,"enemies":"Spheric Guardian","floor":18,"turns":4},{"damage":0,"enemies":"3 Byrds","floor":19,"turns":2},{"damage":0,"enemies":"Cultist and Chosen","floor":20,"turns":4},{"damage":5,"enemies":"Snecko","floor":21,"turns":5},{"damage":0,"enemies":"Centurion and Healer","floor":27,"turns":4},{"damage":0,"enemies":"Shelled Parasite and Fungi","floor":31,"turns":2},{"damage":0,"enemies":"Champ","floor":33,"turns":1},{"damage":0,"enemies":"3 Shapes","floor":35,"turns":3},{"damage":0,"enemies":"Reptomancer","floor":40,"turns":2},{"damage":0,"enemies":"3 Darklings","floor":44,"turns":2},{"damage":0,"enemies":"Jaw Worm Horde","floor":45,"turns":2},{"damage":0,"enemies":"Spire Growth","floor":47,"turns":3},{"damage":0,"enemies":"3 Darklings","floor":48,"turns":2},{"damage":5,"enemies":"Donu and Deca","floor":50,"turns":3},{"damage":0,"enemies":"Shield and Spear","floor":54,"turns":3},{"damage":113,"enemies":"The Heart","floor":55,"turns":7}],"seed_played":"-1190696935658177323","potions_obtained":[{"floor":1,"key":"Swift Potion"},{"floor":5,"key":"Reflective Coating"},{"floor":7,"key":"PotionOfCapacity"},{"floor":11,"key":"EntropicBrew"},{"floor":16,"key":"Doom Potion"},{"floor":18,"key":"Swift Potion"},{"floor":19,"key":"Explosive Potion"},{"floor":20,"key":"BlessingOfTheForge"},{"floor":33,"key":"Ancient Potion"},{"floor":44,"key":"PotionOfCapacity"},{"floor":47,"key":"FairyPotion"}],"is_trial":false,"path_per_floor":["M","?","?","?","M","R","M","R","T","?","?","E","$","M","R","B",null,"M","M","M","M","?","?","R","$","T","M","R","?","R","M","R","B",null,"M","?","$","?","?","E","?","R","T","M","M","R","M","M","R","B",null,"R","$","E","B",null],"character_chosen":"DEFECT","items_purchased":["Vajra","Lizard Tail","Sling","hubris:BallOfYels"],"campfire_rested":0,"item_purchase_floors":[13,13,25,37],"current_hp_per_floor":[69,69,69,58,58,58,58,58,58,40,22,22,22,22,22,7,75,61,61,61,56,39,39,39,39,39,44,44,28,28,33,33,38,75,75,75,75,75,75,75,75,75,75,75,75,75,75,75,75,70,75,75,75,75,10],"gold":122,"neow_bonus":"RANDOM_COLORLESS","is_daily":false,"chose_seed":false,"campfire_upgraded":10,"win_rate":0.0,"timestamp":1611183190,"path_taken":["M","?","?","?","M","R","M","R","T","?","?","E","?","?","R","BOSS","M","M","M","M","?","?","R","$","T","M","R","?","R","M","R","BOSS","M","?","$","?","?","E","?","R","T","M","M","R","M","M","R","BOSS","R","$","E","BOSS"],"items_purchased_type":["Relic","Relic","Relic","Relic"],"build_version":"2020-12-22","purchased_purges":2,"victory":true,"max_hp_per_floor":[75,75,75,75,75,75,75,75,75,75,75,75,75,75,75,75,75,75,75,75,75,75,75,75,75,75,75,75,75,75,75,75,75,75,75,75,75,75,75,75,75,75,75,75,75,75,75,75,75,75,75,75,75,75,75],"card_choices":[{"not_picked":["Forethought","Swift Strike"],"picked":"Dramatic Entrance","floor":0},{"not_picked":["Melter","Beam Cell","Sweeping Beam"],"picked":"SKIP","floor":1},{"not_picked":["Glacier","Cold Snap","FIFO Queue"],"picked":"SKIP","floor":5},{"not_picked":["Force Field","Beam Cell","Coolheaded"],"picked":"SKIP","floor":7},{"not_picked":["Doom and Gloom","Hyperbeam","ReplaySort"],"picked":"SKIP","floor":12},{"not_picked":["ReplayTheSpireMod:GoodbyeWorld","Double Energy","Sunder"],"picked":"SKIP","floor":14},{"not_picked":["Echo Form","Seek"],"picked":"Electrodynamics","floor":16},{"not_picked":["Coolheaded","Hello World+1"],"picked":"Leap+1","floor":18},{"not_picked":["Cold Snap","Blizzard","Conserve Battery+1"],"picked":"SKIP","floor":19},{"not_picked":["Cold Snap+1","Turbo+1","Beam Cell"],"picked":"SKIP","floor":20},{"not_picked":["Meteor Strike","Glacier+1","Sweeping Beam"],"picked":"SKIP","floor":21},{"not_picked":["infinitespire:Gouge","infinitespire:Collect"],"picked":"hubris:InfiniteBlow+34","floor":22},{"not_picked":["Rebound","Undo+1","ReplayGash"],"picked":"SKIP","floor":27},{"not_picked":["Cold Snap+1","Panic Button","Redo"],"picked":"SKIP","floor":31},{"not_picked":["Echo Form","hubris:SpecializedCircuitry"],"picked":"Machine Learning","floor":33},{"not_picked":["Conserve Battery+1","ReplayTheSpireMod:GoodbyeWorld","BootSequence"],"picked":"SKIP","floor":35},{"not_picked":["ReplayTheSpireMod:Brewmster","Replay:Sssssssssshield"],"picked":"Secret Weapon","floor":39},{"not_picked":["All For One","Steam+1","Genetic Algorithm"],"picked":"SKIP","floor":40},{"not_picked":["Auto Shields","hubris:PowerSurge","Rebound+1"],"picked":"SKIP","floor":44},{"not_picked":["Stack","Steam+1","ReplayGash+1"],"picked":"SKIP","floor":45},{"not_picked":["Fusion+1","Turbo+1","Stack"],"picked":"SKIP","floor":47},{"not_picked":["Turbo+1","Compile Driver+1","Coolheaded+1"],"picked":"SKIP","floor":48},{"not_picked":["Creative AI","ReplaySolidLightProjector","Doom and Gloom"],"picked":"SKIP","floor":54}],"player_experience":200981,"relics_obtained":[{"floor":9,"key":"Anchor"},{"floor":11,"key":"infinitespire:Satchel"},{"floor":12,"key":"hubris:Reverence"},{"floor":29,"key":"Enchiridion"},{"floor":36,"key":"Ring of Greed"},{"floor":36,"key":"Golden Egg"},{"floor":36,"key":"Tiny Chest"},{"floor":36,"key":"Ring of Misfortune"},{"floor":40,"key":"Bag of Preparation"},{"floor":43,"key":"ReplayTheSpireMod:Lightbulb"},{"floor":54,"key":"Thread and Needle"}],"event_choices":[{"damage_healed":0,"gold_gain":175,"player_choice":"AGREE","damage_taken":0,"max_hp_gain":0,"max_hp_loss":0,"event_name":"Liars Game","floor":2,"gold_loss":0,"cards_obtained":["Doubt"]},{"damage_healed":0,"gold_gain":75,"player_choice":"Gather Gold","damage_taken":11,"max_hp_gain":0,"max_hp_loss":0,"event_name":"World of Goop","floor":4,"gold_loss":0},{"damage_healed":0,"gold_gain":0,"player_choice":"Take Damage","damage_taken":18,"relics_obtained":["Golden Idol"],"max_hp_gain":0,"max_hp_loss":0,"event_name":"Golden Idol","floor":10,"gold_loss":0},{"damage_healed":0,"gold_gain":0,"player_choice":"Gave Idol","damage_taken":0,"relics_obtained":["Bloody Idol"],"max_hp_gain":0,"max_hp_loss":0,"event_name":"Forgotten Altar","floor":23,"relics_lost":["Golden Idol"],"gold_loss":0},{"damage_healed":0,"gold_gain":0,"player_choice":"Obtained Book","damage_taken":16,"max_hp_gain":0,"max_hp_loss":0,"event_name":"Cursed Tome","floor":29,"gold_loss":0},{"damage_healed":0,"gold_gain":0,"player_choice":"Memory 1","damage_taken":0,"max_hp_gain":0,"max_hp_loss":0,"event_name":"SensoryStone","floor":39,"gold_loss":0},{"damage_healed":0,"gold_gain":0,"player_choice":"Paid","damage_taken":0,"relics_obtained":["Red Mask"],"max_hp_gain":0,"max_hp_loss":0,"event_name":"Tomb of Lord Red Mask","floor":41,"gold_loss":44}],"is_beta":false,"boss_relics":[{"not_picked":["Philosopher\u0027s Stone","hubris:ScarierMask"],"picked":"Inserter"},{"not_picked":["ReplayTheSpireMod:DimensionalGlitch","hubris:BlackHole"],"picked":"hubris:VirtuousBlindfold"}],"items_purged_floors":[13,37],"is_endless":false,"potions_floor_spawned":[1,5,7,16,18,19,20,33,44,47],"ascension_level":0}}