{"host":"zxd2l8an9de7z7b9","time":1611130598,"event":{"mods":["100% Spire Juice","2.2 Compatiblity","Arknights The Spire","BaseMod","CapriCore","Colored Map","Colored Powertips","GungeonMod","Minty Spire (QoL Compilation)","Rare Cards Sparkle","Replay The Spire","StSLib","SuperFastMode"],"gold_per_floor":[110,110,130,141,66,66,66,78,101,131,145,145,45,64,64,64,64],"floor_reached":16,"language":"KOR","playtime":532,"items_purged":["ats:Strike V","ats:Defend"],"score":102,"play_id":"9fdcf357-afca-4b12-bd05-d62b39f04fdd","local_time":"20210120171638","is_ascension_mode":false,"campfire_choices":[{"data":"ats:Armor Crushing Shot","floor":6.0,"key":"SMITH"},{"data":"ats:Shell Defense","floor":12,"key":"SMITH"},{"data":"ats:Ignite","floor":15,"key":"SMITH"}],"circlet_count":0,"master_deck":["ats:Strike G","ats:Armor Crushing Shot+1","ats:Defend","ats:Defend","ats:Defend","ats:Emotion Absorption","ats:Childhood Dance","ats:Ignite+1","ats:Sword Rain","ats:Composite Medical Shells","ats:Rat Pack","ats:Shell Defense+1","ats:LN2 Cannon"],"relics":["ats:Sanity","Bag of Preparation","ats:Originium","Snack Pack"],"acts_visited":["Exordium"],"potions_floor_usage":[],"damage_taken":[{"damage":0.0,"enemies":"Small Slimes","floor":1.0,"turns":3.0},{"damage":0.0,"enemies":"Jaw Worm","floor":3.0,"turns":5.0},{"damage":2.0,"enemies":"2 Louse","floor":4.0,"turns":3.0},{"damage":10.0,"enemies":"Large Slime","floor":8.0,"turns":6.0},{"damage":28,"enemies":"Gremlin Nob","floor":10,"turns":4},{"damage":5,"enemies":"Exordium Thugs","floor":11,"turns":4},{"damage":6,"enemies":"Blue Slaver","floor":14,"turns":5},{"damage":32,"enemies":"The Guardian","floor":16,"turns":2}],"seed_played":"1819904436085515873","potions_obtained":[{"floor":10,"key":"Elixir"},{"floor":11,"key":"LiquidBronze"}],"is_trial":false,"path_per_floor":["M","?","M","M","$","R","?","M","T","E","M","R","$","M","R","B"],"character_chosen":"DOCTOR_CLASS","items_purchased":[],"campfire_rested":0,"item_purchase_floors":[],"current_hp_per_floor":[72,77,77,75,75,75,75,65,65,37,32,32,32,31,31,0,0],"gold":64,"neow_bonus":"REMOVE_CARD","is_daily":false,"chose_seed":false,"campfire_upgraded":3,"win_rate":0.0,"timestamp":1611130598,"path_taken":["M","?","M","M","$","R","?","M","T","E","M","R","$","M","R","BOSS"],"items_purchased_type":[],"build_version":"2020-12-22","purchased_purges":2,"victory":false,"max_hp_per_floor":[72,77,77,77,77,77,77,77,77,77,77,77,77,77,77,77,77],"card_choices":[{"not_picked":["ats:Ignite","ats:Neurotoxin"],"picked":"ats:Childhood Dance","floor":1.0},{"not_picked":["ats:Steam Pump","ats:Revitalization"],"picked":"ats:Ignite","floor":3.0},{"not_picked":["ats:Poison Spread","ats:Powerful Strike"],"picked":"ats:Sword Rain","floor":4.0},{"not_picked":["ats:Childhood Dance","ats:Explosion Area Strengthen"],"picked":"ats:Composite Medical Shells","floor":8.0},{"not_picked":["ats:Volcano","ats:Shadow Raid"],"picked":"ats:Rat Pack","floor":10},{"not_picked":["ats:Consecutive Shot Auto","ats:Charging Defense"],"picked":"ats:Shell Defense","floor":11},{"not_picked":["ats:Leaping Hammer","ats:Childhood Dance"],"picked":"ats:LN2 Cannon","floor":14}],"player_experience":343295,"relics_obtained":[{"floor":9.0,"key":"Bag of Preparation"},{"floor":10,"key":"ats:Originium"},{"floor":10,"key":"Snack Pack"}],"event_choices":[{"damage_healed":0.0,"max_hp_gain":5.0,"max_hp_loss":0.0,"gold_gain":0.0,"event_name":"Big Fish","player_choice":"Donut","floor":2.0,"gold_loss":0.0,"damage_taken":0.0}],"is_beta":false,"boss_relics":[],"items_purged_floors":[5,13],"is_endless":false,"potions_floor_spawned":[10,11],"killed_by":"The Guardian","ascension_level":0}}