{"host":"chv1qanoipyt46jc","time":1611123462,"event":{"mods":["2.2 Compatiblity","AchievementEnabler","BaseMod","BetterRewards","CapriCore","Card Filter","Evolution","Gold Saver","Grow up Mod","Kratos Character Expansion","Minty Spire (QoL Compilation)","Rare Cards Sparkle","Relic Filter","Remove Card Discount Mod","Reorder Act Four","StSLib"],"gold_per_floor":[822,842,857,868,883,910,927,927,927,927,940,974,986,978,978,1075,1075,1086,1086,1086,1101,1101,1112,1144,1163,1163,1189,1209,1221,1237,1248,1248,1351,1351,1367,1367,1385,1396,1411,1437,1437,1448,1448,1473,1523,1523,1538,1552,1552,1552,1552,1552,1552,1584,1584],"floor_reached":56,"language":"ENG","playtime":1562,"items_purged":["CrushJoints","CrushJoints","CrushJoints","Evaluate","Evaluate","Eruption","Vigilance","Evaluate","CrushJoints","Prostrate","Pray","Evaluate"],"score":1696,"play_id":"26ca8362-c41a-496f-803e-b470eebeb0be","local_time":"20210120001742","is_ascension_mode":false,"campfire_choices":[{"data":"PathToVictory","floor":15,"key":"SMITH"},{"data":"PathToVictory","floor":32,"key":"SMITH"},{"floor":41,"key":"RECALL"},{"data":"Madness","floor":49,"key":"SMITH"},{"floor":53,"key":"REST"}],"circlet_count":0,"master_deck":["PathToVictory+1","PathToVictory+1","PathToVictory+1","PathToVictory+1","Madness+1","Madness+1"],"relics":["PureWater","EVO:Axolotl","Gremlin Horn","Turnip","Medical Kit","TungstenRod","Ornamental Fan","Ginger","Black Star","Bronze Scales","Question Card","The Courier","Sundial","Mercury Hourglass","SacredBark","Strawberry","Yang","War Paint","KratosMod:minohorn","Frozen Egg 2","Peace Pipe","Art of War","Blood Vial"],"acts_visited":["Exordium","TheCity","TheBeyond","TheEnding"],"potions_floor_usage":[55,55,55],"damage_taken":[{"damage":1,"enemies":"Small Slimes","floor":1,"turns":2},{"damage":0,"enemies":"Jaw Worm","floor":2,"turns":2},{"damage":0,"enemies":"Cultist","floor":3,"turns":3},{"damage":2,"enemies":"Red Slaver","floor":4,"turns":2},{"damage":5,"enemies":"Large Slime","floor":5,"turns":4},{"damage":24,"enemies":"3 Sentries","floor":6,"turns":9},{"damage":2,"enemies":"Gremlin Gang","floor":7,"turns":3},{"damage":0,"enemies":"Exordium Thugs","floor":11,"turns":2},{"damage":0,"enemies":"Gremlin Nob","floor":12,"turns":2},{"damage":0,"enemies":"3 Louse","floor":13,"turns":1},{"damage":83,"enemies":"Hexaghost","floor":16,"turns":4},{"damage":8,"enemies":"Chosen","floor":18,"turns":2},{"damage":0,"enemies":"3 Byrds","floor":21,"turns":2},{"damage":14,"enemies":"Snecko","floor":23,"turns":3},{"damage":36,"enemies":"Gremlin Leader","floor":24,"turns":3},{"damage":8,"enemies":"Chosen and Byrds","floor":25,"turns":2},{"damage":30,"enemies":"Book of Stabbing","floor":27,"turns":3},{"damage":15,"enemies":"Shelled Parasite and Fungi","floor":28,"turns":2},{"damage":0,"enemies":"Snecko","floor":29,"turns":2},{"damage":18,"enemies":"Snake Plant","floor":30,"turns":2},{"damage":15,"enemies":"Shelled Parasite and Fungi","floor":31,"turns":2},{"damage":26,"enemies":"Champ","floor":33,"turns":3},{"damage":9,"enemies":"Orb Walker","floor":35,"turns":2},{"damage":8,"enemies":"3 Darklings","floor":37,"turns":2},{"damage":0,"enemies":"Spire Growth","floor":38,"turns":2},{"damage":4,"enemies":"Maw","floor":39,"turns":3},{"damage":0,"enemies":"Reptomancer","floor":40,"turns":2},{"damage":0,"enemies":"4 Shapes","floor":42,"turns":2},{"damage":24,"enemies":"Giant Head","floor":44,"turns":3},{"damage":0,"enemies":"Mind Bloom Boss Battle","floor":45,"turns":2},{"damage":15,"enemies":"Spire Growth","floor":47,"turns":2},{"damage":10,"enemies":"Sphere and 2 Shapes","floor":48,"turns":3},{"damage":58,"enemies":"Awakened One","floor":50,"turns":4},{"damage":56,"enemies":"Shield and Spear","floor":54,"turns":3},{"damage":83,"enemies":"The Heart","floor":55,"turns":4}],"seed_played":"-2825920909580998993","potions_obtained":[{"floor":1,"key":"Ambrosia"},{"floor":3,"key":"ColorlessPotion"},{"floor":4,"key":"SteroidPotion"}],"is_trial":false,"path_per_floor":["M","M","M","M","M","E","M","?","T","?","M","E","M","$","R","B",null,"M","?","$","M","?","M","E","M","T","E","M","M","M","M","R","B",null,"M","?","M","M","M","E","R","M","T","E","?","$","M","M","R","B",null,"$","R","E","B",null],"character_chosen":"WATCHER","items_purchased":["Gremlin Horn","Pray","PathToVictory","Turnip","Medical Kit","TungstenRod","Prostrate"],"campfire_rested":1,"item_purchase_floors":[0,0,0,0,0,0,0],"current_hp_per_floor":[56,66,76,84,89,75,83,93,103,113,123,133,143,153,163,90,276,278,222,232,242,250,246,220,222,232,212,207,217,209,204,214,198,451,452,405,407,417,423,440,450,460,470,456,466,476,471,471,481,433,628,638,648,602,531],"gold":1584,"neow_bonus":"","is_daily":false,"chose_seed":false,"campfire_upgraded":3,"win_rate":0.0,"timestamp":1611123462,"path_taken":["M","M","M","M","M","E","M","?","T","?","M","E","?","$","R","BOSS","M","?","$","M","?","M","E","M","T","E","M","M","?","M","R","BOSS","M","?","M","M","M","E","R","M","T","E","?","$","M","M","R","BOSS","$","R","E","BOSS"],"items_purchased_type":["Relic","Card","Card","Relic","Relic","Relic","Card"],"build_version":"2020-12-22","purchased_purges":12,"victory":true,"max_hp_per_floor":[116,126,136,146,156,166,176,186,196,206,216,226,236,246,256,266,276,286,301,311,321,331,341,351,361,371,381,391,401,411,421,431,441,451,461,471,481,491,501,518,528,538,548,558,568,578,588,598,608,618,628,638,648,658,668],"card_choices":[{"not_picked":["FlyingSleeves","CarveReality","Vengeance"],"picked":"SKIP","floor":1},{"not_picked":["Indignation","CrushJoints","ClearTheMind"],"picked":"SKIP","floor":2},{"not_picked":["Adaptation","MentalFortress","Halt"],"picked":"SKIP","floor":3},{"not_picked":["Halt","ThirdEye","FlurryOfBlows"],"picked":"SKIP","floor":4},{"not_picked":["CutThroughFate","Establishment","CrushJoints"],"picked":"SKIP","floor":5},{"not_picked":["CrushJoints","FlurryOfBlows","BowlingBash"],"picked":"SKIP","floor":6},{"not_picked":["InnerPeace","SandsOfTime","EmptyBody"],"picked":"SKIP","floor":7},{"not_picked":["CrushJoints","Worship"],"picked":"PathToVictory","floor":11},{"not_picked":["Prostrate","EmptyBody","MentalFortress"],"picked":"SKIP","floor":12},{"not_picked":["WheelKick","Sanctity","Halt"],"picked":"SKIP","floor":13},{"not_picked":["Crescendo+1","EmptyFist+1","Vengeance"],"picked":"SKIP","floor":18},{"not_picked":["Vengeance","Protect","Pray+1"],"picked":"SKIP","floor":21},{"not_picked":["MentalFortress","Wireheading","FearNoEvil"],"picked":"SKIP","floor":23},{"not_picked":["Prostrate","JustLucky","EmptyBody"],"picked":"SKIP","floor":24},{"not_picked":["EmptyBody","Crescendo","Consecrate","Fasting2+1"],"picked":"SKIP","floor":25},{"not_picked":["Evaluate","LikeWater+1","JustLucky","Omniscience"],"picked":"SKIP","floor":27},{"not_picked":["ClearTheMind","BowlingBash","Consecrate"],"picked":"PathToVictory","floor":28},{"not_picked":["Evaluate","Adaptation","Wireheading","LikeWater"],"picked":"SKIP","floor":29},{"not_picked":["EmptyFist+1","ClearTheMind","BattleHymn","CutThroughFate"],"picked":"SKIP","floor":30},{"not_picked":["MentalFortress","EmptyFist","BowlingBash","Adaptation+1"],"picked":"SKIP","floor":31},{"not_picked":["SignatureMove+1","WindmillStrike","FollowUp"],"picked":"PathToVictory+1","floor":35},{"not_picked":["Consecrate+1","Evaluate","FlurryOfBlows+1","CutThroughFate+1"],"picked":"SKIP","floor":37},{"not_picked":["ThirdEye","SpiritShield","DeceiveReality+1","Prostrate+1"],"picked":"SKIP","floor":38},{"not_picked":["Halt","Sanctity","Consecrate","BowlingBash+1"],"picked":"SKIP","floor":39},{"not_picked":["CarveReality+1","Fasting2","ClearTheMind","Wish"],"picked":"SKIP","floor":40},{"not_picked":["Protect","EmptyBody+1","Evaluate+1","Weave+1"],"picked":"SKIP","floor":42},{"not_picked":["ReachHeaven+1","EmptyFist+1","WaveOfTheHand+1","Halt"],"picked":"SKIP","floor":44},{"not_picked":["WreathOfFlame+1","Protect+1","ConjureBlade","EmptyBody"],"picked":"SKIP","floor":47},{"not_picked":["ForeignInfluence+1","Wallop","Conclude","Study+1"],"picked":"SKIP","floor":48},{"not_picked":["Crescendo+1","Judgement","Consecrate","CutThroughFate+1"],"picked":"SKIP","floor":54}],"player_experience":350724,"relics_obtained":[{"floor":6,"key":"Ornamental Fan"},{"floor":12,"key":"Ginger"},{"floor":24,"key":"Bronze Scales"},{"floor":24,"key":"Question Card"},{"floor":26,"key":"The Courier"},{"floor":27,"key":"Sundial"},{"floor":27,"key":"Mercury Hourglass"},{"floor":40,"key":"Strawberry"},{"floor":40,"key":"Yang"},{"floor":43,"key":"War Paint"},{"floor":44,"key":"KratosMod:minohorn"},{"floor":44,"key":"Frozen Egg 2"},{"floor":45,"key":"Peace Pipe"},{"floor":54,"key":"Art of War"},{"floor":54,"key":"Blood Vial"}],"event_choices":[{"damage_healed":0,"gold_gain":0,"player_choice":"Ignored","damage_taken":0,"max_hp_gain":0,"max_hp_loss":0,"event_name":"Liars Game","floor":8,"gold_loss":0},{"damage_healed":0,"gold_gain":0,"player_choice":"Bought 0 Potions","damage_taken":0,"max_hp_gain":0,"max_hp_loss":0,"event_name":"The Woman in Blue","floor":10,"gold_loss":0},{"damage_healed":0,"gold_gain":0,"player_choice":"Shed Blood","damage_taken":72,"max_hp_gain":5,"max_hp_loss":0,"event_name":"Forgotten Altar","floor":19,"gold_loss":0},{"damage_healed":0,"gold_gain":0,"player_choice":"Punched","damage_taken":3,"max_hp_gain":0,"max_hp_loss":0,"event_name":"Designer","floor":22,"gold_loss":0},{"damage_healed":0,"gold_gain":0,"player_choice":"Embrace Madness","damage_taken":58,"max_hp_gain":0,"max_hp_loss":0,"event_name":"Winding Halls","floor":36,"gold_loss":0,"cards_obtained":["Madness","Madness"]},{"damage_healed":0,"gold_gain":0,"player_choice":"Fight","damage_taken":0,"max_hp_gain":0,"max_hp_loss":0,"event_name":"MindBloom","floor":45,"gold_loss":0}],"is_beta":false,"boss_relics":[{"not_picked":["Cursed Key","Coffee Dripper"],"picked":"Black Star"},{"not_picked":["VioletLotus","Pandora\u0027s Box"],"picked":"SacredBark"}],"items_purged_floors":[0,0,0,0,0,0,0,0,14,14,14,14],"is_endless":false,"potions_floor_spawned":[1,3,4,13,16,21,23,25,28,31,40,42,45,47],"ascension_level":0}}