{"host":"skr63qsdfgeey3it","time":1611121440,"event":{"mods":["BaseMod","Colored Map","Hubris","Minty Spire (QoL Compilation)","Replay The Spire","Spicy Shops","StSLib"],"gold_per_floor":[113,113,113,126,201,232,2,2,2,45,69,69,84,84,84,183,183,197,48,72,90,104,104,104],"floor_reached":23,"language":"ENG","playtime":960,"items_purged":["Doubt","ReplayTheSpireMod:Restless Dread"],"score":398,"play_id":"9b9dc542-6488-487a-8adf-c3bdc89e6a7e","local_time":"20210119234400","is_ascension_mode":true,"campfire_choices":[{"data":"Feed","floor":8,"key":"SMITH"},{"floor":12,"key":"REST"},{"data":"Pain","floor":15,"key":"PURGE"}],"circlet_count":0,"master_deck":["AscendersBane","Strike_R","Strike_R","Strike_R","Strike_R","Strike_R","Defend_R","Defend_R","Defend_R","Defend_R","Bash","Shrug It Off","Demon Form","Brutality","Reaper","Feed+1","Seeing Red","Double Tap","Seeing Red","Limit Break","Fire Breathing","ReplayUltimateDefense","Replay:Sssssssssshield","The Bomb","Shrug It Off","Flame Barrier"],"relics":["Burning Blood","NeowsBlessing","ReplayTheSpireMod:Ring of Collecting","ReplayTheSpireMod:Ring of Addiction","Potion Belt","hubris:EmptyBottle","Golden Idol","Pondfish Scales","Orrery","Bottled Flame","Ring of Hypnosis","Regal Pillow","WarpedTongs","Mark of Pain","ReplayTheSpireMod:CursedCoin","ReplayTheSpireMod:ShopPack"],"acts_visited":["Exordium","TheCity"],"potions_floor_usage":[6,6,10,10,11,13,16,18,20,20,21,21],"damage_taken":[{"damage":0,"enemies":"Cultist","floor":1,"turns":1},{"damage":0,"enemies":"2 Louse","floor":4,"turns":1},{"damage":0,"enemies":"3 Sentries","floor":6,"turns":2},{"damage":29,"enemies":"Gremlin Nob","floor":10,"turns":4},{"damage":14,"enemies":"Jaw Worm","floor":11,"turns":3},{"damage":3,"enemies":"3 Louse","floor":13,"turns":4},{"damage":73,"enemies":"The Guardian","floor":16,"turns":8},{"damage":56,"enemies":"3 Byrds","floor":18,"turns":7},{"damage":15,"enemies":"Spheric Guardian","floor":20,"turns":6},{"damage":31,"enemies":"Snake Plant","floor":21,"turns":5},{"damage":11,"enemies":"Snecko","floor":22,"turns":8},{"damage":89,"enemies":"Book of Stabbing","floor":23,"turns":8}],"seed_played":"7796727349821177505","potions_obtained":[{"floor":2,"key":"CultistPotion"},{"floor":2,"key":"SteroidPotion"},{"floor":2,"key":"CultistPotion"},{"floor":4,"key":"ElixirPotion"},{"floor":10,"key":"FairyPotion"},{"floor":11,"key":"PowerPotion"},{"floor":18,"key":"Strength Potion"}],"is_trial":false,"path_per_floor":["M","?","?","M","?","E","$","R","T","E","M","R","M","?","R_BF","B",null,"M","$","M","M","M","E"],"character_chosen":"IRONCLAD","items_purchased":["Orrery","ReplayTheSpireMod:CursedCoin","Fire Breathing","ReplayTheSpireMod:ShopPack"],"campfire_rested":1,"item_purchase_floors":[7,19,19,19],"current_hp_per_floor":[78,78,58,64,53,59,59,59,59,40,36,76,88,88,88,44,80,46,46,37,20,19,0,0],"gold":104,"neow_bonus":"THREE_ENEMY_KILL","is_daily":false,"chose_seed":false,"campfire_upgraded":1,"win_rate":0.0,"timestamp":1611121440,"path_taken":["M","?","?","M","?","E","$","R","T","E","M","R","?","?","R_BF","BOSS","M","$","?","M","M","E"],"items_purchased_type":["Relic","Relic","Card","Relic"],"build_version":"2020-12-22","purchased_purges":2,"victory":false,"max_hp_per_floor":[80,80,80,80,80,78,78,78,78,80,84,84,88,88,88,92,92,96,96,96,96,96,96,96],"card_choices":[{"not_picked":["Pommel Strike","Replay:Undeath\u0027s Touch"],"picked":"Shrug It Off","floor":1},{"not_picked":["ReplayTheSpireMod:Strike From Hell","Wild Strike"],"picked":"Demon Form","floor":4},{"not_picked":["ReplayTheSpireMod:Strike From Hell","Uppercut","Sentinel"],"picked":"SKIP","floor":6},{"not_picked":["Sever Soul","ReplayTheSpireMod:Limb From Limb"],"picked":"Brutality","floor":7},{"not_picked":["Cleave","Body Slam"],"picked":"Reaper","floor":7},{"not_picked":["Sword Boomerang","Thunderclap"],"picked":"Feed","floor":7},{"not_picked":["Twin Strike","Wild Strike"],"picked":"Seeing Red","floor":7},{"not_picked":["Shrug It Off","Rampage"],"picked":"Double Tap","floor":10},{"not_picked":["Hemokinesis","Inflame"],"picked":"Seeing Red","floor":11},{"not_picked":["Power Through","Entrench","Perfected Strike"],"picked":"SKIP","floor":13},{"not_picked":["Eclipse","Bludgeon"],"picked":"Limit Break","floor":16},{"not_picked":["Entrench","Perfected Strike","Iron Wave"],"picked":"SKIP","floor":18},{"not_picked":["The Bomb","Crow Ritual"],"picked":"ReplayUltimateDefense","floor":19},{"not_picked":["Dark Shackles","Impatience"],"picked":"Replay:Sssssssssshield","floor":19},{"not_picked":["Flash of Steel","Swift Strike"],"picked":"The Bomb","floor":19},{"not_picked":["True Grit","ReplayTheSpireMod:Strike From Hell","Life Link"],"picked":"SKIP","floor":20},{"not_picked":["Flex","Dark Embrace+1"],"picked":"Shrug It Off","floor":21},{"not_picked":["Sentinel","Defy Death"],"picked":"Flame Barrier","floor":22}],"player_experience":763545,"relics_obtained":[{"floor":2,"key":"ReplayTheSpireMod:Ring of Collecting"},{"floor":2,"key":"ReplayTheSpireMod:Ring of Addiction"},{"floor":2,"key":"Potion Belt"},{"floor":2,"key":"hubris:EmptyBottle"},{"floor":6,"key":"Pondfish Scales"},{"floor":9,"key":"Bottled Flame"},{"floor":9,"key":"Ring of Hypnosis"},{"floor":10,"key":"Regal Pillow"}],"event_choices":[{"damage_healed":0,"gold_gain":0,"player_choice":"Take Damage","damage_taken":20,"relics_obtained":["Golden Idol"],"max_hp_gain":0,"max_hp_loss":0,"event_name":"Golden Idol","floor":3,"gold_loss":0},{"damage_healed":0,"gold_gain":75,"player_choice":"Gather Gold","damage_taken":11,"max_hp_gain":0,"max_hp_loss":0,"event_name":"World of Goop","floor":5,"gold_loss":0},{"damage_healed":0,"gold_gain":0,"player_choice":"Rummage","damage_taken":0,"relics_obtained":["WarpedTongs"],"max_hp_gain":0,"max_hp_loss":0,"event_name":"Accursed Blacksmith","floor":14,"gold_loss":0,"cards_obtained":["Pain"]}],"is_beta":false,"boss_relics":[{"not_picked":["Kintsugi","hubris:HollowSoul"],"picked":"Mark of Pain"}],"items_purged_floors":[7,19],"is_endless":false,"potions_floor_spawned":[4,10,11,18],"killed_by":"Book of Stabbing","ascension_level":13}}