{"host":"8aoim7owc9xd4zca","time":1611114522,"event":{"mods":["AchievementEnabler","BaseMod","Colored Powertips","Highlight Path","Minty Spire (QoL Compilation)","Permanent Neow","Rare Cards Sparkle","StSLib","SuperFastMode","The Jungle"],"gold_per_floor":[109,109,41,61,75,75,110,110,110,140,140,154,154,179,179,279,279,295,24,24,40,60,60,60,60,85,85,205,205,205,205],"floor_reached":30,"language":"ENG","playtime":1377,"items_purged":[],"score":335,"play_id":"fa61e94c-7834-4518-bd1a-a85745eff218","local_time":"20210119194842","is_ascension_mode":true,"campfire_choices":[{"floor":6,"key":"RECALL"},{"data":"Heavy Blade","floor":8,"key":"SMITH"},{"floor":13,"key":"REST"},{"data":"Offering","floor":15,"key":"SMITH"},{"floor":23,"key":"REST"},{"data":"Body Slam","floor":25,"key":"SMITH"},{"data":"Inflame","floor":27,"key":"SMITH"}],"circlet_count":0,"master_deck":["Strike_R","Strike_R","Strike_R","Defend_R","Defend_R","Defend_R","Offering+1","Armaments+1","Inflame+1","Thunderclap","Heavy Blade+1","Spot Weakness+1","Brutality+1","Rupture+1","Demon Form+1","Barricade+1","Warcry+1","Rupture+1","Flex+1","Warcry+1","Reaper","Body Slam+1","Limit Break+1","Flex+1"],"relics":["Burning Blood","Toxic Egg 2","Frozen Egg 2","Art of War","Empty Cage","Membership Card","Nunchaku","Meat on the Bone"],"acts_visited":["Exordium","Exordium"],"potions_floor_usage":[4,12,14,16,16,16,16,18,22,30],"damage_taken":[{"damage":6,"enemies":"Small Slimes","floor":1,"turns":2},{"damage":6,"enemies":"Cultist","floor":4,"turns":1},{"damage":12,"enemies":"Jaw Worm","floor":5,"turns":2},{"damage":33,"enemies":"Gremlin Nob","floor":7,"turns":4},{"damage":14,"enemies":"3 Sentries","floor":10,"turns":4},{"damage":16,"enemies":"Exordium Thugs","floor":12,"turns":3},{"damage":7,"enemies":"Lagavulin","floor":14,"turns":2},{"damage":8,"enemies":"Slime Boss","floor":16,"turns":3},{"damage":30,"enemies":"theJungle:MUSHROOMGANG","floor":18,"turns":4},{"damage":24,"enemies":"Shell Parasite","floor":21,"turns":3},{"damage":22,"enemies":"Snake Plant","floor":22,"turns":2},{"damage":41,"enemies":"theJungle:2_Flameangoes","floor":30,"turns":3}],"seed_played":"4611184952959279349","potions_obtained":[{"floor":1,"key":"ColorlessPotion"},{"floor":7,"key":"FearPotion"},{"floor":11,"key":"EntropicBrew"},{"floor":11,"key":"DistilledChaos"},{"floor":11,"key":"SkillPotion"},{"floor":12,"key":"Swift Potion"},{"floor":14,"key":"AttackPotion"},{"floor":16,"key":"BloodPotion"},{"floor":18,"key":"Strength Potion"}],"is_trial":false,"path_per_floor":["M","?","$","M","M","R","E","R","T","E","?","M","R","E","R","B",null,"M","$","?","M","M","R","?","R","T","R","?","T","M"],"character_chosen":"IRONCLAD","items_purchased":["Inflame","Membership Card","Rupture+1","Flex+1","Warcry+1","Reaper"],"campfire_rested":2,"item_purchase_floors":[3,19,19,19,19,19],"current_hp_per_floor":[80,80,80,80,74,74,47,47,47,39,39,29,53,52,52,50,80,72,72,72,54,38,62,52,52,52,52,40,40,0,0],"gold":205,"neow_bonus":"ONE_RANDOM_RARE_CARD","is_daily":false,"chose_seed":false,"campfire_upgraded":4,"win_rate":0.0,"timestamp":1611114522,"path_taken":["M","?","$","?","M","R","E","R","T","E","?","M","R","E","R","BOSS","M","$","?","M","?","R","?","R","T","R","?","?","M"],"items_purchased_type":["Card","Relic","Card","Card","Card","Card"],"build_version":"2020-12-22","purchased_purges":0,"victory":false,"max_hp_per_floor":[80,80,80,80,80,80,80,80,80,80,80,80,80,80,80,80,80,80,80,80,80,80,80,80,80,80,80,80,80,80,80],"card_choices":[{"not_picked":["Intimidate","Clash"],"picked":"Armaments","floor":1},{"not_picked":["Disarm","Sword Boomerang"],"picked":"Thunderclap","floor":4},{"not_picked":["Headbutt","Power Through"],"picked":"Heavy Blade","floor":5},{"not_picked":["Pommel Strike","Entrench+1"],"picked":"Spot Weakness+1","floor":7},{"not_picked":["Sword Boomerang","Cleave"],"picked":"Brutality+1","floor":10},{"not_picked":["Combust+1","Feel No Pain+1"],"picked":"Rupture+1","floor":12},{"not_picked":["Sword Boomerang","Inflame+1"],"picked":"Demon Form+1","floor":14},{"not_picked":["Immolate","Feed"],"picked":"Barricade+1","floor":16},{"not_picked":["Clash+1","Shrug It Off+1"],"picked":"Warcry+1","floor":18},{"not_picked":["Pommel Strike+1","Flex+1"],"picked":"Limit Break+1","floor":21},{"not_picked":["Heavy Blade+1","Sword Boomerang"],"picked":"Flex+1","floor":22}],"player_experience":270950,"relics_obtained":[{"floor":7,"key":"Toxic Egg 2"},{"floor":10,"key":"Frozen Egg 2"},{"floor":14,"key":"Art of War"},{"floor":26,"key":"Nunchaku"},{"floor":29,"key":"Meat on the Bone"}],"event_choices":[{"damage_healed":0,"gold_gain":0,"player_choice":"Upgraded","damage_taken":0,"max_hp_gain":0,"max_hp_loss":0,"event_name":"Upgrade Shrine","floor":2,"gold_loss":0,"cards_upgraded":["Armaments"]},{"damage_healed":0,"gold_gain":0,"player_choice":"Got Potions","damage_taken":0,"max_hp_gain":0,"max_hp_loss":0,"event_name":"Lab","floor":11,"gold_loss":0},{"damage_healed":0,"gold_gain":0,"cards_transformed":["Defend_R"],"player_choice":"Transformed","damage_taken":0,"max_hp_gain":0,"max_hp_loss":0,"event_name":"Transmorgrifier","floor":20,"gold_loss":0,"cards_obtained":["Body Slam"]}],"is_beta":false,"boss_relics":[{"not_picked":["Sozu","Runic Dome"],"picked":"Empty Cage"}],"items_purged_floors":[],"is_endless":false,"potions_floor_spawned":[1,7,12,14,16,18],"killed_by":"theJungle:2_Flameangoes","ascension_level":1}}