{"host":"6azrrw3tf7wb0f4b","time":1611103571,"event":{"mods":["BaseMod","DeckTracker","Minty Spire (QoL Compilation)","SuperFastMode"],"gold_per_floor":[114,114,114,79,4,35,58,58,58,133,133,148,161,174,174,265,265,280,280,101,125,125,164,184,200,200,200,240,265,265,265,265,265,265],"floor_reached":33,"language":"KOR","playtime":950,"items_purged":["Strike_B","Rebound"],"score":512,"play_id":"09d70e92-6de6-49bd-911e-3ad212c2f194","local_time":"20210120094611","is_ascension_mode":true,"campfire_choices":[{"data":"Tempest","floor":8.0,"key":"SMITH"},{"data":"Dualcast","floor":11.0,"key":"SMITH"},{"data":"Defragment","floor":15.0,"key":"SMITH"},{"data":"Turbo","floor":30.0,"key":"SMITH"},{"data":"Amplify","floor":32.0,"key":"SMITH"}],"circlet_count":0,"master_deck":["AscendersBane","Zap+1","Dualcast+1","Tempest+1","Ball Lightning","Cold Snap","Defragment+1","Conserve Battery","Echo Form","Echo Form","Defragment","Storm","Seek","Sweeping Beam","Amplify+1","Reinforced Body","Core Surge","Self Repair","Beam Cell","Defragment+1","Creative AI","BootSequence","Coolheaded","Leap","Turbo+1"],"relics":["Cracked Core","NeowsBlessing","Golden Idol","Question Card","HornCleat","Pandora\u0027s Box","Nunchaku","Girya","Pantograph","FaceOfCleric"],"acts_visited":["Exordium","TheCity"],"potions_floor_usage":[],"damage_taken":[{"damage":0.0,"enemies":"Small Slimes","floor":1.0,"turns":1.0},{"damage":0.0,"enemies":"3 Sentries","floor":6.0,"turns":1.0},{"damage":0.0,"enemies":"2 Louse","floor":7.0,"turns":1.0},{"damage":2.0,"enemies":"Jaw Worm","floor":12.0,"turns":2.0},{"damage":6.0,"enemies":"Blue Slaver","floor":13.0,"turns":2.0},{"damage":5.0,"enemies":"Exordium Thugs","floor":14.0,"turns":3.0},{"damage":22.0,"enemies":"Hexaghost","floor":16.0,"turns":10.0},{"damage":0.0,"enemies":"3 Byrds","floor":18.0,"turns":1.0},{"damage":12.0,"enemies":"Shell Parasite","floor":21.0,"turns":4.0},{"damage":59.0,"enemies":"Slavers","floor":23.0,"turns":5.0},{"damage":19.0,"enemies":"3 Cultists","floor":24.0,"turns":4.0},{"damage":43.0,"enemies":"Cultist and Chosen","floor":25.0,"turns":5.0},{"damage":22.0,"enemies":"Gremlin Leader","floor":28.0,"turns":6.0},{"damage":2.0,"enemies":"Snecko","floor":29.0,"turns":4.0},{"damage":69,"enemies":"Collector","floor":33,"turns":5}],"seed_played":"-7528774522985102200","potions_obtained":[{"floor":1.0,"key":"Strength Potion"},{"floor":6.0,"key":"PowerPotion"},{"floor":16.0,"key":"FairyPotion"},{"floor":18.0,"key":"Fire Potion"},{"floor":24.0,"key":"FairyPotion"},{"floor":28.0,"key":"Weak Potion"}],"is_trial":false,"path_per_floor":["M","?","?","?","$","E","M","R","T","?","R","M","M","M","R","B",null,"M","?","$","M","?","E","M","M","T","$","E","M","R","?","R","B"],"character_chosen":"DEFECT","items_purchased":["Self Repair"],"campfire_rested":0,"item_purchase_floors":[20],"current_hp_per_floor":[68,53,53,69,69,69,69,69,69,58,58,56,50,45,45,23,58,58,58,58,60,60,8,24,27,27,27,19,24,24,24,24,0,0],"gold":265,"neow_bonus":"THREE_ENEMY_KILL","is_daily":false,"chose_seed":false,"campfire_upgraded":5,"win_rate":0.0,"timestamp":1611103571,"path_taken":["M","?","?","?","$","E","M","R","T","?","R","M","M","M","R","BOSS","M","?","$","M","?","E","M","?","T","$","E","M","R","?","R","BOSS"],"items_purchased_type":["Card"],"build_version":"2020-12-22","purchased_purges":2,"victory":false,"max_hp_per_floor":[75,75,69,69,69,69,69,69,69,69,69,69,69,69,69,69,69,69,69,69,69,69,69,69,69,69,69,69,69,69,69,69,69,69],"card_choices":[{"not_picked":["Gash","Leap"],"picked":"Tempest","floor":1.0},{"not_picked":["Turbo","Compile Driver"],"picked":"Ball Lightning","floor":6.0},{"not_picked":["Steam","Genetic Algorithm","Ball Lightning"],"picked":"Cold Snap","floor":7.0},{"not_picked":["Steam Power","Rip and Tear","Stack"],"picked":"Hologram","floor":12.0},{"not_picked":["Undo","Beam Cell","Sunder"],"picked":"Defragment","floor":13.0},{"not_picked":["Streamline","Steam Power","Cold Snap"],"picked":"Conserve Battery","floor":14.0},{"not_picked":["Buffer","Amplify","Multi-Cast"],"picked":"Echo Form","floor":16.0},{"not_picked":["Scrape+1","Sweeping Beam","Gash"],"picked":"Reinforced Body","floor":18.0},{"not_picked":["Compile Driver","Streamline","Rip and Tear"],"picked":"Beam Cell","floor":21.0},{"not_picked":["Compile Driver+1","Conserve Battery","Reprogram"],"picked":"Creative AI","floor":23.0},{"not_picked":["Go for the Eyes","Gash","Lockon"],"picked":"BootSequence","floor":24.0},{"not_picked":["Conserve Battery","Thunder Strike","Barrage"],"picked":"Coolheaded","floor":25.0},{"not_picked":["Sweeping Beam","Storm+1","Self Repair"],"picked":"Leap","floor":28.0},{"not_picked":["Go for the Eyes","Cold Snap+1","Machine Learning"],"picked":"Turbo","floor":29.0}],"player_experience":728706,"relics_obtained":[{"floor":6.0,"key":"Question Card"},{"floor":9.0,"key":"HornCleat"},{"floor":23.0,"key":"Nunchaku"},{"floor":26.0,"key":"Girya"},{"floor":28.0,"key":"Pantograph"}],"event_choices":[{"damage_healed":0.0,"max_hp_gain":0.0,"max_hp_loss":0.0,"gold_gain":0.0,"event_name":"Shining Light","player_choice":"Entered Light","floor":2.0,"gold_loss":0.0,"damage_taken":15.0,"cards_upgraded":["Zap","Defend_B"]},{"damage_healed":0.0,"max_hp_gain":0.0,"max_hp_loss":6.0,"gold_gain":0.0,"event_name":"Golden Idol","player_choice":"Lose Max HP","floor":3.0,"gold_loss":0.0,"damage_taken":0.0,"relics_obtained":["Golden Idol"]},{"damage_healed":17.0,"max_hp_gain":0.0,"max_hp_loss":0.0,"gold_gain":0.0,"event_name":"The Cleric","player_choice":"Healed","floor":4.0,"gold_loss":35.0,"damage_taken":0.0},{"damage_healed":0.0,"max_hp_gain":0.0,"max_hp_loss":0.0,"gold_gain":75.0,"event_name":"World of Goop","player_choice":"Gather Gold","floor":10.0,"gold_loss":0.0,"damage_taken":11.0},{"damage_healed":0.0,"max_hp_gain":0.0,"max_hp_loss":0.0,"gold_gain":0.0,"cards_transformed":["All For One","Hologram"],"event_name":"Drug Dealer","player_choice":"Became Test Subject","floor":19.0,"gold_loss":0.0,"damage_taken":0.0,"cards_obtained":["Core Surge","Rebound"]},{"damage_healed":0.0,"max_hp_gain":0.0,"max_hp_loss":0.0,"gold_gain":0.0,"event_name":"Duplicator","player_choice":"Copied","floor":22.0,"gold_loss":0.0,"damage_taken":0.0,"cards_obtained":["Defragment"]},{"damage_healed":0.0,"max_hp_gain":0.0,"max_hp_loss":0.0,"gold_gain":0.0,"event_name":"FaceTrader","player_choice":"Trade","floor":31.0,"gold_loss":0.0,"damage_taken":0.0,"relics_obtained":["FaceOfCleric"]}],"is_beta":false,"boss_relics":[{"not_picked":["Velvet Choker","Runic Pyramid"],"picked":"Pandora\u0027s Box"}],"items_purged_floors":[5,20],"is_endless":false,"potions_floor_spawned":[1,6,7,14,16,18,24,28],"killed_by":"Collector","ascension_level":13}}