{"host":"neshiy0twyn5josp","time":1611151872,"event":{"mods":["AchievementEnabler","Act Like it!","AlwaysNeverKeys","Aspiration","BaseMod","Better Note","Better Silent Start","Better Third Choice","Challenge The Spire","Colored Powertips","Conspire","Emptier Cage","Energized Spire","GifTheSpireLib","Hubris","Minty Spire (QoL Compilation)","Permanent Neow","Quick Restart","Rare Cards Sparkle","Replay The Spire","Reworked Bosses","Spicy Shops","StS++","StSLib","Stuff the Spire"],"gold_per_floor":[113,113,129,147,21,21,34,61,61,61,61,61,93,111,111,216,216,226,243,299,76,92,92,108,117,117,117,117,130,130,152,194,218,218,218,218],"floor_reached":35,"language":"ENG","playtime":1490,"items_purged":["Clumsy"],"score":330,"play_id":"aa5ae8a9-f4a7-4839-af48-dcf9b4c7ec3e","local_time":"20210120061112","is_ascension_mode":true,"campfire_choices":[{"data":"Backstab","floor":6,"key":"SMITH"},{"data":"Bullet Time","floor":11,"key":"SMITH"},{"data":"StSpp:FiercePoison","floor":23,"key":"SMITH"},{"data":"Neutralize","floor":30,"key":"SMITH"},{"floor":34,"key":"REST"}],"circlet_count":0,"master_deck":["StuffTheSpire:PestControl+1","Strike_G","Strike_G","Defend_G","Defend_G","Defend_G","Survivor","Neutralize+1","Backstab+1","Die Die Die","Bullet Time+1","Die Die Die","StSpp:FiercePoison+1","Dash","Replay:Poison Smokescreen+1","StSpp:SwitchWeapon","StSpp:Dive"],"relics":["Ring of the Snake","CultistMask","Replay:Accelerometer","StoneCalendar","StSpp:SailingBoat","CaptainsWheel","energizedSpire:HighHeels","CeramicFish","Membership Card","Toolbox","Ice Cream","StuffTheSpire:Expresso","Ornamental Fan"],"acts_visited":["Exordium","TheCity"],"potions_floor_usage":[8,16,32,32,35],"damage_taken":[{"damage":0,"enemies":"Small Slimes","floor":1,"turns":2},{"damage":0,"enemies":"Cultist","floor":3,"turns":2},{"damage":0,"enemies":"2 Louse","floor":4,"turns":1},{"damage":0,"enemies":"Exordium Thugs","floor":7,"turns":4},{"damage":0,"enemies":"Gremlin Nob","floor":8,"turns":3},{"damage":16,"enemies":"Lagavulin","floor":13,"turns":6},{"damage":0,"enemies":"Gremlin Gang","floor":14,"turns":2},{"damage":23,"enemies":"Fading Forest","floor":16,"turns":12},{"damage":0,"enemies":"Chosen","floor":18,"turns":4},{"damage":12,"enemies":"2 Thieves","floor":19,"turns":3},{"damage":21,"enemies":"conspire:MimicChest","floor":20,"turns":7},{"damage":15,"enemies":"Snake Plant","floor":22,"turns":3},{"damage":0,"enemies":"Cultist and Chosen","floor":24,"turns":4},{"damage":0,"enemies":"3 Cultists","floor":29,"turns":3},{"damage":0,"enemies":"Centurion and Healer","floor":31,"turns":3},{"damage":8,"enemies":"Book of Stabbing","floor":32,"turns":4},{"damage":0,"enemies":"Cultist and Chosen","floor":33,"turns":3},{"damage":36,"enemies":"Pondfish","floor":35,"turns":7}],"seed_played":"3194956980432066499","potions_obtained":[{"floor":4,"key":"Adrenaline Potion"},{"floor":8,"key":"Elixir"},{"floor":19,"key":"CunningPotion"},{"floor":24,"key":"conspire:TimeTravelPotion"},{"floor":31,"key":"FearPotion"},{"floor":32,"key":"LiquidBronze"}],"is_trial":false,"path_per_floor":["M","?","M","M","$","R","M","E","T","?","R","$","E","M","R","B",null,"M","M","?","$","M","R","M","?","PTL","PTL","T","M","R","M","E","M","R","B"],"character_chosen":"THE_SILENT","items_purchased":["Replay:Accelerometer","Membership Card","Toolbox"],"campfire_rested":1,"item_purchase_floors":[5,21,21],"current_hp_per_floor":[70,70,70,70,70,70,70,70,70,70,70,70,54,54,54,41,70,70,58,37,37,22,22,22,22,22,22,22,22,22,22,14,14,35,0,0],"gold":218,"neow_bonus":"REMOVE_CARD","is_daily":false,"chose_seed":false,"campfire_upgraded":4,"win_rate":0.0,"timestamp":1611151872,"path_taken":["M","?","?","M","$","R","M","E","T","?","R","?","E","M","R","BOSS","M","M","?","$","M","R","M","?","PTL","PTL","T","M","R","M","E","M","R","BOSS"],"items_purchased_type":["Relic","Relic","Relic"],"build_version":"2020-12-22","purchased_purges":1,"victory":false,"max_hp_per_floor":[70,70,70,70,70,70,70,70,70,70,70,70,70,70,70,70,70,70,70,70,70,70,70,70,70,70,70,70,70,70,70,70,70,70,70,70],"card_choices":[{"not_picked":["StuffTheSpire:ClusterCrunch","hubris:SlightOfHand"],"picked":"Backstab","floor":1},{"not_picked":["Blade Dance","Caltrops","Flying Knee"],"picked":"SKIP","floor":3},{"not_picked":["Underhanded Strike","StuffTheSpire:ClusterCrunch","ReplayTheSpireMod:Shiv Toss"],"picked":"SKIP","floor":4},{"not_picked":["Outmaneuver","Prepared","Acrobatics"],"picked":"SKIP","floor":7},{"not_picked":["Prepared","Escape Plan"],"picked":"Die Die Die","floor":8},{"not_picked":["StuffTheSpire:ReptileScales","hubris:SlightOfHand","Acrobatics"],"picked":"SKIP","floor":13},{"not_picked":["Slice","Sneak Up","StSpp:Throw"],"picked":"SKIP","floor":14},{"not_picked":["StSpp:NonchalentStrike","Doppelganger"],"picked":"Die Die Die","floor":16},{"not_picked":["ReplayTheSpireMod:Scrap Shanks","Concentrate","StuffTheSpire:MirrorStance"],"picked":"SKIP","floor":18},{"not_picked":["Blade Dance+1","Cloak And Dagger+1","Eviscerate"],"picked":"SKIP","floor":19},{"not_picked":["Finisher","Terror"],"picked":"StSpp:FiercePoison","floor":20},{"not_picked":["hubris:TrickCloak","Backflip","StuffTheSpire:MirrorStance"],"picked":"SKIP","floor":22},{"not_picked":["Quick Slash+1","StuffTheSpire:Python","Bullet Time"],"picked":"SKIP","floor":24},{"not_picked":["Dash","PiercingWail","Dodge and Roll"],"picked":"SKIP","floor":29},{"not_picked":["Quick Slash","Expertise"],"picked":"Replay:Poison Smokescreen+1","floor":31},{"not_picked":["Underhanded Strike","Outmaneuver"],"picked":"StSpp:SwitchWeapon","floor":32},{"not_picked":["StuffTheSpire:BumpUp","Sucker Punch+1","StSpp:Dive"],"picked":"SKIP","floor":33},{"not_picked":["StuffTheSpire:BumpUp","Sucker Punch+1"],"picked":"StSpp:Dive","floor":33}],"player_experience":305243,"relics_obtained":[{"floor":8,"key":"StoneCalendar"},{"floor":9,"key":"StSpp:SailingBoat"},{"floor":13,"key":"CaptainsWheel"},{"floor":20,"key":"CeramicFish"},{"floor":28,"key":"Ice Cream"},{"floor":32,"key":"StuffTheSpire:Expresso"}],"event_choices":[{"damage_healed":0,"gold_gain":0,"player_choice":"Trade","damage_taken":0,"relics_obtained":["CultistMask"],"max_hp_gain":0,"max_hp_loss":0,"event_name":"FaceTrader","floor":2,"gold_loss":0},{"damage_healed":0,"gold_gain":0,"cards_transformed":["Strike_G"],"player_choice":"Transformed","damage_taken":0,"max_hp_gain":0,"max_hp_loss":0,"event_name":"Transmorgrifier","floor":10,"gold_loss":0,"cards_obtained":["Bullet Time"]},{"damage_healed":0,"gold_gain":0,"player_choice":"Disagree","damage_taken":0,"max_hp_gain":0,"max_hp_loss":0,"event_name":"conspire:LoneGhost","floor":15,"gold_loss":0},{"damage_healed":0,"gold_gain":0,"cards_transformed":["Defend_G"],"player_choice":"Transformed","damage_taken":0,"max_hp_gain":0,"max_hp_loss":0,"event_name":"Transmorgrifier","floor":25,"gold_loss":0,"cards_obtained":["Dash"]}],"is_beta":false,"boss_relics":[{"not_picked":["Calling Bell","energizedSpire:RedRose"],"picked":"energizedSpire:HighHeels"}],"items_purged_floors":[21],"is_endless":false,"potions_floor_spawned":[4,8,19,24,31,32],"killed_by":"Pondfish","ascension_level":1}}