{"host":"vyjryxuuuxkt43k4","time":1611116964,"event":{"mods":["AchievementEnabler","BaseMod","Colored Map","DeckTracker","Keyboard Shortcuts","Minty Spire (QoL Compilation)","Permanent Neow","Quick Restart","Rare Cards Sparkle","StSLib","SuperFastMode","everything is the same but u backflip on backflip"],"gold_per_floor":[119,138,156,169,17,17,36,63,88,88,122,138,138,149,149,226,226,236,250,263,293,66,66,84,84,84,9,23,34,34,69,69,69,69],"floor_reached":33,"language":"KOR","playtime":2332,"items_purged":["Cleave"],"score":563,"play_id":"fcbb9018-b31b-459c-8839-998928ce45dd","local_time":"20210120132924","is_ascension_mode":true,"campfire_choices":[{"data":"Perfected Strike","floor":6.0,"key":"SMITH"},{"floor":10.0,"key":"REST"},{"data":"Armaments","floor":15.0,"key":"SMITH"},{"data":"Exhume","floor":23.0,"key":"SMITH"},{"data":"Double Tap","floor":25.0,"key":"SMITH"},{"data":"Battle Trance","floor":30.0,"key":"SMITH"},{"floor":32.0,"key":"REST"}],"circlet_count":0,"master_deck":["AscendersBane","Strike_R","Strike_R","Strike_R","Strike_R","Strike_R","Defend_R","Defend_R","Defend_R","Bash","Exhume+1","Perfected Strike+1","Headbutt","Double Tap+1","Reaper+1","Armaments+1","Battle Trance+1","Uppercut+1","Feed+1","Wild Strike+1","Perfected Strike+1","Pommel Strike+1","Perfected Strike+1","Pommel Strike+1","Havoc+1"],"relics":["Burning Blood","Brimstone","Molten Egg 2","Orichalcum","Red Skull","Philosopher\u0027s Stone","Red Mask","Lee\u0027s Waffle","Toxic Egg 2","Nunchaku"],"acts_visited":["Exordium","TheCity"],"potions_floor_usage":[],"damage_taken":[{"damage":20.0,"enemies":"Cultist","floor":1.0,"turns":5.0},{"damage":7.0,"enemies":"Jaw Worm","floor":2.0,"turns":3.0},{"damage":19.0,"enemies":"Small Slimes","floor":3.0,"turns":4.0},{"damage":10.0,"enemies":"Exordium Thugs","floor":4.0,"turns":5.0},{"damage":0.0,"enemies":"Exordium Wildlife","floor":7.0,"turns":2.0},{"damage":18.0,"enemies":"Gremlin Nob","floor":8.0,"turns":3.0},{"damage":30.0,"enemies":"3 Sentries","floor":11.0,"turns":4.0},{"damage":8.0,"enemies":"Blue Slaver","floor":12.0,"turns":3.0},{"damage":9.0,"enemies":"Looter","floor":14.0,"turns":3.0},{"damage":0.0,"enemies":"Slime Boss","floor":16.0,"turns":6.0},{"damage":29.0,"enemies":"2 Thieves","floor":18.0,"turns":3.0},{"damage":12.0,"enemies":"Shell Parasite","floor":19.0,"turns":2.0},{"damage":9.0,"enemies":"Snecko","floor":20.0,"turns":3.0},{"damage":33.0,"enemies":"Masked Bandits","floor":21.0,"turns":4.0},{"damage":14.0,"enemies":"3 Cultists","floor":24.0,"turns":5.0},{"damage":15.0,"enemies":"Snake Plant","floor":28.0,"turns":2.0},{"damage":23.0,"enemies":"Snecko","floor":29.0,"turns":4.0},{"damage":35.0,"enemies":"Slavers","floor":31.0,"turns":3.0},{"damage":59,"enemies":"Automaton","floor":33,"turns":4}],"seed_played":"7296426169758291174","potions_obtained":[{"floor":3.0,"key":"Fire Potion"},{"floor":4.0,"key":"EssenceOfSteel"},{"floor":12.0,"key":"Ancient Potion"},{"floor":20.0,"key":"Weak Potion"},{"floor":29.0,"key":"DuplicationPotion"},{"floor":31.0,"key":"Ancient Potion"}],"is_trial":false,"path_per_floor":["M","M","M","M","$","R","M","E","T","R","E","M","?","M","R","B",null,"M","M","M","?","$","R","M","R","T","?","M","M","R","E","R","B"],"character_chosen":"IRONCLAD","items_purchased":["Brimstone","Lee\u0027s Waffle"],"campfire_rested":2,"item_purchase_floors":[5,22],"current_hp_per_floor":[54,53,40,36,36,36,42,30,30,52,75,75,75,72,72,75,75,63,57,58,47,86,86,86,86,86,86,77,60,60,31,56,0,0],"gold":69,"neow_bonus":"ONE_RANDOM_RARE_CARD","is_daily":false,"chose_seed":false,"campfire_upgraded":5,"win_rate":0.0,"timestamp":1611116964,"path_taken":["M","M","M","?","$","R","M","E","T","R","E","M","?","M","R","BOSS","M","M","M","?","$","R","M","R","T","?","M","M","R","E","R","BOSS"],"items_purchased_type":["Relic","Relic"],"build_version":"2020-12-22","purchased_purges":1,"victory":false,"max_hp_per_floor":[75,75,75,75,75,75,75,75,75,75,75,75,75,75,75,75,75,75,75,79,79,86,86,86,86,86,86,86,86,86,86,86,86,86],"card_choices":[{"not_picked":["Clothesline","Sword Boomerang"],"picked":"Perfected Strike","floor":1.0},{"not_picked":["Spot Weakness","True Grit"],"picked":"Headbutt","floor":2.0},{"not_picked":["Iron Wave","Anger","True Grit"],"picked":"SKIP","floor":3.0},{"not_picked":["True Grit","Anger"],"picked":"Cleave","floor":4.0},{"not_picked":["True Grit","Body Slam"],"picked":"Double Tap","floor":7.0},{"not_picked":["Clothesline+1","True Grit"],"picked":"Reaper+1","floor":8.0},{"not_picked":["Searing Blow+1","Clothesline+1"],"picked":"Armaments","floor":11.0},{"not_picked":["Armaments","Flame Barrier"],"picked":"Battle Trance","floor":12.0},{"not_picked":["Intimidate","Flex"],"picked":"Uppercut+1","floor":14.0},{"not_picked":["Reaper+1","Demon Form"],"picked":"Feed+1","floor":16.0},{"not_picked":["Armaments","Rage"],"picked":"Wild Strike+1","floor":18.0},{"not_picked":["Pummel+1","Uppercut+1"],"picked":"Perfected Strike+1","floor":19.0},{"not_picked":["Twin Strike+1","Fire Breathing"],"picked":"Pommel Strike+1","floor":20.0},{"not_picked":["Armaments","Clothesline+1","Clash+1"],"picked":"SKIP","floor":24.0},{"not_picked":["Armaments","Clothesline+1","Clash+1"],"picked":"SKIP","floor":24.0},{"not_picked":["Hemokinesis+1","Clash+1"],"picked":"Perfected Strike+1","floor":28.0},{"not_picked":["Metallicize","Searing Blow+1"],"picked":"Pommel Strike+1","floor":29.0},{"not_picked":["Burning Pact+1","Thunderclap+1"],"picked":"Havoc+1","floor":31.0}],"player_experience":136424,"relics_obtained":[{"floor":8.0,"key":"Molten Egg 2"},{"floor":9.0,"key":"Orichalcum"},{"floor":11.0,"key":"Red Skull"},{"floor":21.0,"key":"Red Mask"},{"floor":26.0,"key":"Toxic Egg 2"},{"floor":31.0,"key":"Nunchaku"}],"event_choices":[{"damage_healed":0.0,"max_hp_gain":0.0,"max_hp_loss":0.0,"gold_gain":0.0,"event_name":"The Woman in Blue","player_choice":"Bought 0 Potions","floor":13.0,"gold_loss":0.0,"damage_taken":0.0},{"damage_healed":0.0,"max_hp_gain":0.0,"max_hp_loss":0.0,"gold_gain":0.0,"event_name":"Masked Bandits","player_choice":"Fought Bandits","floor":21.0,"gold_loss":0.0,"damage_taken":0.0},{"cards_removed":["Defend_R"],"damage_healed":0.0,"max_hp_gain":0.0,"max_hp_loss":0.0,"gold_gain":0.0,"event_name":"Beggar","player_choice":"Gave Gold","floor":27.0,"gold_loss":75.0,"damage_taken":0.0}],"is_beta":false,"boss_relics":[{"not_picked":["Black Blood","Astrolabe"],"picked":"Philosopher\u0027s Stone"}],"items_purged_floors":[22],"is_endless":false,"potions_floor_spawned":[3,4,12,14,20,29,31],"killed_by":"Automaton","ascension_level":14}}