{"host":"nbmmy2ys5j9alw05","time":1611102017,"event":{"mods":["AchievementEnabler","BaseMod","Bestiary","Better Vampires","Colored Map","Colored Powertips","Googly Eyes","Minty Spire (QoL Compilation)","Quick Restart","StSLib","The Hierophant","The IronCluck","everything is the same but u backflip on backflip"],"gold_per_floor":[118,132,148,168,138,138,172,57,128,145,145,162,162,162,162,162,162],"floor_reached":16,"language":"ENG","playtime":626,"items_purged":["Strike_G"],"score":153,"play_id":"ee2ab325-5298-4e0e-ba42-b227559f87df","local_time":"20210119162017","is_ascension_mode":true,"campfire_choices":[{"data":"Glass Knife","floor":6,"key":"SMITH"},{"data":"Noxious Fumes","floor":11,"key":"SMITH"},{"data":"Catalyst","floor":15,"key":"SMITH"}],"circlet_count":0,"master_deck":["AscendersBane","Strike_G","Strike_G","Strike_G","Strike_G","Defend_G","Defend_G","Defend_G","Defend_G","Defend_G","Survivor","Neutralize","Glass Knife+1","Dagger Spray","Dodge and Roll","Noxious Fumes+1","Poisoned Stab","Catalyst+1","Footwork","Expertise"],"relics":["Ring of the Snake","The Specimen","Bottled Flame"],"acts_visited":["Exordium"],"potions_floor_usage":[7,7,7,10,16],"damage_taken":[{"damage":0,"enemies":"2 Louse","floor":1,"turns":2},{"damage":1,"enemies":"Cultist","floor":2,"turns":3},{"damage":5,"enemies":"Jaw Worm","floor":3,"turns":5},{"damage":6,"enemies":"2 Fungi Beasts","floor":4,"turns":3},{"damage":3,"enemies":"3 Sentries","floor":7,"turns":6},{"damage":10,"enemies":"Gremlin Gang","floor":10,"turns":4},{"damage":8,"enemies":"Exordium Thugs","floor":12,"turns":6},{"damage":33,"enemies":"Hexaghost","floor":16,"turns":9}],"seed_played":"9018983340422721408","potions_obtained":[{"floor":4,"key":"PowerPotion"},{"floor":5,"key":"GamblersBrew"},{"floor":5,"key":"EssenceOfSteel"},{"floor":7,"key":"SteroidPotion"},{"floor":10,"key":"SpeedPotion"}],"is_trial":false,"path_per_floor":["M","M","M","M","?","R","E","$","T","M","R","M","?","?","R","B"],"character_chosen":"THE_SILENT","items_purchased":["Footwork"],"campfire_rested":0,"item_purchase_floors":[8],"current_hp_per_floor":[63,62,57,51,51,51,48,48,48,38,38,30,30,30,30,0,0],"gold":162,"neow_bonus":"ONE_RANDOM_RARE_CARD","is_daily":false,"chose_seed":false,"campfire_upgraded":3,"win_rate":0.0,"timestamp":1611102017,"path_taken":["M","M","M","M","?","R","E","$","T","M","R","?","?","?","R","BOSS"],"items_purchased_type":["Card"],"build_version":"2020-12-22","purchased_purges":1,"victory":false,"max_hp_per_floor":[70,70,70,70,70,70,70,70,70,70,70,70,70,70,70,70,70],"card_choices":[{"not_picked":["Dagger Throw","Quick Slash"],"picked":"Dagger Spray","floor":1},{"not_picked":["Finisher","Dagger Spray"],"picked":"Dodge and Roll","floor":2},{"not_picked":["Flying Knee","Cloak And Dagger"],"picked":"Noxious Fumes","floor":3},{"not_picked":["Quick Slash","Dodge and Roll"],"picked":"Poisoned Stab","floor":4},{"not_picked":["Terror","Flying Knee"],"picked":"Catalyst","floor":7},{"not_picked":["Underhanded Strike","Flying Knee","Dodge and Roll"],"picked":"SKIP","floor":10},{"not_picked":["Endless Agony","Setup"],"picked":"Expertise","floor":12}],"player_experience":478311,"relics_obtained":[{"floor":7,"key":"The Specimen"},{"floor":9,"key":"Bottled Flame"}],"event_choices":[{"damage_healed":0,"gold_gain":0,"player_choice":"Bought 2 Potions","damage_taken":0,"max_hp_gain":0,"max_hp_loss":0,"event_name":"The Woman in Blue","floor":5,"gold_loss":0},{"damage_healed":0,"gold_gain":0,"player_choice":"Fled","damage_taken":0,"max_hp_gain":0,"max_hp_loss":0,"event_name":"Scrap Ooze","floor":13,"gold_loss":0},{"damage_healed":0,"gold_gain":0,"player_choice":"Ignored","damage_taken":0,"max_hp_gain":0,"max_hp_loss":0,"event_name":"Liars Game","floor":14,"gold_loss":0}],"is_beta":false,"boss_relics":[],"items_purged_floors":[8],"is_endless":false,"potions_floor_spawned":[4,7,10],"killed_by":"Hexaghost","ascension_level":10}}