{"host":"gqhy17d1xpb1p3ki","time":1611111002,"event":{"mods":["BaseMod","Colored Map","Downfall","Hermit","Marisa????????","Minty Spire (QoL Compilation)","StSLib","The Animator","The Cursed","The Servant 0.9.4"],"gold_per_floor":[99,110,210,42,217,217,217,217,232,262,51,151,151,162,182,182,182,182],"floor_reached":16,"language":"ENG","playtime":1366,"items_purged":["Doubt"],"score":98,"play_id":"4d1f4721-18de-4ab0-b8e9-a9bdddf97c6d","local_time":"20210119215002","is_ascension_mode":false,"campfire_choices":[{"data":"champ:Taunt","floor":1,"key":"SMITH"},{"data":"champ:StanceDance","floor":6,"key":"SMITH"},{"data":"champ:GladiatorStyle","floor":8,"key":"SMITH"},{"data":"champ:Backstep","floor":13,"key":"SMITH"}],"circlet_count":0,"master_deck":["champ:Strike","champ:Strike","champ:Strike","champ:Strike","champ:Defend","champ:Defend","champ:Defend","champ:Defend","champ:Execute","champ:Taunt+1","champ:StanceDance+1","champ:SwordThrow","champ:PreciseThrust","champ:GladiatorStyle+1","champ:Backstep+1","champ:CrownThrow","champ:TornadoPunch","champ:PreciseThrust","champ:BringItOn","champ:Shatter","champ:BerserkersShout"],"relics":["champ:ChampionCrown","The Courier","Tiny Chest","champ:BerserkersGuideToSlaughter"],"acts_visited":["Exordium"],"potions_floor_usage":[],"damage_taken":[{"damage":20,"enemies":"Jaw Worm","floor":2,"turns":4},{"damage":20,"enemies":"downfall:FleeingMerchant","floor":4,"turns":4},{"damage":10,"enemies":"Small Slimes","floor":9,"turns":2},{"damage":18,"enemies":"Lagavulin","floor":10,"turns":6},{"damage":25,"enemies":"downfall:FleeingMerchant","floor":11,"turns":4},{"damage":6,"enemies":"Cultist","floor":14,"turns":3},{"damage":14,"enemies":"Large Slime","floor":15,"turns":6},{"damage":92,"enemies":"SI_SHIV_ARCHETYPE","floor":16,"turns":10}],"seed_played":"4711078832776813473","potions_obtained":[{"floor":9,"key":"SneckoOil"},{"floor":10,"key":"BlessingOfTheForge"},{"floor":15,"key":"GamblersBrew"}],"is_trial":false,"path_per_floor":["R","M","?","$","?","R","T","R","M","E","$","?","R","M","M","B"],"character_chosen":"THE_CHAMP","items_purchased":["champ:PreciseThrust","champ:GladiatorStyle","champ:Backstep","champ:BerserkersGuideToSlaughter","champ:BringItOn"],"campfire_rested":0,"item_purchase_floors":[4,4,4,11,11],"current_hp_per_floor":[99,99,99,99,99,99,99,99,99,91,76,76,76,75,66,0,0,0],"gold":182,"neow_bonus":"TEN_PERCENT_HP_BONUS","is_daily":false,"chose_seed":false,"campfire_upgraded":4,"win_rate":0.0,"timestamp":1611111002,"path_taken":["R","M","?","$","?","R","T","R","M","E","$","?","R","M","M","BOSS"],"items_purchased_type":["Card","Card","Card","Relic","Card"],"build_version":"2020-12-22","purchased_purges":1,"victory":false,"max_hp_per_floor":[99,99,99,99,99,99,99,99,99,99,99,99,99,99,99,99,99,99],"card_choices":[{"not_picked":["champ:BladeFlurry","champ:CalledShot"],"picked":"champ:StanceDance","floor":2},{"not_picked":["champ:ArenaPreparation","champ:DeathBlow"],"picked":"champ:SwordThrow","floor":4},{"not_picked":["champ:BladeFlurry","champ:Shatter"],"picked":"champ:CrownThrow","floor":9},{"not_picked":["champ:IgnorePain","champ:Duel"],"picked":"champ:TornadoPunch","floor":10},{"not_picked":["champ:ArenaPreparation","champ:VampiricStrike"],"picked":"champ:PreciseThrust","floor":11},{"not_picked":["champ:FalseCounter","champ:Backstep"],"picked":"champ:Shatter","floor":14},{"not_picked":["champ:DefensiveShout","champ:DeathBlow"],"picked":"champ:BerserkersShout","floor":15}],"player_experience":363514,"relics_obtained":[{"floor":7,"key":"The Courier"},{"floor":10,"key":"Tiny Chest"}],"event_choices":[],"is_beta":false,"boss_relics":[],"items_purged_floors":[11],"is_endless":false,"potions_floor_spawned":[9,10,15],"killed_by":"SI_SHIV_ARCHETYPE","ascension_level":0}}