{"host":"0v07cr0k93jhgkpm","time":1611119988,"event":{"mods":["BaseMod","Colored Map","DeckTracker","Minty Spire (QoL Compilation)","Quick Restart","SuperFastMode"],"gold_per_floor":[111,122,133,143,32,32,82,116,116,116,136,150,150,150,150,150,150],"floor_reached":16,"language":"KOR","playtime":501,"items_purged":[],"score":254,"play_id":"3f8bde48-d75e-4834-b430-8ca4926c1100","local_time":"20210120141948","is_ascension_mode":true,"campfire_choices":[{"data":"Eruption","floor":6,"key":"SMITH"},{"data":"Adaptation","floor":10,"key":"SMITH"},{"data":"ClearTheMind","floor":13,"key":"SMITH"},{"data":"EmptyMind","floor":15,"key":"SMITH"}],"circlet_count":0,"master_deck":["AscendersBane","Strike_P","Strike_P","Strike_P","Strike_P","Defend_P","Defend_P","Defend_P","Defend_P","Eruption+1","Vigilance","DeusExMachina","ClearTheMind+1","EmptyFist","MentalFortress","Sanctity","Adaptation+1","EmptyFist","MentalFortress","EmptyMind+1","Consecrate"],"relics":["PureWater","Anchor","Darkstone Periapt","Mercury Hourglass"],"acts_visited":["Exordium"],"potions_floor_usage":[8,8],"damage_taken":[{"damage":9,"enemies":"2 Louse","floor":1,"turns":4},{"damage":0,"enemies":"Cultist","floor":2,"turns":3},{"damage":2,"enemies":"Jaw Worm","floor":3,"turns":2},{"damage":10,"enemies":"3 Louse","floor":4,"turns":5},{"damage":0,"enemies":"Lagavulin","floor":8,"turns":7},{"damage":7,"enemies":"2 Fungi Beasts","floor":11,"turns":4},{"damage":6,"enemies":"Exordium Thugs","floor":12,"turns":4},{"damage":18,"enemies":"Hexaghost","floor":16,"turns":9}],"seed_played":"8570632387733990080","potions_obtained":[{"floor":1,"key":"EssenceOfSteel"},{"floor":4,"key":"EssenceOfSteel"},{"floor":8,"key":"GamblersBrew"}],"is_trial":false,"path_per_floor":["M","M","M","M","$","R","?","E","T","R","M","M","R","?","R","B"],"character_chosen":"WATCHER","items_purchased":["Adaptation","EmptyFist"],"campfire_rested":0,"item_purchase_floors":[5,5],"current_hp_per_floor":[52,52,50,40,40,40,40,40,40,40,33,27,27,16,16,0,0],"gold":150,"neow_bonus":"THREE_RARE_CARDS","is_daily":false,"chose_seed":false,"campfire_upgraded":4,"win_rate":0.0,"timestamp":1611119988,"path_taken":["M","M","M","M","$","R","?","E","T","R","?","M","R","?","R","BOSS"],"items_purchased_type":["Card","Card"],"build_version":"2020-12-22","purchased_purges":0,"victory":false,"max_hp_per_floor":[62,62,62,62,62,62,62,62,62,62,62,62,62,62,62,62,62],"card_choices":[{"not_picked":["Blasphemy","ConjureBlade"],"picked":"DeusExMachina","floor":0.0},{"not_picked":["SignatureMove","Crescendo"],"picked":"ClearTheMind","floor":1},{"not_picked":["Halt","Protect"],"picked":"EmptyFist","floor":2},{"not_picked":["JustLucky","BowlingBash"],"picked":"MentalFortress","floor":3},{"not_picked":["JustLucky","CrushJoints"],"picked":"Sanctity","floor":4},{"not_picked":["WaveOfTheHand","JustLucky"],"picked":"MentalFortress","floor":8},{"not_picked":["Evaluate","Protect"],"picked":"EmptyMind","floor":11},{"not_picked":["EmptyFist","FollowUp"],"picked":"Consecrate","floor":12}],"player_experience":2504750,"relics_obtained":[{"floor":8,"key":"Anchor"},{"floor":9,"key":"Darkstone Periapt"}],"event_choices":[{"damage_healed":0,"gold_gain":50,"player_choice":"Pray","damage_taken":0,"max_hp_gain":0,"max_hp_loss":0,"event_name":"Golden Shrine","floor":7,"gold_loss":0},{"damage_healed":0,"gold_gain":0,"player_choice":"Success","damage_taken":11,"relics_obtained":["Mercury Hourglass"],"max_hp_gain":0,"max_hp_loss":0,"event_name":"Scrap Ooze","floor":14,"gold_loss":0}],"is_beta":false,"boss_relics":[],"items_purged_floors":[],"is_endless":false,"potions_floor_spawned":[1,4,8],"killed_by":"Hexaghost","ascension_level":20}}