{"host":"ydg0vn0pu4pubmdt","time":1611179423,"event":{"mods":["AchievementEnabler","BaseMod","Colored Map","Gold Saver","Minty Spire (QoL Compilation)","Quick Restart","SuperFastMode"],"gold_per_floor":[20,20,20,20,43,43,89,89,160,173,196,196,35,56,56,152,152,177,190,17,17,0,0,15,32,32,43,60,60,80,22,22,93,93,112,123,136,0,54,54,73,93,93,43,43,61,61,93,93,93,93],"floor_reached":50,"language":"KOR","playtime":2013,"items_purged":["Strike_G","Strike_G"],"score":934,"play_id":"7ae3b577-dcbb-496a-b1fe-3e6100524b7e","local_time":"20210121065023","is_ascension_mode":true,"campfire_choices":[{"data":"Envenom","floor":6.0,"key":"SMITH"},{"data":"Dagger Spray","floor":8.0,"key":"SMITH"},{"data":"Blade Dance","floor":12.0,"key":"SMITH"},{"data":"Blade Dance","floor":15.0,"key":"SMITH"},{"data":"After Image","floor":23.0,"key":"SMITH"},{"data":"Neutralize","floor":32.0,"key":"SMITH"},{"floor":40,"key":"REST"},{"data":"Madness","floor":47,"key":"SMITH"},{"floor":49,"key":"REST"}],"circlet_count":0,"master_deck":["AscendersBane","Strike_G","Defend_G","Defend_G+1","Defend_G","Defend_G+1","Survivor","Neutralize+1","Dagger Spray+1","Envenom+1","Blade Dance+1","Blade Dance+1","After Image+1","Accuracy+1","Slice+1","Escape Plan","Tactician+1","All Out Attack","Blur","PiercingWail","Prepared+1","Madness+1","Madness"],"relics":["Ring of the Snake","Bloody Idol","Eternal Feather","War Paint","Meat on the Bone","Bag of Preparation","Runic Pyramid","Membership Card","Centennial Puzzle","Sozu","Red Mask","Du-Vu Doll","HornCleat","Akabeko"],"acts_visited":["Exordium","TheCity","TheBeyond"],"potions_floor_usage":[39,39],"damage_taken":[{"damage":1.0,"enemies":"Cultist","floor":1.0,"turns":4.0},{"damage":1.0,"enemies":"Small Slimes","floor":5.0,"turns":3.0},{"damage":1.0,"enemies":"Jaw Worm","floor":10.0,"turns":3.0},{"damage":3.0,"enemies":"Looter","floor":11.0,"turns":3.0},{"damage":5.0,"enemies":"Blue Slaver","floor":14.0,"turns":5.0},{"damage":40.0,"enemies":"Hexaghost","floor":16.0,"turns":6.0},{"damage":0.0,"enemies":"Chosen","floor":18.0,"turns":3.0},{"damage":12.0,"enemies":"Shell Parasite","floor":19.0,"turns":4.0},{"damage":11.0,"enemies":"Snake Plant","floor":24.0,"turns":4.0},{"damage":32.0,"enemies":"Shelled Parasite and Fungi","floor":25.0,"turns":4.0},{"damage":2.0,"enemies":"Snecko","floor":27.0,"turns":4.0},{"damage":5.0,"enemies":"Centurion and Healer","floor":28.0,"turns":5.0},{"damage":11.0,"enemies":"Snake Plant","floor":30.0,"turns":5.0},{"damage":2.0,"enemies":"Automaton","floor":33.0,"turns":8.0},{"damage":0.0,"enemies":"Orb Walker","floor":35.0,"turns":3.0},{"damage":30,"enemies":"3 Darklings","floor":36,"turns":4},{"damage":11,"enemies":"Maw","floor":37,"turns":7},{"damage":52,"enemies":"2 Orb Walkers","floor":39,"turns":7},{"damage":1,"enemies":"Sphere and 2 Shapes","floor":41,"turns":5},{"damage":4,"enemies":"4 Shapes","floor":42,"turns":5},{"damage":4,"enemies":"Maw","floor":46,"turns":7},{"damage":43,"enemies":"Nemesis","floor":48,"turns":7},{"damage":63,"enemies":"Awakened One","floor":50,"turns":12}],"seed_played":"-9198709725142529141","potions_obtained":[{"floor":16.0,"key":"LiquidBronze"},{"floor":24.0,"key":"LiquidBronze"},{"floor":25.0,"key":"GhostInAJar"},{"floor":28.0,"key":"Regen Potion"}],"is_trial":false,"path_per_floor":["M","?","?","T","M","R","T","R","T","M","M","R","$","M","R","B",null,"M","M","$","?","?","R","M","M","T","M","M","?","M","$","R","B",null,"M","M","M","?","?","R","M","M","T","$","?","M","R","E","R","B"],"character_chosen":"THE_SILENT","items_purchased":["Bag of Preparation","Membership Card","Blur"],"campfire_rested":2,"item_purchase_floors":[13,20,31],"current_hp_per_floor":[58,58,51,51,50,56,56,60,60,59,56,60,60,55,60,32,53,53,41,41,41,41,50,44,29,29,44,44,44,38,38,50,53,58,60,47,41,41,21,51,55,56,56,56,45,46,58,32,60,0,0],"gold":93,"neow_bonus":"TRANSFORM_TWO_CARDS","is_daily":false,"chose_seed":false,"campfire_upgraded":7,"win_rate":0.0,"timestamp":1611179423,"path_taken":["M","?","?","?","M","R","?","R","T","M","?","R","?","M","R","BOSS","M","?","$","?","?","R","M","?","T","M","M","?","M","$","R","BOSS","M","M","M","?","?","R","M","M","T","?","?","?","R","E","R","BOSS"],"items_purchased_type":["Relic","Relic","Card"],"build_version":"2020-12-22","purchased_purges":2,"victory":false,"max_hp_per_floor":[66,60,60,60,60,60,60,60,60,60,60,60,60,60,60,60,60,60,60,60,60,60,60,60,60,60,60,60,60,60,60,60,60,60,60,60,60,60,60,60,60,60,60,60,60,60,60,60,60,60,60],"card_choices":[{"not_picked":["Slice","PiercingWail"],"picked":"Blade Dance","floor":1.0},{"not_picked":["Prepared","Noxious Fumes","Deflect"],"picked":"SKIP","floor":5.0},{"not_picked":["Dodge and Roll","Prepared"],"picked":"Blade Dance","floor":10.0},{"not_picked":["Slice","Underhanded Strike","Choke"],"picked":"SKIP","floor":11.0},{"not_picked":["Dagger Throw","Backflip","Underhanded Strike"],"picked":"SKIP","floor":14.0},{"not_picked":["Venomology","Tools of the Trade"],"picked":"After Image","floor":16.0},{"not_picked":["Expertise","Flechettes"],"picked":"Accuracy+1","floor":18.0},{"not_picked":["Accuracy","Predator","Reflex"],"picked":"SKIP","floor":19.0},{"not_picked":["Sucker Punch","Predator","Reflex"],"picked":"SKIP","floor":24.0},{"not_picked":["PiercingWail","Dodge and Roll"],"picked":"Slice+1","floor":25.0},{"not_picked":["Accuracy+1","Sucker Punch"],"picked":"Escape Plan","floor":27.0},{"not_picked":["Riddle With Holes+1","Endless Agony"],"picked":"Tactician+1","floor":28.0},{"not_picked":["Flechettes","Noxious Fumes","Blade Dance"],"picked":"SKIP","floor":30.0},{"not_picked":["Slice","Deflect","Masterful Stab+1"],"picked":"SKIP","floor":35.0},{"not_picked":["Slice","Deflect","Masterful Stab+1"],"picked":"SKIP","floor":35.0},{"not_picked":["Catalyst","Crippling Poison+1","Expertise+1"],"picked":"SKIP","floor":36},{"not_picked":["Backflip","Poisoned Stab","Flying Knee"],"picked":"SKIP","floor":37},{"not_picked":["Blur+1","Blade Dance"],"picked":"PiercingWail","floor":39},{"not_picked":["Calculated Gamble","Bane+1"],"picked":"Prepared+1","floor":41},{"not_picked":["All Out Attack","Poisoned Stab","Backstab+1"],"picked":"SKIP","floor":42},{"not_picked":["Blade Dance+1","Cloak And Dagger+1","Eviscerate+1"],"picked":"SKIP","floor":46},{"not_picked":["Deadly Poison","Expertise+1","Dodge and Roll"],"picked":"SKIP","floor":48}],"player_experience":511056,"relics_obtained":[{"floor":4.0,"key":"Eternal Feather"},{"floor":7.0,"key":"War Paint"},{"floor":9.0,"key":"Meat on the Bone"},{"floor":26.0,"key":"Centennial Puzzle"},{"floor":39,"key":"Du-Vu Doll"},{"floor":43,"key":"HornCleat"},{"floor":48,"key":"Akabeko"}],"event_choices":[{"damage_healed":0.0,"max_hp_gain":0.0,"max_hp_loss":6.0,"gold_gain":0.0,"event_name":"Golden Idol","player_choice":"Lose Max HP","floor":2.0,"gold_loss":0.0,"damage_taken":0.0,"relics_obtained":["Golden Idol"]},{"cards_removed":["Strike_G"],"damage_healed":0.0,"max_hp_gain":0.0,"max_hp_loss":0.0,"gold_gain":0.0,"event_name":"Golden Wing","player_choice":"Card Removal","floor":3.0,"gold_loss":0.0,"damage_taken":7.0},{"damage_healed":0.0,"max_hp_gain":0.0,"max_hp_loss":0.0,"gold_gain":0.0,"event_name":"Forgotten Altar","player_choice":"Gave Idol","floor":21.0,"relics_lost":["Golden Idol"],"gold_loss":0.0,"damage_taken":0.0,"relics_obtained":["Bloody Idol"]},{"damage_healed":0.0,"max_hp_gain":0.0,"max_hp_loss":0.0,"gold_gain":0.0,"event_name":"Masked Bandits","player_choice":"Paid Fearfully","floor":22.0,"gold_loss":17.0,"damage_taken":0.0},{"damage_healed":0.0,"max_hp_gain":0.0,"max_hp_loss":0.0,"gold_gain":0.0,"event_name":"The Library","player_choice":"Read","floor":29.0,"gold_loss":0.0,"damage_taken":0.0,"cards_obtained":["All Out Attack"]},{"damage_healed":0,"gold_gain":0,"player_choice":"Paid","damage_taken":0,"relics_obtained":["Red Mask"],"max_hp_gain":0,"max_hp_loss":0,"event_name":"Tomb of Lord Red Mask","floor":38,"gold_loss":136},{"damage_healed":0,"gold_gain":0,"player_choice":"Fight","damage_taken":0,"max_hp_gain":0,"max_hp_loss":0,"event_name":"Mysterious Sphere","floor":39,"gold_loss":0},{"damage_healed":0,"gold_gain":0,"player_choice":"Embrace Madness","damage_taken":11,"max_hp_gain":0,"max_hp_loss":0,"event_name":"Winding Halls","floor":45,"gold_loss":0,"cards_obtained":["Madness","Madness"]}],"is_beta":false,"boss_relics":[{"not_picked":["Fusion Hammer","Coffee Dripper"],"picked":"Runic Pyramid"},{"not_picked":["Ring of the Serpent","Velvet Choker"],"picked":"Sozu"}],"items_purged_floors":[31,44],"is_endless":false,"potions_floor_spawned":[16,24,25,28,33,35,41,42,46],"killed_by":"Awakened One","ascension_level":19}}