{"host":"15dd7v8o90xso62x","time":1611178540,"event":{"mods":["BaseMod","Minty Spire (QoL Compilation)","Quick Restart","StSLib","SuperFastMode"],"gold_per_floor":[113,113,263,20,34,34,72,100,123,175,226,238,250,271,283,377,389,411,423,462,203,216,216,233,233,233,244,271,296,296,331,331,331,331],"floor_reached":33,"language":"KOR","playtime":814,"items_purged":["Doubt","Strike_G"],"score":636,"play_id":"109f7b82-6788-4e9e-af67-48e82edd1f41","local_time":"20210121063540","is_ascension_mode":true,"campfire_choices":[{"data":"Poisoned Stab","floor":6.0,"key":"SMITH"},{"data":"Deadly Poison","floor":12.0,"key":"SMITH"},{"data":"Wraith Form v2","floor":15.0,"key":"SMITH"},{"data":"Footwork","floor":23.0,"key":"SMITH"},{"data":"Neutralize","floor":25.0,"key":"SMITH"},{"data":"Crippling Poison","floor":30.0,"key":"SMITH"},{"floor":32.0,"key":"REST"}],"circlet_count":0,"master_deck":["AscendersBane","Strike_G","Strike_G","Defend_G+1","Defend_G","Defend_G","Defend_G","Defend_G","Survivor","Neutralize+1","PiercingWail","Poisoned Stab+1","Footwork+1","Cloak And Dagger","Deadly Poison+1","Wraith Form v2+1","Dagger Throw","Corpse Explosion+1","Leg Sweep","Crippling Poison+1","Venomology"],"relics":["Ring of the Snake","NeowsBlessing","Oddly Smooth Stone","CeramicFish","Akabeko","MawBank","Bronze Scales","Sozu","Snake Skull","PreservedInsect","Molten Egg 2","War Paint"],"acts_visited":["Exordium","TheCity"],"potions_floor_usage":[],"damage_taken":[{"damage":0.0,"enemies":"Small Slimes","floor":1.0,"turns":1.0},{"damage":0.0,"enemies":"Jaw Worm","floor":5.0,"turns":1.0},{"damage":0.0,"enemies":"Lagavulin","floor":7.0,"turns":1.0},{"damage":0.0,"enemies":"2 Louse","floor":8.0,"turns":3.0},{"damage":15.0,"enemies":"3 Sentries","floor":11.0,"turns":10.0},{"damage":2.0,"enemies":"The Guardian","floor":16.0,"turns":9.0},{"damage":2.0,"enemies":"2 Thieves","floor":18.0,"turns":3.0},{"damage":8.0,"enemies":"Shell Parasite","floor":20.0,"turns":4.0},{"damage":0.0,"enemies":"3 Cultists","floor":22.0,"turns":3.0},{"damage":15.0,"enemies":"Chosen and Byrds","floor":24.0,"turns":6.0},{"damage":0.0,"enemies":"Centurion and Healer","floor":27.0,"turns":3.0},{"damage":0.0,"enemies":"Snake Plant","floor":28.0,"turns":3.0},{"damage":14.0,"enemies":"Slavers","floor":29.0,"turns":2.0},{"damage":16.0,"enemies":"Book of Stabbing","floor":31.0,"turns":5.0},{"damage":0,"enemies":"Automaton","floor":33,"turns":1}],"seed_played":"4448014011159346279","potions_obtained":[{"floor":11.0,"key":"AttackPotion"},{"floor":16.0,"key":"Regen Potion"}],"is_trial":false,"path_per_floor":["M","?","?","$","M","R","E","M","T","T","E","R","$","?","R","B",null,"M","$","M","$","M","R","M","R","T","M","M","E","R","E","R","B"],"character_chosen":"THE_SILENT","items_purchased":["Oddly Smooth Stone","Snake Skull"],"campfire_rested":1,"item_purchase_floors":[4,21],"current_hp_per_floor":[59,59,59,59,59,59,59,59,59,59,44,44,44,44,44,42,60,58,58,64,64,64,64,49,49,49,49,49,35,35,19,38,38,38],"gold":331,"neow_bonus":"THREE_ENEMY_KILL","is_daily":false,"chose_seed":false,"campfire_upgraded":6,"win_rate":0.0,"timestamp":1611178540,"path_taken":["M","?","?","?","M","R","E","M","T","?","E","R","$","?","R","BOSS","M","?","?","?","M","R","M","R","T","M","M","E","R","E","R","BOSS"],"items_purchased_type":["Relic","Relic"],"build_version":"2020-12-22","purchased_purges":2,"victory":false,"max_hp_per_floor":[66,66,66,66,66,66,66,66,66,66,66,66,66,66,66,66,66,66,66,66,66,66,66,66,66,66,66,66,66,66,66,66,66,66],"card_choices":[{"not_picked":["Dodge and Roll","Prepared"],"picked":"PiercingWail","floor":1.0},{"not_picked":["Outmaneuver","Prepared"],"picked":"Footwork","floor":5.0},{"not_picked":["Deflect","Dagger Throw"],"picked":"Cloak And Dagger","floor":7.0},{"not_picked":["Bane","Dodge and Roll"],"picked":"Deadly Poison","floor":8.0},{"not_picked":["Eviscerate","Slice"],"picked":"Wraith Form v2","floor":11.0},{"not_picked":["Tools of the Trade","Venomology"],"picked":"Corpse Explosion","floor":16.0},{"not_picked":["Flying Knee+1","Heel Hook","Bane"],"picked":"SKIP","floor":18.0},{"not_picked":["Cloak And Dagger","Sucker Punch"],"picked":"Leg Sweep","floor":20.0},{"not_picked":["Endless Agony","Bane","Deadly Poison+1"],"picked":"SKIP","floor":22.0},{"not_picked":["Dagger Spray","Flying Knee","Cloak And Dagger"],"picked":"SKIP","floor":24.0},{"not_picked":["Leg Sweep","Tools of the Trade","Dodge and Roll"],"picked":"SKIP","floor":27.0},{"not_picked":["Endless Agony","Poisoned Stab"],"picked":"Crippling Poison","floor":28.0},{"not_picked":["Outmaneuver","Poisoned Stab+1","Dagger Spray+1"],"picked":"SKIP","floor":29.0},{"not_picked":["All Out Attack+1","Distraction"],"picked":"Venomology","floor":31.0}],"player_experience":1050686,"relics_obtained":[{"floor":7.0,"key":"CeramicFish"},{"floor":9.0,"key":"Akabeko"},{"floor":10.0,"key":"MawBank"},{"floor":11.0,"key":"Bronze Scales"},{"floor":26.0,"key":"PreservedInsect"},{"floor":29.0,"key":"Molten Egg 2"},{"floor":31.0,"key":"War Paint"}],"event_choices":[{"damage_healed":0.0,"max_hp_gain":0.0,"max_hp_loss":0.0,"gold_gain":0.0,"cards_transformed":["Strike_G"],"event_name":"Living Wall","player_choice":"Change","floor":2.0,"gold_loss":0.0,"damage_taken":0.0,"cards_obtained":["Poisoned Stab"]},{"damage_healed":0.0,"max_hp_gain":0.0,"max_hp_loss":0.0,"gold_gain":150.0,"event_name":"Liars Game","player_choice":"AGREE","floor":3.0,"gold_loss":0.0,"damage_taken":0.0,"cards_obtained":["Doubt"]},{"damage_healed":0.0,"max_hp_gain":0.0,"max_hp_loss":0.0,"gold_gain":0.0,"cards_transformed":["Strike_G"],"event_name":"Transmorgrifier","player_choice":"Transformed","floor":14.0,"gold_loss":0.0,"damage_taken":0.0,"cards_obtained":["Dagger Throw"]}],"is_beta":false,"boss_relics":[{"not_picked":["Ectoplasm","Ring of the Serpent"],"picked":"Sozu"}],"items_purged_floors":[4,21],"is_endless":false,"potions_floor_spawned":[11,16,20,22,27],"killed_by":"Automaton","ascension_level":20}}