{"host":"h4qgcirtxz6qax9j","time":1611120704,"event":{"mods":["AchievementEnabler","BaseMod","Colored Powertips","Hermit","Minty Spire (QoL Compilation)","StSLib","SuperFastMode","The Servant 0.9.4"],"gold_per_floor":[10,26,0,0,18,18,44,44,44,73,87,105,105,116,116,219,219,229,217,217,217,217,245,245,245,245],"floor_reached":25,"language":"KOR","playtime":858,"items_purged":[],"score":268,"play_id":"a9fda7c7-8567-42a6-947f-70d01314c77a","local_time":"20210120143144","is_ascension_mode":true,"campfire_choices":[{"data":"DualDimension","floor":6.0,"key":"SMITH"},{"floor":8.0,"key":"REST"},{"floor":15.0,"key":"REST"}],"circlet_count":0,"master_deck":["Strike_S","Strike_S","Strike_S","Strike_S","Defend_S","Defend_S","Defend_S","Defend_S","KidneyShot","Exchange","SilverMatrix+1","ShatteredReality","Sabotage","Alleviate","DualDimension+1","TimeWarp","SoulSculpture","TimeWarp","FastForward","Deny","Potential","Decay","Rewind+1"],"relics":["Uniform","PaperSwan","Darkstone Periapt","KneeBrace","MutagenicStrength","Shuriken"],"acts_visited":["Exordium","TheCity"],"potions_floor_usage":[],"damage_taken":[{"damage":9.0,"enemies":"Jaw Worm","floor":1.0,"turns":4.0},{"damage":0.0,"enemies":"Cultist","floor":2.0,"turns":3.0},{"damage":0.0,"enemies":"2 Louse","floor":5.0,"turns":3.0},{"damage":33.0,"enemies":"Gremlin Nob","floor":7.0,"turns":6.0},{"damage":32.0,"enemies":"3 Sentries","floor":10.0,"turns":9.0},{"damage":3.0,"enemies":"Blue Slaver","floor":11.0,"turns":3.0},{"damage":0.0,"enemies":"Large Slime","floor":12.0,"turns":7.0},{"damage":4.0,"enemies":"2 Fungi Beasts","floor":14.0,"turns":2.0},{"damage":3.0,"enemies":"The Guardian","floor":16.0,"turns":10.0},{"damage":12.0,"enemies":"Shell Parasite","floor":18.0,"turns":9.0},{"damage":10.0,"enemies":"2 Thieves","floor":19.0,"turns":4.0},{"damage":43.0,"enemies":"Book of Stabbing","floor":23.0,"turns":8.0},{"damage":2.0,"enemies":"Snecko","floor":24.0,"turns":6.0},{"damage":6,"enemies":"Chosen and Byrds","floor":25,"turns":5}],"seed_played":"-5021017056115957359","potions_obtained":[{"floor":10.0,"key":"DistilledChaos"},{"floor":11.0,"key":"Explosive Potion"},{"floor":12.0,"key":"PowerPotion"},{"floor":13.0,"key":"SmokeBomb"},{"floor":14.0,"key":"SteroidPotion"},{"floor":18.0,"key":"Energy Potion"}],"is_trial":false,"path_per_floor":["M","M","$","?","M","R","E","R","T","E","M","M","?","M","R","B",null,"M","M","$","?","?","E","M","M"],"character_chosen":"THE_SERVANT","items_purchased":["Alleviate"],"campfire_rested":2,"item_purchase_floors":[3],"current_hp_per_floor":[56,56,56,56,56,56,23,42,42,10,7,7,7,3,22,19,65,53,43,43,43,49,6,4,0,0],"gold":245,"neow_bonus":"THREE_RARE_CARDS","is_daily":false,"chose_seed":false,"campfire_upgraded":1,"win_rate":0.0,"timestamp":1611120704,"path_taken":["M","M","$","?","M","R","E","R","T","E","M","M","?","M","R","BOSS","M","?","$","?","?","E","M","M"],"items_purchased_type":["Card"],"build_version":"2020-12-22","purchased_purges":0,"victory":false,"max_hp_per_floor":[65,65,65,65,65,65,65,65,65,65,65,65,65,65,65,65,65,65,65,65,65,71,71,71,71,71],"card_choices":[{"not_picked":["FlawlessForm","LightFlow"],"picked":"SilverMatrix","floor":0.0},{"not_picked":["Defy","Rewind"],"picked":"ShatteredReality","floor":1.0},{"not_picked":["Replace","Revamp"],"picked":"Sabotage","floor":2.0},{"not_picked":["Deadline","Defy"],"picked":"DualDimension","floor":5.0},{"not_picked":["Gouge","Reset"],"picked":"TimeWarp","floor":7.0},{"not_picked":["Hightail","Collapse"],"picked":"SoulSculpture","floor":10.0},{"not_picked":["Ricochet","BottledTime"],"picked":"TimeWarp","floor":11.0},{"not_picked":["Ricochet","Foresight"],"picked":"FastForward","floor":12.0},{"not_picked":["Rewind","Rearm","DoubleEdge"],"picked":"SKIP","floor":14.0},{"not_picked":["KillingDoll","Embodiment"],"picked":"Deny","floor":16.0},{"not_picked":["Spin","Ricochet+1","TimeTheft"],"picked":"SKIP","floor":18.0},{"not_picked":["Rewind","Unruled"],"picked":"Potential","floor":19.0},{"not_picked":["DoubleEdge+1","Moonlight"],"picked":"Rewind+1","floor":23.0}],"player_experience":77752,"relics_obtained":[{"floor":7.0,"key":"PaperSwan"},{"floor":9.0,"key":"Darkstone Periapt"},{"floor":10.0,"key":"KneeBrace"},{"floor":23.0,"key":"Shuriken"}],"event_choices":[{"damage_healed":0.0,"max_hp_gain":0.0,"max_hp_loss":0.0,"gold_gain":0.0,"event_name":"Living Wall","player_choice":"Grow","floor":4.0,"gold_loss":0.0,"damage_taken":0.0,"cards_upgraded":["SilverMatrix"]},{"damage_healed":0.0,"max_hp_gain":0.0,"max_hp_loss":0.0,"gold_gain":0.0,"event_name":"Lab","player_choice":"Got Potions","floor":13.0,"gold_loss":0.0,"damage_taken":0.0},{"damage_healed":0.0,"max_hp_gain":0.0,"max_hp_loss":0.0,"gold_gain":0.0,"event_name":"Drug Dealer","player_choice":"Inject Mutagens","floor":21.0,"gold_loss":0.0,"damage_taken":0.0,"relics_obtained":["MutagenicStrength"]},{"damage_healed":0.0,"max_hp_gain":0.0,"max_hp_loss":0.0,"gold_gain":0.0,"event_name":"Forgotten Altar","player_choice":"Smashed Altar","floor":22.0,"gold_loss":0.0,"damage_taken":0.0,"cards_obtained":["Decay"]}],"is_beta":false,"boss_relics":[{"not_picked":["Empty Cage","Snecko Eye","Coffee Dripper"]}],"items_purged_floors":[],"is_endless":false,"potions_floor_spawned":[10,11,12,14,18,24],"killed_by":"Chosen and Byrds","ascension_level":3}}