{"host":"2l3i55whvwk76mom","time":1611106020,"event":{"mods":["BaseMod","Googly Eyes","Hermit","Hubris","Minty Spire (QoL Compilation)","Replay The Spire","StSLib","The Cursed","The Disciple","The Hierophant","The Jungle","The Necromancer"],"gold_per_floor":[115,115,27,45,59,59,77,102,102,102,24,58,58,71,71,171,171,190,221,221,521,521,521],"floor_reached":22,"language":"ENG","playtime":1069,"items_purged":["Strike_G"],"score":221,"play_id":"f260bb4c-74a8-4bda-afb5-5010b2f15747","local_time":"20210119172700","is_ascension_mode":true,"campfire_choices":[{"data":"Accuracy","floor":6,"key":"SMITH"},{"floor":10,"key":"REST"},{"floor":15,"key":"REST"}],"circlet_count":0,"master_deck":["Strike_G","Strike_G","Defend_G","Defend_G","Defend_G","Defend_G","Defend_G","Survivor","Neutralize","Cloak And Dagger","Accuracy+1","Caltrops","Tactician","hubris:DuctTapeCard","Blade Dance","PiercingWail","Choke","Atom Bomb","Caltrops+1","Dodge and Roll"],"relics":["Ring of the Snake","NeowsBlessing","Smiling Mask","hubris:DuctTape","Strawberry","Vajra","CultistMask","hubris:Backtick","Kunai","Red Mask","Old Coin"],"acts_visited":["Exordium","TheCity"],"potions_floor_usage":[12,14,16,16],"damage_taken":[{"damage":0,"enemies":"2 Louse","floor":1,"turns":1},{"damage":0,"enemies":"Cultist","floor":4,"turns":1},{"damage":0,"enemies":"Small Slimes","floor":5,"turns":1},{"damage":5,"enemies":"Looter","floor":7,"turns":4},{"damage":55,"enemies":"Gremlin Nob","floor":8,"turns":6},{"damage":3,"enemies":"3 Sentries","floor":12,"turns":5},{"damage":1,"enemies":"Large Slime","floor":14,"turns":5},{"damage":49,"enemies":"Fading Forest","floor":16,"turns":11},{"damage":15,"enemies":"Shell Parasite","floor":18,"turns":5},{"damage":59,"enemies":"Masked Bandits","floor":19,"turns":6},{"damage":4,"enemies":"Spheric Guardian","floor":22,"turns":3}],"seed_played":"-4440247382362336781","potions_obtained":[{"floor":5,"key":"Elixir"},{"floor":8,"key":"ColorlessPotion"},{"floor":12,"key":"CunningPotion"}],"is_trial":false,"path_per_floor":["M","?","$","M","M","R","M","E","T","R","$","E","?","M","R","B",null,"M","?","?","?","M"],"character_chosen":"THE_SILENT","items_purchased":["Accuracy","CunningPotion"],"campfire_rested":2,"item_purchase_floors":[3,11],"current_hp_per_floor":[70,67,67,67,67,67,62,7,14,37,37,34,34,33,56,15,77,62,3,3,3,0,0],"gold":521,"neow_bonus":"THREE_ENEMY_KILL","is_daily":false,"chose_seed":false,"campfire_upgraded":1,"win_rate":0.0,"timestamp":1611106020,"path_taken":["M","?","$","M","M","R","M","E","T","R","$","E","?","?","R","BOSS","M","?","?","?","M"],"items_purchased_type":["Card","Potion"],"build_version":"2020-12-22","purchased_purges":1,"victory":false,"max_hp_per_floor":[70,70,70,70,70,70,70,70,77,77,77,77,77,77,77,77,77,77,77,77,77,77,77],"card_choices":[{"not_picked":["Sucker Punch","Masterful Stab"],"picked":"Cloak And Dagger","floor":1},{"not_picked":["Dagger Throw","Bane"],"picked":"Deflect","floor":4},{"not_picked":["Draining Mist","Sucker Punch"],"picked":"Caltrops","floor":5},{"not_picked":["Underhanded Strike","Endless Agony"],"picked":"Tactician","floor":7},{"not_picked":["Prepared","Poisoned Stab"],"picked":"Blade Dance","floor":8},{"not_picked":["Tools of the Trade","Flying Knee"],"picked":"PiercingWail","floor":12},{"not_picked":["Poisoned Stab","Deflect"],"picked":"Choke","floor":14},{"not_picked":["Night Terror","Envenom"],"picked":"Atom Bomb","floor":16},{"not_picked":["Sucker Punch","hubris:Sniper"],"picked":"Caltrops+1","floor":18},{"not_picked":["Finisher","Caltrops"],"picked":"Dodge and Roll","floor":19}],"player_experience":300936,"relics_obtained":[{"floor":8,"key":"hubris:DuctTape"},{"floor":9,"key":"Strawberry"},{"floor":12,"key":"Vajra"},{"floor":19,"key":"Red Mask"}],"event_choices":[{"damage_healed":0,"gold_gain":0,"player_choice":"Success","damage_taken":3,"relics_obtained":["Smiling Mask"],"max_hp_gain":0,"max_hp_loss":0,"event_name":"Scrap Ooze","floor":2,"gold_loss":0},{"damage_healed":0,"gold_gain":0,"player_choice":"Trade","damage_taken":0,"relics_obtained":["CultistMask"],"max_hp_gain":0,"max_hp_loss":0,"event_name":"FaceTrader","floor":13,"gold_loss":0},{"damage_healed":0,"gold_gain":0,"player_choice":"Fought Bandits","damage_taken":0,"max_hp_gain":0,"max_hp_loss":0,"event_name":"Masked Bandits","floor":19,"gold_loss":0},{"cards_removed":["Strike_G"],"damage_healed":0,"gold_gain":0,"player_choice":"Elegance","damage_taken":0,"max_hp_gain":0,"max_hp_loss":0,"event_name":"Back to Basics","floor":20,"gold_loss":0}],"is_beta":false,"boss_relics":[{"not_picked":["Cursed Key","hubris:HollowSoul"],"picked":"hubris:Backtick"}],"items_purged_floors":[3],"is_endless":false,"potions_floor_spawned":[5,8,12],"killed_by":"Spheric Guardian","ascension_level":3}}