{"host":"6749gst1gzuv21qf","time":1611111560,"event":{"mods":["BaseMod","Better Altar","Better Match","Better Note","Better Sensory Stone","Better Skull","Better Third Choice","BetterRewards","Colored Map","Colored Powertips","Downfall","Hermit","Highlight Path","Minty Spire (QoL Compilation)","Permanent Neow","Shop Mod","Spicy Shops","StSLib","The Cursed"],"gold_per_floor":[110,168,168,182,192,192,226,226,226,243,243,302,322,357,357,461,461,429,429,443,280,299,299,299,299],"floor_reached":24,"language":"ENG","playtime":2785,"items_purged":[],"score":306,"play_id":"87396907-b6c5-493a-8305-a6c2a6628945","local_time":"20210119215920","is_ascension_mode":false,"campfire_choices":[{"data":"hermit:Maintenance","floor":6,"key":"SMITH"},{"floor":11,"key":"RECALL"},{"floor":15,"key":"REST"},{"floor":23,"key":"REST"}],"circlet_count":0,"master_deck":["hermit:Strike_Hermit","hermit:Strike_Hermit","hermit:Strike_Hermit","hermit:Defend_Hermit","hermit:Defend_Hermit","hermit:Defend_Hermit","hermit:Snapshot","hermit:Covet","hermit:ItchyTrigger","hermit:Snipe","Regret","hermit:Maintenance+1","hermit:Coalescence","hermit:HeroicBravado","hermit:BodyArmor","hermit:Manifest","hermit:CalledShot","hermit:FromBeyond","hermit:EternalForm","hermit:Determination","hermit:Virtue"],"relics":["hermit:Momento","Darkstone Periapt","Gremlin Horn","Centennial Puzzle","Art of War","CeramicFish","Cursed Key","MerchantsRug"],"acts_visited":["Exordium","TheCity"],"potions_floor_usage":[16],"damage_taken":[{"damage":0,"enemies":"Cultist","floor":1,"turns":3},{"damage":0,"enemies":"2 Louse","floor":4,"turns":2},{"damage":3,"enemies":"Jaw Worm","floor":5,"turns":3},{"damage":20,"enemies":"3 Sentries","floor":7,"turns":10},{"damage":0,"enemies":"Large Slime","floor":10,"turns":5},{"damage":21,"enemies":"3 Sentries","floor":12,"turns":9},{"damage":0,"enemies":"3 Louse","floor":13,"turns":6},{"damage":10,"enemies":"Lagavulin","floor":14,"turns":10},{"damage":52,"enemies":"The Guardian","floor":16,"turns":14},{"damage":27,"enemies":"2 Thieves","floor":18,"turns":5},{"damage":29,"enemies":"Chosen","floor":20,"turns":9},{"damage":20,"enemies":"Centurion and Healer","floor":22,"turns":10},{"damage":32,"enemies":"Shelled Parasite and Fungi","floor":24,"turns":4}],"seed_played":"2915394708168280179","potions_obtained":[{"floor":5,"key":"SteroidPotion"},{"floor":12,"key":"EssenceOfSteel"},{"floor":14,"key":"FairyPotion"},{"floor":16,"key":"BlessingOfTheForge"},{"floor":20,"key":"SmokeBomb"},{"floor":22,"key":"DuplicationPotion"}],"is_trial":false,"path_per_floor":["M","?","?","M","M","R","E","?","T","M","R","?","M","E","R","B",null,"M","?","M","$","M","R","M"],"character_chosen":"HERMIT","items_purchased":["hermit:Determination","MerchantsRug"],"campfire_rested":2,"item_purchase_floors":[21,21],"current_hp_per_floor":[75,75,81,81,78,78,58,58,58,58,58,37,37,27,51,23,81,54,54,25,25,5,29,0,0],"gold":299,"neow_bonus":"","is_daily":false,"chose_seed":false,"campfire_upgraded":1,"win_rate":0.0,"timestamp":1611111560,"path_taken":["M","?","?","?","M","R","E","?","T","M","R","?","M","E","R","BOSS","M","?","?","$","M","R","M"],"items_purchased_type":["Card","Relic"],"build_version":"2020-12-22","purchased_purges":0,"victory":false,"max_hp_per_floor":[75,75,81,81,81,81,81,81,81,81,81,81,81,81,81,81,81,81,81,81,81,81,81,81,81],"card_choices":[{"not_picked":["hermit:LuckOfTheDraw","hermit:Dive"],"picked":"hermit:Snipe","floor":1},{"not_picked":["hermit:Manifest","hermit:SprayPray"],"picked":"hermit:Maintenance","floor":4},{"not_picked":["hermit:Headshot","hermit:HighCaliber"],"picked":"hermit:Coalescence","floor":5},{"not_picked":["hermit:Maintenance","hermit:Roulette"],"picked":"hermit:HeroicBravado","floor":7},{"not_picked":["hermit:Coalescence","hermit:Headshot"],"picked":"hermit:BodyArmor","floor":10},{"not_picked":["hermit:Misfire","hermit:Feint"],"picked":"hermit:Manifest","floor":12},{"not_picked":["hermit:Manifest","hermit:Snipe"],"picked":"hermit:CalledShot","floor":13},{"not_picked":["hermit:Headshot","hermit:TrackingShot"],"picked":"hermit:FromBeyond","floor":14},{"not_picked":["hermit:FromBeyond","hermit:HeroicBravado"],"picked":"hermit:EternalForm","floor":16},{"not_picked":["hermit:Dive","hermit:Ricochet","hermit:Feint"],"picked":"SKIP","floor":18},{"not_picked":["hermit:Snipe","hermit:CursedWeapon","hermit:HoleUp"],"picked":"SKIP","floor":20},{"not_picked":["hermit:ItchyTrigger","hermit:Dive+1"],"picked":"hermit:Virtue","floor":22}],"player_experience":741242,"relics_obtained":[{"floor":7,"key":"Centennial Puzzle"},{"floor":14,"key":"CeramicFish"}],"event_choices":[{"damage_healed":0,"gold_gain":58,"player_choice":"Gained Gold","damage_taken":0,"max_hp_gain":0,"max_hp_loss":0,"event_name":"Golden Wing","floor":2,"gold_loss":0},{"damage_healed":0,"gold_gain":0,"player_choice":"Box","damage_taken":0,"relics_obtained":["Gremlin Horn"],"max_hp_gain":0,"max_hp_loss":0,"event_name":"Big Fish","floor":3,"gold_loss":0,"cards_obtained":["Regret"]},{"damage_healed":0,"gold_gain":0,"player_choice":"Ignored","damage_taken":226,"max_hp_gain":0,"max_hp_loss":0,"event_name":"betterThird:BetterSerpent","floor":8,"gold_loss":0},{"damage_healed":0,"gold_gain":0,"player_choice":"Searched \u00272\u0027 times","damage_taken":0,"relics_obtained":["Art of War"],"max_hp_gain":0,"max_hp_loss":0,"event_name":"Dead Adventurer","floor":12,"gold_loss":0},{"cards_removed":["hermit:Defend_Hermit"],"damage_healed":0,"gold_gain":0,"player_choice":"Purged","damage_taken":0,"max_hp_gain":0,"max_hp_loss":0,"event_name":"Purifier","floor":19,"gold_loss":0}],"is_beta":false,"boss_relics":[{"not_picked":["SacredBark","Tiny House"],"picked":"Cursed Key"}],"items_purged_floors":[],"is_endless":false,"potions_floor_spawned":[5,12,14,16,20,22],"killed_by":"Shelled Parasite and Fungi","ascension_level":0}}