{"host":"vzugls1u57eppbds","time":1611173998,"event":{"mods":["AchievementEnabler","BaseMod","Better Third Choice","Minty Spire (QoL Compilation)","Relic Stats","Shop Mod","StSLib","The IronCluck"],"gold_per_floor":[117,117,117,292,28,28,40,40,66,100,100,100,120,138,138,239,239,250,95,95,95,95,125,145,165,165,165,165],"floor_reached":27,"language":"ENG","playtime":667,"items_purged":["Doubt"],"score":332,"play_id":"de080047-056a-4e23-a4a7-ea09743448a0","local_time":"20210120211958","is_ascension_mode":true,"campfire_choices":[{"data":"Metamorphosis","floor":12,"key":"SMITH"},{"floor":15,"key":"REST"}],"circlet_count":0,"master_deck":["Strike_R","Strike_R","Strike_R","Strike_R","Defend_R","Defend_R+1","Defend_R","Defend_R+1","Bash+1","Disarm+1","Metamorphosis+1","Thunderclap","Perfected Strike","Rage+1","True Grit+1","Berserk","Shrug It Off+1","Evolve","Entrench+1","Pummel+1"],"relics":["Burning Blood","Orichalcum","Toxic Egg 2","Omamori","War Paint","InkBottle","Black Star","Potion Belt","Eternal Feather","Mummified Hand","Ancient Tea Set"],"acts_visited":["Exordium","TheCity"],"potions_floor_usage":[16,27,27,27],"damage_taken":[{"damage":10,"enemies":"2 Louse","floor":1,"turns":3},{"damage":0,"enemies":"Small Slimes","floor":7,"turns":3},{"damage":12,"enemies":"Lagavulin","floor":10,"turns":5},{"damage":3,"enemies":"Jaw Worm","floor":13,"turns":3},{"damage":16,"enemies":"Gremlin Gang","floor":14,"turns":4},{"damage":29,"enemies":"Hexaghost","floor":16,"turns":9},{"damage":19,"enemies":"3 Byrds","floor":18,"turns":5},{"damage":15,"enemies":"Gremlin Leader","floor":23,"turns":6},{"damage":4,"enemies":"Shell Parasite","floor":24,"turns":3},{"damage":15,"enemies":"Cultist and Chosen","floor":25,"turns":6},{"damage":47,"enemies":"Slavers","floor":27,"turns":4}],"seed_played":"5661177726329648992","potions_obtained":[{"floor":13,"key":"BlessingOfTheForge"},{"floor":14,"key":"Dexterity Potion"},{"floor":16,"key":"Swift Potion"},{"floor":23,"key":"Block Potion"},{"floor":24,"key":"SpeedPotion"}],"is_trial":false,"path_per_floor":["M","?","?","?","$","T","M","?","T","E","$","R","M","M","R","B",null,"M","$","?","?","$","E","M","M","T","E"],"character_chosen":"IRONCLAD","items_purchased":["Metamorphosis","Potion Belt"],"campfire_rested":1,"item_purchase_floors":[5,19],"current_hp_per_floor":[68,68,52,52,52,52,58,55,55,49,49,49,52,42,66,43,71,58,58,58,58,58,49,51,42,42,0,0],"gold":165,"neow_bonus":"RANDOM_COMMON_RELIC","is_daily":false,"chose_seed":false,"campfire_upgraded":1,"win_rate":0.0,"timestamp":1611173998,"path_taken":["M","?","?","?","$","?","?","?","T","E","$","R","M","M","R","BOSS","M","$","?","?","?","E","M","M","T","E"],"items_purchased_type":["Card","Relic"],"build_version":"2020-12-22","purchased_purges":1,"victory":false,"max_hp_per_floor":[80,80,80,80,80,80,80,80,80,80,80,80,80,80,80,80,80,80,80,80,80,80,80,80,80,80,80,80],"relic_stats":{"counters":[11,51],"Mummified Hand":[2],"Eternal Feather":0,"Black Star":1,"Orichalcum":[150],"War Paint":["Defend_R","Defend_R"],"obtain_stats":[{"Potion Belt":19,"Mummified Hand":23,"Eternal Feather":23,"Omamori":8,"Black Star":17,"Orichalcum":0,"Toxic Egg 2":6,"War Paint":9,"Ancient Tea Set":26,"Burning Blood":0,"InkBottle":10},{"Potion Belt":7,"Mummified Hand":8,"Eternal Feather":8,"Omamori":2,"Black Star":6,"Orichalcum":0,"Toxic Egg 2":1,"War Paint":2,"Ancient Tea Set":10,"Burning Blood":0,"InkBottle":3},{"Potion Belt":32,"Mummified Hand":38,"Eternal Feather":38,"Omamori":6,"Black Star":27,"Orichalcum":0,"Toxic Egg 2":3,"War Paint":6,"Ancient Tea Set":47,"Burning Blood":0,"InkBottle":11}],"Burning Blood":60,"InkBottle":[13]},"card_choices":[{"not_picked":["Twin Strike","Armaments","Intimidate"],"picked":"SKIP","floor":1},{"not_picked":["Feel No Pain","Anger"],"picked":"Thunderclap","floor":7},{"not_picked":["Searing Blow","Twin Strike"],"picked":"Perfected Strike","floor":10},{"not_picked":["Flame Barrier+1","Rupture"],"picked":"Rage+1","floor":13},{"not_picked":["Reaper","Fire Breathing"],"picked":"True Grit+1","floor":14},{"not_picked":["Barricade","Immolate"],"picked":"Berserk","floor":16},{"not_picked":["Anger","Dual Wield+1","Spot Weakness+1"],"picked":"SKIP","floor":18},{"not_picked":["Twin Strike","Perfected Strike+1"],"picked":"Evolve","floor":23},{"not_picked":["Body Slam","Thunderclap+1"],"picked":"Entrench+1","floor":24},{"not_picked":["Havoc+1","Dropkick+1"],"picked":"Pummel+1","floor":25}],"player_experience":238995,"relics_obtained":[{"floor":6,"key":"Toxic Egg 2"},{"floor":9,"key":"War Paint"},{"floor":10,"key":"InkBottle"},{"floor":23,"key":"Eternal Feather"},{"floor":23,"key":"Mummified Hand"},{"floor":26,"key":"Ancient Tea Set"}],"event_choices":[{"damage_healed":0,"gold_gain":0,"cards_transformed":["Strike_R"],"player_choice":"Change","damage_taken":0,"max_hp_gain":0,"max_hp_loss":0,"event_name":"Living Wall","floor":2,"gold_loss":0,"cards_obtained":["Disarm"]},{"damage_healed":68,"gold_gain":0,"player_choice":"Upgrade","damage_taken":16,"max_hp_gain":0,"max_hp_loss":80,"event_name":"betterThird:BetterShining","floor":3,"gold_loss":0,"cards_upgraded":["Disarm","Bash"]},{"damage_healed":0,"gold_gain":175,"player_choice":"AGREE","damage_taken":117,"max_hp_gain":0,"max_hp_loss":0,"event_name":"betterThird:BetterSerpent","floor":4,"gold_loss":0},{"damage_healed":0,"gold_gain":0,"player_choice":"Relic ","damage_taken":3,"max_hp_gain":0,"max_hp_loss":0,"event_name":"betterThird:BetterScrap","floor":8,"gold_loss":0,"cards_obtained":["Glass Knife"]},{"damage_healed":0,"gold_gain":0,"player_choice":"Ignored","damage_taken":0,"max_hp_gain":0,"max_hp_loss":0,"event_name":"Ghosts","floor":20,"gold_loss":0},{"damage_healed":0,"gold_gain":0,"player_choice":"Read","damage_taken":0,"max_hp_gain":0,"max_hp_loss":0,"event_name":"The Library","floor":21,"gold_loss":0,"cards_obtained":["Shrug It Off"]}],"is_beta":false,"boss_relics":[{"not_picked":["Coffee Dripper","Fusion Hammer"],"picked":"Black Star"}],"items_purged_floors":[5],"is_endless":false,"potions_floor_spawned":[13,14,16,23,24],"killed_by":"Slavers","ascension_level":9}}