{"host":"g76rhe4j5kh9hdf9","time":1611186044,"event":{"mods":["Act Like it!","BaseMod","Bestiary","Better Third Choice","GifTheSpireLib","Minty Spire (QoL Compilation)","Relic Stats","Spicy Shops","StSLib","[GremlinLeader]The Maniac"],"gold_per_floor":[109,121,46,146,46,79,79,90,90,90,125,136,171,46,46,148,148,164,79,27,44,44,71,71,96,177,194,227,227,239,250,250,351,351,365,377,154,154,154,185,185,210,210,210,230,277,277,294,294,294,294,294,11,46,46],"floor_reached":56,"language":"ENG","playtime":4976,"items_purged":["maniac:BurnBlood","maniac:Strike","maniac:Strike","maniac:ForsakenHand+1","maniac:Assassinate+1"],"score":1669,"play_id":"0e168a77-e444-460a-bbe8-74cf2c1b136d","local_time":"20210120154044","is_ascension_mode":true,"campfire_choices":[{"data":"maniac:Whirlscythe","floor":7,"key":"SMITH"},{"data":"maniac:FoilArmor","floor":10,"key":"SMITH"},{"data":"maniac:Blastwave","floor":15,"key":"SMITH"},{"data":"1","floor":29,"key":"LIFT"},{"data":"2","floor":32,"key":"LIFT"},{"data":"3","floor":41,"key":"LIFT"},{"floor":44,"key":"RECALL"},{"data":"maniac:Collecting","floor":49,"key":"SMITH"},{"data":"maniac:Blastwave","floor":52,"key":"SMITH"}],"circlet_count":0,"master_deck":["maniac:AbyssShackle","maniac:Whirlscythe+1","maniac:FoilArmor+1","maniac:TimeForm","maniac:Blastwave+1","maniac:Collecting+1","maniac:BladesInCloak+1","maniac:Blastwave+1","maniac:Retrospect+1","maniac:Blastwave+1","maniac:Simulacrum+1","maniac:ShiftingShadows+1","maniac:DashForward","maniac:ExpectedMoves+1","maniac:ManipulatedFaith+1","maniac:ShatteredShield+1","PanicButton+1","Finesse+1","maniac:FoilArmor+1","maniac:Retrospect+1","Madness+1","Madness+1","Purity+1","maniac:ReconstructWounds+1"],"relics":["maniac:DamagedAnvil","maniac:BrokenHorn","NeowsBlessing","Eternal Feather","Frozen Egg 2","Gremlin Horn","Question Card","Runic Dome","Lantern","maniac:MarkerPen","White Beast Statue","Whetstone","Bronze Scales","Girya","Pantograph","Singing Bowl","Kunai","TungstenRod","Incense Burner","Toxic Egg 2","Letter Opener","Pandora\u0027s Box","Pocketwatch","Cauldron","Lizard Tail","Pear","Thread and Needle","maniac:VisionEye","Mummified Hand","Ginger","Gambling Chip","Ornamental Fan","Shuriken","Membership Card","Dead Branch","Akabeko"],"acts_visited":["Exordium","TheCity","TheBeyond","TheEnding"],"potions_floor_usage":[11,11,23,23,25,28,33,33,46,46,46,50,55,55],"damage_taken":[{"damage":0,"enemies":"Cultist","floor":1,"turns":1},{"damage":0,"enemies":"Small Slimes","floor":2,"turns":1},{"damage":0,"enemies":"3 Sentries","floor":6,"turns":2},{"damage":2,"enemies":"Jaw Worm","floor":8,"turns":4},{"damage":0,"enemies":"Lagavulin","floor":11,"turns":7},{"damage":10,"enemies":"Looter","floor":12,"turns":3},{"damage":21,"enemies":"3 Sentries","floor":13,"turns":11},{"damage":26,"enemies":"The Guardian","floor":16,"turns":11},{"damage":2,"enemies":"Shell Parasite","floor":18,"turns":8},{"damage":2,"enemies":"Chosen","floor":21,"turns":7},{"damage":0,"enemies":"Book of Stabbing","floor":23,"turns":8},{"damage":33,"enemies":"Slavers","floor":25,"turns":10},{"damage":18,"enemies":"Snake Plant","floor":27,"turns":5},{"damage":0,"enemies":"Book of Stabbing","floor":28,"turns":7},{"damage":12,"enemies":"Centurion and Healer","floor":30,"turns":8},{"damage":0,"enemies":"Cultist and Chosen","floor":31,"turns":10},{"damage":0,"enemies":"Champ","floor":33,"turns":14},{"damage":18,"enemies":"3 Shapes","floor":35,"turns":3},{"damage":2,"enemies":"Orb Walker","floor":36,"turns":4},{"damage":2,"enemies":"Nemesis","floor":40,"turns":19},{"damage":0,"enemies":"Giant Head","floor":42,"turns":13},{"damage":25,"enemies":"4 Shapes","floor":45,"turns":5},{"damage":3,"enemies":"2 Orb Walkers","floor":46,"turns":7},{"damage":0,"enemies":"Maw","floor":48,"turns":8},{"damage":0,"enemies":"Donu and Deca","floor":50,"turns":7},{"damage":0,"enemies":"Shield and Spear","floor":54,"turns":5},{"damage":22,"enemies":"The Heart","floor":55,"turns":12}],"seed_played":"3406009450628684639","potions_obtained":[{"floor":1,"key":"AttackPotion"},{"floor":6,"key":"FearPotion"},{"floor":8,"key":"DuplicationPotion"},{"floor":11,"key":"EssenceOfSteel"},{"floor":18,"key":"DistilledChaos"},{"floor":23,"key":"Regen Potion"},{"floor":25,"key":"BlessingOfTheForge"},{"floor":27,"key":"Explosive Potion"},{"floor":28,"key":"Ancient Potion"},{"floor":31,"key":"DistilledChaos"},{"floor":33,"key":"Fire Potion"},{"floor":35,"key":"DuplicationPotion"},{"floor":37,"key":"DistilledChaos"},{"floor":37,"key":"DistilledChaos"},{"floor":46,"key":"CultistPotion"},{"floor":48,"key":"ColorlessPotion"},{"floor":54,"key":"Block Potion"}],"is_trial":false,"path_per_floor":["M","M","$","?","$","E","R","M","T","R","E","M","E","$","R","B",null,"M","?","$","M","?","E","?","E","T","M","E","R","M","M","R","B",null,"M","M","$","?","?","E","R","E","T","R","M","?","?","M","R","B",null,"R","$","E","B",null],"character_chosen":"THE_MANIAC","items_purchased":["maniac:BladesInCloak+1","Cauldron","Membership Card","Purity+1"],"campfire_rested":0,"item_purchase_floors":[20,37,53,53],"current_hp_per_floor":[80,80,80,80,80,80,80,78,78,80,80,70,49,49,55,29,80,78,78,78,76,61,61,61,43,43,27,29,38,28,28,37,62,91,75,75,75,75,68,66,78,90,90,102,79,76,63,65,77,102,113,113,113,113,113],"gold":46,"neow_bonus":"THREE_ENEMY_KILL","is_daily":false,"chose_seed":false,"campfire_upgraded":5,"win_rate":0.0,"timestamp":1611186044,"path_taken":["M","?","$","?","?","E","R","M","T","R","E","?","E","$","R","BOSS","M","?","$","M","?","E","?","E","T","M","E","R","M","M","R","BOSS","M","M","$","?","?","E","R","E","T","R","M","?","?","M","R","BOSS","R","$","E","BOSS"],"items_purchased_type":["Card","Relic","Relic","Card"],"build_version":"2020-12-22","purchased_purges":5,"victory":true,"max_hp_per_floor":[80,80,80,80,80,80,80,80,80,80,80,80,80,80,80,80,80,80,80,80,80,85,85,85,85,85,87,89,89,91,91,91,91,91,93,95,95,95,97,97,97,109,109,109,111,111,111,113,113,113,113,113,113,113,113],"relic_stats":{"Gremlin Horn":[13,13],"Singing Bowl":18,"counters":[27,200],"Dead Branch":[53],"Eternal Feather":62,"Whetstone":["maniac:Strike","maniac:Strike"],"Letter Opener":[402],"Ginger":[5],"Question Card":22,"Lizard Tail":0,"Mummified Hand":[45],"Ornamental Fan":[20],"Shuriken":[2],"Bronze Scales":[408],"Pantograph":50,"Gambling Chip":[9],"Pandora\u0027s Box":["maniac:ForsakenHand","maniac:ShiftingShadows","maniac:DashForward","maniac:ExpectedMoves","maniac:ManipulatedFaith","maniac:ShatteredShield","maniac:Assassinate"],"Kunai":[12],"obtain_stats":[{"Lantern":18,"Gremlin Horn":11,"Singing Bowl":26,"Incense Burner":30,"Whetstone":23,"Ginger":46,"maniac:BrokenHorn":0,"Lizard Tail":40,"Mummified Hand":46,"Pantograph":25,"Gambling Chip":48,"Kunai":28,"Toxic Egg 2":31,"maniac:MarkerPen":19,"maniac:DamagedAnvil":0,"Girya":25,"Pear":42,"NeowsBlessing":0,"Dead Branch":54,"Eternal Feather":6,"Thread and Needle":42,"Letter Opener":33,"Frozen Egg 2":9,"Question Card":13,"White Beast Statue":21,"maniac:VisionEye":45,"Akabeko":54,"Runic Dome":17,"Cauldron":37,"Ornamental Fan":50,"Shuriken":50,"Bronze Scales":23,"Pandora\u0027s Box":34,"Membership Card":53,"TungstenRod":28,"Pocketwatch":36},{"Lantern":9,"Gremlin Horn":5,"Singing Bowl":12,"Incense Burner":15,"Whetstone":11,"Ginger":23,"maniac:BrokenHorn":0,"Lizard Tail":20,"Mummified Hand":23,"Pantograph":12,"Gambling Chip":24,"Kunai":14,"Toxic Egg 2":16,"maniac:MarkerPen":9,"maniac:DamagedAnvil":0,"Girya":12,"Pear":21,"NeowsBlessing":0,"Dead Branch":26,"Eternal Feather":3,"Thread and Needle":21,"Letter Opener":17,"Frozen Egg 2":4,"Question Card":7,"White Beast Statue":10,"maniac:VisionEye":22,"Akabeko":26,"Runic Dome":8,"Cauldron":19,"Ornamental Fan":25,"Shuriken":25,"Bronze Scales":11,"Pandora\u0027s Box":17,"Membership Card":25,"TungstenRod":14,"Pocketwatch":19},{"Lantern":48,"Gremlin Horn":15,"Singing Bowl":73,"Incense Burner":91,"Whetstone":63,"Ginger":168,"maniac:BrokenHorn":0,"Lizard Tail":143,"Mummified Hand":168,"Pantograph":73,"Gambling Chip":176,"Kunai":85,"Toxic Egg 2":103,"maniac:MarkerPen":48,"maniac:DamagedAnvil":0,"Girya":69,"Pear":156,"NeowsBlessing":0,"Dead Branch":187,"Eternal Feather":4,"Thread and Needle":156,"Letter Opener":117,"Frozen Egg 2":8,"Question Card":29,"White Beast Statue":55,"maniac:VisionEye":161,"Akabeko":188,"Runic Dome":40,"Cauldron":124,"Ornamental Fan":182,"Shuriken":183,"Bronze Scales":63,"Pandora\u0027s Box":117,"Membership Card":183,"TungstenRod":85,"Pocketwatch":124}],"TungstenRod":16,"Pocketwatch":[60]},"card_choices":[{"not_picked":["maniac:Hasten","maniac:FindAShortcut"],"picked":"maniac:Whirlscythe","floor":1},{"not_picked":["maniac:FindAShortcut","maniac:ShelteringEdge"],"picked":"maniac:FoilArmor","floor":2},{"not_picked":["maniac:Intimidate","maniac:ExceedEnchantment"],"picked":"maniac:TimeForm","floor":6},{"not_picked":["maniac:SpectralKnives","maniac:BladeShoot","maniac:ListenToNone"],"picked":"SKIP","floor":8},{"not_picked":["maniac:ListenToNone","maniac:WardAndDefend","maniac:UndyingDesire"],"picked":"SKIP","floor":11},{"not_picked":["maniac:DashForward","maniac:ColdHeart"],"picked":"maniac:Blastwave","floor":12},{"not_picked":["maniac:SorceryHour","maniac:MeleeStrike","maniac:ListenToNone"],"picked":"SKIP","floor":13},{"not_picked":["maniac:ForsakenHand","maniac:HammerDown","maniac:Deal"],"picked":"maniac:Collecting","floor":16},{"not_picked":["maniac:MeleeStrike","maniac:Confront","maniac:PanickyParry","maniac:Assassinate"],"picked":"SKIP","floor":18},{"not_picked":["maniac:UntravelledPath","maniac:Hasten","maniac:UndyingDesire"],"picked":"maniac:Blastwave","floor":21},{"not_picked":["maniac:Reforge","maniac:SpectralKnives","maniac:UntravelledPath+1","maniac:Feint"],"picked":"SKIP","floor":23},{"not_picked":["maniac:SeekerKnife+1","maniac:SpectralKnives","maniac:Exterminator+1","maniac:Quickdraw"],"picked":"SKIP","floor":25},{"not_picked":["maniac:Blastwave","maniac:BladesInCloak+1","maniac:FindAShortcut","maniac:BladeShoot"],"picked":"Singing Bowl","floor":27},{"not_picked":["maniac:SpectralFlash","maniac:RallyToMe+1","maniac:ShatteredShield+1","maniac:ColdHeart"],"picked":"Singing Bowl","floor":28},{"not_picked":["maniac:ShelteringEdge","maniac:BladeEnd","maniac:MeleeStrike","maniac:ManipulatedFaith"],"picked":"Singing Bowl","floor":30},{"not_picked":["maniac:ObscuredAttack","maniac:ManipulatedFaith+1","maniac:HammerStrike"],"picked":"maniac:Blastwave+1","floor":31},{"not_picked":["maniac:TimeForm+1","maniac:UnseenTerror+1","maniac:TwistedEddies+1"],"picked":"maniac:Simulacrum+1","floor":33},{"not_picked":["maniac:FindAShortcut+1","maniac:Traceback+1","maniac:ArmToTheTeeth+1","maniac:SpectralKnives+1"],"picked":"Singing Bowl","floor":35},{"not_picked":["maniac:BladesInCloak+1","maniac:ListenToNone+1","maniac:SecretBackups+1","maniac:UndyingDesire+1"],"picked":"Singing Bowl","floor":36},{"not_picked":["Metamorphosis+1","Secret Technique+1","Trip+1"],"picked":"PanicButton+1","floor":39},{"not_picked":["Purity+1","Good Instincts+1","Thinking Ahead+1"],"picked":"Finesse+1","floor":39},{"not_picked":["Enlightenment+1","Mind Blast","Mayhem+1","Secret Weapon+1"],"picked":"Singing Bowl","floor":39},{"not_picked":["maniac:HammerStrike+1","maniac:SecretBackups+1","maniac:BladeShoot"],"picked":"maniac:FoilArmor+1","floor":40},{"not_picked":["maniac:Deal+1","maniac:GlassScratch","maniac:ShelteringEdge+1","maniac:UndyingDesire+1"],"picked":"Singing Bowl","floor":42},{"not_picked":["maniac:Confront+1","maniac:DashForward+1","maniac:ShelteringEdge+1","maniac:BladeShoot"],"picked":"Singing Bowl","floor":45},{"not_picked":["maniac:MeleeStrike","maniac:Intimidate+1","maniac:FindAShortcut+1"],"picked":"maniac:Retrospect+1","floor":46},{"not_picked":["maniac:WardAndDefend+1","maniac:Refine+1","maniac:Quickdraw+1","maniac:ShelteringEdge+1"],"picked":"Singing Bowl","floor":48},{"not_picked":["maniac:AlleviatingSorcery+1","maniac:Refine+1","maniac:BladesInCloak+1"],"picked":"maniac:ReconstructWounds+1","floor":54}],"player_experience":459442,"relics_obtained":[{"floor":6,"key":"Eternal Feather"},{"floor":9,"key":"Frozen Egg 2"},{"floor":11,"key":"Gremlin Horn"},{"floor":13,"key":"Question Card"},{"floor":23,"key":"Bronze Scales"},{"floor":25,"key":"Pantograph"},{"floor":26,"key":"Singing Bowl"},{"floor":28,"key":"TungstenRod"},{"floor":40,"key":"Lizard Tail"},{"floor":42,"key":"Thread and Needle"},{"floor":46,"key":"Ginger"},{"floor":54,"key":"Akabeko"}],"event_choices":[{"damage_healed":0,"gold_gain":100,"player_choice":"Pray","damage_taken":0,"max_hp_gain":0,"max_hp_loss":0,"event_name":"Golden Shrine","floor":4,"gold_loss":0},{"damage_healed":0,"gold_gain":0,"player_choice":"Obtained Relic","damage_taken":0,"relics_obtained":["maniac:MarkerPen"],"max_hp_gain":0,"max_hp_loss":0,"event_name":"Addict","floor":19,"gold_loss":85},{"damage_healed":0,"gold_gain":0,"player_choice":"Shed Blood","damage_taken":20,"max_hp_gain":5,"max_hp_loss":0,"event_name":"Forgotten Altar","floor":22,"gold_loss":0},{"damage_healed":0,"gold_gain":0,"player_choice":"Read","damage_taken":0,"max_hp_gain":0,"max_hp_loss":0,"event_name":"The Library","floor":24,"gold_loss":0,"cards_obtained":["maniac:Retrospect"]},{"damage_healed":0,"gold_gain":0,"player_choice":"Ignored","damage_taken":0,"max_hp_gain":0,"max_hp_loss":0,"event_name":"Tomb of Lord Red Mask","floor":38,"gold_loss":0},{"damage_healed":0,"gold_gain":0,"player_choice":"Memory 3","damage_taken":10,"max_hp_gain":0,"max_hp_loss":0,"event_name":"SensoryStone","floor":39,"gold_loss":0},{"damage_healed":0,"gold_gain":0,"player_choice":"Fight","damage_taken":0,"max_hp_gain":0,"max_hp_loss":0,"event_name":"Mysterious Sphere","floor":46,"gold_loss":0},{"damage_healed":0,"gold_gain":0,"player_choice":"Embrace Madness","damage_taken":14,"max_hp_gain":0,"max_hp_loss":0,"event_name":"Winding Halls","floor":47,"gold_loss":0,"cards_obtained":["Madness","Madness"]}],"is_beta":false,"boss_relics":[{"not_picked":["Calling Bell","Black Star"],"picked":"Runic Dome"},{"not_picked":["maniac:EnchantedAnvil","Snecko Eye"],"picked":"Pandora\u0027s Box"}],"items_purged_floors":[3,5,14,37,53],"is_endless":false,"potions_floor_spawned":[1,6,8,11,18,21,23,25,27,28,30,31,33,35,36,40,42,45,46,48,54],"ascension_level":1}}