{"host":"3a1ypf1irl30q4k8","time":1611162859,"event":{"mods":["AchievementEnabler","BaseMod","Bestiary","Colored Map","Minty Spire (QoL Compilation)","Relic Stats"],"gold_per_floor":[137,175,175,186,223,253,293,329,329,329,329,384,384,435,435,435,435],"floor_reached":16,"language":"ENG","playtime":701,"items_purged":[],"score":137,"play_id":"9115653f-fa5a-48ab-8a26-c127085c0326","local_time":"20210120171419","is_ascension_mode":true,"campfire_choices":[{"floor":13,"key":"REST"},{"data":"HandOfGreed","floor":15,"key":"SMITH"}],"circlet_count":0,"master_deck":["Strike_R+1","Strike_R+1","Strike_R","Strike_R","Strike_R","Defend_R","Defend_R","Defend_R","Defend_R","Bash","Writhe","HandOfGreed+1","Clash","Thunderclap","Rampage","Warcry","Battle Trance","Clash","Whirlwind","Warcry"],"relics":["Burning Blood","Centennial Puzzle","Ornamental Fan","Art of War"],"acts_visited":["Exordium"],"potions_floor_usage":[6,8,14],"damage_taken":[{"damage":11,"enemies":"Jaw Worm","floor":1,"turns":4},{"damage":7,"enemies":"Small Slimes","floor":2,"turns":3},{"damage":1,"enemies":"2 Louse","floor":4,"turns":2},{"damage":12,"enemies":"Exordium Wildlife","floor":5,"turns":6},{"damage":30,"enemies":"Gremlin Nob","floor":6,"turns":4},{"damage":21,"enemies":"Blue Slaver","floor":7,"turns":3},{"damage":8,"enemies":"Large Slime","floor":8,"turns":3},{"damage":25,"enemies":"Exordium Thugs","floor":12,"turns":5},{"damage":26,"enemies":"3 Sentries","floor":14,"turns":7},{"damage":39,"enemies":"Hexaghost","floor":16,"turns":8}],"seed_played":"5217882202931577707","potions_obtained":[{"floor":4,"key":"CultistPotion"},{"floor":6,"key":"FairyPotion"},{"floor":7,"key":"Explosive Potion"},{"floor":12,"key":"PowerPotion"}],"is_trial":false,"path_per_floor":["M","M","?","M","M","E","M","M","T","?","?","M","R","E","R","B"],"character_chosen":"IRONCLAD","items_purchased":[],"campfire_rested":1,"item_purchase_floors":[],"current_hp_per_floor":[75,74,58,63,57,33,18,16,16,16,16,30,54,34,34,0,0],"gold":435,"neow_bonus":"RANDOM_COLORLESS_2","is_daily":false,"chose_seed":false,"campfire_upgraded":1,"win_rate":0.0,"timestamp":1611162859,"path_taken":["M","M","?","M","M","E","M","M","T","?","?","M","R","E","R","BOSS"],"items_purchased_type":[],"build_version":"2020-12-22","purchased_purges":0,"victory":false,"max_hp_per_floor":[80,80,80,80,80,80,80,80,80,80,80,80,80,80,80,80,80],"relic_stats":{"Centennial Puzzle":[15],"counters":[10,45],"Ornamental Fan":[16],"Art of War":[0],"obtain_stats":[{"Centennial Puzzle":6,"Ornamental Fan":9,"Art of War":14,"Burning Blood":0},{"Centennial Puzzle":5,"Ornamental Fan":7,"Art of War":9,"Burning Blood":0},{"Centennial Puzzle":19,"Ornamental Fan":25,"Art of War":37,"Burning Blood":0}],"Burning Blood":54},"card_choices":[{"not_picked":["Magnetism","Apotheosis"],"picked":"HandOfGreed","floor":0},{"not_picked":["Headbutt","Shrug It Off"],"picked":"Clash","floor":1},{"not_picked":["Infernal Blade","Body Slam"],"picked":"Thunderclap","floor":2},{"not_picked":["Clothesline","Wild Strike"],"picked":"Rampage","floor":4},{"not_picked":["Pummel","Blood for Blood","Flex"],"picked":"SKIP","floor":5},{"not_picked":["Berserk","Armaments"],"picked":"Warcry","floor":6},{"not_picked":["Cleave","Iron Wave"],"picked":"Battle Trance","floor":7},{"not_picked":["Twin Strike","Clothesline"],"picked":"Clash","floor":8},{"not_picked":["Armaments","Disarm"],"picked":"Whirlwind","floor":12},{"not_picked":["Blood for Blood","Shockwave"],"picked":"Warcry","floor":14}],"player_experience":1140093,"relics_obtained":[{"floor":6,"key":"Centennial Puzzle"},{"floor":9,"key":"Ornamental Fan"},{"floor":14,"key":"Art of War"}],"event_choices":[{"damage_healed":0,"gold_gain":0,"player_choice":"Entered Light","damage_taken":16,"max_hp_gain":0,"max_hp_loss":0,"event_name":"Shining Light","floor":3,"gold_loss":0,"cards_upgraded":["Strike_R","Strike_R"]},{"damage_healed":0,"gold_gain":0,"player_choice":"Ignored","damage_taken":0,"max_hp_gain":0,"max_hp_loss":0,"event_name":"Liars Game","floor":10,"gold_loss":0},{"damage_healed":0,"gold_gain":0,"player_choice":"Fled","damage_taken":0,"max_hp_gain":0,"max_hp_loss":0,"event_name":"Scrap Ooze","floor":11,"gold_loss":0}],"is_beta":false,"boss_relics":[],"items_purged_floors":[],"is_endless":false,"potions_floor_spawned":[4,6,7,12],"killed_by":"Hexaghost","ascension_level":4}}